2170 3808
681 188 878 240 QUAEST.
907 188 1083 245 XXXVI,
1113 188 1229 230 ART.
1260 188 1363 230 VIII.
1475 218 1478 222 -
1879 185 1962 228 307

11 282 12 287 ’
77 272 104 317 ὲ
124 272 222 317 suis
239 270 476 328 subjectis.
496 269 615 325 Magi
636 273 791 313 autem
813 281 907 312 non
929 273 1064 312 erant
1083 267 1140 313 de
1167 279 1315 324 regno
1333 266 1615 312 Judaeorum.
1637 268 1756 322 Ergo
1775 268 1882 309 oiim
1901 277 1956 308 ex

76 333 254 379 visione
283 333 427 378 stellae
453 334 778 387 cognoverunt
806 334 970 374 natum
1001 341 1103 374 esse
1132 332 1304 385 Regem
1329 328 1610 385 Judaeorum,
1631 327 1812 373 videtur
1834 326 1957 383 quod

77 394 452 440 inconvenienter
473 391 686 437 venerint
707 391 766 436 ad
787 403 896 436 eum
920 390 1227 436 adorandum.

134 460 177 501 2.
202 460 437 511 Praeterea,
457 453 652 500 stultum
670 458 756 511 est,
772 453 958 498 vivente
976 464 1085 507 rege
1106 451 1280 508 aliquo,
1302 455 1575 494 extraneum
1595 461 1752 506 regem
1768 461 1958 494 annun-

3 546 7 551 ·
82 517 207 562 tiara.
229 518 315 563 Sed
333 517 382 562 in
400 527 546 572 regno
565 513 982 572 Judaeae-regnabat
1008 512 1228 557 Herodes.
1252 513 1370 568 Ergo
1396 511 1539 555 stulte
1569 511 1779 556 fecerunt
1812 509 1955 568 magi,

83 578 268 627 alterius
300 578 422 635 regis
459 576 746 622 nativitatem
778 575 1128 620 annuntiantes.

134 642 177 684 3.
199 642 438 697 Praeterea,
458 637 629 683 certius
650 642 722 682 est
739 637 926 682 coeleste
940 635 1164 682 indicium
1186 634 1328 691 quam
1345 633 1568 678 indicium
1588 633 1958 679 humanum.Sed

81 700 202 757 magi
224 700 392 746 ducatu
411 699 615 745 coelestis
637 698 790 744 indicii
826 698 884 742 ab
904 698 1086 743 Oriente
1105 699 1329 741 venerant
1360 695 1409 739 in
1427 694 1647 739 Judaeam.
1675 694 1821 738 Stulte
1848 707 1959 751 ergo

79 765 465 819 egerunhpr-aeter
483 760 704 806 ducatum
721 760 866 805 stellae
884 761 1141 804 humanum
1162 757 1386 802 indicium
1405 755 1703 814 requirendO.
1720 755 1927 801 dieentes
1938 770 1956 801 ·:

85 823 167 865 Ubi
181 826 246 866 est
263 826 336 879 qui
352 825 484 866 natus
505 825 570 866 est
590 826 684 865 Rex
698 821 986 865 ludaeorum?
1005 820 1172 875 (Matth.
1194 833 1240 875 11,
1267 821 1326 873 2).

133 888 177 928 4.
194 886 430 940 Praeterea‚
446 895 693 928 munerum
710 883 881 928 oblatio
905 887 948 927 et
968 880 1248 927 adorationis
1266 879 1523 925 reverentia
1544 890 1638 923 non
1663 877 1858 923 debetur
1870 878 1956 922 nisi

78 945 265 1000 regibus
281 946 376 1002 ,iam
390 945 711 1002 regnantibus.
729 945 816 990 Sed
840 944 962 1000 magi
987 956 1079 988 non
1099 943 1383 991 invenerunt
1397 941 1626 985 Christum
1658 939 1785 996 regia
1806 938 1959 996 digni>-

79 1008 172 1051 tate
191 1006 460 1063 fulgentem.
484 1009 601 1062 Ergo
619 1005 1000 1051 inconvenienter
1020 1004 1061 1049 ei
1081 1016 1276 1048 munera
1298 1006 1349 1047 et
1363 1002 1670 1047 reverentiam
1689 1000 1865 1058 regiam
1882 1013 1960 1046 ex-

76 1066 339 1112 hibuerunt.

133 1130 219 1174 Sed
238 1134 398 1173 contra
420 1134 493 1174 est
525 1128 651 1185 quod
679 1128 848 1172 dicitur
876 1130 982 1181 (isa.
1006 1140 1083 1184 Lx,
1100 1128 1144 1180 3)
1166 1141 1177 1170 :
1201 1124 1506 1169 Ambulabunt
1531 1128 1682 1181 qentes
1709 1126 1758 1167 in
1791 1123 1957 1167 lumine

77 1192 178 1246 tuo,
196 1194 240 1235 et
255 1204 383 1248 reyes
404 1194 452 1234 in
471 1190 712 1249 splendore
733 1191 860 1232 ortas
886 1191 966 1233 tui.
990 1189 1078 1233 Sed
1101 1187 1182 1244 qui
1205 1187 1361 1232 divino
1381 1185 1559 1231 lumine
1587 1187 1839 1241 ducuntur,
1861 1198 1954 1231 non

76 1256 246 1296 errant.
273 1254 390 1307 Ergo
411 1250 534 1307 magi
557 1249 734 1307 absque
754 1261 909 1293 errore
925 1248 1099 1294 Christo
1119 1247 1427 1293 reverentiam
1449 1246 1774 1291 exhibuerunt.

122 1318 409 1359 CONCLUSIO.
429 1339 478 1378 Τ
501 1316 757 1358 Credendum
786 1319 846 1356 est
866 1326 1008 1366 magos
1023 1316 1048 1356 a
1073 1314 1228 1366 Spiritu
1253 1318 1393 1354 sancto
1411 1313 1633 1365 inspiratos
1647 1343 1659 1364 ,
1679 1315 1882 1366 sapienter
1905 1315 1958 1355 ad

74 1371 328 1412 adorandum
344 1372 552 1412 Christum
568 1376 715 1412 natum
729 1370 901 1411 venisse.

129 1434 399 1490 Respondeo
431 1434 678 1480 dicendum
699 1433 847 1489 quod,
869 1432 990 1476 sicut
1014 1431 1191 1476 dletum
1220 1436 1293 1476 est
1315 1434 1414 1484 (art.
1434 1435 1461 1477 3
1480 1431 1579 1489 huj.
1608 1436 1775 1488 quaest.
1806 1431 1868 1477 ad
1897 1435 1956 1490 1),

73 1495 196 1550 magi
215 1501 326 1540 sunt
345 1495 557 1552 primitiae
579 1494 789 1552 gentium
807 1494 855 1538 in
872 1493 1100 1538 Christum
1122 1493 1436 1550 credentium3
1459 1493 1509 1537 in
1540 1493 1710 1550 quibus
1729 1494 1957 1552 apparuit,

74 1556 194 1600 sicut
212 1556 259 1601 in
281 1558 481 1615 quodam
499 1556 740 1613 praesagio,
765 1556 879 1601 fides
901 1560 947 1600 et
965 1555 1152 1600 devotio
1172 1555 1382 1612 gentium
1415 1554 1703 1600 venientium
1724 1556 1751 1599 a
1770 1558 1959 1601 remotis

74 1617 133 1661 ad
157 1619 403 1663 Christum.
425 1621 478 1663 Et
498 1618 603 1663 ideo
619 1619 739 1662 sicut
760 1617 944 1662 devotio
962 1621 1008 1662 et
1032 1616 1149 1661 fides
1171 1617 1381 1673 gentium
1402 1622 1475 1661 est
1494 1616 1674 1674 absque
1696 1629 1854 1662 errore
1875 1631 1958 1674 per

73 1677 420 1735 inspirationem
449 1680 643 1737 Spiritus
666 1679 840 1729 sancti;
859 1679 924 1723 ita
947 1678 1085 1723 etiam
1121 1678 1405 1723 credendum
1441 1683 1512 1723 est
1548 1690 1712 1734 magos
1741 1677 1769 1722 a
1789 1679 1955 1736 Spiritu

73 1745 234 1785 saneto
247 1741 497 1798 inspiratos
519 1741 752 1798 sapienter
774 1741 950 1786 Christo
970 1740 1277 1786 reverentiam
1295 1740 1575 1786 exhibuisse.

128 1801 194 1845 Ad
211 1805 406 1857 primum
436 1815 547 1860 ergo
576 1803 842 1859 dicendum,
867 1801 1008 1859 quod,
1029 1802 1150 1846 sicut
1168 1802 1456 1859 Augustinus
1478 1802 1587 1846 dicit
1608 1802 1671 1856 (in
1690 1813 1831 1847 serm.
1854 1805 1955 1860 Epi·

72 1861 268 1919 phatniae,
294 1875 433 1908 serm.
457 1866 517 1920 2),
539 1881 560 1902 «
584 1864 690 1908 cum
713 1864 846 1907 multi
869 1876 1003 1919 reges
1025 1863 1287 1908 iudaeorum
1309 1864 1403 1907 nati
1420 1864 1620 1907 fuissent
1639 1868 1778 1919 atque
1798 1864 1956 1908 defun-

72 1922 149 1977 cti,
172 1923 352 1968 nullum
375 1937 537 1969 eorum
558 1924 681 1981 magi
701 1923 989 1968 adorandum
1012 1924 1314 1980 quaesierunt.
1342 1927 1439 1967 Non
1467 1924 1622 1980 itaque
1655 1924 1752 1979 regi
1783 1925 1959 1969 Judaeo-

71 1995 192 2041 rum,
223 1984 385 2040 quales
406 1985 499 2029 illic
529 1997 631 2029 esse
664 1985 893 2039 solebant,
910 1985 1035 2028 hunc
1068 1988 1162 2029 tam
1194 1997 1417 2041 magnum
1449 1986 1672 2029 honorem
1694 1985 1957 2043 longinqui,

71 2044 358 2104 alienigenae,
371 2051 416 2091 et
435 2047 671 2091 abeodem
692 2059 837 2103 regno
852 2050 1044 2104 prorsus
1057 2046 1280 2102 extranei„
1299 2048 1324 2090 a
1343 2060 1394 2091 se
1410 2047 1568 2092 deberi
1587 2047 1953 2106 arbitrabantur3

71 2105 151 2149 sed
174 2106 312 2150 talem
329 2112 490 2152 natum
511 2120 613 2152 esse
631 2107 965 2163 didicerunt‚in
985 2120 1079 2164 quo
1093 2107 1327 2152 adorando
1350 2120 1402 2152 se
1421 2108 1636 2164 salutem,
1656 2121 1762 2165 quae
1785 2122 1956 2154 secun-

69 2166 180 2210 dum
199 2170 341 2212 Deum
357 2173 443 2226 est,
462 2174 797 2214 consecuturos
818 2169 1008 2213 minime
1029 2169 1295 2214 dubitarent
1314 2173 1390 2224 (1).
1418 2190 1438 2210 »

122 2229 189 2273 Ad
208 2232 450 2275 secundum
469 2232 733 2287 dicendum,
754 2232 877 2288 quod
901 2245 984 2288 per
999 2232 1125 2276 illam
1147 2232 1547 2277 annuntiationem
1566 2245 1810 2289 magorum
1828 2246 1953 2290 prae-

70 2289 340 2345 signabatur
359 2293 619 2336 eonstantia
648 2294 856 2349 gentium
885 2292 1111 2337 Christum
1134 2306 1284 2349 usque
1303 2293 1362 2337 ad
1385 2299 1581 2337 mortem
1604 2294 1951 2340 confitentium:

69 2350 193 2395 unde
208 2352 560 2409 Chrysostomus
575 2353 709 2409 (alius
723 2356 899 2408 auctor)
914 2354 1022 2398 dicit
1039 2357 1194 2411 (super
1206 2356 1356 2399 Matth.
1374 2355 1499 2399 hom.
1518 2369 1567 2411 ιι,
1586 2354 1633 2398 in
1650 2357 1733 2411 Op.
1750 2355 1954 2412 imperf„

69 2424 230 2467 parum
254 2411 282 2455 a
302 2413 487 2471 prino),
511 2415 637 2472 quod
664 2433 685 2454 «ι
708 2415 821 2460 dum
849 2415 1208 2460 considerabant
1238 2418 1407 2472 Regem
1444 2416 1671 2473 futurum,
1693 2429 1786 2461 non
1818 2417 1953 2463 time-

68 2472 180 2518 bant
197 2486 357 2545 regem
368 2484 666 2535 praesentem3
684 2478 834 2523 adhuc
858 2490 951 2521 non
973 2478 1185 2522 viderant
1207 2478 1454 2535 Christum,
1471 2483 1518 2523 et
1534 2477 1633 2535 jam
1653 2478 1801 2535 parati
1821 2486 1955 2525 erant

68 2546 151 2590 pro
170 2547 225 2580 eo
245 2548 378 2581 mori.
397 2556 418 2577 »

121 2595 187 2639 Ad
211 2599 393 2640 tertium
409 2597 675 2656 dicendum,
695 2599 836 2657 quod,
852 2600 972 2644 sicut
990 2599 1278 2655 Augustinus
1300 2600 1410 2645 dicit
1430 2602 1495 2656 (in
1520 2613 1736 2646 sermone
1755 2602 1951 2659 Epipha-

69 2655 172 2712 niae,
197 2661 248 2701 ut
266 2665 409 2716 sup.)‚
433 2678 453 2697 α
471 2660 603 2705 stella
622 2673 727 2717 quae
746 2673 907 2716 magos
940 2661 1156 2717 perduxit
1175 2661 1234 2706 ad
1261 2661 1432 2718 locum,
1457 2661 1536 2705 ubi
1561 2667 1660 2706 erat
1675 2674 1783 2706 eum
1803 2668 1952 2710 matre

68 2715 249 2785 ‘Virgine
266 2721 384 2764 Deus
403 2721 572 2778 infans,
594 2727 772 2778 poterat
794 2736 873 2767 eos
897 2723 955 2767 ad
978 2723 1128 2779 ipsam
1143 2723 1396 2780 perducere
1419 2723 1649 2768 civitatem
1668 2724 1946 2783 Bethlehem,

69 2789 116 2819 in
141 2789 232 2833 qua
254 2784 390 2824 natus
412 2786 483 2825 est
502 2783 734 2841 Christus3
751 2784 833 2828 sed
856 2789 1006 2828 tamen
1031 2783 1262 2828 subtraxit
1277 2797 1327 2828 se
1344 2785 1493 2829 donec
1509 2785 1566 2829 de
1580 2785 1779 2840 civitate,
1792 2785 1840 2829 in
1856 2798 1949 2843 qua

68 2838 273 2882 Christus
287 2840 573 2909 nasceretur,
589 2844 731 2888 etiam
754 2845 896 2890 Judaei
920 2845 1235 2889 testimonium
1254 2846 1576 2902 perhiberent3
1599 2865 1619 2885 »
1645 2851 1698 2890 ut
1720 2847 1787 2890 sic
1802 2849 1948 2903 gemi-

67 2902 175 2942 nato
197 2901 458 2945 testimonio
476 2904 748 2962 confirmati,
773 2906 1004 2957 sicutLeo
1027 2919 1144 2962 papa
1168 2906 1277 2951 dicit
1298 2911 1453 2960 (serm.
1472 2910 1498 2950 4
1521 2906 1578 2951 de
1597 2907 1758 2963 Epiph.
1789 2920 1898 2965 cap.
1919 2911 1948 2953 2

67 2966 174 3005 ante
192 2962 349 3020 med.)‚
373 2962 621 3008 ardentiori
639 2968 698 3019 (2)
723 2984 743 3005 «
769 2967 859 3012 fide
879 2973 1166 3024 expeterent,
1189 2980 1329 3024 quem
1352 2973 1397 3012 et
1412 2968 1557 3012 stellae
1580 2969 1767 3013 claritas
1784 2975 1831 3015 et
1845 2983 1948 3027 pro-

65 3021 230 3089 phetiae
251 3022 576 3068 manifestabat
598 3028 863 3072 auotoritas.
879 3047 899 3067 n
916 3029 1081 3072 Etita«
1098 3029 1186 3085 ipsi
1202 3030 1483 3073 annuntiant
1503 3029 1671 3074 Judaeis
1682 3031 1844 3075 Christi
1860 3045 1947 3075 na-

67 3081 302 3138 tivitatem,
313 3087 359 3128 et
374 3083 841 3146 interrogantlocum,
855 3090 1068 3146 eredunt,
1086 3097 1132 3134 et
1147 3095 1382 3148 quaerunt,
1392 3096 1613 3147 tanquam
1629 3092 1946 3148 significantes

64 3154 158 3199 eos,
174 3143 252 3199 qui
275 3143 513 3190 ambulant
527 3159 608 3202 per
621 3147 776 3204 fidem,
793 3153 845 3193 -et
856 3149 1119 3195 desiderant
1131 3151 1349 3207 speeiem,
1367 3169 1387 3189 n
1407 3158 1460 3196 -ut
1477 3154 1764 3208 Augustinus
1776 3154 1885 3198 dicit
1895 3155 1943 3198 in

105 3250 149 3292 (4)
174 3250 227 3284 Ita
255 3264 386 3293 quoque
406 3254 558 3288 sentiunt
575 3259 649 3290 tum
681 3256 716 3290 in
746 3256 957 3291 sermonibus
1082 3260 1126 3300 (2)
1143 3260 1192 3294 lta
1208 3271 1284 3294 cum
1312 3260 1390 3296 Mss.
1408 3261 1539 3296 camer.
1556 3288 1565 3304 ‚
1583 3261 1698 3297 Alcan.
1715 3262 1840 3304 aliique
1859 3261 1943 3298 edit.

64 3298 105 3332 de
132 3298 324 3352 Epiphania
341 3327 350 3342 ,
382 3301 471 3343 Len,
500 3302 710 3344 Fulgentius,
744 3304 955 3347 Bernardus3
1040 3307 1174 3350 passim,
1200 3307 1320 3343 Leonis
1346 3309 1450 3344 textui
1479 3310 1704 3346 concinentes.
1724 3310 1790 3352 AL,
1820 3313 1937 3345 allen·

64 3349 136 3380 tum
164 3359 200 3381 m
230 3352 410 3383 comment.
442 3361 542 3390 super
560 3351 768 3395 Masthuzum,
787 3352 953 3394 Chrysost.
1041 3355 1144 3390 niori.

64 3392 282 3436 Hieronymus
298 3400 330 3430 et
350 3395 407 3431 alii
424 3398 529 3433 sancti
549 3398 676 3447 Patres.
