<?xml version="1.0" encoding="UTF-8"?>
<!DOCTYPE html PUBLIC "-//W3C//DTD XHTML 1.0 Transitional//EN"
    "http://www.w3.org/TR/xhtml1/DTD/xhtml1-transitional.dtd">
<html xmlns="http://www.w3.org/1999/xhtml" xml:lang="en" lang="en">
 <head>
  <title>
</title>
<meta http-equiv="Content-Type" content="text/html;charset=utf-8" />
  <meta name='ocr-system' content='tesseract 3.04.00' />
  <meta name='ocr-capabilities' content='ocr_page ocr_carea ocr_par ocr_line ocrx_word'/>
</head>
<body>
  <div class='ocr_page' id='page_1' title='image "./summatheologica06thomuoft_0277.png"; bbox 0 0 2170 3808; ppageno 0'>
   <div class='ocr_carea' id='block_1_1' title="bbox 0 0 61 2669">
    <p class='ocr_par' dir='ltr' id='par_1_1' title="bbox 0 0 61 2669">
     <span class='ocr_line' id='line_1_1' title="bbox 0 0 61 2669; baseline 0 0"><span class='ocrx_word' id='word_1_1' title='bbox 0 0 61 2669; x_wconf 95' lang='lat' dir='ltr'> </span> 
     </span>
    </p>
   </div>
   <div class='ocr_carea' id='block_1_2' title="bbox 118 0 475 91">
    <p class='ocr_par' dir='ltr' id='par_1_2' title="bbox 118 0 475 91">
     <span class='ocr_line' id='line_1_2' title="bbox 118 0 475 91; baseline 0 3717"><span class='ocrx_word' id='word_1_2' title='bbox 118 0 475 91; x_wconf 95' lang='lat' dir='ltr'> </span> 
     </span>
    </p>
   </div>
   <div class='ocr_carea' id='block_1_3' title="bbox 712 252 1976 306">
    <p class='ocr_par' dir='ltr' id='par_1_3' title="bbox 712 252 1976 306">
     <span class='ocr_line' id='line_1_3' title="bbox 712 252 1976 306; baseline -0.002 -8"><span class='ocrx_word' id='word_1_3' title='bbox 712 255 912 306; x_wconf 83' lang='lat' dir='ltr'><strong>QUAEST.</strong></span> <span class='ocrx_word' id='word_1_4' title='bbox 943 254 1118 305; x_wconf 77' lang='lat' dir='ltr'>XXVIII,</span> <span class='ocrx_word' id='word_1_5' title='bbox 1145 254 1261 296; x_wconf 83' lang='lat' dir='ltr'><strong>ART.</strong></span> <span class='ocrx_word' id='word_1_6' title='bbox 1292 253 1361 297; x_wconf 86' lang='lat' dir='ltr'>lv.</span> <span class='ocrx_word' id='word_1_7' title='bbox 1899 252 1976 296; x_wconf 73' lang='lat'>241</span> 
     </span>
    </p>
   </div>
   <div class='ocr_carea' id='block_1_4' title="bbox 98 332 1987 2728">
    <p class='ocr_par' dir='ltr' id='par_1_4' title="bbox 105 332 1980 456">
     <span class='ocr_line' id='line_1_4' title="bbox 106 332 1980 394; baseline -0.006 -6"><span class='ocrx_word' id='word_1_8' title='bbox 106 341 256 389; x_wconf 75' lang='lat' dir='ltr'>iebuit</span> <span class='ocrx_word' id='word_1_9' title='bbox 275 338 496 392; x_wconf 89' lang='lat' dir='ltr'>inchoari,</span> <span class='ocrx_word' id='word_1_10' title='bbox 521 335 602 394; x_wconf 89' lang='lat' dir='ltr'>qui</span> <span class='ocrx_word' id='word_1_11' title='bbox 621 339 694 380; x_wconf 92' lang='lat' dir='ltr'>est</span> <span class='ocrx_word' id='word_1_12' title='bbox 714 335 823 379; x_wconf 87' lang='lat' dir='ltr'>finis</span> <span class='ocrx_word' id='word_1_13' title='bbox 842 335 975 392; x_wconf 82' lang='lat' dir='ltr'>legiS,</span> <span class='ocrx_word' id='word_1_14' title='bbox 1003 341 1056 378; x_wconf 91' lang='lat' dir='ltr'>ut</span> <span class='ocrx_word' id='word_1_15' title='bbox 1079 333 1327 391; x_wconf 81' lang='lat' dir='ltr'>Apostolus</span> <span class='ocrx_word' id='word_1_16' title='bbox 1349 332 1459 378; x_wconf 86' lang='lat' dir='ltr'>dicit</span> <span class='ocrx_word' id='word_1_17' title='bbox 1488 334 1632 386; x_wconf 86' lang='lat' dir='ltr'>(Rom.</span> <span class='ocrx_word' id='word_1_18' title='bbox 1650 333 1706 387; x_wconf 89' lang='lat' dir='ltr'>x).</span> <span class='ocrx_word' id='word_1_19' title='bbox 1739 333 1838 376; x_wconf 90' lang='lat' dir='ltr'>Non</span> <span class='ocrx_word' id='word_1_20' title='bbox 1868 343 1980 387; x_wconf 82' lang='lat' dir='ltr'>ergo</span> 
     </span>
     <span class='ocr_line' id='line_1_5' title="bbox 105 394 1600 456; baseline -0.007 -7"><span class='ocrx_word' id='word_1_21' title='bbox 105 403 383 449; x_wconf 58' lang='lat' dir='ltr'>conveniens</span> <span class='ocrx_word' id='word_1_22' title='bbox 399 399 488 445; x_wconf 88' lang='lat' dir='ltr'>fuit</span> <span class='ocrx_word' id='word_1_23' title='bbox 509 396 635 456; x_wconf 79' lang='lat' dir='ltr'>quod</span> <span class='ocrx_word' id='word_1_24' title='bbox 655 399 704 441; x_wconf 89' lang='lat' dir='ltr'>B.</span> <span class='ocrx_word' id='word_1_25' title='bbox 727 397 863 453; x_wconf 87' lang='lat' dir='ltr'>Virgo</span> <span class='ocrx_word' id='word_1_26' title='bbox 879 401 1039 441; x_wconf 88' lang='lat' dir='ltr'>votum</span> <span class='ocrx_word' id='word_1_27' title='bbox 1057 395 1338 452; x_wconf 83' lang='lat' dir='ltr'>virginitatis</span> <span class='ocrx_word' id='word_1_28' title='bbox 1358 394 1600 439; x_wconf 85' lang='lat' dir='ltr'>emitteret.</span> 
     </span>
    </p>

    <p class='ocr_par' dir='ltr' id='par_1_5' title="bbox 102 454 1984 831">
     <span class='ocr_line' id='line_1_6' title="bbox 157 454 1982 519; baseline -0.005 -10"><span class='ocrx_word' id='word_1_29' title='bbox 157 467 198 509; x_wconf 89' lang='lat'>3.</span> <span class='ocrx_word' id='word_1_30' title='bbox 221 466 459 519; x_wconf 85' lang='lat' dir='ltr'>Praeterea,</span> <span class='ocrx_word' id='word_1_31' title='bbox 483 460 644 505; x_wconf 88' lang='lat' dir='ltr'>Glossa</span> <span class='ocrx_word' id='word_1_32' title='bbox 674 458 921 515; x_wconf 83' lang='lat' dir='ltr'>Augustini</span> <span class='ocrx_word' id='word_1_33' title='bbox 942 458 1003 513; x_wconf 83' lang='lat'>(1)</span> <span class='ocrx_word' id='word_1_34' title='bbox 1022 457 1132 502; x_wconf 88' lang='lat' dir='ltr'>dicit</span> <span class='ocrx_word' id='word_1_35' title='bbox 1168 459 1210 509; x_wconf 83' lang='grc' dir='ltr'>(Ι.</span> <span class='ocrx_word' id='word_1_36' title='bbox 1234 456 1346 500; x_wconf 84' lang='lat' dir='ltr'>Tim.</span> <span class='ocrx_word' id='word_1_37' title='bbox 1375 470 1419 511; x_wconf 87' lang='lat' dir='ltr'>v,</span> <span class='ocrx_word' id='word_1_38' title='bbox 1443 468 1547 512; x_wconf 88' lang='lat' dir='ltr'>sup.</span> <span class='ocrx_word' id='word_1_39' title='bbox 1585 454 1734 500; x_wconf 79' lang='lat' dir='ltr'>illud:</span> <span class='ocrx_word' id='word_1_40' title='bbox 1755 454 1982 499; x_wconf 73' lang='lat' dir='ltr'>Habentes</span> 
     </span>
     <span class='ocr_line' id='line_1_7' title="bbox 103 515 1981 579; baseline -0.005 -9"><span class='ocrx_word' id='word_1_41' title='bbox 103 527 451 579; x_wconf 78' lang='lat' dir='ltr'>damnationem,</span> <span class='ocrx_word' id='word_1_42' title='bbox 470 522 595 577; x_wconf 86' lang='lat' dir='ltr'>etc.),</span> <span class='ocrx_word' id='word_1_43' title='bbox 616 524 662 565; x_wconf 89' lang='lat' dir='ltr'>et</span> <span class='ocrx_word' id='word_1_44' title='bbox 683 521 882 565; x_wconf 90' lang='lat' dir='ltr'>habetur</span> <span class='ocrx_word' id='word_1_45' title='bbox 898 520 960 574; x_wconf 89' lang='lat' dir='ltr'>(in</span> <span class='ocrx_word' id='word_1_46' title='bbox 985 518 1068 563; x_wconf 91' lang='lat' dir='ltr'>lib.</span> <span class='ocrx_word' id='word_1_47' title='bbox 1088 521 1149 562; x_wconf 91' lang='lat' dir='ltr'>De</span> <span class='ocrx_word' id='word_1_48' title='bbox 1170 517 1296 562; x_wconf 89' lang='lat' dir='ltr'>bono</span> <span class='ocrx_word' id='word_1_49' title='bbox 1313 516 1478 561; x_wconf 82' lang='lat' dir='ltr'>viduit.</span> <span class='ocrx_word' id='word_1_50' title='bbox 1500 529 1601 574; x_wconf 91' lang='lat' dir='ltr'>cap.</span> <span class='ocrx_word' id='word_1_51' title='bbox 1629 519 1686 572; x_wconf 80' lang='lat'>9),</span> <span class='ocrx_word' id='word_1_52' title='bbox 1713 515 1838 573; x_wconf 81' lang='lat' dir='ltr'>quod</span> <span class='ocrx_word' id='word_1_53' title='bbox 1863 534 1882 555; x_wconf 86' lang='lat'>«</span> <span class='ocrx_word' id='word_1_54' title='bbox 1900 529 1981 560; x_wconf 89' lang='lat' dir='ltr'>vo-</span> 
     </span>
     <span class='ocr_line' id='line_1_8' title="bbox 105 577 1982 635; baseline -0.004 -3"><span class='ocrx_word' id='word_1_55' title='bbox 105 586 314 632; x_wconf 83' lang='lat' dir='ltr'>ventibus</span> <span class='ocrx_word' id='word_1_56' title='bbox 332 584 589 630; x_wconf 84' lang='lat' dir='ltr'>castitatem</span> <span class='ocrx_word' id='word_1_57' title='bbox 615 594 710 626; x_wconf 91' lang='lat' dir='ltr'>non</span> <span class='ocrx_word' id='word_1_58' title='bbox 734 581 886 626; x_wconf 85' lang='lat' dir='ltr'>solum</span> <span class='ocrx_word' id='word_1_59' title='bbox 908 579 1104 635; x_wconf 89' lang='lat' dir='ltr'>nubere,</span> <span class='ocrx_word' id='word_1_60' title='bbox 1125 579 1210 623; x_wconf 90' lang='lat' dir='ltr'>sed</span> <span class='ocrx_word' id='word_1_61' title='bbox 1224 578 1363 623; x_wconf 89' lang='lat' dir='ltr'>etiam</span> <span class='ocrx_word' id='word_1_62' title='bbox 1382 577 1502 622; x_wconf 80' lang='lat' dir='ltr'>velle</span> <span class='ocrx_word' id='word_1_63' title='bbox 1522 578 1698 623; x_wconf 91' lang='lat' dir='ltr'>nubere</span> <span class='ocrx_word' id='word_1_64' title='bbox 1718 578 1982 624; x_wconf 85' lang='lat' dir='ltr'>damnabile</span> 
     </span>
     <span class='ocr_line' id='line_1_9' title="bbox 105 637 1984 698; baseline -0.004 -5"><span class='ocrx_word' id='word_1_65' title='bbox 105 650 224 693; x_wconf 77' lang='lat' dir='ltr'>est.»</span> <span class='ocrx_word' id='word_1_66' title='bbox 250 646 337 691; x_wconf 87' lang='lat' dir='ltr'>Sed</span> <span class='ocrx_word' id='word_1_67' title='bbox 364 649 512 690; x_wconf 90' lang='lat' dir='ltr'>mater</span> <span class='ocrx_word' id='word_1_68' title='bbox 531 642 697 688; x_wconf 85' lang='lat' dir='ltr'>Christi</span> <span class='ocrx_word' id='word_1_69' title='bbox 722 641 904 686; x_wconf 91' lang='lat' dir='ltr'>nullum</span> <span class='ocrx_word' id='word_1_70' title='bbox 937 645 1180 698; x_wconf 88' lang='lat' dir='ltr'>peccatum</span> <span class='ocrx_word' id='word_1_71' title='bbox 1213 637 1479 684; x_wconf 84' lang='lat' dir='ltr'>damnabile</span> <span class='ocrx_word' id='word_1_72' title='bbox 1499 639 1743 695; x_wconf 86' lang='lat' dir='ltr'>commisit,</span> <span class='ocrx_word' id='word_1_73' title='bbox 1768 644 1822 684; x_wconf 89' lang='lat' dir='ltr'>ut</span> <span class='ocrx_word' id='word_1_74' title='bbox 1842 652 1984 697; x_wconf 88' lang='lat' dir='ltr'>supra</span> 
     </span>
     <span class='ocr_line' id='line_1_10' title="bbox 102 699 1983 762; baseline -0.004 -8"><span class='ocrx_word' id='word_1_75' title='bbox 102 707 306 754; x_wconf 81' lang='lat' dir='ltr'>habitum</span> <span class='ocrx_word' id='word_1_76' title='bbox 324 711 393 751; x_wconf 88' lang='lat' dir='ltr'>est</span> <span class='ocrx_word' id='word_1_77' title='bbox 410 708 592 762; x_wconf 74' lang='lat' dir='ltr'>(quaest.</span> <span class='ocrx_word' id='word_1_78' title='bbox 613 717 745 759; x_wconf 72' lang='lat' dir='ltr'>xxm,</span> <span class='ocrx_word' id='word_1_79' title='bbox 767 708 853 747; x_wconf 88' lang='lat' dir='ltr'>art.</span> <span class='ocrx_word' id='word_1_80' title='bbox 887 704 946 756; x_wconf 81' lang='lat'>4).</span> <span class='ocrx_word' id='word_1_81' title='bbox 968 704 1079 747; x_wconf 80' lang='lat' dir='ltr'>Cum</span> <span class='ocrx_word' id='word_1_82' title='bbox 1099 713 1210 757; x_wconf 85' lang='lat' dir='ltr'>ergo</span> <span class='ocrx_word' id='word_1_83' title='bbox 1244 701 1524 757; x_wconf 84' lang='lat' dir='ltr'>desponsata</span> <span class='ocrx_word' id='word_1_84' title='bbox 1540 699 1696 755; x_wconf 79' lang='lat' dir='ltr'>fuerit,</span> <span class='ocrx_word' id='word_1_85' title='bbox 1716 704 1770 745; x_wconf 90' lang='lat' dir='ltr'>ut</span> <span class='ocrx_word' id='word_1_86' title='bbox 1787 700 1983 747; x_wconf 87' lang='lat' dir='ltr'>habetur</span> 
     </span>
     <span class='ocr_line' id='line_1_11' title="bbox 103 762 1675 831; baseline -0.007 -17"><span class='ocrx_word' id='word_1_87' title='bbox 103 770 224 824; x_wconf 83' lang='lat' dir='ltr'>(Luc.</span> <span class='ocrx_word' id='word_1_88' title='bbox 244 771 292 825; x_wconf 73' lang='grc' dir='ltr'>ι),</span> <span class='ocrx_word' id='word_1_89' title='bbox 311 767 493 812; x_wconf 85' lang='lat' dir='ltr'>videtur</span> <span class='ocrx_word' id='word_1_90' title='bbox 507 765 631 823; x_wconf 80' lang='lat' dir='ltr'>quod</span> <span class='ocrx_word' id='word_1_91' title='bbox 645 765 743 822; x_wconf 88' lang='lat' dir='ltr'>ipsa</span> <span class='ocrx_word' id='word_1_92' title='bbox 763 763 1004 820; x_wconf 81' lang='lat' dir='ltr'>virginatis</span> <span class='ocrx_word' id='word_1_93' title='bbox 1023 769 1183 808; x_wconf 86' lang='lat' dir='ltr'>votum</span> <span class='ocrx_word' id='word_1_94' title='bbox 1203 775 1298 807; x_wconf 90' lang='lat' dir='ltr'>non</span> <span class='ocrx_word' id='word_1_95' title='bbox 1318 762 1537 807; x_wconf 81' lang='lat' dir='ltr'>emiserit.</span> <span class='ocrx_word' id='word_1_96' title='bbox 1614 822 1624 831; x_wconf 45' lang='lat'><strong>·</strong></span> <span class='ocrx_word' id='word_1_97' title='bbox 1664 822 1675 831; x_wconf 92' lang='lat'><em>.</em></span> 
     </span>
    </p>

    <p class='ocr_par' dir='ltr' id='par_1_6' title="bbox 99 823 1984 1071">
     <span class='ocr_line' id='line_1_12' title="bbox 159 823 1983 884; baseline -0.003 -9"><span class='ocrx_word' id='word_1_98' title='bbox 159 830 243 876; x_wconf 91' lang='lat' dir='ltr'>Sed</span> <span class='ocrx_word' id='word_1_99' title='bbox 255 832 414 874; x_wconf 75' lang='lat' dir='ltr'>contra</span> <span class='ocrx_word' id='word_1_100' title='bbox 429 831 501 873; x_wconf 90' lang='lat' dir='ltr'>est</span> <span class='ocrx_word' id='word_1_101' title='bbox 517 827 644 884; x_wconf 89' lang='lat' dir='ltr'>quod</span> <span class='ocrx_word' id='word_1_102' title='bbox 663 826 950 883; x_wconf 82' lang='lat' dir='ltr'>Augustinus</span> <span class='ocrx_word' id='word_1_103' title='bbox 965 825 1075 870; x_wconf 85' lang='lat' dir='ltr'>dicit</span> <span class='ocrx_word' id='word_1_104' title='bbox 1091 825 1152 879; x_wconf 90' lang='lat' dir='ltr'>(in</span> <span class='ocrx_word' id='word_1_105' title='bbox 1166 825 1245 869; x_wconf 89' lang='lat' dir='ltr'>lib.</span> <span class='ocrx_word' id='word_1_106' title='bbox 1259 827 1321 869; x_wconf 90' lang='lat' dir='ltr'>De</span> <span class='ocrx_word' id='word_1_107' title='bbox 1333 827 1495 870; x_wconf 85' lang='lat' dir='ltr'>sancta</span> <span class='ocrx_word' id='word_1_108' title='bbox 1507 823 1789 880; x_wconf 79' lang='lat' dir='ltr'>virgmltate,</span> <span class='ocrx_word' id='word_1_109' title='bbox 1812 834 1915 878; x_wconf 87' lang='lat' dir='ltr'>cap.</span> <span class='ocrx_word' id='word_1_110' title='bbox 1937 827 1983 880; x_wconf 75' lang='lat'>4,</span> 
     </span>
     <span class='ocr_line' id='line_1_13' title="bbox 102 885 1980 954; baseline -0.004 -17"><span class='ocrx_word' id='word_1_111' title='bbox 102 891 226 937; x_wconf 88' lang='lat' dir='ltr'>circa</span> <span class='ocrx_word' id='word_1_112' title='bbox 241 891 409 949; x_wconf 89' lang='lat' dir='ltr'>princ.)</span> <span class='ocrx_word' id='word_1_113' title='bbox 427 905 438 932; x_wconf 71' lang='grc' dir='ltr'><strong><em>ε</em></strong></span> <span class='ocrx_word' id='word_1_114' title='bbox 463 907 484 927; x_wconf 76' lang='grc' dir='ltr'><strong>α</strong></span> <span class='ocrx_word' id='word_1_115' title='bbox 498 889 802 934; x_wconf 81' lang='lat' dir='ltr'>Annuntiauti</span> <span class='ocrx_word' id='word_1_116' title='bbox 818 888 986 945; x_wconf 87' lang='lat' dir='ltr'>angelo</span> <span class='ocrx_word' id='word_1_117' title='bbox 1007 887 1144 931; x_wconf 88' lang='lat' dir='ltr'>Maria</span> <span class='ocrx_word' id='word_1_118' title='bbox 1158 886 1427 945; x_wconf 80' lang='lat' dir='ltr'>respondit:</span> <span class='ocrx_word' id='word_1_119' title='bbox 1454 904 1474 922; x_wconf 70' lang='grc' dir='ltr'>κ</span> <span class='ocrx_word' id='word_1_120' title='bbox 1491 885 1718 942; x_wconf 77' lang='lat' dir='ltr'>Quomodo</span> <span class='ocrx_word' id='word_1_121' title='bbox 1737 885 1815 939; x_wconf 77' lang='lat' dir='ltr'>fiet</span> <span class='ocrx_word' id='word_1_122' title='bbox 1839 886 1980 954; x_wconf 54' lang='lat' dir='ltr'>istud,</span> 
     </span>
     <span class='ocr_line' id='line_1_14' title="bbox 102 945 1984 1009; baseline -0.002 -13"><span class='ocrx_word' id='word_1_123' title='bbox 102 956 313 1009; x_wconf 78' lang='lat' dir='ltr'>quoniam</span> <span class='ocrx_word' id='word_1_124' title='bbox 341 954 489 995; x_wconf 79' lang='lat' dir='ltr'>virum</span> <span class='ocrx_word' id='word_1_125' title='bbox 521 964 611 994; x_wconf 81' lang='lat' dir='ltr'>non</span> <span class='ocrx_word' id='word_1_126' title='bbox 633 963 844 1006; x_wconf 64' lang='lat' dir='ltr'>cosmosco</span> <span class='ocrx_word' id='word_1_127' title='bbox 859 950 914 993; x_wconf 59' lang='grc' dir='ltr'>ἲ»</span> <span class='ocrx_word' id='word_1_128' title='bbox 949 948 1074 1006; x_wconf 91' lang='lat' dir='ltr'>quod</span> <span class='ocrx_word' id='word_1_129' title='bbox 1093 948 1299 1005; x_wconf 81' lang='lat' dir='ltr'>profecto</span> <span class='ocrx_word' id='word_1_130' title='bbox 1333 960 1426 991; x_wconf 90' lang='lat' dir='ltr'>non</span> <span class='ocrx_word' id='word_1_131' title='bbox 1450 947 1638 1003; x_wconf 82' lang='lat' dir='ltr'>diceret,</span> <span class='ocrx_word' id='word_1_132' title='bbox 1663 945 1755 990; x_wconf 88' lang='lat' dir='ltr'>nisi</span> <span class='ocrx_word' id='word_1_133' title='bbox 1781 948 1912 1002; x_wconf 77' lang='lat' dir='ltr'>prius</span> <span class='ocrx_word' id='word_1_134' title='bbox 1933 958 1984 992; x_wconf 89' lang='lat' dir='ltr'>se</span> 
     </span>
     <span class='ocr_line' id='line_1_15' title="bbox 99 1012 724 1071; baseline -0.005 -12"><span class='ocrx_word' id='word_1_135' title='bbox 99 1014 326 1071; x_wconf 85' lang='lat' dir='ltr'>virginem</span> <span class='ocrx_word' id='word_1_136' title='bbox 345 1016 438 1058; x_wconf 89' lang='lat' dir='ltr'>Deo</span> <span class='ocrx_word' id='word_1_137' title='bbox 458 1012 678 1057; x_wconf 84' lang='lat' dir='ltr'>vovisset.</span> <span class='ocrx_word' id='word_1_138' title='bbox 704 1030 724 1051; x_wconf 89' lang='lat'>»</span> 
     </span>
    </p>

    <p class='ocr_par' dir='ltr' id='par_1_7' title="bbox 108 1073 1984 1188">
     <span class='ocr_line' id='line_1_16' title="bbox 151 1073 1984 1131; baseline -0.004 -8"><span class='ocrx_word' id='word_1_139' title='bbox 151 1081 442 1123; x_wconf 89' lang='lat' dir='ltr'>CONCLUSIO.</span> <span class='ocrx_word' id='word_1_140' title='bbox 459 1102 507 1110; x_wconf 96' lang='lat'><strong>—</strong></span> <span class='ocrx_word' id='word_1_141' title='bbox 522 1081 631 1121; x_wconf 86' lang='lat' dir='ltr'>Ante</span> <span class='ocrx_word' id='word_1_142' title='bbox 644 1077 1014 1131; x_wconf 86' lang='lat' dir='ltr'>desponsationem,</span> <span class='ocrx_word' id='word_1_143' title='bbox 1027 1081 1160 1118; x_wconf 86' lang='lat' dir='ltr'>mater</span> <span class='ocrx_word' id='word_1_144' title='bbox 1175 1077 1247 1117; x_wconf 90' lang='lat' dir='ltr'>Dei</span> <span class='ocrx_word' id='word_1_145' title='bbox 1262 1088 1346 1116; x_wconf 90' lang='lat' dir='ltr'>non</span> <span class='ocrx_word' id='word_1_146' title='bbox 1362 1076 1602 1127; x_wconf 85' lang='lat' dir='ltr'>simpliciter</span> <span class='ocrx_word' id='word_1_147' title='bbox 1614 1073 1901 1127; x_wconf 82' lang='lat' dir='ltr'>virginitatem</span> <span class='ocrx_word' id='word_1_148' title='bbox 1915 1087 1984 1115; x_wconf 86' lang='lat' dir='ltr'>vo-</span> 
     </span>
     <span class='ocr_line' id='line_1_17' title="bbox 108 1133 1862 1188; baseline -0.003 -12"><span class='ocrx_word' id='word_1_149' title='bbox 108 1136 180 1184; x_wconf 87' lang='lat' dir='ltr'>vit,</span> <span class='ocrx_word' id='word_1_150' title='bbox 195 1135 266 1176; x_wconf 85' lang='lat' dir='ltr'>sed</span> <span class='ocrx_word' id='word_1_151' title='bbox 285 1139 375 1188; x_wconf 85' lang='lat' dir='ltr'>post</span> <span class='ocrx_word' id='word_1_152' title='bbox 387 1135 541 1185; x_wconf 78' lang='lat' dir='ltr'>decuit,</span> <span class='ocrx_word' id='word_1_153' title='bbox 556 1138 605 1175; x_wconf 85' lang='lat' dir='ltr'>ut</span> <span class='ocrx_word' id='word_1_154' title='bbox 618 1135 897 1185; x_wconf 84' lang='lat' dir='ltr'>virginitatem</span> <span class='ocrx_word' id='word_1_155' title='bbox 910 1143 1029 1173; x_wconf 87' lang='lat' dir='ltr'>suam</span> <span class='ocrx_word' id='word_1_156' title='bbox 1045 1133 1125 1175; x_wconf 94' lang='lat' dir='ltr'>Deo</span> <span class='ocrx_word' id='word_1_157' title='bbox 1141 1133 1335 1184; x_wconf 83' lang='lat' dir='ltr'>perpetuo</span> <span class='ocrx_word' id='word_1_158' title='bbox 1349 1142 1420 1183; x_wconf 87' lang='lat' dir='ltr'>per</span> <span class='ocrx_word' id='word_1_159' title='bbox 1434 1133 1579 1171; x_wconf 86' lang='lat' dir='ltr'>votum</span> <span class='ocrx_word' id='word_1_160' title='bbox 1601 1133 1862 1172; x_wconf 85' lang='lat' dir='ltr'>consecraret.</span> 
     </span>
    </p>

    <p class='ocr_par' dir='ltr' id='par_1_8' title="bbox 98 1191 1986 1928">
     <span class='ocr_line' id='line_1_18' title="bbox 154 1191 1982 1255; baseline -0.003 -14"><span class='ocrx_word' id='word_1_161' title='bbox 154 1197 421 1255; x_wconf 86' lang='lat' dir='ltr'>Respondeo</span> <span class='ocrx_word' id='word_1_162' title='bbox 451 1197 700 1242; x_wconf 91' lang='lat' dir='ltr'>dicendum</span> <span class='ocrx_word' id='word_1_163' title='bbox 733 1196 873 1253; x_wconf 82' lang='lat' dir='ltr'>quod,</span> <span class='ocrx_word' id='word_1_164' title='bbox 909 1194 1030 1240; x_wconf 88' lang='lat' dir='ltr'>sicut</span> <span class='ocrx_word' id='word_1_165' title='bbox 1062 1194 1112 1238; x_wconf 92' lang='lat' dir='ltr'>in</span> <span class='ocrx_word' id='word_1_166' title='bbox 1143 1193 1351 1239; x_wconf 82' lang='lat' dir='ltr'>secunda</span> <span class='ocrx_word' id='word_1_167' title='bbox 1378 1197 1510 1250; x_wconf 88' lang='lat' dir='ltr'>parte</span> <span class='ocrx_word' id='word_1_168' title='bbox 1535 1191 1748 1237; x_wconf 89' lang='lat' dir='ltr'>habitum</span> <span class='ocrx_word' id='word_1_169' title='bbox 1780 1195 1852 1236; x_wconf 90' lang='lat' dir='ltr'>est</span> <span class='ocrx_word' id='word_1_170' title='bbox 1873 1191 1917 1246; x_wconf 73' lang='lat'>(2</span> <span class='ocrx_word' id='word_1_171' title='bbox 1937 1194 1982 1251; x_wconf 76' lang='lat'>2,</span> 
     </span>
     <span class='ocr_line' id='line_1_19' title="bbox 100 1253 1985 1316; baseline -0.002 -15"><span class='ocrx_word' id='word_1_172' title='bbox 100 1263 262 1315; x_wconf 81' lang='lat' dir='ltr'>quaest.</span> <span class='ocrx_word' id='word_1_173' title='bbox 286 1273 487 1315; x_wconf 76' lang='lat' dir='ltr'>Lxxxvm,</span> <span class='ocrx_word' id='word_1_174' title='bbox 509 1262 594 1303; x_wconf 89' lang='lat' dir='ltr'>art.</span> <span class='ocrx_word' id='word_1_175' title='bbox 617 1260 674 1316; x_wconf 88' lang='lat'>6),</span> <span class='ocrx_word' id='word_1_176' title='bbox 694 1257 989 1315; x_wconf 88' lang='lat' dir='ltr'>perfectionis</span> <span class='ocrx_word' id='word_1_177' title='bbox 1008 1268 1149 1313; x_wconf 86' lang='lat' dir='ltr'>opera</span> <span class='ocrx_word' id='word_1_178' title='bbox 1168 1255 1318 1311; x_wconf 88' lang='lat' dir='ltr'>magis</span> <span class='ocrx_word' id='word_1_179' title='bbox 1334 1259 1445 1300; x_wconf 90' lang='lat' dir='ltr'>sunt</span> <span class='ocrx_word' id='word_1_180' title='bbox 1465 1254 1732 1308; x_wconf 80' lang='lat' dir='ltr'>laudabilia,</span> <span class='ocrx_word' id='word_1_181' title='bbox 1746 1253 1787 1298; x_wconf 88' lang='lat' dir='ltr'>si</span> <span class='ocrx_word' id='word_1_182' title='bbox 1805 1265 1864 1298; x_wconf 85' lang='lat' dir='ltr'>ex</span> <span class='ocrx_word' id='word_1_183' title='bbox 1875 1259 1985 1298; x_wconf 87' lang='lat' dir='ltr'>voto</span> 
     </span>
     <span class='ocr_line' id='line_1_20' title="bbox 99 1314 1986 1386; baseline -0.002 -22"><span class='ocrx_word' id='word_1_184' title='bbox 99 1319 408 1366; x_wconf 81' lang='lat' dir='ltr'>celebrentur.</span> <span class='ocrx_word' id='word_1_185' title='bbox 431 1318 680 1380; x_wconf 77' lang='lat' dir='ltr'>Virginitas</span> <span class='ocrx_word' id='word_1_186' title='bbox 701 1323 857 1364; x_wconf 89' lang='lat' dir='ltr'>autem</span> <span class='ocrx_word' id='word_1_187' title='bbox 876 1318 924 1362; x_wconf 89' lang='lat' dir='ltr'>in</span> <span class='ocrx_word' id='word_1_188' title='bbox 949 1322 1097 1363; x_wconf 85' lang='lat' dir='ltr'>matre</span> <span class='ocrx_word' id='word_1_189' title='bbox 1119 1317 1196 1362; x_wconf 89' lang='lat' dir='ltr'>Dei</span> <span class='ocrx_word' id='word_1_190' title='bbox 1217 1316 1453 1374; x_wconf 79' lang='lat' dir='ltr'>praecipue</span> <span class='ocrx_word' id='word_1_191' title='bbox 1472 1314 1631 1361; x_wconf 89' lang='lat' dir='ltr'>debuit</span> <span class='ocrx_word' id='word_1_192' title='bbox 1645 1314 1834 1386; x_wconf 33' lang='lat' dir='ltr'>pol-lere,</span> <span class='ocrx_word' id='word_1_193' title='bbox 1856 1319 1908 1386; x_wconf 76' lang='lat' dir='ltr'>ut</span> <span class='ocrx_word' id='word_1_194' title='bbox 1925 1327 1986 1360; x_wconf 78' lang='lat' dir='ltr'>ex</span> 
     </span>
     <span class='ocr_line' id='line_1_21' title="bbox 102 1377 1986 1448; baseline -0.002 -24"><span class='ocrx_word' id='word_1_195' title='bbox 102 1391 242 1437; x_wconf 83' lang='lat' dir='ltr'>supra</span> <span class='ocrx_word' id='word_1_196' title='bbox 259 1382 392 1426; x_wconf 87' lang='lat' dir='ltr'>dictis</span> <span class='ocrx_word' id='word_1_197' title='bbox 411 1381 670 1426; x_wconf 85' lang='lat' dir='ltr'>rationibus</span> <span class='ocrx_word' id='word_1_198' title='bbox 684 1385 813 1438; x_wconf 84' lang='lat' dir='ltr'>patet</span> <span class='ocrx_word' id='word_1_199' title='bbox 833 1383 932 1434; x_wconf 88' lang='lat' dir='ltr'>(art.</span> <span class='ocrx_word' id='word_1_200' title='bbox 953 1384 975 1425; x_wconf 83' lang='lat' dir='ltr'>l</span> <span class='ocrx_word' id='word_1_201' title='bbox 995 1379 1093 1437; x_wconf 87' lang='lat' dir='ltr'>huj.</span> <span class='ocrx_word' id='word_1_202' title='bbox 1116 1384 1316 1437; x_wconf 62' lang='lat' dir='ltr'>quaest).</span> <span class='ocrx_word' id='word_1_203' title='bbox 1339 1381 1391 1423; x_wconf 84' lang='lat' dir='ltr'>Et</span> <span class='ocrx_word' id='word_1_204' title='bbox 1412 1377 1515 1423; x_wconf 90' lang='lat' dir='ltr'>ideo</span> <span class='ocrx_word' id='word_1_205' title='bbox 1534 1389 1818 1422; x_wconf 80' lang='lat' dir='ltr'>conveniens</span> <span class='ocrx_word' id='word_1_206' title='bbox 1831 1377 1919 1421; x_wconf 78' lang='lat' dir='ltr'>fuit</span> <span class='ocrx_word' id='word_1_207' title='bbox 1934 1380 1986 1448; x_wconf 82' lang='lat' dir='ltr'>ut</span> 
     </span>
     <span class='ocr_line' id='line_1_22' title="bbox 102 1439 1984 1500; baseline 0 -16"><span class='ocrx_word' id='word_1_208' title='bbox 102 1441 340 1498; x_wconf 86' lang='lat' dir='ltr'>virginitas</span> <span class='ocrx_word' id='word_1_209' title='bbox 367 1443 471 1500; x_wconf 87' lang='lat' dir='ltr'>ejus</span> <span class='ocrx_word' id='word_1_210' title='bbox 501 1454 559 1488; x_wconf 85' lang='lat' dir='ltr'>ex</span> <span class='ocrx_word' id='word_1_211' title='bbox 576 1446 686 1487; x_wconf 85' lang='lat' dir='ltr'>voto</span> <span class='ocrx_word' id='word_1_212' title='bbox 707 1446 832 1487; x_wconf 88' lang='lat' dir='ltr'>esset</span> <span class='ocrx_word' id='word_1_213' title='bbox 859 1445 950 1487; x_wconf 89' lang='lat' dir='ltr'>Deo</span> <span class='ocrx_word' id='word_1_214' title='bbox 982 1445 1270 1487; x_wconf 86' lang='lat' dir='ltr'>consecrata.</span> <span class='ocrx_word' id='word_1_215' title='bbox 1301 1440 1469 1484; x_wconf 80' lang='lat' dir='ltr'>Verum</span> <span class='ocrx_word' id='word_1_216' title='bbox 1492 1439 1602 1496; x_wconf 90' lang='lat' dir='ltr'>quia</span> <span class='ocrx_word' id='word_1_217' title='bbox 1624 1443 1831 1496; x_wconf 87' lang='lat' dir='ltr'>tempore</span> <span class='ocrx_word' id='word_1_218' title='bbox 1867 1439 1984 1494; x_wconf 86' lang='lat' dir='ltr'>leg1s</span> 
     </span>
     <span class='ocr_line' id='line_1_23' title="bbox 98 1501 1986 1560; baseline 0 -15"><span class='ocrx_word' id='word_1_219' title='bbox 98 1503 336 1559; x_wconf 88' lang='lat' dir='ltr'>oportebat</span> <span class='ocrx_word' id='word_1_220' title='bbox 352 1504 640 1560; x_wconf 86' lang='lat' dir='ltr'>generationi</span> <span class='ocrx_word' id='word_1_221' title='bbox 663 1503 878 1550; x_wconf 90' lang='lat' dir='ltr'>insistere</span> <span class='ocrx_word' id='word_1_222' title='bbox 904 1509 997 1548; x_wconf 88' lang='lat' dir='ltr'>tam</span> <span class='ocrx_word' id='word_1_223' title='bbox 1021 1504 1242 1549; x_wconf 87' lang='lat' dir='ltr'>mulieres</span> <span class='ocrx_word' id='word_1_224' title='bbox 1273 1503 1415 1559; x_wconf 79' lang='lat' dir='ltr'>quam</span> <span class='ocrx_word' id='word_1_225' title='bbox 1434 1502 1576 1559; x_wconf 87' lang='lat' dir='ltr'>viros,</span> <span class='ocrx_word' id='word_1_226' title='bbox 1596 1501 1705 1559; x_wconf 90' lang='lat' dir='ltr'>quia</span> <span class='ocrx_word' id='word_1_227' title='bbox 1727 1501 1986 1546; x_wconf 82' lang='lat' dir='ltr'>secundum</span> 
     </span>
     <span class='ocr_line' id='line_1_24' title="bbox 98 1563 1986 1623; baseline 0 -15"><span class='ocrx_word' id='word_1_228' title='bbox 98 1565 252 1609; x_wconf 82' lang='lat' dir='ltr'>earnis</span> <span class='ocrx_word' id='word_1_229' title='bbox 267 1566 496 1621; x_wconf 81' lang='lat' dir='ltr'>originem</span> <span class='ocrx_word' id='word_1_230' title='bbox 514 1566 671 1611; x_wconf 86' lang='lat' dir='ltr'>cultus</span> <span class='ocrx_word' id='word_1_231' title='bbox 685 1566 765 1612; x_wconf 91' lang='lat' dir='ltr'>Dei</span> <span class='ocrx_word' id='word_1_232' title='bbox 781 1566 1145 1623; x_wconf 86' lang='lat' dir='ltr'>propagabatur,</span> <span class='ocrx_word' id='word_1_233' title='bbox 1168 1569 1421 1622; x_wconf 88' lang='lat' dir='ltr'>antequam</span> <span class='ocrx_word' id='word_1_234' title='bbox 1442 1575 1502 1608; x_wconf 82' lang='lat' dir='ltr'>ex</span> <span class='ocrx_word' id='word_1_235' title='bbox 1533 1563 1612 1607; x_wconf 92' lang='lat' dir='ltr'>illo</span> <span class='ocrx_word' id='word_1_236' title='bbox 1634 1563 1806 1620; x_wconf 90' lang='lat' dir='ltr'>populo</span> <span class='ocrx_word' id='word_1_237' title='bbox 1831 1563 1986 1608; x_wconf 88' lang='lat' dir='ltr'>Chris—</span> 
     </span>
     <span class='ocr_line' id='line_1_25' title="bbox 101 1625 1984 1684; baseline 0.001 -16"><span class='ocrx_word' id='word_1_238' title='bbox 101 1628 175 1670; x_wconf 91' lang='lat' dir='ltr'>tus</span> <span class='ocrx_word' id='word_1_239' title='bbox 197 1633 491 1683; x_wconf 80' lang='lat' dir='ltr'>nasceretur3</span> <span class='ocrx_word' id='word_1_240' title='bbox 514 1632 663 1672; x_wconf 87' lang='lat' dir='ltr'>mater</span> <span class='ocrx_word' id='word_1_241' title='bbox 681 1628 758 1672; x_wconf 87' lang='lat' dir='ltr'>Dei</span> <span class='ocrx_word' id='word_1_242' title='bbox 779 1640 873 1672; x_wconf 91' lang='lat' dir='ltr'>non</span> <span class='ocrx_word' id='word_1_243' title='bbox 896 1627 1116 1684; x_wconf 87' lang='lat' dir='ltr'>creditur,</span> <span class='ocrx_word' id='word_1_244' title='bbox 1142 1632 1393 1684; x_wconf 84' lang='lat' dir='ltr'>antequam</span> <span class='ocrx_word' id='word_1_245' title='bbox 1412 1625 1774 1682; x_wconf 88' lang='lat' dir='ltr'>desponsaretur</span> <span class='ocrx_word' id='word_1_246' title='bbox 1799 1625 1984 1682; x_wconf 76' lang='lat' dir='ltr'>loseph,</span> 
     </span>
     <span class='ocr_line' id='line_1_26' title="bbox 102 1684 1986 1745; baseline 0.001 -17"><span class='ocrx_word' id='word_1_247' title='bbox 102 1684 310 1731; x_wconf 76' lang='lat' dir='ltr'>absolute</span> <span class='ocrx_word' id='word_1_248' title='bbox 330 1687 643 1745; x_wconf 78' lang='lat' dir='ltr'>virginitatem</span> <span class='ocrx_word' id='word_1_249' title='bbox 664 1688 873 1744; x_wconf 74' lang='lat' dir='ltr'>vovisse3</span> <span class='ocrx_word' id='word_1_250' title='bbox 898 1688 982 1734; x_wconf 90' lang='lat' dir='ltr'>sed</span> <span class='ocrx_word' id='word_1_251' title='bbox 1005 1688 1115 1734; x_wconf 77' lang='lat' dir='ltr'>licet</span> <span class='ocrx_word' id='word_1_252' title='bbox 1138 1700 1242 1733; x_wconf 88' lang='lat' dir='ltr'>eam</span> <span class='ocrx_word' id='word_1_253' title='bbox 1268 1688 1317 1732; x_wconf 90' lang='lat' dir='ltr'>in</span> <span class='ocrx_word' id='word_1_254' title='bbox 1337 1686 1565 1733; x_wconf 89' lang='lat' dir='ltr'>desiderio</span> <span class='ocrx_word' id='word_1_255' title='bbox 1588 1686 1818 1744; x_wconf 84' lang='lat' dir='ltr'>habuerit,</span> <span class='ocrx_word' id='word_1_256' title='bbox 1844 1698 1986 1743; x_wconf 88' lang='lat' dir='ltr'>super</span> 
     </span>
     <span class='ocr_line' id='line_1_27' title="bbox 102 1745 1984 1804; baseline 0.002 -16"><span class='ocrx_word' id='word_1_257' title='bbox 102 1745 190 1790; x_wconf 91' lang='lat' dir='ltr'>hoc</span> <span class='ocrx_word' id='word_1_258' title='bbox 210 1750 362 1792; x_wconf 88' lang='lat' dir='ltr'>tamen</span> <span class='ocrx_word' id='word_1_259' title='bbox 379 1749 666 1794; x_wconf 80' lang='lat' dir='ltr'>voluntatem</span> <span class='ocrx_word' id='word_1_260' title='bbox 686 1762 820 1794; x_wconf 88' lang='lat' dir='ltr'>suam</span> <span class='ocrx_word' id='word_1_261' title='bbox 850 1750 1008 1795; x_wconf 89' lang='lat' dir='ltr'>divino</span> <span class='ocrx_word' id='word_1_262' title='bbox 1042 1749 1274 1795; x_wconf 88' lang='lat' dir='ltr'>commisit</span> <span class='ocrx_word' id='word_1_263' title='bbox 1303 1749 1507 1794; x_wconf 86' lang='lat' dir='ltr'>arbitrio.</span> <span class='ocrx_word' id='word_1_264' title='bbox 1528 1748 1825 1793; x_wconf 78' lang='lat' dir='ltr'>Postmodum</span> <span class='ocrx_word' id='word_1_265' title='bbox 1854 1747 1984 1804; x_wconf 79' lang='lat' dir='ltr'>vero,</span> 
     </span>
     <span class='ocr_line' id='line_1_28' title="bbox 103 1809 1986 1868; baseline 0.001 -17"><span class='ocrx_word' id='word_1_266' title='bbox 103 1812 292 1865; x_wconf 88' lang='lat' dir='ltr'>accepto</span> <span class='ocrx_word' id='word_1_267' title='bbox 313 1821 486 1866; x_wconf 91' lang='lat' dir='ltr'>sponso</span> <span class='ocrx_word' id='word_1_268' title='bbox 521 1811 780 1856; x_wconf 79' lang='lat' dir='ltr'>secundum</span> <span class='ocrx_word' id='word_1_269' title='bbox 814 1812 938 1868; x_wconf 79' lang='lat' dir='ltr'>quod</span> <span class='ocrx_word' id='word_1_270' title='bbox 961 1825 1116 1858; x_wconf 90' lang='lat' dir='ltr'>mores</span> <span class='ocrx_word' id='word_1_271' title='bbox 1142 1812 1270 1856; x_wconf 90' lang='lat' dir='ltr'>illius</span> <span class='ocrx_word' id='word_1_272' title='bbox 1296 1811 1518 1868; x_wconf 90' lang='lat' dir='ltr'>temporis</span> <span class='ocrx_word' id='word_1_273' title='bbox 1549 1810 1813 1868; x_wconf 73' lang='lat' dir='ltr'>exigebant,</span> <span class='ocrx_word' id='word_1_274' title='bbox 1847 1809 1986 1855; x_wconf 89' lang='lat' dir='ltr'>simul</span> 
     </span>
     <span class='ocr_line' id='line_1_29' title="bbox 102 1871 1018 1928; baseline 0.007 -17"><span class='ocrx_word' id='word_1_275' title='bbox 102 1875 210 1912; x_wconf 78' lang='lat' dir='ltr'>cum</span> <span class='ocrx_word' id='word_1_276' title='bbox 234 1881 292 1914; x_wconf 90' lang='lat' dir='ltr'>eo</span> <span class='ocrx_word' id='word_1_277' title='bbox 307 1875 468 1914; x_wconf 85' lang='lat' dir='ltr'>votum</span> <span class='ocrx_word' id='word_1_278' title='bbox 484 1871 761 1928; x_wconf 85' lang='lat' dir='ltr'>virginitatis</span> <span class='ocrx_word' id='word_1_279' title='bbox 776 1873 928 1917; x_wconf 88' lang='lat' dir='ltr'>emisit</span> <span class='ocrx_word' id='word_1_280' title='bbox 947 1876 1018 1927; x_wconf 70' lang='lat'><strong>(2).</strong></span> 
     </span>
    </p>

    <p class='ocr_par' dir='ltr' id='par_1_9' title="bbox 101 1929 1987 2231">
     <span class='ocr_line' id='line_1_30' title="bbox 155 1929 1986 1990; baseline 0.002 -15"><span class='ocrx_word' id='word_1_281' title='bbox 155 1929 222 1975; x_wconf 85' lang='lat' dir='ltr'>Ad</span> <span class='ocrx_word' id='word_1_282' title='bbox 235 1933 434 1986; x_wconf 76' lang='lat' dir='ltr'>primum</span> <span class='ocrx_word' id='word_1_283' title='bbox 449 1943 559 1987; x_wconf 87' lang='lat' dir='ltr'>ergo</span> <span class='ocrx_word' id='word_1_284' title='bbox 579 1932 846 1988; x_wconf 85' lang='lat' dir='ltr'>dicendum,</span> <span class='ocrx_word' id='word_1_285' title='bbox 861 1933 987 1990; x_wconf 81' lang='lat' dir='ltr'>quod</span> <span class='ocrx_word' id='word_1_286' title='bbox 1002 1934 1111 1990; x_wconf 90' lang='lat' dir='ltr'>quia</span> <span class='ocrx_word' id='word_1_287' title='bbox 1127 1933 1372 1978; x_wconf 82' lang='lat' dir='ltr'>videbatur</span> <span class='ocrx_word' id='word_1_288' title='bbox 1385 1945 1490 1978; x_wconf 90' lang='lat' dir='ltr'>esse</span> <span class='ocrx_word' id='word_1_289' title='bbox 1511 1933 1615 1990; x_wconf 88' lang='lat' dir='ltr'>lege</span> <span class='ocrx_word' id='word_1_290' title='bbox 1627 1935 1682 1988; x_wconf 83' lang='lat'>(3)</span> <span class='ocrx_word' id='word_1_291' title='bbox 1703 1931 1986 1990; x_wconf 87' lang='lat' dir='ltr'>prohibitum</span> 
     </span>
     <span class='ocr_line' id='line_1_31' title="bbox 102 1990 1987 2051; baseline 0.003 -17"><span class='ocrx_word' id='word_1_292' title='bbox 102 2001 197 2034; x_wconf 91' lang='lat' dir='ltr'>non</span> <span class='ocrx_word' id='word_1_293' title='bbox 209 1990 320 2036; x_wconf 86' lang='lat' dir='ltr'>dare</span> <span class='ocrx_word' id='word_1_294' title='bbox 329 2004 517 2048; x_wconf 89' lang='lat' dir='ltr'>operam</span> <span class='ocrx_word' id='word_1_295' title='bbox 529 1992 589 2038; x_wconf 93' lang='lat' dir='ltr'>ad</span> <span class='ocrx_word' id='word_1_296' title='bbox 598 1993 956 2051; x_wconf 86' lang='lat' dir='ltr'>relinquendum</span> <span class='ocrx_word' id='word_1_297' title='bbox 967 2007 1127 2039; x_wconf 89' lang='lat' dir='ltr'>semen</span> <span class='ocrx_word' id='word_1_298' title='bbox 1145 2007 1285 2051; x_wconf 86' lang='lat' dir='ltr'>super</span> <span class='ocrx_word' id='word_1_299' title='bbox 1295 2000 1481 2050; x_wconf 85' lang='lat' dir='ltr'>terram,</span> <span class='ocrx_word' id='word_1_300' title='bbox 1491 1994 1596 2039; x_wconf 90' lang='lat' dir='ltr'>ideo</span> <span class='ocrx_word' id='word_1_301' title='bbox 1609 2006 1704 2039; x_wconf 90' lang='lat' dir='ltr'>non</span> <span class='ocrx_word' id='word_1_302' title='bbox 1716 1993 1987 2050; x_wconf 89' lang='lat' dir='ltr'>simpliciter</span> 
     </span>
     <span class='ocr_line' id='line_1_32' title="bbox 101 2050 1987 2113; baseline 0.003 -18"><span class='ocrx_word' id='word_1_303' title='bbox 101 2050 415 2108; x_wconf 86' lang='lat' dir='ltr'>virginitatem</span> <span class='ocrx_word' id='word_1_304' title='bbox 435 2054 561 2098; x_wconf 82' lang='lat' dir='ltr'>vovit</span> <span class='ocrx_word' id='word_1_305' title='bbox 577 2055 654 2099; x_wconf 91' lang='lat' dir='ltr'>Dei</span> <span class='ocrx_word' id='word_1_306' title='bbox 673 2056 890 2112; x_wconf 85' lang='lat' dir='ltr'>genitrix,</span> <span class='ocrx_word' id='word_1_307' title='bbox 917 2057 999 2101; x_wconf 88' lang='lat' dir='ltr'>sed</span> <span class='ocrx_word' id='word_1_308' title='bbox 1023 2056 1113 2102; x_wconf 88' lang='lat' dir='ltr'>sub</span> <span class='ocrx_word' id='word_1_309' title='bbox 1133 2057 1413 2112; x_wconf 89' lang='lat' dir='ltr'>conditione,</span> <span class='ocrx_word' id='word_1_310' title='bbox 1434 2056 1472 2100; x_wconf 86' lang='lat' dir='ltr'>si</span> <span class='ocrx_word' id='word_1_311' title='bbox 1503 2058 1595 2100; x_wconf 88' lang='lat' dir='ltr'>Deo</span> <span class='ocrx_word' id='word_1_312' title='bbox 1613 2056 1837 2113; x_wconf 78' lang='lat' dir='ltr'>placeret3</span> <span class='ocrx_word' id='word_1_313' title='bbox 1859 2062 1987 2113; x_wconf 89' lang='lat' dir='ltr'>post-</span> 
     </span>
     <span class='ocr_line' id='line_1_33' title="bbox 102 2114 1986 2175; baseline 0.004 -19"><span class='ocrx_word' id='word_1_314' title='bbox 102 2122 243 2168; x_wconf 88' lang='lat' dir='ltr'>quam</span> <span class='ocrx_word' id='word_1_315' title='bbox 262 2119 418 2158; x_wconf 90' lang='lat' dir='ltr'>autem</span> <span class='ocrx_word' id='word_1_316' title='bbox 437 2114 480 2158; x_wconf 93' lang='lat' dir='ltr'>ei</span> <span class='ocrx_word' id='word_1_317' title='bbox 500 2114 702 2160; x_wconf 89' lang='lat' dir='ltr'>innotuit</span> <span class='ocrx_word' id='word_1_318' title='bbox 719 2117 808 2161; x_wconf 91' lang='lat' dir='ltr'>hoc</span> <span class='ocrx_word' id='word_1_319' title='bbox 829 2129 933 2162; x_wconf 88' lang='lat' dir='ltr'>esse</span> <span class='ocrx_word' id='word_1_320' title='bbox 949 2119 1039 2162; x_wconf 88' lang='lat' dir='ltr'>Deo</span> <span class='ocrx_word' id='word_1_321' title='bbox 1058 2123 1317 2175; x_wconf 89' lang='lat' dir='ltr'>acceptum,</span> <span class='ocrx_word' id='word_1_322' title='bbox 1341 2116 1554 2162; x_wconf 81' lang='lat' dir='ltr'>absolute</span> <span class='ocrx_word' id='word_1_323' title='bbox 1575 2117 1718 2172; x_wconf 82' lang='lat' dir='ltr'>vovit,</span> <span class='ocrx_word' id='word_1_324' title='bbox 1734 2120 1986 2174; x_wconf 87' lang='lat' dir='ltr'>antequam</span> 
     </span>
     <span class='ocr_line' id='line_1_34' title="bbox 102 2172 963 2231; baseline 0.003 -14"><span class='ocrx_word' id='word_1_325' title='bbox 102 2172 160 2217; x_wconf 89' lang='lat' dir='ltr'>ab</span> <span class='ocrx_word' id='word_1_326' title='bbox 179 2175 347 2231; x_wconf 90' lang='lat' dir='ltr'>angelo</span> <span class='ocrx_word' id='word_1_327' title='bbox 369 2176 738 2222; x_wconf 87' lang='lat' dir='ltr'>annuntiaretur.</span> <span class='ocrx_word' id='word_1_328' title='bbox 958 2210 963 2213; x_wconf 84' lang='lat'>.</span> 
     </span>
    </p>

    <p class='ocr_par' dir='ltr' id='par_1_10' title="bbox 102 2235 1985 2482">
     <span class='ocr_line' id='line_1_35' title="bbox 156 2235 1984 2298; baseline 0.004 -20"><span class='ocrx_word' id='word_1_329' title='bbox 156 2235 223 2280; x_wconf 91' lang='lat' dir='ltr'>Ad</span> <span class='ocrx_word' id='word_1_330' title='bbox 244 2237 487 2280; x_wconf 78' lang='lat' dir='ltr'>secundum</span> <span class='ocrx_word' id='word_1_331' title='bbox 511 2236 777 2292; x_wconf 89' lang='lat' dir='ltr'>dicendum,</span> <span class='ocrx_word' id='word_1_332' title='bbox 801 2239 944 2296; x_wconf 78' lang='lat' dir='ltr'>quod,</span> <span class='ocrx_word' id='word_1_333' title='bbox 981 2240 1102 2285; x_wconf 90' lang='lat' dir='ltr'>sicut</span> <span class='ocrx_word' id='word_1_334' title='bbox 1122 2240 1282 2296; x_wconf 84' lang='lat' dir='ltr'>gratiae</span> <span class='ocrx_word' id='word_1_335' title='bbox 1310 2240 1548 2297; x_wconf 87' lang='lat' dir='ltr'>plenitudo</span> <span class='ocrx_word' id='word_1_336' title='bbox 1566 2239 1767 2298; x_wconf 76' lang='lat' dir='ltr'>perfecte</span> <span class='ocrx_word' id='word_1_337' title='bbox 1797 2241 1984 2297; x_wconf 89' lang='lat' dir='ltr'>quidem</span> 
     </span>
     <span class='ocr_line' id='line_1_36' title="bbox 102 2294 1985 2359; baseline 0.004 -19"><span class='ocrx_word' id='word_1_338' title='bbox 102 2294 187 2340; x_wconf 86' lang='lat' dir='ltr'>fuit</span> <span class='ocrx_word' id='word_1_339' title='bbox 205 2297 252 2340; x_wconf 88' lang='lat' dir='ltr'>in</span> <span class='ocrx_word' id='word_1_340' title='bbox 272 2297 464 2358; x_wconf 82' lang='lat' dir='ltr'>Christo,</span> <span class='ocrx_word' id='word_1_341' title='bbox 479 2303 525 2343; x_wconf 92' lang='lat' dir='ltr'>et</span> <span class='ocrx_word' id='word_1_342' title='bbox 543 2304 698 2345; x_wconf 90' lang='lat' dir='ltr'>tamen</span> <span class='ocrx_word' id='word_1_343' title='bbox 716 2301 871 2358; x_wconf 89' lang='lat' dir='ltr'>aliqua</span> <span class='ocrx_word' id='word_1_344' title='bbox 888 2302 992 2359; x_wconf 91' lang='lat' dir='ltr'>ejus</span> <span class='ocrx_word' id='word_1_345' title='bbox 1007 2302 1238 2346; x_wconf 89' lang='lat' dir='ltr'>inchoatio</span> <span class='ocrx_word' id='word_1_346' title='bbox 1257 2302 1494 2358; x_wconf 81' lang='lat' dir='ltr'>praecessit</span> <span class='ocrx_word' id='word_1_347' title='bbox 1512 2303 1558 2345; x_wconf 88' lang='lat' dir='ltr'>in</span> <span class='ocrx_word' id='word_1_348' title='bbox 1573 2305 1746 2359; x_wconf 80' lang='lat' dir='ltr'>matre3</span> <span class='ocrx_word' id='word_1_349' title='bbox 1771 2301 1834 2346; x_wconf 90' lang='lat' dir='ltr'>ita</span> <span class='ocrx_word' id='word_1_350' title='bbox 1847 2302 1985 2348; x_wconf 89' lang='lat' dir='ltr'>etiam</span> 
     </span>
     <span class='ocr_line' id='line_1_37' title="bbox 102 2355 1985 2422; baseline 0.006 -22"><span class='ocrx_word' id='word_1_351' title='bbox 102 2355 361 2403; x_wconf 81' lang='lat' dir='ltr'>observatio</span> <span class='ocrx_word' id='word_1_352' title='bbox 382 2359 698 2418; x_wconf 85' lang='lat' dir='ltr'>consiliorum,</span> <span class='ocrx_word' id='word_1_353' title='bbox 719 2374 824 2419; x_wconf 88' lang='lat' dir='ltr'>quae</span> <span class='ocrx_word' id='word_1_354' title='bbox 841 2374 924 2418; x_wconf 90' lang='lat' dir='ltr'>per</span> <span class='ocrx_word' id='word_1_355' title='bbox 946 2364 1140 2420; x_wconf 87' lang='lat' dir='ltr'>gratiam</span> <span class='ocrx_word' id='word_1_356' title='bbox 1162 2363 1241 2408; x_wconf 90' lang='lat' dir='ltr'>Dei</span> <span class='ocrx_word' id='word_1_357' title='bbox 1258 2363 1326 2418; x_wconf 88' lang='lat' dir='ltr'>fit,</span> <span class='ocrx_word' id='word_1_358' title='bbox 1350 2362 1552 2419; x_wconf 82' lang='lat' dir='ltr'>perfecte</span> <span class='ocrx_word' id='word_1_359' title='bbox 1582 2363 1771 2420; x_wconf 91' lang='lat' dir='ltr'>quidem</span> <span class='ocrx_word' id='word_1_360' title='bbox 1795 2363 1985 2422; x_wconf 83' lang='lat' dir='ltr'>incoepit</span> 
     </span>
     <span class='ocr_line' id='line_1_38' title="bbox 102 2417 1742 2482; baseline 0.005 -20"><span class='ocrx_word' id='word_1_361' title='bbox 102 2417 149 2462; x_wconf 93' lang='lat' dir='ltr'>in</span> <span class='ocrx_word' id='word_1_362' title='bbox 172 2419 370 2478; x_wconf 69' lang='lat' dir='ltr'>Christo,</span> <span class='ocrx_word' id='word_1_363' title='bbox 391 2421 475 2466; x_wconf 91' lang='lat' dir='ltr'>sed</span> <span class='ocrx_word' id='word_1_364' title='bbox 502 2421 658 2478; x_wconf 91' lang='lat' dir='ltr'>aliquo</span> <span class='ocrx_word' id='word_1_365' title='bbox 676 2424 814 2469; x_wconf 88' lang='lat' dir='ltr'>modo</span> <span class='ocrx_word' id='word_1_366' title='bbox 835 2424 923 2469; x_wconf 84' lang='lat' dir='ltr'>fuit</span> <span class='ocrx_word' id='word_1_367' title='bbox 946 2425 1160 2469; x_wconf 89' lang='lat' dir='ltr'>inchoata</span> <span class='ocrx_word' id='word_1_368' title='bbox 1183 2424 1231 2468; x_wconf 91' lang='lat' dir='ltr'>in</span> <span class='ocrx_word' id='word_1_369' title='bbox 1254 2424 1437 2481; x_wconf 84' lang='lat' dir='ltr'>Virgine</span> <span class='ocrx_word' id='word_1_370' title='bbox 1459 2429 1607 2470; x_wconf 87' lang='lat' dir='ltr'>matre</span> <span class='ocrx_word' id='word_1_371' title='bbox 1624 2425 1742 2482; x_wconf 80' lang='lat' dir='ltr'>eJ&#39;uS.</span> 
     </span>
    </p>

    <p class='ocr_par' dir='ltr' id='par_1_11' title="bbox 102 2480 1984 2728">
     <span class='ocr_line' id='line_1_39' title="bbox 154 2480 1983 2543; baseline 0.006 -19"><span class='ocrx_word' id='word_1_372' title='bbox 154 2480 219 2525; x_wconf 84' lang='lat' dir='ltr'>Ad</span> <span class='ocrx_word' id='word_1_373' title='bbox 245 2484 428 2525; x_wconf 78' lang='lat' dir='ltr'>tertium</span> <span class='ocrx_word' id='word_1_374' title='bbox 447 2482 712 2541; x_wconf 89' lang='lat' dir='ltr'>dicendum,</span> <span class='ocrx_word' id='word_1_375' title='bbox 733 2485 855 2542; x_wconf 80' lang='lat' dir='ltr'>quod</span> <span class='ocrx_word' id='word_1_376' title='bbox 874 2486 1070 2531; x_wconf 88' lang='lat' dir='ltr'>verbum</span> <span class='ocrx_word' id='word_1_377' title='bbox 1091 2486 1208 2531; x_wconf 89' lang='lat' dir='ltr'>illud</span> <span class='ocrx_word' id='word_1_378' title='bbox 1231 2486 1432 2542; x_wconf 78' lang='lat' dir='ltr'>Apostoli</span> <span class='ocrx_word' id='word_1_379' title='bbox 1462 2492 1536 2534; x_wconf 66' lang='lat' dir='ltr'>est,</span> <span class='ocrx_word' id='word_1_380' title='bbox 1555 2486 1908 2543; x_wconf 86' lang='lat' dir='ltr'>intelligendum</span> <span class='ocrx_word' id='word_1_381' title='bbox 1927 2490 1983 2536; x_wconf 86' lang='lat' dir='ltr'>de</span> 
     </span>
     <span class='ocr_line' id='line_1_40' title="bbox 102 2540 1983 2607; baseline 0.005 -22"><span class='ocrx_word' id='word_1_382' title='bbox 102 2540 194 2585; x_wconf 86' lang='lat' dir='ltr'>illis</span> <span class='ocrx_word' id='word_1_383' title='bbox 208 2553 315 2599; x_wconf 83' lang='lat' dir='ltr'>quae</span> <span class='ocrx_word' id='word_1_384' title='bbox 330 2542 542 2590; x_wconf 80' lang='lat' dir='ltr'>absolute</span> <span class='ocrx_word' id='word_1_385' title='bbox 556 2547 815 2592; x_wconf 81' lang='lat' dir='ltr'>castitatem</span> <span class='ocrx_word' id='word_1_386' title='bbox 830 2552 1017 2604; x_wconf 83' lang='lat' dir='ltr'>vovent,</span> <span class='ocrx_word' id='word_1_387' title='bbox 1039 2548 1164 2606; x_wconf 89' lang='lat' dir='ltr'>quod</span> <span class='ocrx_word' id='word_1_388' title='bbox 1179 2549 1368 2604; x_wconf 89' lang='lat' dir='ltr'>quidem</span> <span class='ocrx_word' id='word_1_389' title='bbox 1382 2552 1530 2593; x_wconf 84' lang='lat' dir='ltr'>mater</span> <span class='ocrx_word' id='word_1_390' title='bbox 1543 2549 1621 2592; x_wconf 92' lang='lat' dir='ltr'>Dei</span> <span class='ocrx_word' id='word_1_391' title='bbox 1641 2560 1736 2593; x_wconf 92' lang='lat' dir='ltr'>non</span> <span class='ocrx_word' id='word_1_392' title='bbox 1758 2550 1883 2607; x_wconf 88' lang='lat' dir='ltr'>fecit,</span> <span class='ocrx_word' id='word_1_393' title='bbox 1902 2563 1983 2595; x_wconf 89' lang='lat' dir='ltr'>an-</span> 
     </span>
     <span class='ocr_line' id='line_1_41' title="bbox 103 2605 1984 2666; baseline 0.006 -21"><span class='ocrx_word' id='word_1_394' title='bbox 103 2606 290 2659; x_wconf 90' lang='lat' dir='ltr'>tequam</span> <span class='ocrx_word' id='word_1_395' title='bbox 329 2605 498 2662; x_wconf 86' lang='lat' dir='ltr'>Joseph</span> <span class='ocrx_word' id='word_1_396' title='bbox 532 2606 917 2665; x_wconf 73' lang='lat' dir='ltr'>desponsaretur3</span> <span class='ocrx_word' id='word_1_397' title='bbox 949 2609 1031 2654; x_wconf 90' lang='lat' dir='ltr'>sed</span> <span class='ocrx_word' id='word_1_398' title='bbox 1066 2615 1171 2666; x_wconf 91' lang='lat' dir='ltr'>post</span> <span class='ocrx_word' id='word_1_399' title='bbox 1211 2610 1615 2666; x_wconf 88' lang='lat' dir='ltr'>desponsationem</span> <span class='ocrx_word' id='word_1_400' title='bbox 1659 2623 1717 2655; x_wconf 86' lang='lat' dir='ltr'>ex</span> <span class='ocrx_word' id='word_1_401' title='bbox 1748 2612 1984 2658; x_wconf 87' lang='lat' dir='ltr'>communi</span> 
     </span>
     <span class='ocr_line' id='line_1_42' title="bbox 103 2664 1574 2728; baseline 0.004 -21"><span class='ocrx_word' id='word_1_402' title='bbox 103 2664 340 2710; x_wconf 84' lang='lat' dir='ltr'>voluntate</span> <span class='ocrx_word' id='word_1_403' title='bbox 358 2666 497 2711; x_wconf 89' lang='lat' dir='ltr'>simul</span> <span class='ocrx_word' id='word_1_404' title='bbox 515 2680 621 2712; x_wconf 91' lang='lat' dir='ltr'>cum</span> <span class='ocrx_word' id='word_1_405' title='bbox 639 2682 812 2726; x_wconf 91' lang='lat' dir='ltr'>sponso</span> <span class='ocrx_word' id='word_1_406' title='bbox 827 2682 913 2715; x_wconf 90' lang='lat' dir='ltr'>suo</span> <span class='ocrx_word' id='word_1_407' title='bbox 933 2676 1095 2716; x_wconf 87' lang='lat' dir='ltr'>votum</span> <span class='ocrx_word' id='word_1_408' title='bbox 1109 2672 1388 2728; x_wconf 86' lang='lat' dir='ltr'>virginitatis</span> <span class='ocrx_word' id='word_1_409' title='bbox 1408 2671 1574 2716; x_wconf 89' lang='lat' dir='ltr'>emisit.</span> 
     </span>
    </p>
   </div>
   <div class='ocr_carea' id='block_1_5' title="bbox 106 2797 1982 3178">
    <p class='ocr_par' dir='ltr' id='par_1_12' title="bbox 106 2797 1982 3040">
     <span class='ocr_line' id='line_1_43' title="bbox 148 2797 1981 2849; baseline 0.009 -21"><span class='ocrx_word' id='word_1_410' title='bbox 148 2797 198 2839; x_wconf 83' lang='lat' dir='ltr'>(l)</span> <span class='ocrx_word' id='word_1_411' title='bbox 207 2800 260 2830; x_wconf 81' lang='lat' dir='ltr'>Ita</span> <span class='ocrx_word' id='word_1_412' title='bbox 271 2802 486 2838; x_wconf 81' lang='lat' dir='ltr'>postNieolai</span> <span class='ocrx_word' id='word_1_413' title='bbox 497 2803 704 2835; x_wconf 82' lang='lat' dir='ltr'>recentiores</span> <span class='ocrx_word' id='word_1_414' title='bbox 717 2805 803 2836; x_wconf 85' lang='lat' dir='ltr'>editi</span> <span class='ocrx_word' id='word_1_415' title='bbox 813 2812 990 2836; x_wconf 84' lang='lat' dir='ltr'>correxere</span> <span class='ocrx_word' id='word_1_416' title='bbox 1002 2815 1013 2842; x_wconf 68' lang='grc' dir='ltr'><strong>ς</strong></span> <span class='ocrx_word' id='word_1_417' title='bbox 1128 2806 1169 2847; x_wconf 76' lang='lat'>(5)</span> <span class='ocrx_word' id='word_1_418' title='bbox 1183 2806 1341 2840; x_wconf 83' lang='lat' dir='ltr'>Attamen</span> <span class='ocrx_word' id='word_1_419' title='bbox 1365 2805 1613 2840; x_wconf 76' lang='lat' dir='ltr'>observandum</span> <span class='ocrx_word' id='word_1_420' title='bbox 1633 2811 1683 2841; x_wconf 83' lang='lat' dir='ltr'>est</span> <span class='ocrx_word' id='word_1_421' title='bbox 1698 2807 1932 2849; x_wconf 73' lang='lat' dir='ltr'>virginit-atem</span> <span class='ocrx_word' id='word_1_422' title='bbox 1945 2810 1981 2848; x_wconf 83' lang='lat' dir='ltr'>in</span> 
     </span>
     <span class='ocr_line' id='line_1_44' title="bbox 108 2848 1981 2900; baseline 0.008 -24"><span class='ocrx_word' id='word_1_423' title='bbox 108 2848 251 2883; x_wconf 73' lang='lat' dir='ltr'>veteres,</span> <span class='ocrx_word' id='word_1_424' title='bbox 270 2848 454 2888; x_wconf 79' lang='lat' dir='ltr'>Apostolus</span> <span class='ocrx_word' id='word_1_425' title='bbox 482 2849 572 2883; x_wconf 80' lang='lat' dir='ltr'>dicit.</span> <span class='ocrx_word' id='word_1_426' title='bbox 596 2855 660 2883; x_wconf 84' lang='lat' dir='ltr'>etc.</span> <span class='ocrx_word' id='word_1_427' title='bbox 682 2853 766 2884; x_wconf 84' lang='lat' dir='ltr'>Cod.</span> <span class='ocrx_word' id='word_1_428' title='bbox 787 2855 922 2892; x_wconf 55' lang='lat' dir='ltr'>Alexim,</span> <span class='ocrx_word' id='word_1_429' title='bbox 947 2855 1014 2887; x_wconf 86' lang='lat' dir='ltr'>Ca-</span> <span class='ocrx_word' id='word_1_430' title='bbox 1083 2853 1190 2887; x_wconf 80' lang='lat' dir='ltr'>veteri</span> <span class='ocrx_word' id='word_1_431' title='bbox 1208 2853 1281 2891; x_wconf 78' lang='lat' dir='ltr'>lege</span> <span class='ocrx_word' id='word_1_432' title='bbox 1299 2864 1367 2886; x_wconf 90' lang='lat' dir='ltr'>non</span> <span class='ocrx_word' id='word_1_433' title='bbox 1387 2853 1487 2888; x_wconf 82' lang='lat' dir='ltr'>fuisse</span> <span class='ocrx_word' id='word_1_434' title='bbox 1507 2853 1661 2887; x_wconf 85' lang='lat' dir='ltr'>illicitam</span> <span class='ocrx_word' id='word_1_435' title='bbox 1682 2858 1740 2889; x_wconf 85' lang='lat' dir='ltr'>aut</span> <span class='ocrx_word' id='word_1_436' title='bbox 1764 2856 1981 2900; x_wconf 80' lang='lat' dir='ltr'>probrosam,</span> 
     </span>
     <span class='ocr_line' id='line_1_45' title="bbox 106 2895 1982 2944; baseline 0.01 -22"><span class='ocrx_word' id='word_1_437' title='bbox 106 2900 206 2931; x_wconf 65' lang='lat' dir='ltr'>mer„</span> <span class='ocrx_word' id='word_1_438' title='bbox 226 2895 350 2928; x_wconf 81' lang='lat' dir='ltr'>Paris..</span> <span class='ocrx_word' id='word_1_439' title='bbox 379 2895 500 2927; x_wconf 79' lang='lat' dir='ltr'>Glossa</span> <span class='ocrx_word' id='word_1_440' title='bbox 527 2897 739 2939; x_wconf 67' lang='lat' dir='ltr'>Hieronym„</span> <span class='ocrx_word' id='word_1_441' title='bbox 756 2903 795 2930; x_wconf 83' lang='lat' dir='ltr'>ut</span> <span class='ocrx_word' id='word_1_442' title='bbox 810 2903 957 2931; x_wconf 82' lang='lat' dir='ltr'>habetur</span> <span class='ocrx_word' id='word_1_443' title='bbox 977 2904 1013 2932; x_wconf 85' lang='lat' dir='ltr'>in</span> <span class='ocrx_word' id='word_1_444' title='bbox 1081 2904 1121 2935; x_wconf 82' lang='lat' dir='ltr'>ut</span> <span class='ocrx_word' id='word_1_445' title='bbox 1137 2912 1176 2935; x_wconf 88' lang='lat' dir='ltr'>ex</span> <span class='ocrx_word' id='word_1_446' title='bbox 1196 2901 1335 2935; x_wconf 81' lang='lat' dir='ltr'>Hieron.</span> <span class='ocrx_word' id='word_1_447' title='bbox 1361 2899 1420 2934; x_wconf 86' lang='lat' dir='ltr'>lib.</span> <span class='ocrx_word' id='word_1_448' title='bbox 1449 2905 1537 2935; x_wconf 89' lang='lat' dir='ltr'>cont.</span> <span class='ocrx_word' id='word_1_449' title='bbox 1552 2901 1720 2937; x_wconf 64' lang='lat' dir='ltr'>Jovinian.</span> <span class='ocrx_word' id='word_1_450' title='bbox 1747 2914 1818 2943; x_wconf 83' lang='lat' dir='ltr'>cap.</span> <span class='ocrx_word' id='word_1_451' title='bbox 1838 2905 1892 2944; x_wconf 66' lang='lat'>1¹5.</span> <span class='ocrx_word' id='word_1_452' title='bbox 1920 2905 1982 2940; x_wconf 78' lang='lat' dir='ltr'>Da-</span> 
     </span>
     <span class='ocr_line' id='line_1_46' title="bbox 107 2941 1982 2992; baseline 0.008 -20"><span class='ocrx_word' id='word_1_453' title='bbox 107 2941 277 2978; x_wconf 76' lang='lat' dir='ltr'>DecretiS,</span> <span class='ocrx_word' id='word_1_454' title='bbox 297 2943 376 2973; x_wconf 89' lang='lat' dir='ltr'>dist.</span> <span class='ocrx_word' id='word_1_455' title='bbox 400 2945 449 2980; x_wconf 70' lang='lat'>27,</span> <span class='ocrx_word' id='word_1_456' title='bbox 470 2952 542 2982; x_wconf 83' lang='lat' dir='ltr'>cap.</span> <span class='ocrx_word' id='word_1_457' title='bbox 570 2945 778 2984; x_wconf 78' lang='lat' dir='ltr'>Voventibus,</span> <span class='ocrx_word' id='word_1_458' title='bbox 800 2951 892 2987; x_wconf 84' lang='lat' dir='ltr'>apud</span> <span class='ocrx_word' id='word_1_459' title='bbox 910 2958 1013 2987; x_wconf 85' lang='lat' dir='ltr'>quem</span> <span class='ocrx_word' id='word_1_460' title='bbox 1083 2959 1182 2981; x_wconf 84' lang='lat' dir='ltr'>masc.</span> <span class='ocrx_word' id='word_1_461' title='bbox 1199 2947 1258 2981; x_wconf 88' lang='lat' dir='ltr'>lib.</span> <span class='ocrx_word' id='word_1_462' title='bbox 1276 2955 1323 2988; x_wconf 77' lang='lat' dir='ltr'>lv,</span> <span class='ocrx_word' id='word_1_463' title='bbox 1339 2959 1369 2981; x_wconf 86' lang='lat' dir='ltr'>c.</span> <span class='ocrx_word' id='word_1_464' title='bbox 1394 2947 1449 2989; x_wconf 77' lang='lat'>25,</span> <span class='ocrx_word' id='word_1_465' title='bbox 1471 2948 1577 2988; x_wconf 78' lang='lat' dir='ltr'>ignat.</span> <span class='ocrx_word' id='word_1_466' title='bbox 1596 2949 1693 2988; x_wconf 81' lang='lat' dir='ltr'>epist.</span> <span class='ocrx_word' id='word_1_467' title='bbox 1711 2949 1753 2983; x_wconf 79' lang='lat' dir='ltr'>ad</span> <span class='ocrx_word' id='word_1_468' title='bbox 1770 2950 1982 2992; x_wconf 80' lang='lat' dir='ltr'>Philadelph.</span> 
     </span>
     <span class='ocr_line' id='line_1_47' title="bbox 107 2988 1971 3040; baseline 0.008 -22"><span class='ocrx_word' id='word_1_469' title='bbox 107 2988 223 3018; x_wconf 84' lang='lat' dir='ltr'>tamen</span> <span class='ocrx_word' id='word_1_470' title='bbox 242 2997 309 3020; x_wconf 90' lang='lat' dir='ltr'>non</span> <span class='ocrx_word' id='word_1_471' title='bbox 328 2992 470 3027; x_wconf 84' lang='lat' dir='ltr'>reperiri</span> <span class='ocrx_word' id='word_1_472' title='bbox 489 2993 537 3022; x_wconf 82' lang='lat' dir='ltr'>ibi</span> <span class='ocrx_word' id='word_1_473' title='bbox 555 2996 724 3032; x_wconf 84' lang='lat' dir='ltr'>appendix</span> <span class='ocrx_word' id='word_1_474' title='bbox 741 2997 849 3027; x_wconf 81' lang='lat' dir='ltr'>notat.</span> <span class='ocrx_word' id='word_1_475' title='bbox 1081 2998 1163 3028; x_wconf 78' lang='lat' dir='ltr'>etex</span> <span class='ocrx_word' id='word_1_476' title='bbox 1179 2994 1222 3029; x_wconf 86' lang='lat' dir='ltr'>D.</span> <span class='ocrx_word' id='word_1_477' title='bbox 1240 2994 1371 3028; x_wconf 78' lang='lat' dir='ltr'>&#39;l‘homa</span> <span class='ocrx_word' id='word_1_478' title='bbox 1388 2995 1424 3029; x_wconf 90' lang='lat' dir='ltr'>in</span> <span class='ocrx_word' id='word_1_479' title='bbox 1440 2996 1535 3029; x_wconf 89' lang='lat' dir='ltr'>Sent.</span> <span class='ocrx_word' id='word_1_480' title='bbox 1550 3004 1597 3036; x_wconf 80' lang='lat' dir='ltr'>w,</span> <span class='ocrx_word' id='word_1_481' title='bbox 1619 2995 1698 3030; x_wconf 82' lang='lat' dir='ltr'>dist.</span> <span class='ocrx_word' id='word_1_482' title='bbox 1713 2997 1775 3040; x_wconf 84' lang='lat'>55,</span> <span class='ocrx_word' id='word_1_483' title='bbox 1791 3004 1906 3038; x_wconf 81' lang='lat' dir='ltr'>quoest.</span> <span class='ocrx_word' id='word_1_484' title='bbox 1930 3007 1971 3033; x_wconf 83' lang='grc' dir='ltr'>ΙΙΙ</span> 
     </span>
    </p>

    <p class='ocr_par' dir='ltr' id='par_1_13' title="bbox 108 3035 1971 3178">
     <span class='ocr_line' id='line_1_48' title="bbox 148 3035 1971 3087; baseline 0.009 -21"><span class='ocrx_word' id='word_1_485' title='bbox 148 3035 200 3076; x_wconf 81' lang='lat'>(2)</span> <span class='ocrx_word' id='word_1_486' title='bbox 218 3038 266 3066; x_wconf 86' lang='lat' dir='ltr'>De</span> <span class='ocrx_word' id='word_1_487' title='bbox 285 3038 403 3068; x_wconf 82' lang='lat' dir='ltr'>sancto</span> <span class='ocrx_word' id='word_1_488' title='bbox 421 3040 549 3077; x_wconf 79' lang='lat' dir='ltr'>Joseph</span> <span class='ocrx_word' id='word_1_489' title='bbox 567 3042 682 3072; x_wconf 87' lang='lat' dir='ltr'>minus</span> <span class='ocrx_word' id='word_1_490' title='bbox 698 3045 862 3087; x_wconf 74' lang='lat' dir='ltr'>expresse</span> <span class='ocrx_word' id='word_1_491' title='bbox 878 3047 1014 3077; x_wconf 82' lang='lat' dir='ltr'>constat</span> <span class='ocrx_word' id='word_1_492' title='bbox 1082 3045 1147 3076; x_wconf 83' lang='lat' dir='ltr'>art.</span> <span class='ocrx_word' id='word_1_493' title='bbox 1167 3042 1189 3076; x_wconf 86' lang='lat'>2</span> <span class='ocrx_word' id='word_1_494' title='bbox 1211 3041 1252 3075; x_wconf 87' lang='lat' dir='ltr'>ad</span> <span class='ocrx_word' id='word_1_495' title='bbox 1268 3042 1290 3076; x_wconf 85' lang='lat'>5</span> <span class='ocrx_word' id='word_1_496' title='bbox 1312 3046 1402 3082; x_wconf 76' lang='lat' dir='ltr'>patet</span> <span class='ocrx_word' id='word_1_497' title='bbox 1423 3047 1457 3075; x_wconf 84' lang='lat' dir='ltr'>et</span> <span class='ocrx_word' id='word_1_498' title='bbox 1482 3042 1677 3078; x_wconf 85' lang='lat' dir='ltr'>confirmari</span> <span class='ocrx_word' id='word_1_499' title='bbox 1699 3049 1806 3085; x_wconf 77' lang='lat' dir='ltr'>potest</span> <span class='ocrx_word' id='word_1_500' title='bbox 1830 3058 1869 3081; x_wconf 82' lang='lat' dir='ltr'>ex</span> <span class='ocrx_word' id='word_1_501' title='bbox 1894 3046 1971 3082; x_wconf 78' lang='lat' dir='ltr'>Elia</span> 
     </span>
     <span class='ocr_line' id='line_1_49' title="bbox 108 3084 1779 3133; baseline 0.008 -18"><span class='ocrx_word' id='word_1_502' title='bbox 108 3085 197 3121; x_wconf 75' lang='lat' dir='ltr'>apud</span> <span class='ocrx_word' id='word_1_503' title='bbox 216 3084 332 3115; x_wconf 75' lang='lat' dir='ltr'>Patres</span> <span class='ocrx_word' id='word_1_504' title='bbox 348 3095 358 3122; x_wconf 87' lang='grc'>.·,</span> <span class='ocrx_word' id='word_1_505' title='bbox 393 3087 457 3117; x_wconf 77' lang='lat' dir='ltr'>etsi</span> <span class='ocrx_word' id='word_1_506' title='bbox 476 3086 592 3124; x_wconf 73' lang='lat' dir='ltr'>aperte</span> <span class='ocrx_word' id='word_1_507' title='bbox 618 3090 702 3120; x_wconf 86' lang='lat' dir='ltr'>satis</span> <span class='ocrx_word' id='word_1_508' title='bbox 729 3092 805 3128; x_wconf 88' lang='lat' dir='ltr'>ipsa.</span> <span class='ocrx_word' id='word_1_509' title='bbox 821 3092 904 3123; x_wconf 80' lang='lat' dir='ltr'>facti</span> <span class='ocrx_word' id='word_1_510' title='bbox 924 3102 1012 3124; x_wconf 86' lang='lat' dir='ltr'>con-</span> <span class='ocrx_word' id='word_1_511' title='bbox 1084 3089 1212 3133; x_wconf 80' lang='lat' dir='ltr'>Elisaeo,</span> <span class='ocrx_word' id='word_1_512' title='bbox 1229 3089 1391 3133; x_wconf 65' lang='lat' dir='ltr'>Hierem„</span> <span class='ocrx_word' id='word_1_513' title='bbox 1406 3090 1526 3125; x_wconf 82' lang='lat' dir='ltr'>Daniel</span> <span class='ocrx_word' id='word_1_514' title='bbox 1541 3096 1574 3126; x_wconf 89' lang='lat' dir='ltr'>et</span> <span class='ocrx_word' id='word_1_515' title='bbox 1590 3092 1688 3126; x_wconf 84' lang='lat' dir='ltr'>sociis</span> <span class='ocrx_word' id='word_1_516' title='bbox 1699 3093 1779 3129; x_wconf 85' lang='lat' dir='ltr'>suis.</span> 
     </span>
     <span class='ocr_line' id='line_1_50' title="bbox 108 3133 926 3178; baseline 0.012 -16"><span class='ocrx_word' id='word_1_517' title='bbox 108 3133 266 3171; x_wconf 76' lang='lat' dir='ltr'>gruentia</span> <span class='ocrx_word' id='word_1_518' title='bbox 284 3142 344 3171; x_wconf 87' lang='lat' dir='ltr'>per</span> <span class='ocrx_word' id='word_1_519' title='bbox 360 3137 533 3172; x_wconf 84' lang='lat' dir='ltr'>sequelam</span> <span class='ocrx_word' id='word_1_520' title='bbox 551 3140 781 3170; x_wconf 72' lang='lat' dir='ltr'>necessariam</span> <span class='ocrx_word' id='word_1_521' title='bbox 798 3143 926 3178; x_wconf 77' lang='lat' dir='ltr'>probet.</span> 
     </span>
    </p>
   </div>
  </div>
 </body>
</html>
