2170 3808
1006 202 1174 241 mnnx.
1212 186 1215 189 “

332 329 388 360 mr
412 329 593 360 nrmcru
618 329 983 360 SACRAMENTORUM
1010 330 1086 365 οῦκ
1119 333 1195 362 nstr
1220 333 1482 364 enimenin.
1508 345 1556 355 -
1583 326 1753 373 Quaestio
1775 327 1838 366 63.

144 389 269 430 mrum
289 399 334 428 ex
353 389 585 428 sacramentis
609 391 779 428 causetur
799 391 987 428 character
1009 390 1143 439 aliquis
1163 392 1203 428 in
1232 392 1364 431 anima.

144 439 235 484 Quid
261 438 309 477 sit
328 437 389 475 ille
409 437 608 475 character.

146 487 257 537 Cujus
279 486 326 524 sit
346 485 541 524 character.

145 536 187 574 In
231 543 278 572 uo
300 533 348 573 sit
372 532 465 571 sicut
489 531 528 569 in
550 532 728 581 subjecto.

146 545 271 621 ntr‘dm
287 580 335 621 sit
357 579 574 618 indelebilis.
678 627 684 634 ·
771 627 779 634 ·

195 650 242 659 —
289 628 410 668 omnia
431 629 654 666 sacramenta
675 629 882 675 impr1mant
903 628 1164 666 characterem.

600 719 655 748 DE
685 719 818 749 CAUSA
841 718 1219 750 sAanMENToRuu.
1244 732 1291 739 —
1320 712 1491 759 Quaestio
1513 713 1572 752 64.

148 780 274 822 Utrum
290 781 391 820 solus
409 781 505 818 Deus
526 779 680 818 interius
706 781 877 828 operetur
903 779 940 816 in
963 780 1213 819 sacramentis,

196 850 243 857 —
291 827 470 867 institutio
495 831 796 866 sacramentorum
820 827 868 865 sit
889 826 1004 865 solum
1035 828 1055 865 a
1077 830 1166 866 Deo.

146 876 197 916 De
246 879 400 916 otestate
424 886 530 924 quam
556 876 719 913 Christus
741 876 867 913 habuit
888 875 925 912 in
949 876 1196 915 sacramentis,

148 925 196 965 Ut
240 925 391 963 millam
414 926 632 972 potestatem
654 924 811 978 potuerit
837 923 918 961 aliis
945 925 1222 962 communicare.

193 995 240 1001 —
287 975 450 1023 potestas
473 971 665 1010 ministerii
685 971 720 1008 in
743 971 977 1010 sacramentis
1001 972 1189 1011 conveniat
1214 972 1334 1013 malis.

287 1020 374 1058 mali
395 1022 550 1075 peccent
575 1019 816 1067 dispensando
840 1022 1076 1057 sacramenta.

285 1068 413 1116 Angeli
435 1067 578 1116 possint
600 1077 679 1105 esse
704 1067 859 1104 ministri
889 1070 1209 1107 sacramentorum.

286 1115 440 1154 intentio
466 1114 624 1152 ministri
646 1114 848 1163 requiratur
873 1114 911 1152 in
933 1116 1182 1154 sacramentis.

288 1164 491 1213 requiratur
511 1162 562 1200 ibi
587 1165 687 1201 recta
709 1161 887 1247 fidtes’t'ita
911 1163 1008 1210 quod
1031 1164 1186 1203 infidelis
1208 1174 1282 1203 non
1303 1165 1424 1213 possit
1448 1164 1592 1203 tradere
1612 1167 1893 1205 sacramentum.

454 1231 502 1238 —
710 1220 747 1247 1n
765 1220 809 1247 en
828 1220 877 1248 10.

189 1042 241 1242 titt!

476 1303 531 1332 DE
557 1301 731 1332 NUMERo
759 1302 809 1331 ET
832 1302 950 1332 nono
971 1303 1356 1334 SACRAMENTORUM.
1379 1315 1427 1323 —-
1449 1294 1619 1342 Quaestio
1644 1296 1707 1335 65.

143 1364 270 1406 Utrum
287 1365 362 1403 sint
384 1366 523 1413 septem
547 1364 785 1402 sacramenta.

117 1423 123 1437 *
142 1415 191 1451 De
214 1412 339 1452 ordine
363 1422 484 1450 eorum
508 1412 553 1449 ad
575 1411 744 1450 invicem.

142 1463 192 1501 De
216 1460 486 1510 comparatione
510 1469 648 1498 eorum.

142 1507 268 1549 Utrum
288 1508 409 1547 omnia
431 1511 656 1546 sacramenta
677 1506 752 1545 sint
773 1507 817 1546 de
839 1508 1058 1546 necessitate
1085 1507 1228 1546 salutis.

302 1600 358 1630 DE
379 1598 652 1629 SACRAMENTO
677 1598 873 1628 BAPTISMI
896 1599 1099 1634 QUANTUM
1123 1599 1177 1628 AD
1201 1599 1254 1628 EA
1276 1597 1371 1633 QUAE
1391 1598 1445 1627 AD
1472 1598 1598 1628 IPSUM
1623 1594 1872 1627 PERTINENT.

960 1647 1128 1693 Quaestio
1152 1650 1212 1686 66.

142 1717 235 1762 Quid
258 1716 306 1756 sit
329 1715 546 1764 Baptismus,
571 1713 691 1751 utrum
714 1713 855 1752 scilicet
878 1714 926 1752 sit
951 1714 1104 1753 ablutio.

142 1767 194 1804 De
214 1763 442 1804 institutione
464 1762 574 1811 huius
600 1762 829 1800 sacramenti.

142 1811 269 1853 utrum
287 1822 380 1859 aqua
402 1811 448 1848 sit
469 1810 611 1858 propria
635 1810 785 1848 materia
811 1810 921 1857 hujus
944 1810 1174 1849 sacramenti.

162 1877 167 1881 ·
191 1881 239 1888 -
287 1858 492 1907 requiratur
517 1868 609 1905 aqua
633 1857 800 1905 simplex.

1957 165 2081 225 α’

190 1928 239 1939 --
286 1908 365 1945 haec
390 1905 438 1944 sit
460 1905 676 1943 conveniens
710 1905 826 1943 forma
858 1905 967 1953 hujus
1005 1903 1222 1941 sacramenti
1251 1914 1260 1939 :
1287 1903 1363 1950 Ego
1386 1908 1422 1941 te
1443 1905 1589 1953 baptizo
1612 1905 1650 1942 in
1671 1904 1820 1943 nomine
1840 1901 1976 1952 Patris,
1994 1901 2036 1942 οἱ

335 1953 433 1999 Filii,
458 1956 495 1991 et
519 1953 675 2001 Spiritus
698 1952 828 1990 sancti.

189 2023 238 2036 ..-
287 2000 419 2050 aliquis
443 2001 559 2048 possit
584 2000 760 2049 baptizari
787 1999 853 2038 suh
879 2000 949 2037 hac
973 1998 1091 2037 forma
1115 2010 1127 2036 z
1155 1999 1231 2047 Ego
1254 2001 1290 2038 te
1311 2000 1458 2049 baptizo
1483 2001 1522 2038 in
1546 1999 1692 2039 nomine
1715 1998 1864 2040 Christi.

188 2069 237 2083 -
283 2048 467 2088 immersio
490 2048 538 2086 sit
559 2048 602 2086 de
628 2048 846 2086 necessitate
868 2047 1059 2096 Baptismi.

189 2119 236 2128 -—·
285 2096 490 2145 requiratur
510 2095 604 2133 trina
625 2095 823 2132 immersio.

189 2167 237 2176 -
283 2143 490 2194 Baptismus
513 2143 631 2192 possit
655 2142 837 2181 reiterari.

139 2195 192 2235 De
213 2194 285 2232 ritu
305 2190 497 2248 Baptismi.
553 2238 561 2246 ¹

138 2243 191 2283 ne
210 2241 442 2281 distinctione
463 2240 738 2288 baptismatum.

138 2291 191 2331 De
213 2287 480 2339 comparatione
503 2287 777 2336 baptismatum.

603 2378 658 2408 DE
684 2377 896 2407 mms'rms
922 2377 1209 2409 BAPTISMATIS.
1232 2391 1282 2399 —
1307 2370 1478 2418 Quaestio
1499 2371 1562 2411 67.

138 2439 264 2482 Utrum
282 2439 327 2478 ad
347 2438 542 2477 Diaconum
562 2437 743 2487 pertineat
764 2438 959 2485 baptizare.

186 2509 233 2517 -
281 2487 353 2525 hoc
376 2486 552 2535 pertineat
576 2486 620 2524 ad
641 2486 909 2535 Presbyterum,
936 2496 981 2524 an
1006 2485 1119 2524 solum
1145 2487 1189 2525 ad
1214 2488 1450 2537 Episcopum.

281 2534 395 2574 laicus
421 2534 537 2582 possit
560 2537 820 2572 sacramentum
843 2533 1016 2582 baptismi
1040 2534 1222 2573 conferre.

280 2583 351 2621 hoc
375 2581 491 2630 possit
516 2581 634 2620 facere
660 2582 800 2620 mulier.

279 2640 351 2668 non
377 2630 579 2678 baptizatus
600 2629 716 2678 possit
737 2629 934 2678 baptizare.

280 2678 405 2726 plures
427 2677 569 2725 possint
591 2678 696 2715 simul
718 2678 904 2726 baptizare
926 2689 1038 2717 unum
1061 2681 1098 2717 et
1120 2678 1301 2717 eumdem.

184 2747 232 2755 -
280 2735 430 2764 necesse
452 2725 501 2763 sit
525 2735 604 2763 esse
628 2725 786 2774 aliquem
807 2726 869 2774 qui
891 2727 1113 2776 baptizatum
1136 2728 1180 2766 de
1202 2736 1304 2765 sacro
1326 2726 1429 2765 fonte
1456 2726 1624 2774 recipiat.

185 2794 233 2804 -
282 2773 462 2822 recipiens
483 2773 638 2822 aliquem
662 2773 705 2811 de
727 2783 828 2812 sacro
852 2774 967 2822 fonte,
992 2776 1176 2823 obligetur
1195 2775 1238 2813 ad
1262 2774 1342 2824 ejus
1364 2774 1655 2812 instructionem.

551 2864 606 2894 m:
633 2865 972 2895 snscirmmmus
998 2866 1252 2896 mensuum.
1275 2879 1322 2885 -—
1347 2857 1514 2904 Quaestio
1539 2858 1600 2895 68.

139 2922 263 2963 Utrum
283 2933 406 2979 omne-s
427 2927 615 2979 teneantur
636 2926 679 2963 ad
693 2926 973 2981 ‚suscipiendum
1000 2926 1237 2975 baptismum.

280 2972 554 3066 sstgtthtssssslt
571 2974 804 3061 aazias?
825 2975 1021 3023 mmm·

280 3069 490 3115 peccatores
511 3067 585 3104 sint
606 3050 826 3115 baptizandi.
1295 3113 1302 3120 ‚
1446 3113 1454 3120 ,

280 3115 529 3169 peccatoribus
552 3115 744 3169 baptisatis
766 3117 838 3154 sint
860 3117 1080 3166 imponenda
1103 3124 1216 3164 opera
1237 3114 1493 3153 satisfactoria.

279 3165 483 3210 requiratur
504 3163 691 3218 confesslo
712 3167 958 3211 peccatorum.
1030 3212 1038 3219 ι

350 3230 397 3285 Ξ
494 3213 653 3296 f1i1ciit3esnt10
677 3220 722 3248 ex
743 3214 843 3260 parte
865 3212 1054 3261 baptizatl.

279 3306 381 3360 pueri
404 3306 476 3344 sint
498 3286 724 3355 baptizandi.

278 3364 390 3407 pueri.
408 3354 427 3391 J
431 3354 609 3409 udaeorum
634 3355 934 3410 sint‘haptizandi
947 3356 1088 3410 'invitis‘
1104 3355 1330 3410 parentibus.

279 3401 406 3488 iliata
419 3402 1110 3501 {ttaffltttgssnssitt2335353'3215.”tem
1134 3406 1345 3443 ementes·
