2170 3808
1002 271 1169 306 INDEX.
1963 260 2037 300 Vn
2099 266 2101 268 ’

661 396 716 426 ΒΕ
740 394 944 426 PASSIONE
975 393 1158 423 CHRISTI.
1182 386 1427 444 -sQuaestio
1454 387 1513 423 46.

138 463 264 503 Utrum
282 458 500 501 conveniens
521 456 633 495 fuerit
653 456 835 494 Christum
861 454 939 504 pati
964 464 1030 503 pro
1054 453 1267 492 liberatione
1301 454 1501 491 hominum.

186 532 233 539 —
281 507 391 548 fuerit
415 506 507 544 alius
527 504 655 543 modus
678 503 865 553 possibilis
890 502 1116 540 liberationis
1139 502 1317 539 humauae.

187 579 233 588 --
282 555 352 595 iste
377 554 503 592 modus
528 552 639 590 fuerit
662 551 945 590 convenientior.

187 627 234 636 -—-
281 601 499 643 conveniens
522 600 635 638 fuerit
658 600 752 648 quod
773 600 811 637 in
833 608 939 650 cruce
962 600 1163 646 pateretur.

187 675 234 683 —
283 649 493 691 sustinuerit
514 658 639 687 omnes
661 647 864 696 passiones.
888 654 917 671 «Γ

185 722 233 730 -
281 699 394 744 dolor,
424 707 530 745 quem
553 696 591 734 in
613 696 784 744 passione
805 694 992 741 sustinuit,
1018 694 1127 732 fuerit
1149 694 1371 732 maximus.-

185 769 233 781 --
281 750 357 786 tota
378 745 496 784 anima
518 744 596 793 ejus
618 747 814 792 pateretur.

160 794 162 796 ’
185 817 232 824 -
280 794 402 844 passio
426 793 505 842 ejus
526 792 760 840 impediverit
784 791 951 840 gaudium
975 791 1175 829 fruitionis.

138 847 187 885 De
204 846 366 892 tempore
387 840 584 896 passionis.

137 892 624 979 ssffriiffisi'ugiqistsboolblxsreniens
645 935 828 973 Christum
852 935 961 973 simul
985 945 1064 972 cum
1085 934 1287 972 latronibus
1314 933 1490 981 crucifigi.

185 1009 232 1016 -—
281 985 402 1035 passio
424 984 561 1023 Christi
585 985 632 1022 sit
658 982 739 1031 ejus
760 983 943 1021 divinitati
964 982 1207 1021 attribuenda.

439 1071 493 1099 DE
519 1068 652 1099 CAUSA
679 1068 925 1097 EFFIcmNTss
951 1067 1170 1097 PAssmNIS
1198 1066 1380 1096 CHRISTI.
1402 1078 1453 1085 -
1479 1057 1646 1104 Quaestio
1669 1058 1729 1095 47.

138 1131 261 1171 Utrum
283 1130 447 1169 Christus
469 1129 579 1168 fuerit
600 1128 645 1167 ab
670 1129 742 1167 alio
764 1127 916 1172 occisus,
947 1137 992 1164 an
1018 1126 1038 1164 a
1060 1127 1196 1175 seipso.

140 1182 192 1219 Ex
215 1189 285 1228 quo
309 1178 445 1216 motivo
469 1177 630 1226 seipsum
653 1176 839 1214 tradiderit
863 1175 907 1213 ad
929 1175 1153 1224 patiendum.

141 1226 265 1266 Utriim
282 1227 388 1265 Pater
409 1225 595 1264 tradiderit
616 1235 697 1262 eum
722 1224 765 1261 ad
787 1224 1013 1272 patiendum.

188 1297 234 1303 -—
283 1275 392 1311 fuerit
414 1273 632 1312 conveniens
656 1271 751 1320 quod
773 1282 840 1320 per
864 1282 990 1309 manus
1011 1272 1174 1319 gentium
1195 1275 1395 1322 pateretur,
1422 1284 1470 1312 an
1491 1274 1617 1322 potius
1637 1273 1658 1311 a
1678 1272 1824 1312 Judaeis.

187 1345 233 1351 -
283 1321 463 1360 occisores
485 1320 565 1369 ejus
588 1331 669 1358 eum
695 1320 943 1368 cognoverint.

255 1396 264 1405 '
307 1409 360 1437 ΒΕ
384 1407 499 1437 nono
527 1407 746 1437 PAssmms
771 1407 937 1437 crrmsrr
964 1407 1169 1442 QUANTUM
1199 1408 1255 1437 AD
1279 1407 1509 1437 Errncrmu.
1537 1420 1582 1426 —
1607 1398 1778 1446 Quaestio
1800 1396 1866 1436 48.

140 1468 263 1508 Utrum
281 1469 402 1518 passio
425 1467 558 1506 Christi
582 1467 782 1522 causaverit
807 1470 967 1506 nostram
988 1468 1144 1506 salutem
1164 1478 1231 1517 per
1258 1468 1403 1506 modum
1427 1467 1563 1506 meriti.

284 1526 348 1565 per
370 1516 515 1554 modum
538 1516 813 1554 satisfactioms.

380 1585 427 1591 -
538 1564 718 1602 sacrificii.

378 1633 425 1639 —
536 1611 810 1660 redemptionis.

282 1671 362 1699 esse
382 1659 658 1708 redemptorem,
683 1660 729 1698 sit
755 1661 940 1710 proprium
962 1661 1114 1700 Christi.

285 1708 485 1747 causaverit
504 1709 671 1746 effectum
697 1713 829 1747 nostrae
852 1709 978 1747 salutis
1002 1720 1067 1758 per
1088 1710 1235 1748 modum
1258 1710 1480 1749 efficientiae.

521 1792 575 1820 DE
600 1792 849 1821 EFFECTIBUS
874 1791 1093 1821 PASSIONIS
1117 1792 1300 1821 cnmsrr.
1324 1806 1371 1811 —
1397 1785 1566 1831 Qufestr'o
1589 1783 1651 1821 49.

0 1894 5 1899 ,
145 1850 270 1889 Utrum
287 1861 352 1900 per
373 1851 580 1900 passionem
601 1851 740 1890 Christi
759 1851 874 1890 simus
898 1852 1042 1890 liberati
1065 1852 1087 1890 a
1108 1856 1272 1900 peccato.
1335 1900 1342 1907 ⁶

7 1896 107 1927 Nx
798 1920 845 1925 —
967 1921 1014 1927 —
1102 1904 1285 1948 potestate
1310 1901 1457 1939 diaboli.

801 1967 847 1973 -—
969 1969 1015 1974 —
1104 1950 1209 1985 reatu
1231 1959 1360 1996 poeuae.

796 2015 843 2021 -
891 1995 964 2032 Deo
987 1995 1226 2033 reconciliati.

756 2044 804 2080 sit
828 2047 951 2089 aperta
971 2043 1083 2090 Janua
1106 2043 1202 2081 coeli.

756 2091 804 2128 sit
825 2090 988 2128 Christus
1011 2090 1165 2139 adeptus
1191 2091 1461 2129 exaltationem.

702 2173 755 2201 DE
781 2173 921 2202 MORTE
949 2174 1128 2204 cnmsri.
1152 2186 1200 2193 —-
1223 2165 1390 2212 Quaestio
1413 2168 1475 2204 50.

142 2235 266 2274 Utrum
284 2233 500 2272 conveniens
520 2233 631 2271 fuerit
651 2233 833 2270 Christum
858 2234 965 2271 mori.

190 2305 236 2310 —
285 2293 348 2330 per
369 2287 522 2320 mortem
546 2281 655 2319 fuerit
679 2283 842 2329 separata
866 2283 951 2319 unio
975 2281 1179 2321 divinitatis
1202 2285 1239 2320 et
1264 2282 1396 2321 carnis.

190 2352 235 2358 —
285 2331 393 2368 fuerit
416 2334 580 2379 separata
600 2330 686 2366 unio
709 2329 910 2368 divinitatis
933 2333 968 2368 et
992 2330 1136 2369 animae.

189 2400 235 2407 -
285 2378 448 2416 Christus
470 2378 508 2414 in
530 2377 649 2415 triduo
670 2377 797 2415 mortis
821 2377 930 2416 fuerit
951 2378 1076 2416 horno.

190 2448 235 2454 —
284 2436 415 2474 corpus
436 2425 515 2474 ejus
539 2425 646 2463 fuerit
669 2425 763 2463 idem
786 2436 937 2464 numero
961 2430 1143 2464 mortuum
1167 2429 1204 2465 et
1222 2426 1360 2464 vivum.

190 2493 238 2504 —
285 2484 381 2512 mors
404 2473 483 2522 eJus
502 2473 614 2511 fuerit
635 2473 772 2522 aliquid
797 2476 946 2523 operata
971 2473 1016 2513 ad
1037 2478 1198 2513 nostram
1224 2474 1392 2512 salutem.

643 2558 698 2587 nr:
722 2558 970 2588 SEPULTURA
992 2558 1173 2589 cnmer.
1201 2571 1247 2577 —
1271 2549 1442 2596 Quaestz'o
1467 2550 1530 2587 51.

143 2617 266 2657 Utrum
291 2617 400 2656 fuerit
422 2617 640 2655 conveniens
667 2617 849 2655 Christum
870 2618 1033 2667 sepeliri.

143 2668 189 2704 De
213 2665 319 2704 modo
342 2665 535 2713 sepulturae
558 2665 651 2714 ejus.

144 2713 267 2752 Uti-iim
286 2723 416 2761 corpus
439 2713 518 2760 ejus
544 2713 653 2751 fuerit
675 2713 711 2750 in
735 2714 928 2761 sepulchro
948 2714 1162 2753 resolutum.

141 2763 190 2799 De
217 2764 377 2809 tempore
399 2770 469 2808 quo
489 2761 606 2809 jacuit
625 2761 662 2798 in
685 2762 893 2809 sepulchro.

524 2845 579 2874 DE
601 2845 814 2875 DESCENSU
838 2846 1004 2875 CHRISTI
1026 2846 1081 2875 AD
1104 2846 1301 2875 INFERos.
1326 2858 1374 2864 —
1394 2837 1562 2884 Quaestio
1587 2839 1646 2875 52.

146 2901 266 2940 Utrum
284 2903 500 2941 conveniens
524 2903 635 2941 fuerit
656 2905 840 2942 Christum
861 2904 908 2943 ad
928 2904 1066 2944 inferos
1089 2904 1321 2944 descendere.

144 2951 181 2986 ln
205 2959 310 2996 quem
334 2950 510 2988 infernum
533 2951 775 2990 descenderit.

144 2997 267 3034 Utrum
284 2999 382 3035 totus
403 2997 511 3034 fuerit
533 2998 572 3035 in
594 2999 750 3037 inferno.

0 3076 3 3078 ,
26 3053 31 3085 l
191 3065 238 3071 —-
288 3044 444 3092 aliquam
464 3054 600 3082 moram
622 3046 675 3083 ibi
694 3047 857 3085 traxerit.

287 3095 432 3129 sanctos
456 3093 582 3130 Patres
602 3093 647 3131 ab
668 3093 808 3133 inferno
830 3096 1012 3135 liberavit.

285 3139 328 3177 de
351 3139 491 3177 inferno
518 3140 726 3178 liberaverit
748 3142 948 3182 damnatos.

284 3188 490 3241 liberaverit
516 3197 648 3234 pueros
669 3193 819 3237 peccato
843 3190 1014 3238 originali
1038 3191 1245 3231 defunctos.

247 3258 249 3261 .
284 3234 491 3274 liberaverit
513 3235 677 3273 homines
701 3236 744 3273 de
765 3238 992 3285 purgatorio.

596 3320 650 3349 ΒΕ
677 3319 1024 3350 RESURRECTIONE
1050 3321 1229 3350 eflnrsri.
1257 3334 1302 3340 -
1329 3313 1498 3360 Quaevteo
1519 3315 1580 3354 53.

141 3376 265 3415 Utrum
283 3387 430 3416 necesse
451 3378 561 3416 fuerit
583 3379 763 3417 Christum
786 3389 991 3427 resurgere.

187 3446 234 3452 —
284 3435 429 3478 necesse
453 3425 560 3463 fuerit
580 3426 699 3474 ipsum
721 3428 827 3465 tertia
851 3427 908 3464 die
931 3437 1132 3474 resurgere.

187 3492 234 3499 —
283 3483 362 3526 ipse
384 3473 521 3519 primus
543 3476 789 3512 resurrexerit.

186 3537 234 3550 ε·
282 3530 362 3569 ipse
383 3520 492 3559 fuerit
514 3532 621 3561 causa
641 3524 773 3562 nostrae
796 3524 1084 3563 resurrectionis.

117 1430 123 1448 l

0 3723 123 3808 it.
165 3791 168 3793 Α
