2170 3808
788 233 988 285 QUAEST.
1019 234 1159 288 XV111‚
1189 233 1307 276 ART.
1337 233 1371 275 Ι.
1927 231 2010 273 167

125 316 331 363 cundum
355 315 642 360 voluntatem
660 313 884 359 divinam.
908 317 1028 370 Ergo
1045 314 1228 359 videtur
1248 312 1374 369 quod
1395 312 1443 357 in
1463 313 1640 359 Christo
1656 324 1748 356 non
1765 309 1904 354 fuerit
1920 309 2010 354 nisi

125 391 220 423 una
240 378 469 431 voluntas,
493 375 670 420 scilicet
690 375 860 420 divina.

180 443 224 485 2.
255 442 494 494 Praeterea,
516 437 882 481 instrumentum
901 449 995 481 non
1018 440 1234 481 movetur
1253 437 1440 492 propria
1460 435 1715 491 voluntate,
1738 433 1820 479 sed
1842 433 2011 477 volun-

126 505 220 545 tate
237 499 483 545 moventis.
504 498 591 542 Sed
611 503 777 543 natura
796 499 998 543 humana
1023 498 1109 541 fuit
1132 497 1176 540 in
1198 497 1394 550 Christo,
1418 497 1538 540 sicut
1557 497 1921 541 instrumentum
1938 495 2009 540 di-

124 562 330 606 vinitatis
344 561 463 618 eJus.
483 562 601 615 Ergo
618 566 784 604 natura
802 561 1007 604 humana
1029 559 1078 603 in
1097 558 1277 604 Christo
1298 570 1394 602 non
1416 558 1693 603 movebatur
1713 558 1898 615 propria
1925 569 2011 601 vo-

124 622 318 678 luntate,
341 622 422 667 sed
446 621 617 666 divina.
2056 657 2070 664 ,.

179 687 222 729 3.
252 685 492 739 Praeterea,
513 682 628 726 illud
647 682 797 727 solum
820 682 1155 738 multiplicatur
1175 681 1223 725 in
1242 680 1421 726 Christo
1443 681 1569 736 quod
1587 682 1783 737 pertinet
1800 682 1858 726 ad
1880 684 2011 725 natu-

125 756 240 788 ram.
262 745 479 788 Voluntas
499 748 654 787 autem
680 756 772 788 non
788 744 972 789 videtur
994 743 1053 788 ad
1073 747 1288 787 naturam
1301 742 1532 799 pertinere
1554 757 1565 786 z
1586 743 1694 798 quia
1711 754 1766 786 ea
1781 755 1886 798 quae
1899 746 2009 786 sunt

125 806 366 861 naturalia,
391 811 500 850 sunt
520 818 579 850 ex
599 806 878 850 necessitate
898 821 911 862 ς
939 805 1064 862 quod
1082 810 1236 849 autem
1262 810 1335 848 est
1358 803 1689 862 voluntarium,
1714 816 1808 848 non
1832 809 1903 848 est
1924 815 2009 848 ne-

125 868 393 912 cessarium.
415 870 533 924 Ergo
558 868 775 912 voluntas
794 874 868 912 est
890 880 986 911 una
1009 867 1189 911 tantum
1210 866 1256 909 in
1279 865 1473 910 Christo.

179 935 220 977 4.
253 933 490 987 Praeterea,
514 934 827 975 Damascenus
853 930 964 975 dicit
983 931 1123 987 (Orth.
1150 926 1331 974 fid..1ib.
1357 943 1421 985 ιιι,
1444 941 1546 985 cap.
1570 931 1623 973 14
1646 928 1769 973 inter
1791 927 1940 984 princ.
1962 931 2009 972 et

124 992 265 1046 med.)
282 992 405 1049 quod
434 992 723 1049 «aliqualiter
747 992 866 1037 velle
893 1004 984 1036 non
1016 996 1087 1036 est
1104 996 1298 1046 naturae,
1322 991 1405 1034 sed
1431 995 1602 1034 nostrae
1625 989 1959 1046 intelligentiae,
1983 1007 2003 1027 ι»

125 1052 298 1098 scilicet
318 1054 588 1110 personalis.
623 1054 708 1098 Sed
738 1053 890 1097 omnis
917 1053 1132 1097 voluntas
1164 1058 1236 1097 cst
1254 1051 1467 1108 aliqualis
1487 1052 1725 1106 voluntas;
1754 1050 1863 1107 quia
1898 1049 2009 1093 nihil

124 1121 195 1159 est
211 1115 258 1159 in
279 1127 450 1171 genere
471 1115 595 1172 quod
626 1128 718 1160 non
750 1115 811 1160 sit
831 1115 878 1159 in
900 1115 1054 1170 aliqua
1078 1115 1180 1171 eJus
1210 1114 1381 1170 specie.
1403 1116 1521 1169 Ergo
1541 1113 1695 1157 omnis
1715 1113 1931 1156 voluntas
1950 1111 2007 1156 ad

125 1187 371 1231 personam
395 1177 608 1233 pertinet.
631 1177 717 1222 Sed
741 1176 788 1220 in
807 1177 986 1221 Christo
1002 1177 1088 1220 fuit
1107 1181 1154 1221 et
1173 1182 1246 1220 est
1267 1188 1362 1219 una
1385 1179 1565 1220 tantum
1581 1188 1796 1232 persona.
1820 1177 1938 1230 Ergo
1959 1173 2008 1217 in

124 1237 303 1282 Christo
320 1244 390 1283 est
412 1251 507 1282 una
527 1239 702 1282 tantum
727 1239 957 1282 voluntas.

179 1300 266 1344 Sed
289 1303 445 1343 contra
465 1304 537 1343 est
553 1299 679 1355 quod
702 1298 923 1344 Dominus
941 1298 1051 1344 dicit
1066 1299 1188 1352 (Luc.
1214 1311 1319 1351 xxn,
1345 1301 1415 1352 42)
1439 1310 1451 1342 ε
1476 1301 1635 1355 Pater,
1654 1299 1695 1340 si
1706 1301 1787 1353 vis,
1808 1298 2009 1349 transfer

124 1360 314 1403 calicem
337 1363 474 1404 istum
490 1363 519 1404 ὰ
535 1374 603 1403 me
615 1375 634 1416 ,·
651 1364 961 1404 verumtamen
987 1374 1075 1403 raon
1102 1374 1201 1403 mea
1217 1360 1442 1414 voluntas,
1460 1361 1540 1403 sed
1559 1364 1637 1403 tua
1661 1361 1744 1413 fiat
1766 1362 1824 1413 (1)
1851 1373 1861 1402 :
1883 1357 2009 1414 quod

123 1421 351 1466 inducens
379 1415 650 1466 Am’brosius
671 1422 729 1466 ad
760 1422 1027 1467 Gratianum
1050 1422 1375 1478 imperatorem
1411 1424 1487 1476 (De
1516 1421 1622 1477 fide,
1647 1422 1726 1466 lib.
1753 1434 1799 1476 ιι,
1828 1433 1930 1476 cap.
1965 1424 2008 1476 3,

123 1487 287 1527 versus
308 1483 406 1537 fin.)
424 1483 564 1528 dicit:
587 1501 605 1520 α
624 1483 749 1527 Sicut
769 1489 1035 1539 susceperat
1057 1484 1343 1527 voluntatem
1360 1495 1529 1538 meam,
1551 1483 1756 1540 suscepit
1779 1482 2010 1526 tristitiam

125 1556 295 1590 meam.
310 1564 331 1584 ι
355 1547 408 1590 Et
429 1558 570 1601 super
589 1548 695 1590 Luc.
726 1547 843 1603 (cap.
874 1550 945 1604 22,
970 1558 1073 1603 sup.
1098 1546 1212 1590 illud
1233 1561 1243 1589 ι
1271 1549 1591 1589 Verumtamen
1611 1560 1701 1589 non
1729 1559 1830 1588 mea
1851 1545 2010 1587 volun-

125 1608 213 1659 tas)
238 1606 375 1651 dicit:
414 1624 434 1643 «ι
449 1606 737 1652 Voluntatem
758 1619 888 1652 suam
905 1607 964 1652 ad
989 1607 1222 1651 hominem
1244 1607 1375 1652 retuli
1385 1612 1414 1659 t,
1437 1608 1580 1651 Patris
1604 1606 1661 1651 ad
1684 1606 2006 1650 Divinitatem:

126 1668 341 1727 voluntas
356 1669 482 1713 enim
501 1669 702 1714 hominis
717 1674 789 1714 est
809 1669 1090 1726 temporalis,
1111 1669 1329 1714 voluntas
1343 1669 1598 1713 Divinitatis
1622 1674 1810 1713 aeterna.
1829 1687 1849 1707 n

173 1743 455 1783 CONCLUSIO.
471 1764 517 1773 -
543 1743 647 1783 Cum
669 1744 798 1784 Filius
815 1744 885 1784 Dei
901 1744 1127 1784 humanam
1144 1747 1336 1783 naturam
1355 1744 1571 1795 perfectam
1587 1743 1874 1794 assumpserit,
1886 1747 1926 1784 et
1940 1754 2010 1795 per

128 1794 204 1836 hoc
222 1796 326 1836 nihil
342 1797 491 1838 divine
508 1797 596 1849 ejus
610 1801 766 1838 naturae
786 1799 1025 1849 ademptum
1041 1799 1177 1847 tuerit,
1193 1798 1296 1838 duas
1312 1797 1459 1851 inipso
1474 1798 1708 1839 voluntates
1732 1799 1859 1838 fuisse
1881 1809 2010 1840 neces-

128 1853 280 1892 sarium
299 1857 372 1900 est,
389 1851 574 1892 divinam
589 1853 740 1893 scilicet
755 1857 795 1894 et
810 1854 1051 1894 humanam.
1916 1865 1918 1867 ·

183 1914 451 1970 Respondeo
472 1914 717 1959 dicendum
734 1914 857 1971 quod
874 1915 1063 1971 quidam
1084 1921 1343 1972 posuerunt
1361 1916 1408 1960 in
1435 1916 1614 1960 Christo
1637 1928 1741 1960 esse
1767 1927 1906 1960 unam
1935 1928 2010 1959 so-

126 1973 220 2018 lam
244 1975 546 2020 voluntatem.
570 1975 657 2020 Sed
676 1975 734 2019 ad
765 1976 852 2020 hoc
873 1977 1142 2033 ponendum
1175 1977 1484 2022 diversimode
1512 1977 1622 2021 moti
1647 1989 1751 2021 esse
1776 1977 2008 2022 videntur.

126 2037 399 2091 Apollinaris
422 2037 547 2082 enim
573 2050 665 2082 non
698 2039 852 2094 posuit
873 2040 1075 2084 animam
1102 2039 1458 2084 intellectualem
1489 2039 1534 2082 in
1561 2040 1752 2095 Christ0‚
1777 2040 1859 2084 sed
1885 2040 2010 2096 quod

128 2098 322 2143 Verbum
345 2106 469 2144 esset
487 2099 588 2144 loco
613 2100 797 2156 animae,
818 2100 893 2145 vel
918 2101 1057 2145 etiam
1087 2101 1189 2145 loco
1208 2101 1482 2146 intellectus.
1511 2101 1642 2146 Unde
1661 2105 1768 2145 cum
1793 2102 2009 2147 voluntas

127 2159 187 2204 sit
202 2159 248 2203 in
268 2160 446 2204 ratione
468 2163 545 2215 (2),
568 2166 618 2204 ut
635 2161 942 2218 Philosophus
963 2162 1073 2206 dicit
1103 2165 1182 2215 (De
1201 2162 1372 2215 anima,
1394 2162 1474 2206 lib.
1499 2176 1560 2218 ιιι,
1590 2167 1703 2206 text.
1726 2165 1817 2218 42),
1839 2175 2009 2220 seque-

127 2219 266 2265 batur
283 2221 408 2278 quod
429 2221 476 2265 in
500 2221 679 2266 Christo
700 2235 792 2266 non
811 2228 936 2268 esset
958 2223 1173 2268 voluntas
1196 2224 1429 2279 humana3
1451 2229 1497 2269 et
1522 2225 1586 2268 ita
1613 2224 1660 2268 in
1685 2237 1740 2269 eo
1768 2238 1858 2269 non
1885 2230 2009 2270 esset

129 2281 216 2327 nisi
240 2295 333 2326 una
355 2283 585 2328 voluntas.
624 2286 678 2328 Et
700 2284 911 2329 similiter
933 2286 1179 2342 Eutyches,
1211 2292 1261 2330 et
1288 2298 1455 2330 omnes
1484 2287 1560 2342 qui
1586 2292 1844 2342 posuerunt
1864 2300 2008 2333 unam

129 2348 342 2389 naturam
361 2346 663 2401 compositam
686 2345 731 2389 in
756 2346 950 2402 Christo,
972 2347 1257 2402 cogebantur
1277 2360 1450 2403 ponere
1475 2359 1618 2392 unam
1641 2348 1925 2393 voluntatem
1959 2349 2004 2393 in

128 2416 198 2449 ee.
221 2405 455 2450 Nestorius
478 2408 632 2462 etiam,
655 2407 761 2463 quia
780 2408 933 2463 posuit
949 2408 1168 2453 unionem
1181 2408 1318 2454 Dei-et
1339 2409 1539 2454 hominis
1553 2422 1658 2469 esse
1672 2411 1839 2454 factam
1855 2410 2006 2455 solum

128 2467 385 2511 secundum
414 2468 631 2512 affectum
653 2475 700 2512 et
722 2470 1032 2523 voluntatem,
1066 2467 1389 2526 posuit-unam
1418 2471 1707 2516 voluntatem
1741 2473 1787 2515 in
1812 2473 2006 2518 Christo.

130 2528 421 2572 Postmodum
442 2531 550 2573 vero
572 2531 791 2574 Macarius
810 2532 1121 2576 Antiochenus
1140 2529 1416 2588 patriarcha,
1436 2539 1482 2577 et
1494 2535 1639 2590 Cyrus
1655 2534 2006 2589 Alexandrinus,

128 2595 171 2632 et
193 2590 378 2646 Sergius
395 2592 942 2649 constantinopolitanus,
973 2604 1018 2638 et
1036 2594 1230 2651 quidam·
1248 2602 1408 2638 eorum
1435 2607 1657 2651 sequaces
1684 2603 1938 2652 posuerunt
1959 2597 2007 2641 in

127 2651 301 2716 Christo
323 2665 463 2697 unam
484 2654 787 2709 voluntatem,
818 2656 1032 2712 quamvis
1050 2661 1277 2713 ponerent
1299 2656 1419 2701 duas
1440 2663 1633 2702 naturas
1658 2658 1705 2703 in
1734 2659 1912 2704 Christo
1935 2672 2005 2705 se—

128 2714 329 2758 cundum
353 2715 639 2771 hypostasim
672 2717 855 2773 unitas;
881 2718 989 2775 quia
1018 2719 1330 2775 opinabantur
1364 2719 1490 2775 quod
1522 2720 1726 2765 humana
1755 2728 1917 2765 natura
1958 2722 2006 2765 in

128 2774 300 2818 Christo
324 2788 563 2832 nunquam
592 2777 864 2823 movebatur
893 2780 1079 2836 proprio
1114 2786 1271 2839 motu,
1307 2781 1390 2825 sed
1418 2781 1567 2824 solum
1594 2782 1851 2826 secundum
1883 2782 2006 2839 quod

130 2843 226 2878 erat
243 2841 366 2879 mota
388 2837 416 2880 a
439 2838 695 2896 Divinitate‚
726 2845 774 2884 ut
798 2845 924 2897 patet
945 2854 1002 2886 ex
1034 2836 1474 2899 epistolii'synodica
1499 2844 1749 2899 Agathonis
1772 2856 1905 2901 papae
1947 2847 2006 2899 (3)

130 2896 172 2949 (a
191 2898 311 2942 med.
332 2904 377 2943 et
395 2899 588 2944 habetur
607 2902 654 2946 in
677 2914 808 2947 conc.
830 2905 982 2949 Const.
1009 2918 1073 2960 m,
1090 2907 1250 2961 gener.
1270 2907 1314 2960 6,
1335 2910 1425 2949 act.
1448 2908 1508 2960 4).
1530 2931 1582 2938 —
1601 2908 1654 2951 Et
1677 2906 1779 2951 ideo
1802 2907 1849 2950 in
1875 2912 2006 2952 sexta

128 2957 304 3027 synodo
329 2960 453 3014 apud
474 2963 911 3019 Constantinopolim
935 2966 1167 3010 celebrata
1181 2967 1308 3022 (mox
1330 2967 1429 3021 cit„¹
1443 2972 1531 3011 act.
1549 2971 1619 3023 18,
1645 2980 1748 3025 quae
1765 2969 1917 3012 Graece
1935 2975 2007 3014 est

127 3022 179 3062 217
203 3031 247 3061 m
267 3020 420 3075 Symb.
442 3022 597 3066 Const.
618 3027 701 3068 150
724 3027 822 3077 PP.,
844 3031 1013 3071 versus-
1041 3027 1141 3082 fin.)
1172 3027 1532 3072 determinatum
1565 3034 1651 3084 est,
1685 3035 1894 3086 oportere
1916 3031 2003 3075 dici

127 3081 251 3137 quod
272 3082 315 3124 ln
341 3083 517 3126 Christo
542 3083 636 3127 sint
658 3085 762 3129 duae
783 3088 1045 3133 voluntates
1074 3105 1084 3133 :
1112 3089 1188 3132 ubi
1225 3089 1291 3133 sic
1321 3089 1525 3145 legitur:
1551 3093 1723 3135 «Juxta
1743 3092 1866 3148 quod
1895 3093 2003 3137 olim

128 3143 358 3198 prophetae
382 3143 438 3187 de
456 3144 650 3201 Christo,
673 3147 838 3203 etipse
862 3162 948 3194 nos
965 3151 1179 3206 erudivit,
1204 3156 1248 3194 et
1265 3155 1530 3195 sanctorum
1547 3154 1736 3212 'Patrum
1760 3154 1894 3197 nohis
1919 3160 2005 3198 tra-

168 3266 208 3303 (l)
229 3265 269 3299 Et
284 3265 365 3300 alibi
377 3268 506 3302 (Matth.
522 3272 599 3308 xxv)
614 3281 623 3302 t
642 3269 726 3303 Non
744 3271 839 3304 sicut
853 3282 916 3314 eqo
925 3274 1020 3312 volo,
1145 3272 1189 3314 (5)
1202 3272 1288 3305 Tum
1305 3284 1378 3314 <1¹¹ae
1394 3272 1435 3307 δᾶ
1451 3273 1704 3309 Constantinum
1720 3276 1927 3315 pogonatum
1942 3275 2002 3309 fm-

126 3313 187 3346 sed
206 3316 298 3346 sicut
317 3319 369 3347 tu.
392 3315 493 3350 (joan.
514 3316 572 3355 v):
597 3316 681 3350 Non
706 3327 829 3359 quoero
845 3320 1018 3353 volunta-
1104 3326 1305 3360 perator-em,
1336 3327 1407 3354 tum
1431 3333 1504 3360 ¹11¹ae
1530 3323 1570 3355 ad
1602 3322 1706 3363 ipsam
1731 3329 1878 3356 sanctam
1907 3334 2003 3361 syno-

128 3362 193 3394 tem
215 3371 340 3398 meam,
361 3362 421 3395 sed
436 3362 659 3397 voluntatem
671 3366 826 3408 ejusqui
844 3367 1017 3401 misitme.
1105 3367 1183 3400 dum
1203 3369 1293 3400 velut
1314 3369 1468 3407 quaedam
1492 3369 1573 3403 fidei
1606 3369 1752 3404 directio
1776 3376 1811 3403 et
1825 3370 2001 3403 instructio

165 3408 208 3448 (2)
232 3408 366 3442 Scilicet
386 3411 419 3443 in
448 3417 542 3450 parte
566 3413 722 3446 rationali
749 3426 923 3455 perquam
950 3421 1018 3450 tota
1103 3414 1296 3448 transmissa
1310 3420 1370 3449 est.

124 3456 276 3495 superior
295 3469 371 3496 pars
385 3458 503 3491 animae
522 3459 735 3498 intelligitur.
