2170 3808
760 245 955 297 QUAEST.
986 244 1053 299 Ll,
1085 243 1200 286 ART.
1231 241 1281 286 11.
1676 230 1679 235 ’
1885 237 1971 281 433

94 335 143 377 ιιι
156 329 349 376 habetur
361 326 508 384 (Marci
517 327 606 382 xv),
618 328 664 370 et
680 324 707 368 a
718 323 979 379 Nicodem0‚
993 323 1069 379 qui
1086 325 1188 367 erat
1204 323 1418 378 princeps
1427 318 1703 374 Iudaeorum,
1717 319 1770 361 ιιι
1783 292 1978 360 ιιιιὶῑιθιιιιξ

108 395 234 438 Joan.
262 405 305 436 ιιι
327 425 338 435 .

94 396 107 449 ί
147 457 190 500 2.
218 396 455 504 Praeierea,
477 449 599 495 circa
628 447 856 492 Christum
885 458 980 490 non
1003 443 1163 490 debuit
1184 441 1358 500 aliquid
1379 442 1485 487 fieri
1523 440 1649 499 quod
1667 443 1790 486 esset
1815 450 1976 496 super-

93 513 280 560 fluitatis
298 509 574 568 exemplum.
598 507 784 553 Videtur
804 513 960 552 autem
985 503 1319 562 superfluitatis
1350 503 1499 548 fuisse
1517 501 1643 559 quod
1661 501 1720 547 ad
1747 500 1975 559 sepelien-

94 578 204 623 dum
235 576 460 622 Christum
495 570 768 618 Nicodemus
791 573 911 614 venit
937 573 1086 623 serens
1113 570 1364 611 mixturam
1396 566 1598 622 myrrhae
1626 568 1671 609 et
1693 564 1816 608 aloes
1847 564 1979 620 quasi

95 636 235 684 libras
251 640 500 692 centum-‚ut
508 633 676 680 dicitur
691 635 835 686 (ioan.
853 635 955 685 xlx),
971 629 1227 687 praesertim
1247 627 1354 673 cum
1365 627 1528 670 mulier
1531 630 1806 683 praevenerit
1816 638 1978 684 corpus

93 703 192 751 eius
216 711 377 758 unqere
397 699 444 742 in
461 696 759 754 sepulturam,
776 698 829 739 ιιι
842 693 1010 739 dicitur
1030 694 1176 747 (Marc.
1203 691 1288 745 xxv)
1306 692 1380 746 (1).
1403 691 1501 733 Non
1525 699 1637 744 ergo
1654 686 1742 732 fuit
1758 687 1847 732 hoc
1864 700 1975 733 con-

98 761 332 806 venienter
348 758 469 805 circa
487 757 716 803 Christum
730 757 920 801 factum.
1742 809 1753 819 -

147 825 190 865 3.
221 823 458 876 Praeterea,
471 831 565 863 non
579 822 650 864 est
672 817 954 862 conveniens
967 818 1020 859 ut
1034 813 1221 871 aliquod
1235 813 1410 858 factum
1421 810 1507 857 sibi
1524 810 1611 869 ipsi
1627 810 1689 856 sit
1709 810 1972 855 dlssonum.

97 883 178 927 Sed
205 883 440 941 sepultura
451 880 613 926 Christi
633 879 720 925 fuit
737 879 935 935 simplex
949 889 1006 922 ex
1019 889 1114 921 una
1131 879 1278 932 parte,
1292 875 1401 932 quia
1420 873 1595 919 scilicet
1606 872 1773 928 loseph
1791 871 1976 917 involvit

95 959 255 1001 corpus
268 945 418 1000 ejusin
429 944 615 987 sindone
629 942 816 995 munda,
837 945 890 984 ut
909 938 1077 984 dicitur
1092 937 1257 995 (Matth.
1273 939 1421 992 xxvu),
1446 948 1540 980 non
1557 939 1713 980 autem
1732 946 1865 1004 auro,
1892 938 1976 978 aut

99 1009 293 1062 ammte,
314 1009 393 1050 aut
414 1008 571 1060 serico5
595 1010 647 1049 ιιι
668 1004 975 1060 Hieronymus
1008 1000 1118 1045 ibid.
1155 999 1290 1054 dicit;
1317 1010 1375 1043 ex
1401 998 1490 1042 alia
1511 997 1621 1042 vero
1637 1002 1768 1054 parte
1793 995 1977 1040 vldetur

98 1068 235 1113 fuisse
257 1067 514 1125 ambitiosa,
539 1067 816 1123 inquantum
836 1076 943 1109 eum
958 1074 1065 1108 cum
1084 1061 1369 1106 aromatibus
1391 1059 1688 1117 sepelierunt.
1710 1058 1830 1114 Ergo
1847 1057 1972 1102 vide-

94 1133 170 1173 tur
189 1140 282 1174 non
299 1127 444 1174 fuisse
463 1126 749 1172 conveniens
771 1126 938 1170 modus
959 1123 1208 1179 sepulturae
1241 1120 1420 1166 Christi.
1500 1154 1501 1163 ,

148 1193 190 1234 4.
220 1192 459 1246 Praeterea,
487 1199 767 1246 quaecumque
796 1189 969 1242 scripta
1001 1186 1105 1228 sunt
1128 1182 1360 1239 praecipue
1387 1182 1445 1226 de
1463 1181 1657 1235 Christo,
1680 1180 1745 1224 ad
1770 1183 1975 1224 nostram

96 1249 351 1295 doctrinam
371 1252 543 1308 scripta
559 1253 680 1304 sunt,
697 1251 751 1293 ut
768 1245 934 1293 dicitur
946 1247 1088 1299 (Rom.
1124 1257 1197 1300 xv,
1220 1246 1281 1297 4).
1301 1242 1389 1287 Sed
1407 1242 1622 1299 quaedam
1641 1240 1910 1286 scribuntur
1925 1240 1975 1286 in

93 1312 351 1369 Evangeliis
368 1312 492 1358 circa
511 1310 776 1369 sepulcrum
792 1307 956 1353 Christi
978 1305 1144 1364 quaein
1174 1305 1305 1350 nullo
1325 1305 1546 1350 videntur
1568 1304 1627 1349 ad
1643 1307 1849 1348 nostram
1866 1303 1974 1347 doc-

93 1371 260 1417 trinam
293 1372 558 1430 pertinere=
586 1371 706 1418 sicut
730 1369 855 1427 quod
874 1369 959 1414 suit
992 1368 1203 1426 sepul-tus
1218 1367 1266 1411 in
1284 1367 1434 1423 horto,
1451 1366 1575 1424 quod
1604 1366 1652 1410 in
1673 1368 1975 1410 monumento

93 1433 258 1489 alieno,
274 1438 319 1479 et
337 1446 474 1490 novo,
487 1437 535 1480 et
551 1433 707 1479 exciso
727 1432 776 1477 in
792 1436 936 1489 petra.
953 1429 1290 1475 inconveniens
1304 1442 1416 1487 ergo
1435 1429 1524 1474 fuit
1537 1428 1706 1474 modus
1723 1426 1976 1485 sepulturae

93 1495 271 1540 Christi.

149 1556 235 1602 Sed
254 1559 416 1600 contra
443 1550 514 1600 e'st
531 1555 657 1611 quod
675 1553 844 1601 dicitur
862 1555 965 1608 (isa.
985 1566 1045 1610 ιιι,
1075 1554 1146 1607 10)
1170 1567 1181 1597 z
1203 1556 1264 1596 Et
1284 1554 1372 1596 erit
1391 1552 1650 1608 sepulcrum
1674 1553 1772 1608 ejus
1804 1550 1973 1607 ytem-

94 1630 192 1662 sum
215 1619 291 1671 (2).

140 1684 426 1726 CONCLUSIO.
451 1706 500 1712 —-
517 1681 784 1724 convenienti
805 1681 949 1723 ordine
961 1684 1002 1722 et
1021 1681 1144 1723 modo
1165 1681 1376 1723 Christum
1397 1681 1524 1722 fuisse
1543 1679 1755 1733 sepultum
1767 1675 1978 1732 Scriptura

94 1740 261 1791 exponit
274 1736 520 1790 evangelica.
569 1773 571 1778 ,

147 1801 414 1858 Respondeo
431 1799 676 1846 dicendum
697 1798 821 1856 quod
833 1798 1000 1843 modus
1015 1798 1269 1856 sepulturae
1289 1798 1451 1844 Christi
1469 1796 1730 1843 ostenditur
1744 1809 1848 1843 esse
1865 1810 1977 1843 con-

93 1862 287 1908 veniens
301 1862 528 1920 quantum
547 1861 606 1906 ad
623 1860 725 1905 tria.
745 1859 895 1904 Primo
911 1860 1098 1918 quidem
1121 1861 1357 1918 quantum*
1373 1861 1433 1906 ad
1451 1859 1815 1905 confirmandam
1836 1860 1976 1906 fidem

94 1922 257 1969 mortis
293 1927 340 1970 et
378 1921 728 1968 resurrectionis
771 1921 934 1978 ipsius,
967 1922 1179 1967 Secundo
1212 1922 1272 1968 ad
1306 1921 1724 1967 commendandam
1757 1921 1977 1978 pietatem
2013 1978 2015 1982 ,

93 1996 254 2031 corum
274 1984 354 2044 qui
377 1996 486 2030 eum
521 1984 818 2042 sepelierunt.
843 1982 971 2028 Unde
1008 1984 1294 2039 Augustinus
1313 1983 1423 2028 dicit
1446 1987 1522 2038 (De
1562 1983 1651 2028 civ.
1693 1983 1786 2038 Dei,
1816 1983 1897 2028 lib.
1924 1996 1974 2042 ιι,
2013 1994 2031 2035 ι,

70 2059 195 2107 fflp.
216 2048 289 2104 13,
308 2045 431 2092 circa
445 2046 588 2099 med.)
607 2061 618 2090 ε
647 2063 667 2084 «
681 2044 988 2090 Laudabiliter
1007 2051 1429 2091 commemorantur
1447 2046 1495 2090 in
1511 2045 1760 2103 Evangelio
1778 2045 1858 2103 qui
1875 2057 1976 2091 cor·

93 2117 182 2166 pus
198 2108 301 2167 ers
310 2107 369 2153 de
384 2119 523 2153 cruce
540 2111 780 2164 acceptum
797 2107 1041 2162 diligenter
1059 2112 1200 2164 atque
1214 2108 1464 2152 honorifice
1482 2107 1734 2164 tegendum
1749 2107 1976 2164 sepelien-

94 2169 298 2227 dumque
317 2170 553 2215 curarunt.
565 2187 585 2208 2»
601 2167 766 2226 Tertio,
788 2170 1014 2226 quantum
1050 2169 1110 2215 ad
1126 2169 1402 2227 mysterium
1419 2181 1503 2226 per
1523 2169 1649 2227 quod
1669 2168 1977 2214 informantur

95 2230 160 2275 illi
176 2231 255 2288 qui
279 2230 455 2275 Christo
474 2229 853 2286 consepeliuntur
872 2230 920 2274 in
940 2236 1152 2276 mortem.
1555 2285 1563 2292 ι

151 2292 217 2338 Ad
247 2295 447 2350 primum
483 2305 594 2349 ergo
614 2292 878 2349 dicendum,
908 2291 1033 2350 quod
1055 2293 1176 2338 circa
1209 2297 1405 2338 mortem
1428 2291 1591 2337 Christi
1626 2294 1977 2339 commendatur

97 2353 314 2410 patientia
335 2358 382 2399 et
415 2354 677 2398 constantia
711 2353 875 2411 ipsiuS‚
913 2354 992 2411 qui
1032 2360 1225 2399 mortem
1254 2358 1326 2399 est
1358 2365 1542 2410 passuS,
1565 2357 1613 2399 et
1647 2354 1776 2398 tanto
1808 2355 1975 2412 magia,

97 2414 270 2471 quanto
287 2427 415 2461 mors
429 2416 516 2461 fuit
534 2415 756 2473 abjectior
778 2430 789 2458 ε
810 2416 891 2460 sed
910 2416 958 2459 in
979 2417 1214 2473 sepultura
1229 2416 1482 2460 honorifica
1500 2415 1819 2461 consideratur
1828 2416 1976 2463 virtus

97 2476 352 2534 morientis,
376 2477 456 2535 qui
476 2481 637 2522 contra
659 2477 963 2522 intentionem
996 2477 1306 2523 occidentium
1337 2477 1474 2523 etiam
1497 2482 1709 2523 mortuus
1729 2477 1978 2525 honorifice

98 2537 338 2595 sepelitur;
359 2543 407 2584 et
420 2538 740 2596 praefiguratur
753 2539 935 2584 devotio
947 2539 1172 2596 fidelium,
1193 2539 1420 2597 quierant
1438 2539 1615 2586 Christo
1634 2545 1818 2585 mortuo
1837 2542 1978 2586 servi-

99 2599 190 2644 turi
213 2602 286 2654 (3).

153 2660 220 2706 Ad
240 2661 483 2705 secundum
506 2661 770 2715 dicendum,
794 2661 917 2718 quod
940 2662 986 2706 in
1002 2662 1091 2706 hoc
1111 2661 1236 2720 quod
1254 2661 1546 2717 Evangelista
1571 2660 1683 2706 dicit
1706 2660 1832 2718 quud
1849 2675 1977 2719 sepe-

101 2722 269 2767 lierunt
285 2737 401 2780 eum,
418 2725 532 2767 sicut
550 2737 642 2767 mos
654 2726 719 2767 est
732 2726 900 2768 Judaeis
917 2726 1124 2782 sepelire,
1142 2725 1262 2770 sicut
1276 2724 1563 2781 Augustinus
1577 2723 1687 2768 dicit
1701 2726 1830 2783 (Sup.
1845 2727 1976 2772 Joan.

101 2786 233 2828 tract.
268 2786 368 2839 120,
391 2783 514 2829 circa
534 2784 692 2840 med.)‚
722 2785 994 2830 «admonuit
1011 2786 1059 2830 in
1077 2786 1342 2843 hujusmodi
1363 2785 1526 2830 officiis
1554 2797 1659 2842 quae
1680 2785 1876 2831 mortuis
1894 2798 1979 2832 ex-

99 2842 332 2900 hibentur,
365 2855 541 2890 morem
576 2844 826 2902 cuiuslibet
866 2847 1016 2903 gentis
1050 2859 1154 2892 esse
1192 2846 1490 2892 servandum.
1530 2848 1638 2890 Erat
1660 2850 1816 2893 autem
1841 2846 1979 2894 istius

102 2904 254 2960 gentis
277 2905 564 2951 consuetudo
581 2911 635 2951 ut
667 2913 952 2953 mortuorum
980 2921 1171 2966 corpora
1192 2909 1332 2953 variis
1351 2908 1632 2953 aromatibus
1663 2907 1977 2967 condirentur,

106 2970 156 3010 ut
174 2966 348 3012 diutius
370 2972 663 3012 servarentur
683 2968 839 3014 illaesa.
857 2989 877 3010 u
904 2971 1031 3016 Unde
1047 2976 1094 3015 et
1117 2973 1194 3023 (De
1212 2971 1355 3016 doctr.
1375 2970 1534 3014 christ.
1551 2969 1630 3014 lib.
1655 2983 1714 3027 ιιι,
1736 2981 1838 3027 cap.
1863 2973 1934 3022 12,
1952 2971 1980 3015 a

101 3027 268 3084 princ.)
303 3028 468 3075 dicitur
498 3029 620 3086 quud
652 3047 673 3068 κ
695 3030 743 3074 in
780 3033 997 3078 omnibus
1030 3033 1200 3078 talibus
1236 3045 1330 3077 non
1358 3044 1476 3077 usus
1511 3043 1683 3089 rerum,
1719 3031 1804 3077 sed
1835 3031 1979 3078 libido

102 3089 276 3134 utentis
296 3089 344 3135 in
365 3090 500 3148 culpa
515 3095 633 3147 est3»
660 3095 705 3136 et
719 3098 878 3148 postea
893 3094 1051 3139 subdit
1072 3110 1082 3137 ε
1110 3094 1270 3147 «Quod
1288 3093 1335 3137 in
1359 3093 1460 3137 aliis
1476 3092 1687 3150 personis
1703 3093 1979 3150 plerumque

103 3150 328 3208 flagitium
364 3156 456 3208 est,
500 3153 548 3196 in
587 3152 740 3197 divina
756 3188 768 3208 ,
813 3155 888 3199 vel
926 3155 1194 3212 prophetica
1232 3167 1453 3211 persona,
1477 3154 1691 3198 maximae
1735 3154 1977 3212 cujusdam

146 3274 192 3316 (l)
210 3273 349 3317 Quando
362 3273 422 3308 sub
445 3280 594 3316 tempore
614 3275 773 3316 passionis
791 3284 999 3317 unguentum
1084 3277 1188 3311 lirent
1203 3276 1373 3311 Christum
1399 3277 1450 3311 vel
1469 3289 1588 3317 corpus
1607 3283 1677 3318 ejus
1701 3278 1718 3312 ἒι
1738 3278 1848 3312 Pilato
1867 3278 1909 3311 ad
1934 3289 1980 3312 se-

108 3328 207 3362 mper
220 3327 318 3362 caput
336 3325 410 3360 ejus
422 3321 555 3357 effudit.
797 3366 799 3369 ᾖ
1083 3324 1253 3366 pulturam
1270 3324 1478 3365 postularent
1492 3338 1501 3359 t
1516 3336 1679 3367 pauperes
1696 3327 1787 3360 enim
1807 3330 1839 3360 et
1857 3324 1978 3367 plebeii

149 3369 192 3411 (2)
207 3368 249 3402 Ut
264 3368 298 3402 in
313 3368 453 3409 Vulgata
473 3381 557 3404 vers.
575 3379 601 3404 ιι
621 3370 764 3405 habetur
784 3384 792 3405 ε
811 3370 864 3406 vel
885 3383 1000 3406 sccun—
1082 3384 1142 3406 nec
1162 3372 1204 3406 ad
1222 3371 1370 3407 Pilatum
1388 3373 1544 3408 accedere
1561 3373 1602 3408 ad
1616 3373 1855 3415 postulandum
1881 3372 1978 3411 illud.

115 3414 190 3450 dum
203 3424 269 3451 Lxx
291 3428 299 3449 :
320 3417 404 3451 Erit
419 3419 561 3461 requies
578 3418 656 3460 ejus
674 3420 802 3453 honor.
1084 3430 1143 3453 nec
1160 3420 1299 3461 sepelire
1314 3419 1384 3455 ausi
1398 3424 1519 3455 essent.

148 3465 192 3505 (ὅ)
212 3464 339 3499 Divites
356 3465 508 3505 oportuit
527 3469 559 3499 ct
574 3465 752 3500 honoratos
768 3478 821 3500 cos
837 3466 895 3507 qui
908 3478 998 3508 sepe-
