2170 3808
175 210 259 254 562
817 205 1018 257 QUAEST.
1050 205 1190 259 LXVI,
1219 205 1339 247 Am.
1373 206 1442 249 w.

177 291 318 346 igitur
343 287 671 334 transmutatio
692 286 815 331 circa
842 299 1012 343 aquam
1038 287 1159 330 sacta
1182 291 1253 330 est
1284 299 1367 343 per
1390 293 1552 342 artem,
1593 289 1690 333 sive
1716 289 2077 345 commiscendo.

178 353 276 398 sive
297 351 554 404 alterando,
575 361 670 393 non
693 351 1033 394 transmutatur
1056 348 1237 405 species
1262 360 1412 404 aquae.
1446 349 1575 394 Unde
1602 350 1651 394 in
1681 351 1762 394 tali
1792 363 1914 406 aqua
1933 356 2078 408 potest

177 415 272 460 fieri
296 414 556 470 baptismus
576 414 657 466 (υς
684 411 773 455 nisi
796 411 915 455 forte
948 423 1070 468 aqua
1092 411 1406 454 admisceatur
1439 423 1523 468 per
1553 417 1701 457 artem
1735 411 1783 456 in
1816 418 1911 456 tam
1941 425 2079 469 parva

178 476 435 534 quantitate
455 474 593 518 alicui
624 473 829 530 corpori,
853 474 977 530 quod
1011 473 1324 529 compositum
1353 473 1508 529 magis
1540 473 1601 518 sit
1622 474 1747 518 aliud
1780 475 1922 531 quam
1943 487 2078 531 aqua,

178 539 300 584 sicut
319 538 469 581 lutum
493 536 644 592 magis
668 542 739 580 est
757 541 882 580 teria
904 536 1048 592 quam
1071 549 1192 591 aqua
1209 569 1221 590 ‚
1253 540 1300 579 et
1318 535 1482 579 vinum
1514 536 1806 594 lymphatum
1831 537 1979 592 magis
2009 540 2081 581 est

178 601 339 644 vinum
360 598 502 656 quam
521 611 659 655 aqua.
683 623 732 630 --
755 599 843 642 Sed
865 599 1207 651 transmutatio,
1230 610 1336 653 quae
1354 596 1405 641 fit
1424 597 1451 640 a
1473 603 1655 655 natura,
1678 599 1959 656 quandoque
1981 598 2081 656 qui-

178 663 284 708 dem
309 663 514 718 speciem
533 674 667 717 aquae
687 660 855 713 solvit;
881 667 927 704 et
947 662 1034 704 hoc
1053 660 1105 704 fit
1122 660 1312 716 quaudo
1328 672 1450 715 aqua
1463 661 1664 706 efficitur
1683 674 1766 718 per
1789 666 2002 705 naturam
2022 659 2083 707 de

179 724 443 770 substantia
461 723 661 780 alicujus
685 723 892 779 corporis
912 722 1074 774 mixti,
1103 722 1226 765 sicut
1253 734 1375 778 aqua
1391 734 1620 767 conversa
1646 724 1695 767 in
1725 723 1951 778 liquorem
1980 734 2081 768 uvae

177 791 251 831 est
269 786 450 840 vinum,
470 785 597 829 unde
618 797 712 828 non
738 784 878 829 habet
901 783 1102 839 speciem
1127 795 1285 839 aquae3
1308 783 1561 840 aliquando
1582 789 1738 829 autem
1768 781 1819 828 fit
1843 797 1925 841 per
1948 789 2083 828 natu-

183 859 277 894 ram
298 847 626 892 transmutatio
651 842 785 903 'aquae
812 847 916 889 sine
939 845 1174 889 solutione
1192 845 1392 901 speciei3
1418 850 1466 889 et
1497 846 1585 890 hoc
1613 851 1707 891 tam
1738 859 1821 903 per
1849 844 2084 890 alteratio-

180 920 308 964 nem,
332 909 455 953 sicut
485 914 612 963 patet
639 908 698 952 de
728 920 850 964 aqua
882 908 1105 951 calefacta
1136 907 1163 949 a
1195 907 1322 959 sole,
1351 906 1492 963 quam
1514 906 1655 952 etiam
1676 920 1761 964 per
1782 907 2085 961 mixtionem,

180 970 301 1015 sicut
321 975 446 1026 patet
469 970 527 1014 de
548 982 671 1026 aqua
688 969 899 1013 fluminis
922 968 1110 1013 turbida
1133 981 1192 1013 ex
1215 968 1523 1024 permixtione
1548 969 1836 1014 terrestrium
1863 968 2082 1025 pardum.

180 1032 253 1077 Sic
267 1045 380 1088 ergo
397 1032 645 1076 dicendum
663 1036 733 1076 est
756 1031 881 1087 quod
901 1031 949 1074 in
968 1030 1176 1087 qualibet
1195 1043 1318 1086 aqua
1336 1030 1740 1088 qualitercumque
1758 1034 2082 1082 transmutata,

180 1094 435 1139 dummodo
462 1106 553 1138 non
574 1094 782 1138 solvatur
802 1092 984 1150 species
1002 1105 1137 1149 aquae
1151 1126 1163 1148 ,
1186 1097 1341 1148 potest
1363 1090 1464 1137 fieri
1485 1092 1769 1150 baptismus,
1795 1093 1835 1137 si
1860 1092 1971 1136 vero
1989 1091 2085 1135 sol-

180 1161 315 1201 vatur
337 1156 516 1212 species
535 1169 687 1213 aquae,
713 1169 804 1200 non
826 1161 978 1212 potest
999 1155 1096 1199 fieri
1117 1155 1395 1211 baptismus.

226 1219 302 1264 ,Ad
321 1222 521 1273 primum
546 1230 659 1273 ergo
683 1218 932 1263 dicendum
946 1251 957 1273 ,
977 1217 1105 1274 quod
1127 1218 1456 1262 transmutatio
1489 1218 1612 1262 facta
1633 1217 1680 1261 in
1709 1229 1831 1273 aqua
1847 1215 2019 1272 maris,
2038 1222 2085 1261 et

180 1281 321 1326 etiam
340 1281 388 1324 in
409 1281 512 1325 aliis
532 1280 668 1336 aquis
697 1292 802 1336 quae
820 1292 966 1336 penes
987 1292 1074 1323 nos
1104 1285 1244 1336 sunt,
1270 1293 1363 1324 non
1396 1286 1467 1324 est
1497 1285 1627 1324 tanta
1651 1279 1779 1337 quod
1799 1279 1950 1324 solvat
1981 1290 2086 1336 spe-

182 1342 299 1388 ciem
321 1354 473 1399 aquae.
494 1345 547 1386 Et
566 1342 671 1386 ideo
695 1343 741 1386 in
763 1341 1034 1398 hujusmodi
1054 1343 1191 1398 aquis
1210 1347 1361 1398 potest
1379 1341 1478 1386 fieri
1498 1341 1777 1398 baptismus.

235 1405 303 1450 Ad
324 1406 570 1449 secundum
598 1405 876 1462 dicendum,
900 1404 1027 1462 quod
1055 1405 1278 1450 admixtio
1304 1404 1568 1450 chrismatis
1598 1417 1693 1449 non
1719 1403 1858 1448 solvit
1881 1401 2086 1460 speciem

183 1480 332 1525 aquae,
353 1466 474 1511 sicut
491 1479 578 1510 nec
597 1466 735 1510 etiam
760 1479 886 1523 aqua
906 1466 1191 1511 decoctionis
1222 1467 1433 1511 carnium
1463 1471 1546 1511 aut
1573 1466 1772 1510 aliorum
1792 1463 2082 1520 hujusmodi3

183 1529 273 1575 nisi
288 1530 405 1573 forte
424 1530 486 1573 sit
499 1529 620 1573 facta
641 1533 771 1573 tanta
787 1529 1010 1573 resolutio
1028 1541 1280 1585 corporum
1299 1529 1549 1573 lixatorum
1565 1528 1614 1572 in
1634 1540 1774 1584 aqua,
1792 1527 1919 1583 quod
1937 1527 2088 1582 liquor

183 1592 290 1648 plus
326 1591 495 1635 habeat
527 1590 585 1635 de
619 1590 773 1635 aliena
805 1590 1073 1635 substantia
1094 1591 1236 1647 quam
1270 1590 1328 1636 de
1360 1603 1512 1647 aqua,
1536 1590 1665 1647 quod
1692 1601 1754 1635 ex
1785 1588 2089 1646 spissitudine

183 1653 380 1710 perspici
406 1657 573 1708 potest.
601 1652 644 1696 Si
668 1658 823 1696 tamen
847 1664 905 1696 ex
937 1652 1118 1709 liquore
1141 1651 1207 1696 sic
1230 1652 1484 1708 inspissato
1514 1651 1802 1709 exprimatur
1833 1662 1954 1708 aqua
1982 1649 2090 1694 sub-

184 1714 293 1769 tilis,
316 1718 470 1769 potest
485 1712 532 1757 in
549 1725 604 1758 ea
619 1712 721 1757 fieri
736 1713 1018 1770 baptismus,
1042 1713 1166 1758 sicut
1186 1713 1303 1758 etin
1325 1726 1448 1770 aqua
1469 1725 1576 1771 quae
1596 1712 1880 1771 exprimitur>
1893 1723 1954 1757 ex
1971 1710 2087 1768 luto,

183 1776 291 1821 licet
309 1776 356 1819 in
376 1776 475 1820 luto
496 1775 762 1831 baptismus
783 1775 885 1820 fieri
905 1788 1000 1820 non
1023 1776 1186 1832 possit.

237 1837 304 1882 Ad
333 1840 519 1881 tertium
540 1837 792 1883 dicendum
808 1872 820 1891 ,
844 1838 970 1894 quod
996 1851 1119 1894 aqua
1145 1837 1300 1882 fluens
1332 1839 1390 1884 de
1413 1841 1559 1884 latere
1581 1837 1747 1883 Christi
1768 1836 2020 1898 pendentis
2039 1836 2087 1881 in

183 1912 323 1944 cruce
354 1913 449 1944 non
484 1900 570 1944 fuit
603 1900 772 1944 humor
803 1900 1169 1958 phlegmaticus,
1194 1905 1247 1945 ut
1281 1901 1473 1958 quidam
1507 1900 1752 1956 dixerunt3
1787 1900 1834 1945 in
1866 1899 1941 1944 tali
1964 1900 2089 1946 enim

184 1962 380 2007 humore
401 1975 496 2006 non
521 1968 679 2018 posset
696 1962 797 2006 fieri
816 1962 1094 2020 baptismus,
1118 1963 1240 2008 sicut
1260 1975 1347 2008 nec
1370 1964 1418 2007 in
1441 1964 1672 2022 sanguine
1690 1961 1921 2018 animalis,
1943 1962 2088 2007 autin

183 2023 312 2081 vino,
333 2029 413 2068 aut
430 2036 730 2081 quocumque
751 2024 934 2082 liquore
958 2024 1157 2082 aliqu‘us
1175 2026 1362 2082 plantae.
1386 2026 1489 2071 Fuit
1508 2032 1665 2072 autem
1692 2038 1815 2083 aqua
1841 2037 1978 2082 pura,
2006 2024 2090 2069 mi·

185 2087 399 2131 raculose
421 2087 670 2142 egrediens
689 2086 717 2130 a
735 2099 931 2144 corpore
952 2093 1156 2143 mortuo,
1179 2088 1301 2133 sicut
1320 2092 1366 2133 et
1387 2089 1601 2147 sanguis,
1619 2088 1678 2134 ad
1691 2086 2088 2144 comprobandam

185 2150 430 2195 veritatem
451 2149 672 2195 dominici
693 2150 918 2207 corporis,
939 2156 1103 2195 contra
1122 2151 1479 2197 Manichaeorum
1503 2163 1725 2207 errorem,
1742 2154 1797 2196 ut
1814 2150 1990 2195 scilicet
2007 2163 2090 2207 per

187 2224 374 2269 aquam,
396 2224 502 2268 quae
524 2217 604 2256 est·
619 2224 768 2256 unum
786 2217 988 2269 quatuor
1005 2213 1365 2271 elementorum,
1387 2214 1715 2259 ostenderetur
1736 2225 1907 2269 corpus
1924 2213 2087 2258 Christi

186 2274 297 2318 vere
316 2273 460 2318 fuisse
482 2274 794 2330 compositum
813 2286 871 2319 ex
892 2279 1092 2331 quatuor
1108 2275 1376 2332 elementis3
1402 2288 1487 2333 per
1506 2275 1786 2333 sanguinem
1805 2274 1916 2323 vero
1933 2282 2090 2320 osten-

187 2335 373 2381 deretur
392 2348 497 2380 esse
519 2336 829 2392 compositum
849 2348 909 2380 ex
931 2341 1132 2393 quatuor
1155 2337 1451 2383 humoribus.

241 2398 309 2443 Ad
327 2400 546 2453 quartum
565 2397 832 2453 dicendum,
852 2397 979 2455 quod
997 2399 1046 2443 in
1066 2399 1226 2444 lixivio
1243 2401 1354 2445 etin
1373 2400 1508 2458 aquis
1525 2400 1889 2456 sulphureorum
1902 2398 2090 2445 balneo-

189 2472 294 2506 rum
315 2464 470 2517 potest
486 2459 587 2504 fieri
607 2460 887 2516 baptismus,
910 2461 1024 2518 quia
1041 2461 1160 2506 tales
1189 2474 1326 2519 aquae
1350 2475 1445 2507 non
1464 2462 1824 2520 incorporantur
1841 2473 1925 2517 per
1941 2467 2088 2510 artem

190 2522 264 2567 vel
286 2527 503 2566 naturam
526 2522 761 2579 aliquibus
783 2522 1059 2578 corporibus
1080 2524 1239 2569 mixtis
1256 2558 1268 2582 ,
1291 2525 1376 2570 sed
1395 2524 1548 2569 solum
1574 2523 1896 2570 alterationem
1918 2536 2090 2584 quam-

191 2586 296 2631 dam
320 2585 554 2642 recipiunt
571 2597 629 2630 ex
650 2586 741 2630 hoc
757 2586 884 2642 quod
905 2590 1154 2632 transeunt
1175 2599 1259 2644 per
1277 2588 1434 2645 aliqua
1452 2599 1665 2644 corpora.

243 2647 310 2693 Ad
332 2650 539 2703 quintum
568 2646 847 2703 dicendum,
871 2646 997 2705 quod
1019 2661 1141 2705 aqua
1159 2661 1351 2694 rosacea
1378 2654 1453 2694 est
1479 2649 1635 2707 liquor
1662 2661 1785 2695 rosae
1813 2648 2050 2696 resolutus
2070 2665 2085 2695 z

191 2710 316 2756 unde
337 2710 385 2754 in
418 2722 475 2755 ea
508 2722 604 2754 non
637 2713 793 2767 potest
825 2709 921 2755 fieri
952 2710 1239 2769 baptismus3
1277 2717 1325 2757 et
1351 2711 1517 2757 eadem
1545 2711 1725 2759 ratione
1751 2728 1842 2761 nec
1870 2713 1920 2758 in
1953 2713 2088 2771 aquis

191 2772 462 2828 alchimiciS‚
497 2773 618 2817 sicut
652 2785 738 2818 nec
766 2773 816 2817 in
838 2772 966 2818 vino.
989 2776 1083 2819 Nec
1111 2779 1183 2820 est
1209 2775 1373 2820 eadem
1394 2775 1512 2820 ratio
1528 2775 1586 2821 de
1616 2776 1752 2832 aquis
1774 2775 2084 2835 pluvialibus,

191 2847 295 2892 quae
314 2839 600 2892 generantur
620 2847 681 2880 ex
697 2834 863 2892 maj0ri
880 2839 1013 2892 parte
1031 2848 1091 2881 ex
1109 2837 1440 2883 sublimatione
1458 2849 1686 2895 vaporum
1703 2839 2014 2884 resolutorum
2029 2850 2085 2883 ex
2135 2866 2138 2871 ·

192 2896 349 2954 aquis;
370 2897 619 2942 minimum
637 2901 793 2942 autem
813 2902 885 2943 est
901 2897 965 2942 ibi
983 2898 1043 2944 de
1066 2899 1330 2957 liquoribus
1346 2912 1598 2957 corporum
1615 2900 1890 2958 mixtorum,
1911 2900 1991 2958 qui
2014 2904 2085 2945 ta-

192 2970 301 3004 men
324 2971 408 3015 per
430 2959 699 3015 hujusmodi
722 2959 1100 3006 sublimationem
1123 2961 1294 3008 virtute
1316 2968 1523 3020 naturae,
1551 2974 1660 3020 quae
1678 2968 1750 3008 est
1769 2963 1931 3008 fortior
1959 2965 2082 3018 arte,

191 3021 491 3066 resolvuntur
509 3022 557 3066 in
577 3034 737 3067 veram
759 3035 948 3080 aquam,
967 3023 1095 3081 quod
1107 3036 1186 3068 ars
1202 3025 1356 3070 facere
1376 3037 1471 3069 non
1490 3029 1671 3082 potest:
1695 3024 1822 3071 unde
1838 3036 1962 3081 aqua
1978 3023 2086 3081 plu-

193 3081 327 3126 vialis
349 3083 527 3127 nullam
549 3083 879 3140 proprietatem
902 3086 1073 3130 retinet
1093 3086 1293 3131 alicu'us
1313 3086 1522 3145 corporis
1539 3086 1699 3145 mixti,
1720 3086 1849 3146 quod
1870 3086 1929 3132 de
1949 3084 2085 3144 aquis

193 3144 396 3189 rosaceis
416 3148 464 3189 et
484 3145 620 3202 aquis
637 3146 892 3192 alchimicis
907 3147 1000 3193 dici
1019 3160 1115 3193 non
1133 3161 1193 3206 po
1267 3153 1286 3194 t
1305 3150 1378 3205 (2).

234 3266 279 3309 (l)
296 3267 385 3302 Hinc
410 3267 509 3303 docet
523 3270 560 3303 S.
582 3269 708 3304 Ductor
721 3269 925 3310 baptismum
942 3270 1015 3306 fore
1030 3283 1096 3308 va·
1225 3271 1269 3313 (2)
1285 3271 1362 3307 No·
1381 3274 1493 3313 potest
1504 3271 1584 3307 fieti
1601 3271 1789 3314 hminum
1800 3271 1838 3306 in
1851 3272 1975 3313 glacie,
1990 3271 2082 3315 nive‘

195 3315 302 3350 lidum
317 3316 353 3351 in
362 3328 450 3358 aqua
465 3317 580 3357 maris,
598 3316 633 3351 in
650 3316 778 3361 lixivio,
794 3318 829 3352 in
845 3318 941 3360 aquis
957 3318 1095 3354 balneo·
1179 3321 1234 3358 vel
1259 3320 1424 3362 grandine
1441 3335 1452 3364 ς
1471 3331 1551 3355 mm
1569 3331 1659 3361 aqua
1676 3320 1704 3356 si
1729 3331 1799 3355 non
1825 3321 1870 3355 sit
1888 3320 1995 3355 fluida
2014 3331 2082 3356 non

194 3374 269 3398 rum
279 3363 552 3406 summu-eorum,
569 3364 604 3398 in
617 3375 701 3405 aqua
714 3365 1093 3408 deeoetioniscatnium,
1179 3372 1290 3411 potest
1316 3368 1442 3403 assumi
1470 3367 1514 3403 nd
1545 3367 1764 3410 baptismum,
1789 3368 1869 3409 quia
1895 3367 2081 3411 baptismus

194 3412 251 3446 sed
263 3414 450 3448 notandum
466 3413 633 3449 est—talem
654 3425 775 3455 aquam
789 3426 857 3450 non
872 3427 941 3450 esse
951 3416 1094 3456 promis-
1179 3421 1229 3452 est
1244 3416 1383 3459 ablutio,
1397 3420 1436 3452 ut
1451 3421 1520 3458 iam
1541 3415 1669 3451 dictum
1686 3421 1736 3452 est
1747 3418 1827 3460 (art.
1841 3417 1887 3461 l).

197 3462 257 3496 cue
270 3462 504 3498 assumendam
515 3488 526 3504 ,
544 3462 607 3498 nisi
627 3462 663 3497 in
679 3474 758 3498 casu
775 3463 995 3501 aemunitatis.
