2170 3808
63 239 141 282 526
748 233 947 285 QUAEsT.
981 232 1026 286 L,
1051 232 1170 273 ART.
1200 231 1268 275 111.

172 318 515 362 ARTICULUS
543 318 625 359 ΙΙΙ.
655 338 702 346 --
726 328 861 358 rmum
891 327 931 356 ιΝ
957 327 1093 357 MORTE
1113 326 1271 356 cnmsn
1294 327 1439 358 runnu
1463 325 1589 356 FACTA
1612 321 1840 354 sarnum

732 390 977 420 mvmmms
999 389 1051 419 AB
1075 389 1201 419 ANJMA
1225 376 1301 430 (1).

66 451 112 484 Da
132 450 183 484 his
207 449 304 483 ctiam
327 448 417 482 Sent.
445 455 498 488 m,
528 446 606 482 dist.
623 446 678 486 24,
697 448 814 488 quaest.
834 456 860 487 1,
879 449 942 481 art.
966 446 994 488 1,
1015 450 1131 489 quaest.
1158 454 1196 486 u,
1215 448 1248 481 et
1265 449 1378 488 quaest.
1395 455 1435 489 u,
1459 448 1525 480 art.
1554 443 1568 478 Ι
1597 454 1690 485 corp.
1713 444 1750 479 et
1770 441 1893 485 Opuso.
1912 452 1953 493 u,

561 499 631 536 cap.
648 495 723 535 256,
740 500 774 530 et
792 496 916 537 Opusc.
933 503 987 536 Lx,
1003 507 1074 536 cap.
1096 496 1137 530 49
1153 494 1213 530 fin.
1229 498 1265 530 et
1280 495 1366 532 Psal.
1384 506 1455 534 xxc.

120 552 185 598 Ad
215 551 402 596 tertium
422 549 489 594 sic
512 551 792 607 proceditur.
811 555 854 595 1.
874 550 1060 594 Videtur
1091 549 1215 606 quod
1250 549 1298 594 in
1319 555 1466 598 morte
1490 551 1652 597 Christi
1674 548 1815 596 fuerit
1833 548 1955 594 facta

66 612 295 671 separatio
328 612 578 657 divinitatis
602 612 660 657 ab
692 613 862 658 amma.
899 611 1012 656 Dicit
1047 612 1171 656 enim
1191 611 1413 659 Dominus
1435 615 1580 670 (Joan.
1611 627 1658 670 x,
1685 613 1757 667 18)
1779 624 1793 657 ε
1814 612 1955 660 Nemo,

67 676 185 720 tollit
203 677 406 719 animam
425 688 571 718 meam
590 676 622 718 ὰ
642 688 726 727 me,
747 676 827 719 sed
849 687 927 732 eqo
944 687 1061 730 pono
1081 686 1182 718 eam
1206 676 1235 718 ὰ
1254 679 1448 733 meipso,
1471 681 1515 722 et
1533 676 1799 735 potestatem
1813 672 1957 717 habea

70 738 268 794 ponendi
286 750 403 791 eam,
424 739 468 780 et
482 739 745 793 potestatem
759 735 901 779 habeo
921 736 1084 780 iterum
1101 739 1311 781 sumendi
1333 750 1449 784 eam.
1471 741 1571 785 Non
1591 742 1751 784 autem
1772 734 1957 781 videtur

76 799 203 857 quod
224 811 395 856 corpus
411 799 612 843 animam
628 809 799 855 ponere
818 797 980 855 possit,
1003 809 1108 843 eam
1129 798 1157 843 a
1178 810 1230 844 se
1253 802 1530 859 separando,
1553 801 1663 860 quia
1685 797 1844 845 anima
1862 807 1956 841 non

70 861 317 919 subjicitur
340 861 551 919 potestati
582 859 803 916 corporiS‚
842 859 926 905 sed
954 860 1109 917 potius
1129 860 1158 905 e
1187 873 1415 908 converso
1439 879 1452 907 τ
1475 869 1522 910 et
1543 864 1611 911 sic
1627 861 1813 908 videtur
1832 856 1959 917 quod

73 923 269 982 Christo,
284 923 544 967 secundum
563 921 689 979 quod
700 926 772 967 est
790 920 988 966 Verbum
1001 922 1096 980 Dei,
1121 923 1369 968 conveniat
1382 925 1584 971 animam
1599 936 1735 970 suam
1750 932 1924 981 ponere
1942 934 1956 964 ε

71 985 158 1030 hoc
187 990 344 1030 autem
366 989 437 1029 est
465 996 566 1029 eam
587 983 615 1028 a
637 996 688 1029 se
707 995 940 1041 separare.
966 986 1084 1041 Ergo
1106 996 1190 1042 per
1214 990 1411 1032 mortem
1433 987 1590 1033 anima
1610 987 1713 1046 ejus
1731 985 1823 1049 fuit
1840 983 1869 1028 a
1885 981 1958 1028 di-

70 1047 265 1092 vinitate
288 1051 515 1104 separata.

123 1112 167 1154 2.
193 1112 432 1165 Praeterea,
453 1109 733 1154 Athanasius
753 1107 866 1154 dicit
885 1108 1076 1166 (implic.
1114 1111 1175 1154 De
1203 1108 1427 1157 beatitud.
1451 1110 1586 1158 Verbi
1615 1110 1711 1167 Dei,
1729 1109 1790 1155 ad
1822 1107 1961 1153 Theo-

69 1171 182 1228 phil.
207 1172 288 1217 lib.
313 1186 371 1229 v1,
398 1172 424 1216 a
444 1171 585 1225 med.)
608 1187 618 1215 ε
646 1190 665 1209 «
686 1171 964 1227 MaledictUS,
987 1171 1067 1228 qui
1106 1175 1253 1217 totum
1273 1172 1527 1230 hominem,
1547 1185 1687 1231 quem
1709 1169 1962 1227 assumpsit

69 1233 146 1278 Dei
167 1233 324 1292 Filius,
350 1234 501 1280 denuo
529 1238 821 1292 assumptum
853 1234 928 1280 vel
950 1233 1212 1293 liberatum,
1236 1234 1370 1280 tertia
1405 1236 1480 1282 die
1511 1235 1541 1281 a
1576 1234 1769 1282 mortuis
1802 1243 1962 1278 resur-

70 1296 248 1342 rexisse
273 1309 369 1342 non
398 1297 657 1342 confitetur.
684 1315 703 1336 »
731 1296 820 1342 Sed
849 1308 943 1342 non
973 1296 1121 1354 potuit
1150 1301 1274 1342 totus
1306 1299 1444 1344 homo
1466 1297 1621 1344 denuo
1647 1295 1841 1351 assumi,
1873 1292 1961 1339 nisi

74 1358 325 1416 aliquando
354 1358 492 1404 fuerit
518 1363 642 1404 totus
667 1360 806 1404 homo
829 1359 857 1403 a
874 1358 1023 1405 Verbo
1053 1358 1131 1404 Dei
1161 1363 1405 1418 separatus
1433 1377 1445 1407 ε
1477 1365 1604 1406 totus
1636 1363 1793 1405 autem
1825 1358 1962 1403 homo

72 1422 367 1479 componitur
386 1435 444 1467 ex
463 1422 618 1467 anima
643 1426 689 1467 et
716 1433 925 1479 corpore.
944 1424 1063 1479 Ergo
1082 1421 1332 1480 aliquando
1356 1423 1441 1468 fuit
1461 1424 1583 1468 facta
1601 1421 1829 1480 separatio
1847 1418 1964 1466 divi-

75 1481 233 1528 nitatis
254 1488 301 1529 et
324 1483 351 1527 a
366 1495 558 1541 corpore
581 1488 626 1528 et
646 1483 705 1527 ab
726 1483 895 1528 anima.

131 1546 175 1589 3.
201 1548 444 1605 Praeterea,
467 1550 657 1603 propter
679 1546 902 1590 unionem
926 1545 986 1590 ad
1004 1548 1152 1591 totum
1166 1545 1404 1591 hominem
1417 1546 1559 1592 Filius
1572 1546 1650 1591 Dei
1672 1545 1781 1590 vere
1798 1543 1966 1590 dicitur

77 1608 230 1652 homo.
257 1607 313 1668 Si⁴
324 1620 453 1665 ergo,
479 1608 633 1653 soluta
660 1607 836 1652 unione
854 1605 1022 1651 animae
1039 1611 1086 1653 et
1106 1607 1314 1665 corporis
1334 1620 1418 1665 per
1435 1614 1650 1666 mortem,
1673 1605 1870 1652 Verbum
1888 1604 1967 1650 Dei

76 1669 299 1715 remansit
326 1670 509 1715 unitum
543 1670 728 1726 animae,
757 1674 1032 1726 sequeretur
1049 1669 1174 1726 quod
1194 1669 1303 1715 vere
1329 1670 1420 1716 dici
1445 1670 1673 1729 potuisset
1706 1668 1870 1714 Filium
1889 1666 1968 1714 Dei

76 1743 179 1776 esse
206 1733 427 1776 animam.
449 1735 542 1776 Hoc
565 1737 721 1776 autem
739 1736 813 1777 est
842 1730 1029 1787 falsum,
1048 1731 1160 1789 quia
1191 1732 1298 1778 cum
1323 1731 1479 1777 anima
1501 1732 1562 1778 sit
1579 1733 1728 1778 forma
1743 1729 1966 1788 corporiS,

75 1797 351 1849 sequeretur
374 1793 497 1850 quod
514 1793 713 1838 Verbum
732 1792 811 1838 Dei
834 1791 972 1837 fuerit
992 1791 1200 1850 corporis
1229 1792 1405 1850 forma3
1431 1793 1557 1851 quod
1573 1797 1646 1839 est
1666 1790 1968 1849 impossihile.

77 1857 195 1911 Ergo
214 1854 264 1900 in
285 1860 434 1900 morte
453 1854 618 1900 Christi
641 1854 798 1900 anima
818 1854 906 1900 fuit
927 1855 955 1900 ὰ
978 1855 1127 1900 Verbo
1145 1855 1222 1900 Dei
1242 1859 1467 1914 separata.

134 1920 175 1963 4.
205 1920 440 1974 Praeterea,
461 1918 616 1962 anima
644 1922 691 1964 et
713 1929 884 1975 corpus
901 1916 962 1962 ab
989 1917 1190 1964 invicem
1208 1924 1422 1977 separata
1438 1931 1531 1963 non
1551 1921 1777 1963 suntuna
1793 1915 1970 1976 hypos-

83 1979 208 2035 tasis»,
233 1980 316 2025 sed
339 1980 460 2025 duae.
485 1980 528 2024 si
552 1980 694 2037 igitur
714 1979 915 2025 Verbum
946 1979 1025 2026 Dei
1048 1980 1273 2027 remansit
1301 1980 1487 2026 unitum
1517 1983 1610 2025 tam
1630 1977 1812 2036 corpori
1830 1976 1972 2036 quam

82 2043 250 2087 animae
288 2042 485 2099 Christi,
530 2043 756 2100 separatis
792 2043 861 2089 eis
893 2042 951 2087 ab
989 2042 1186 2088 invicem
1222 2055 1305 2101 per
1332 2049 1530 2088 mortem
1566 2042 1757 2097 Christi,
1790 2039 1972 2087 videtur

81 2105 210 2161 sequi
243 2105 365 2161 quod
401 2105 600 2150 Verbum
635 2105 728 2162 Dei,
760 2105 957 2151 durante
982 2109 1128 2151 morte
1153 2105 1332 2163 Christi,
1367 2106 1505 2151 fuerit
1536 2103 1640 2150 duae
1677 2104 1970 2162 hypostaseS,

82 2167 207 2223 quod
230 2171 302 2211 est
325 2167 659 2211 lnconveniens
681 2168 756 2221 (2).
776 2168 874 2211 Non
898 2178 1011 2224 ergo
1042 2170 1147 2225 post
1175 2171 1373 2213 mortem
1389 2165 1555 2212 Christi
1574 2164 1799 2211 remansit
1817 2163 1973 2209 anima

81 2229 226 2274 Verbo
246 2229 392 2274 unita.

138 2291 225 2337 Sed
237 2294 399 2335 contra
418 2296 489 2336 est
505 2291 630 2349 quod
646 2291 756 2336 dicit
774 2295 1090 2337 Damascenus
1109 2293 1252 2347 (Orth.
1271 2291 1348 2337 fid.
1370 2291 1450 2337 lib.
1469 2303 1648 2348 111,cap.
1663 2292 1736 2346 27,
1753 2289 1783 2333 a
1800 2286 1972 2344 med.):

87 2373 106 2391 «
130 2352 225 2398 Etsi
245 2353 453 2399 Christus
476 2359 690 2398 mortuus
708 2357 780 2399 est
808 2358 862 2398 ut
879 2353 1035 2410 homo,
1059 2357 1105 2400 et
1132 2357 1295 2399 sancta
1316 2354 1419 2411 eius
1437 2352 1594 2398 anima
1615 2351 1675 2397 ab
1696 2349 1975 2396 incontami-

87 2419 195 2460 nato
214 2415 362 2460 divisa
394 2419 467 2460 est
497 2427 688 2471 corpore
716 2428 728 2459 :
761 2414 979 2460 divinitas
1012 2420 1167 2461 tamen
1200 2415 1525 2473 inseparabilis
1544 2414 1605 2460 ab
1626 2413 1839 2470 utrisque
1865 2424 1974 2470 per-

84 2477 273 2534 mansit,
296 2477 354 2521 ab
375 2476 532 2521 anima
551 2477 656 2522 dico
677 2481 723 2521 et
739 2488 947 2534 corpore.

132 2546 420 2588 CONCLUSIO.
449 2567 494 2575 —
522 2545 623 2586 Ctun
645 2555 728 2585 non
757 2544 880 2585 ruerit
904 2544 949 2584 in
974 2547 1107 2585 morte
1129 2543 1279 2586 Christi
1301 2543 1502 2586 divinitas
1520 2545 1546 2585 ὲ
1573 2555 1738 2596 corpore
1765 2544 1975 2595 separata,

86 2600 223 2642 multo
245 2600 389 2641 minus
406 2600 487 2641 fuit
502 2599 554 2640 ab
569 2601 711 2641 anima
729 2602 927 2652 separata.
1933 2618 1950 2643 χ

143 2663 415 2721 Respondeo
438 2663 687 2708 dicendum
708 2662 832 2721 quod
869 2661 1025 2709 anima
1056 2661 1188 2707 unita
1215 2667 1289 2708 est
1316 2662 1465 2708 Verbo
1481 2662 1559 2708 Dei
1581 2660 1909 2720 immediatiuS‚
1929 2665 1978 2707 et

87 2737 171 2784 per
193 2725 323 2784 prius
341 2725 481 2782 quam
498 2736 689 2782 corpus;
711 2727 818 2768 cum
837 2735 1007 2781 corpus
1025 2722 1212 2769 unitum
1228 2723 1288 2769 sit
1302 2723 1450 2769 Verbo
1465 2724 1543 2769 Dei
1553 2723 1787 2769 mediante
1801 2722 1973 2781 anima,

88 2790 142 2834 ut
162 2799 307 2845 supra
323 2786 498 2832 dictum
521 2790 593 2832 est
609 2787 792 2844 (quaest.
810 2799 870 2844 v1,
886 2789 972 2831 art.
986 2787 1043 2842 1).
1068 2786 1182 2831 Cim]
1201 2798 1312 2844 ergo
1322 2786 1523 2832 Verbum
1545 2786 1621 2831 Dei
1646 2798 1740 2830 non
1761 2784 1978 2844 sit'sepa-

90 2852 243 2894 ratum
275 2848 323 2893 in
343 2852 493 2893 morte
528 2848 556 2892 a
576 2860 786 2905 corpore,
810 2846 960 2893 multo
993 2847 1149 2893 minus
1180 2851 1446 2906 separatum
1471 2852 1542 2894 est
1563 2847 1623 2893 ab
1642 2847 1814 2894 anima.
1853 2847 1978 2894 Unde

91 2910 213 2956 sicut
233 2910 292 2956 de
312 2910 422 2956 Filio
442 2910 519 2956 Dei
542 2910 819 2968 praedicatur
839 2910 886 2956 id
910 2909 1035 2968 quod
1054 2910 1273 2956 convenit
1296 2908 1478 2969 corpori
1495 2909 1554 2955 ab
1574 2909 1729 2955 anima
1750 2915 1976 2969 separato,

92 2971 269 3018 scilicet
289 2986 382 3017 esse
412 2973 654 3030 sepultum,
679 2973 741 3018 ita
765 2973 824 3019 de
841 2985 897 3019 eo
920 2972 966 3017 in
992 2972 1210 3031 symbolo
1237 2972 1407 3020 dicitur
1427 2971 1552 3031 quod
1574 2972 1807 3017 descendit
1821 2973 1888 3017 dd
1905 2974 1979 3015 in-

91 3036 228 3092 teros,
250 3034 359 3091 quia
381 3035 536 3080 anima
554 3036 658 3092 ejus
675 3036 702 3079 a
715 3048 908 3093 corpore
924 3039 1140 3092 separata
1162 3035 1403 3081 descendit
1420 3035 1479 3081 ad
1498 3035 1671 3081 inferos
1690 3036 1765 3090 (3).

148 3094 215 3142 Ad
246 3100 448 3153 primum
470 3109 581 3154 ergo
617 3098 884 3155 dicendum,
911 3096 1035 3155 quod
1066 3097 1354 3154 Augustinus
1378 3101 1527 3151 (tract.
1549 3101 1605 3143 47
1638 3096 1685 3141 in
1717 3098 1844 3140 Joan.
1876 3100 1980 3152 post

136 3195 179 3238 (4)
197 3194 358 3235 Negative
377 3194 557 3235 respondet
580 3196 617 3230 S.
644 3196 767 3231 Doctor
790 3198 883 3236 juxta
909 3194 994 3230 illud
1080 3193 1311 3236 blasphemum
1326 3194 1393 3230 dici
1409 3195 1510 3237 possit
1523 3206 1533 3228 ι
1548 3194 1606 3229 sed
1616 3193 1701 3234 saepe
1717 3193 1910 3234 &Thomas
1922 3195 1982 3228 in-

97 3243 250 3286 Apostoli
268 3242 403 3285 (Ephes.
431 3251 478 3284 iv)
497 3256 507 3277 t
529 3242 638 3286 Quod
658 3248 781 3279 autem
806 3244 995 3285 ascendit,
1080 3244 1296 3279 conveniens
1315 3249 1412 3279 vocat
1427 3243 1517 3286 quod
1534 3255 1604 3278 non
1623 3242 1735 3277 solum
1759 3246 1809 3276 est
1831 3242 1982 3277 alienum

97 3292 189 3336 quid
205 3292 355 3332 estmisi
366 3291 454 3334 quia
467 3294 499 3325 et
512 3291 700 3327 descendit
711 3292 873 3336 primum
883 3292 927 3326 in
937 3291 996 3326 in·
1081 3291 1255 3333 aratione,
1270 3291 1329 3327 sed
1352 3292 1372 3326 a
1392 3291 1459 3327 fide
1485 3304 1493 3325 :
1519 3302 1580 3326 nec
1598 3290 1705 3331 magis
1725 3288 1910 3332 quidquam
1926 3288 1982 3324 iu-

97 3341 253 3385 feriores
268 3343 392 3384 partes
404 3342 526 3374 terroe.
542 3338 615 3381 Qui
625 3340 822 3380 descendit.
835 3341 914 3383 ipse
928 3343 995 3381 est,
1081 3340 1284 3376 conveniens
1300 3341 1399 3381 quam
1413 3338 1503 3381 quod
1522 3338 1602 3374 fidei
1616 3337 1838 3373 contrarium.

29 3428 32 3434 ¹
98 3391 132 3424 et
145 3389 207 3433 qui
221 3387 399 3423 ascendit.
419 3386 513 3422 Unde
531 3392 647 3422 natum
664 3394 713 3423 est
727 3388 813 3422 illud
827 3388 969 3423 effatum
986 3401 994 3422 :
1121 3389 1167 3431 (ὅ)
1181 3388 1222 3423 Ut
1239 3388 1370 3430 patebit
1395 3384 1549 3428 sequenti
1578 3385 1762 3428 quaestione
1786 3397 1824 3420 ac
1842 3396 1882 3420 ex
1906 3396 1981 3426 pro-

101 3451 116 3472 «
132 3436 228 3480 Quod
242 3436 384 3472 verbum
399 3437 575 3479 assumpsit
592 3448 768 3478 nunquam
787 3436 930 3473 dimisit.
947 3446 963 3466 1
1081 3435 1167 3471 fesso
1184 3436 1407 3477 explicabitur
1432 3439 1499 3470 art.
1517 3434 1551 3469 2.
1879 3443 1881 3445 ·

139 3485 183 3529 (2)
204 3487 276 3520 Ιῐιιὸ
307 3491 340 3521 et
367 3486 544 3528 piusquam
572 3486 833 3530 inconveniens5
857 3487 933 3521 cum
961 3490 996 3521 et
