2170 3808
725 262 922 313 QUAEST.
954 262 1114 318 xxvll,
1146 263 1262 305 ART.
1294 263 1358 306 Vl.
1717 227 1720 230 ⁴
1915 268 1996 311 ⁵233

100 343 349 388 Exultavit.
367 342 580 388 Videmus
595 345 751 387 autem
767 342 1102 387 exultationem
1125 354 1219 386 non
1243 341 1395 387 solum
1420 343 1737 400 parvulorum,
1757 343 1841 388 sed
1857 344 1995 390 etiam

101 416 323 462 pecorum
342 416 458 450 esse.
487 403 574 449 Sed
594 403 695 448 haec
716 403 938 449 inusitata
961 403 1121 457 extitit,
1139 403 1247 459 quia
1263 403 1310 447 in
1331 409 1480 448 utero,
1504 407 1558 448 Et
1578 404 1681 449 ideo
1703 405 1824 450 sicut
1844 405 1996 453 solent

101 466 324 511 miracula
344 466 459 523 fieri,
492 466 615 510 facta
637 470 708 510 est
741 465 962 511 divinitus
980 464 1029 511 in
1067 464 1263 522 infante,
1297 478 1393 510 non
1415 467 1683 511 humanitus
1720 467 1993 516 ab‘infante.

104 530 378 586 Quanquam
399 528 538 574 etiam
552 527 591 572 si
613 540 768 584 usque
791 527 906 572 adeo
933 531 1004 572 est
1025 527 1074 571 in
1093 526 1173 571 illo
1194 539 1339 583 puero
1359 528 1642 572 acceleratus
1660 541 1777 574 usus
1801 529 1994 574 rationis

101 594 147 635 et
166 591 435 648 voluntatis,
458 597 512 635 ut
525 589 648 634 intra
668 590 848 634 viscera
868 587 1185 645 maternajam
1199 594 1664 649 possetcognoscere,
1678 591 1996 649 credere,con-

102 653 273 697 sentire
289 652 363 706 (ad
382 651 506 709 quod
519 651 568 696 in
593 651 695 696 aliis
717 650 923 709 parvulis
942 654 1055 695 aetas
1070 654 1338 708 expectatur
1359 654 1413 694 ut
1440 651 1652 707 possint),
1677 657 1722 697 et
1735 653 1822 697 hoc
1842 653 1892 697 in
1905 654 1995 698 mi-

100 713 271 759 raculis
289 713 551 759 habendum
587 717 700 770 puto
721 712 890 758 divinae
911 712 1147 769 potentiae.
1163 730 1184 751 »
1209 736 1263 744 —
1297 712 1386 757 Sed
1403 712 1513 769 quia
1535 713 1754 769 expresse
1779 714 1827 758 in
1850 717 1992 778 Evan,

101 775 222 831 gelio
250 777 400 831 (Lucae'
415 789 449 831 1,
484 777 555 830 15)
587 775 756 820 dicitur
777 775 900 832 quod
935 777 1110 832 Spiritu
1139 778 1294 819 sancto
1329 775 1579 831 repleb-itur
1609 775 1760 818 adh-uc
1783 789 1840 819 ea:
1865 781 1995 821 utero

100 840 262 880 matris
288 850 391 894 suae,
427 840 474 882 et
505 837 563 883 de
584 836 782 882 Jeremia
804 836 1023 893 expresse
1059 836 1227 882 dicitur
1254 849 1267 881 :
1299 840 1555 892 Antequam
1588 839 1736 879 exires
1766 837 1823 880 de
1841 839 1993 894 vulva,

98 900 378 954 sanctificavi
400 902 459 956 ie,
492 899 795 944 asserendum
814 898 997 943 videtur
1014 900 1072 953 (1)
1091 910 1172 943 eos
1199 894 1512 943 sanctificatos
1533 898 1580 942 in
1599 902 1758 952 uter03
1779 900 1995 954 quamvis

99 957 148 1003 in
170 964 301 1005 utero
321 972 459 1005 usum
481 959 611 1006 liberi
636 960 812 1006 arbitrii
841 973 936 1008 non
962 960 1223 1017 habuerint,
1246 960 1303 1005 de
1326 972 1419 1017 quo
1443 959 1728 1017 Augustinus
1764 959 1868 1014 (loc.
1895 960 1991 1015 cit.)

100 1021 401 1079 quaestionem
417 1027 606 1068 movet:
631 1023 752 1068 sicut
776 1022 915 1068 etiam
931 1023 1079 1080 pueri,
1103 1019 1183 1080 q'ui
1212 1021 1560 1066 sanctificantur
1579 1034 1663 1079 per
1683 1021 1993 1079 baptismum-

99 1096 193 1128 non
222 1084 378 1130 statim
411 1085 583 1130 habent
603 1097 742 1130 usum
775 1085 906 1131 liberi
939 1084 1130 1130 arbitrii.
1155 1087 1247 1130 Nec
1269 1089 1340 1129 est
1358 1085 1641 1130 credendum
1674 1084 1854 1141 aliquos
1878 1085 1993 1130 alios

100 1146 407 1191 sanctificatos
429 1159 532 1192 esse
550 1147 599 1191 in
616 1151 752 1192 utero
772 1147 830 1192 de
847 1146 1018 1204 quibus
1041 1146 1273 1203 Scriptura
1292 1146 1576 1191 mentionem
1595 1159 1691 1190 non
1709 1146 1819 1190 facit
1846 1160 1855 1187 z
1883 1146 1993 1203 quia

98 1206 363 1265 hnjusmodi
378 1209 616 1266 privilegia
638 1209 812 1266 gratiae,
840 1221 946 1266 quae
969 1208 1138 1254 dantur
1157 1208 1390 1265 aliquibus
1407 1210 1582 1264 {praeter
1608 1207 1759 1264 legem
1782 1219 1991 1252 commu—

99 1281 223 1326 nem,
246 1271 520 1316 ordinantur
539 1270 598 1315 ad
616 1270 861 1315 utilitatem
882 1269 1095 1325 aliorum,
1113 1270 1373 1315 secundum
1385 1269 1501 1314 illud
1524 1271 1570 1322 (1.
1595 1269 1798 1313 Corinth.
1820 1283 1894 1324 x11,
1913 1272 1955 1323 7)
1977 1284 1988 1311 :

103 1334 345 1388 Unicuique
373 1333 512 1399 datter
526 1334 835 1386 manifestatio
857 1334 1046 1388 spiritns
1073 1332 1136 1375 acl
1154 1331 1430 1381 utilitatem;
1460 1343 1566 1387 quae
1586 1330 1713 1374 nulla
1727 1330 1992 1386 proveniret

98 1405 153 1438 ex
175 1394 534 1439 sanctificatione
551 1393 814 1450 aliquorum
831 1393 881 1437 in
899 1399 1048 1448 utere,
1072 1392 1161 1438 nisi
1174 1393 1390 1438 Ecclesiae
1408 1393 1737 1437 Innotesceret.
1749 1394 1802 1436 Et
1824 1405 1992 1449 quam-

97 1454 169 1500 vis
185 1455 465 1513 J'udiciorum
488 1455 565 1501 Dei
580 1468 672 1500 non
692 1455 841 1512 possit
851 1455 970 1500 ratio
988 1454 1235 1512 assignari,
1255 1467 1400 1512 quare
1418 1454 1591 1499 scilicet
1608 1454 1720 1499 111110
1737 1459 1784 1499 et
1803 1467 1898 1498 non
1915 1455 1991 1506 alii

97 1516 186 1562 1100
207 1529 380 1562 1111111113
409 1517 568 1573 gratiae
589 1517 815 1572 conferat,
838 1516 1122 1562 conveniens
1158 1520 1313 1561 tamen
1348 1516 1532 1560 videtur
1565 1515 1709 1560 fuisse
1738 1519 2006 1572 utrumque>

99 1577 326 1623 dictorum
341 1579 615 1623 sanctificari
631 1579 679 1622 in
697 1583 826 1622 utero
845 1579 905 1623 ad
919 1578 1309 1635 praefigurandam
1327 1577 1735 1621 sanctificationem
1754 1590 1836 1633 per
1845 1579 1992 1623 Chris-

100 1644 200 1684 tum
215 1640 471 1686 faciendam
491 1654 504 1686 :
526 1639 676 1697 primo
698 1641 887 1698 quidem
905 1653 989 1698 per
1005 1640 1108 1697 ers
1129 1640 1412 1697 passionem,
1434 1639 1694 1684 secundum
1723 1639 1839 1683 illud
1862 1639 1989 1694 (Heb.

99 1701 185 1746 ult.
203 1704 272 1758 12)
295 1717 307 1747 =
326 1706 454 1747 Jesus
476 1707 527 1747 ut
544 1704 853 1757 sanctificaret
867 1716 950 1760 per
970 1717 1101 1746 suum
1116 1705 1380 1758 sanquinem
1386 1702 1626 1758 populum,
1652 1704 1787 1744 extra
1805 1705 1992 1757 portam

99 1777 259 1820 passus
273 1768 359 1820 est3
382 1777 523 1822 quam
544 1765 730 1822 quidem
751 1765 1017 1822 passionem
1042 1765 1263 1809 Jeremias
1287 1768 1333 1809 et
1348 1764 1504 1808 verbis
1524 1768 1571 1808 et
1594 1762 1830 1820 mysteriis
1854 1775 1988 1820 aper-

101 1825 276 1870 tissime
293 1826 638 1882 praenuntiavit,
673 1831 719 1871 et
740 1827 838 1871 suis
860 1827 1155 1884 passionibus
1181 1825 1535 1882 expressissime
1555 1822 1869 1881 praefiguravit
1902 1827 1990 1881 (2);

101 1885 323 1945 secundo,
345 1898 428 1943 per
447 1886 747 1944 baptismum,
770 1888 1026 1933 secundum
1059 1887 1174 1932 illud
1199 1889 1248 1941 (1.
1264 1886 1473 1945 ⁴Corinth.
1499 1900 1557 1943 v1,
1581 1889 1651 1940 11)
1680 1900 1690 1927 :
1727 1886 1816 1929 Sed
1844 1886 1993 1930 abluti

101 1951 204 1991 estis
215 1963 232 2004 ‚-
242 1949 322 1991 sed
332 1950 605 2002 sanctifica-ti
616 1952 721 1992 estis
731 1963 745 1989 .·
762 1949 818 1993 ad
833 1961 973 2005 quem
986 1949 1269 2006 baptismum
1282 1950 1483 1992 ,Ioannes
1495 1960 1581 1992 suo
1595 1947 1829 2004 baptismo
1843 1947 1992 1992 homi-

102 2020 187 2053 nes
204 2009 495 2066 praeparavit.

153 2070 219 2115 Ad
236 2073 435 2127 primum
453 2083 562 2126 ergo
580 2071 843 2126 dicendum,
870 2071 995 2127 quod
1012 2073 1061 2114 B.
1079 2071 1231 2127 Virgo,
1259 2082 1363 2127 quae
1379 2070 1467 2114 fuit
1488 2071 1516 2113 a
1537 2073 1628 2113 Deo
1647 2069 1795 2113 electa
1817 2069 1866 2112 in
1889 2082 1990 2114 ma-

99 2135 243 2190 trem,
257 2131 527 2188 ampliorem
549 2132 922 2176 sanctificationis
946 2132 1142 2189 gratiam
1166 2131 1367 2177 obtinuit
1389 2131 1527 2188 quam
1565 2132 1767 2175 loannes
1787 2130 1990 2187 Baptista

98 2196 145 2238 et
158 2193 392 2248 Jeremias,
432 2193 512 2250 qui
552 2199 662 2237 sunt
692 2193 817 2238 electi
856 2198 909 2238 ut
944 2193 1169 2250 speciales
1203 2191 1576 2250 praefiguratores
1615 2190 1989 2236 sanctificationis

98 2254 277 2299 Christi.
308 2255 448 2311 Cujus
476 2255 662 2310 signum
687 2254 901 2311 estquod
918 2256 965 2298 B.
989 2254 1162 2311 Virgini
1185 2255 1443 2310 praestitum
1465 2257 1536 2298 est
1555 2257 1608 2298 ut
1626 2253 1684 2298 de
1708 2257 1875 2298 caetero
1894 2267 1987 2299 non

99 2320 323 2373 peccaret,
345 2328 432 2361 1100
458 2316 725 2371 mortaliter,
739 2328 828 2361 nec
858 2315 1245 2361 venialiterzaliis
1271 2321 1427 2361 autem
1457 2311 1756 2360 sanctificatis
1786 2315 1990 2361 creditur

99 2377 354 2433 praestitum
385 2389 488 2423 esse
508 2382 561 2423 ut
583 2378 641 2423 de
662 2381 828 2422 caetero
862 2378 1116 2423 mortaliter
1143 2391 1239 2423 non
1261 2381 1523 2435 peccarent,
1546 2376 1706 2422 divina
1733 2388 1814 2421 eos
1843 2377 1991 2432 gratia

99 2442 382 2496 protegente.

152 2500 218 2545 Ad
239 2502 481 2544 secundum
514 2500 780 2558 dicendum,
803 2501 928 2558 qued
959 2501 1187 2558 quantum
1223 2501 1283 2547 ad
1304 2501 1394 2546 alia
1429 2502 1685 2556 potuerunt
1706 2498 1854 2543 sancti
1884 2510 1988 2543 esse

99 2560 274 2606 Christo
288 2562 627 2619 conjunctiores
638 2563 780 2620 quam
797 2566 819 2608 J
821 2564 1015 2609 eremias
1026 2569 1072 2609 et
1082 2567 1282 2608 loannes
1293 2563 1495 2620 Baptista
1508 2577 1521 2618 ς
1536 2561 1613 2619 qui
1628 2566 1785 2606 tamen
1799 2561 1988 2605 fuerunt

100 2624 141 2668 ei
178 2624 542 2682 conjunctissimi
567 2626 791 2682 quantum
812 2626 872 2671 ad
893 2638 1160 2684 expressam
1182 2623 1380 2683 figuram
1414 2621 1795 2670 sanctificationis
1823 2623 1985 2680 ipsius,

101 2689 151 2730 ut
171 2685 344 2731 dictum
367 2693 438 2732 est
461 2688 526 2742 (in
551 2700 677 2744 corp.
703 2691 826 2742 art).

154 2748 220 2792 Ad
235 2751 421 2793 tertium
438 2749 701 2808 dicendum,
726 2751 850 2807 quod
859 2751 1092 2795 miseratio
1107 2750 1164 2795 de
1187 2762 1281 2807 qua
1294 2749 1358 2794 ibi
1379 2749 1463 2793 Job
1482 2748 1703 2805 quuitur,
1728 2759 1819 2791 non
1839 2748 1986 2805 signi-

103 2804 208 2911 llicat
227 2809 441 2878 virtutem
463 2811 680 2867 infusam,
703 2812 786 2857 sed
817 2811 1066 2868 quamdam
1095 2810 1441 2855 inclinationem
1467 2809 1724 2853 naturalem
1746 2808 1806 2853 ad
1832 2814 1986 2853 aetum

135 2879 242 2923 ujus
270 2871 467 2915 v1rtutis.

146 3003 189 3044 (1)
214 3004 405 3044 Expressius
421 3005 539 3046 ntique
564 3006 605 3040 de
628 3008 754 3042 Ioanne
773 3008 934 3049 Baptista,
953 3008 994 3043 de
1080 3017 1197 3052 agnus
1213 3009 1423 3042 mansuetus
1443 3006 1506 3048 qai
1522 3008 1700 3047 portatur
1714 3005 1763 3039 ad
1781 3007 1977 3041 victimam,

103 3063 168 3092 quo
182 3051 236 3085 vix
254 3051 411 3091 explicari
428 3052 528 3086 aliter
550 3057 659 3093 potest
674 3055 761 3095 quod
779 3056 815 3088 in
832 3059 928 3090 utero
943 3054 993 3090 vel
1079 3055 1121 3090 Et
1145 3066 1221 3088 mox
1242 3066 1251 3087 ε
1282 3052 1473 3087 Mutamus
1505 3051 1645 3094 liquam
1669 3053 1710 3086 in
1732 3063 1868 3096 panem
1893 3054 1982 3096 ejus,

103 3109 141 3132 ex
166 3102 263 3132 utero
282 3099 410 3140 Spiritu
437 3102 550 3133 sancto
573 3099 617 3133 sit
643 3100 790 3142 repletus
809 3105 845 3136 ut
868 3103 953 3138 Luc.
981 3110 995 3136 1
1079 3101 1142 3135 1100
1161 3105 1221 3140 est,
1236 3111 1369 3135 crucem
1387 3100 1421 3133 in
1439 3111 1558 3140 corpus
1576 3103 1659 3141 ejus,
1676 3105 1714 3135 ut
1733 3100 1793 3134 lib.
1813 3109 1849 3136 lv
1862 3107 1978 3136 contra

102 3158 202 3187 supra
220 3158 227 3179 :
250 3146 362 3180 minus
379 3148 527 3188 expresse
549 3152 662 3181 autem
680 3147 723 3181 de
735 3149 880 3183 Ieremia
896 3162 994 3191 prop·
1080 3148 1288 3184 Marcionem
1305 3146 1541 3182 Tertullianus
1564 3146 1810 3188 interpretatur
1833 3162 1840 3182 :
1861 3150 1981 3191 passio-

105 3198 156 3228 ter
173 3193 300 3229 variam
323 3194 584 3236 sanctificandi
597 3194 890 3235 significationem.
1079 3197 1179 3231 nibus
1193 3200 1307 3230 autem
1322 3206 1394 3237 cap.
1411 3202 1503 3235 xxvi,
1518 3196 1539 3229 8
1553 3206 1592 3229 ac
1606 3195 1777 3238 deinceps,

143 3241 188 3284 (2)
204 3240 324 3276 Verbis
351 3241 486 3282 quidem
511 3244 593 3284 (cap.
613 3251 661 3284 xl,
694 3243 727 3283 9)
757 3254 766 3276 :
797 3244 871 3287 qu
886 3244 995 3289 quau·
