2170 3808
552 231 1300 349 SUPPLEMEN
1310 230 1575 342 TUM

361 442 665 517 TERTIAE
708 437 984 509 PARTIS
1029 434 1322 506 SUMMAE
1367 433 1428 500 S.
1473 429 1764 500 THOMAE

232 602 292 642 EX
329 597 526 640 EJUSDEM
558 593 785 634 AUCTORIS
819 588 1008 630 SCRIPTO
1048 588 1094 626 IN
1132 588 1178 626 lV
1215 579 1568 626 SENTENTIARUM
1605 583 1893 625 COLLECTUM.

309 868 364 898 DE
387 863 589 896 PARTIBUS
611 860 884 892 POENITENTIAE
896 858 955 950 QXN
985 856 1185 939 S{’·ECIAL·I,
1214 856 1265 885 ET
1286 855 1414 885 PRIMO
1442 854 1495 884 DE
1518 852 1821 885 CONTRITIONE.

930 913 1007 939 uaes
1026 913 1063 938 zo
1084 912 1238 950 przma.

122 994 250 1036 Utriim
269 989 437 1031 contritio
463 988 510 1027 sit
534 987 636 1026 dolor
657 987 702 1026 de
724 984 884 1034 peccatis
905 985 1126 1031 assumptus.

170 1063 218 1070 —
268 1037 436 1078 contritio
460 1037 507 1076 sit
529 1039 630 1075 actus
651 1034 811 1072 virtutis.

170 1111 218 1119 —
267 1086 404 1128 attritio
427 1084 546 1134 possit
570 1083 649 1121 fieri
672 1081 857 1121 contritio.

384 1190 437 1219 m:
463 1186 639 1217 onmem
665 1183 969 1220 commmoms,
1002 1183 1047 1211 m
1076 1181 1153 1210 sex
1173 1178 1425 1209 ARTICULOS.
1445 1188 1493 1195 -
1516 1167 1687 1215 Quaestio
1711 1167 1751 1206 2.

124 1264 253 1305 Utrilm
271 1264 380 1302 homo
406 1261 534 1299 debeat
555 1259 693 1297 conteri
715 1258 757 1296 de
782 1257 914 1306 poenis,
940 1259 977 1294 et
1000 1265 1072 1293 non
1094 1253 1210 1293 solnm
1235 1253 1278 1291 de
1302 1252 1423 1300 culpa.

270 1309 439 1351 contritio
463 1318 542 1347 esse
567 1307 695 1345 debeat
718 1307 762 1344 de
790 1305 969 1353 originali.

271 1359 314 1398 de
337 1357 435 1397 omni
456 1355 590 1394 actuali
611 1357 758 1403 peccato
783 1354 975 1391 debeamus
998 1352 1148 1390 conteri.

270 1407 314 1446 de
340 1406 501 1455 peccatis
524 1403 656 1441 futuris
679 1402 760 1450 quis
783 1402 910 1439 debeat
933 1400 1083 1438 conteri.

270 1455 381 1494 homo
404 1453 533 1491 debeat
555 1451 693 1489 conteri
717 1451 760 1488 de
784 1453 932 1498 peccato
960 1449 1091 1486 alien0.

269 1503 314 1542 de
335 1501 490 1549 singulis
511 1499 724 1537 mortalibus
747 1499 949 1546 requiratur
974 1497 1142 1535 contritio

331 1604 385 1633 DE
407 1601 670 1638 QUANzrrTATE
696 1600 1007 1638 εοΝΤΒιΤΙοΝΙε,
1036 1600 1082 1629 IN
1109 1600 1213 1628 TRES
1238 1598 1485 1629 Ammonos.
1509 1610 1558 1618 -
1581 1589 1751 1636 Quaestio
1774 1587 1811 1626 3.

132 1676 257 1715 Utriim
282 1675 446 1716 contritio
469 1675 516 1712 sit
537 1674 652 1722 major
674 1673 776 1711 dolor
798 1673 860 1721 qui
884 1682 964 1710 esse
987 1671 1105 1720 possit
1126 1671 1164 1707 in
1186 1669 1325 1708 natura.

179 1745 223 1752 —
275 1724 393 1772 poss'it
417 1733 497 1761 esse
521 1723 627 1760 nimis
652 1732 804 1768 magnus
827 1719 1054 1758 contritionis
1077 1719 1191 1757 dolor.

177 1791 224 1800 —·
273 1773 404 1809 debeat
425 1781 506 1810 esse
531 1770 646 1818 major
669 1769 770 1807 dolor
791 1769 834 1806 de
856 1778 927 1806 uno
951 1767 1058 1816 quam
1080 1768 1123 1805 de
1147 1767 1233 1805 alio.

369 1876 423 1904 DE
453 1874 646 1904 TEMPORE
673 1873 982 1910 commmoNffl,
1006 1873 1051 1902 IN
1082 1872 1186 1901 TREs
1207 1870 1455 1901 Anrrchos.
1477 1882 1524 1890 -
1549 1861 1718 1908 Quaestio
1741 1862 1782 1901 4.

129 1949 256 1989 Utriim
274 1951 351 1987 tota
372 1948 450 1986 haec
474 1948 548 1985 vita
574 1947 622 1985 sit
642 1946 871 1984 contritionis
897 1949 1053 1993 tempus.

178 2018 225 2027 —
272 1996 443 2045 expediat
464 1994 634 2034 continue
661 1995 706 2032 de
729 1997 876 2042 peccato
905 1994 1040 2031 dolere.

177 2066 223 2072 —
273 2044 383 2082 etiam
410 2046 492 2092 post
514 2043 607 2080 hanc
629 2043 740 2080 vitam
763 2042 890 2079 animae
916 2041 959 2078 de
982 2041 1140 2089 peccatis
1167 2044 1414 2079 conterantur.

379 2147 432 2176 nr:
454 2146 638 2175 EFFECTU
663 2146 978 2182 commnoms,
1008 2145 1053 2174 rN
1077 2145 1178 2174 mes
1205 2144 1452 2174 ART1anos.
1473 2157 1521 2163 —
1545 2136 1715 2183 Quaestio
1737 2138 1775 2175 5.

130 2221 256 2262 Utriim
272 2221 437 2260 remissio
459 2220 600 2269 peccati
622 2219 669 2257 sit
691 2219 922 2257 contritionis
946 2220 1108 2257 effectus.

178 2291 224 2298 —
273 2269 443 2309 contritio
465 2269 582 2318 possit
607 2268 769 2306 totaliter
792 2267 919 2305 tollere
945 2270 1083 2304 reatum
1106 2276 1237 2315 poenae.

182 2338 230 2346 -
278 2327 391 2367 parva
413 2317 581 2356 contritio
605 2316 654 2354 sit
675 2315 860 2355 sufficiens
878 2315 923 2353 ad
945 2314 1163 2353 deletionem
1187 2325 1397 2363 magnorum
1425 2319 1668 2364 peccatorum.

249 2421 304 2451 DE
326 2420 613 2452 coNFESSmNE
636 2421 685 2450 ΕΤ
709 2421 805 2450 EJUS
828 2420 1121 2458 NsscssssrrATE,
1146 2421 1191 2450 IN
1220 2421 1296 2450 sex
1316 2420 1564 2450 Ani-remos.
1591 2432 1638 2439 —
1666 2411 1835 2458 Quaestio
1863 2414 1902 2463 6,

130 2494 255 2536 Utrum
273 2493 451 2534 confessio
475 2493 522 2533 sit
543 2493 746 2533 necessaria
769 2493 813 2532 ad
839 2494 1007 2532 salutem.

178 2563 226 2571 —-
274 2542 456 2583 confessio
479 2542 526 2580 sit
549 2542 592 2580 de
613 2542 695 2591 jure
715 2542 885 2580 naturali.

179 2612 227 2619 —
277 2600 401 2629 omnes
426 2590 470 2629 ad
493 2589 758 2628 confessionem
781 2593 985 2628 teneantur.

179 2659 228 2667 --
276 2638 407 2692 aliquis
428 2637 546 2687 possit
567 2638 734 2676 confiteri
760 2642 947 2686 peccatum
970 2638 1065 2686 quod
1090 2647 1163 2676 non
1188 2639 1310 2677 habet.

177 2707 225 2715 —
273 2689 394 2725 statim
414 2688 578 2724 teneatur
596 2685 676 2734 quis
703 2686 882 2724 confiteri.

179 2755 226 2762 --
274 2733 392 2783 possit
413 2744 494 2772 cum
516 2733 638 2782 aliquo
662 2734 879 2783 dispensari,
902 2745 947 2772 ne
966 2734 1192 2774 confiteatur.

336 2839 389 2867 m:
414 2838 714 2870 conrnssroms
741 2839 1006 2878 (amomum,
1034 2840 1080 2870 m
1106 2840 1211 2870 TRES
1237 2840 1479 2871 Anrrcums.
1503 2854 1551 2861 -
1579 2833 1749 2880 Quaestio
1775 2835 1814 2873 7.

133 2908 259 2949 Utriim
276 2910 495 2958 Augustinus
517 2911 771 2950 convenienter
797 2913 945 2953 definiat
967 2913 1248 2953 confessionem.

180 2977 228 2985 —
276 2957 454 2996 confessio
476 2959 525 2998 sit
548 2962 650 2997 actus
668 2961 829 2999 virtutis.

179 3026 228 3033 —
277 3004 457 3044 confessio
480 3006 529 3044 sit
549 3009 649 3045 actus
674 3009 931 3056 poenitentiae.·

337 3110 392 3140 mr
416 3111 619 3142 mms‘rno
645 3113 959 3155 corvussmms,
986 3117 1032 3147 m
1056 3117 1218 3146 SEPTEM
1244 3117 1488 3147 ARTICULOS.
1515 3129 1560 3138 -
1582 3109 1752 3157 Quaestio
1776 3110 1812 3148 8.

128 3183 256 3225 utrnm
274 3184 321 3239 sit
341 3187 583 3240 necessarium
610 3187 773 3226 confiteri
795 3191 987 3229 sacerdoti.

275 3233 455 3283 inahquo
478 3245 564 3273 casu
586 3235 696 3290 liceat
714 3236 776 3291 alii
800 3238 904 3286 quam
928 3238 1108 3278 sacerdoti
1136 3238 1312 3277 confiteri.

276 3283 374 3335 extra
393 3291 536 3338 causam
558 3286 784 3322 necessitatis
808 3286 925 3334 possit
951 3287 1083 3335 aliquis
1105 3297 1177 3326 non
1193 3287 1360 3326 sacerdos
1381 3288 1646 3328 confessionem
1666 3288 1863 3327 venialium
1881 3287 2022 3328 audire.

275 3331 323 3383 sit
347 3339 585 3386 necessarium
611 3332 707 3386 quod
728 3332 836 3371 homo
860 3334 1074 3373 confiteatur
1095 3335 1242 3384 proprio
1270 3335 1462 3374 sacerdoti.

275 3376 404 3431 aliqms
425 3382 542 3427 possu
564 3379 668 3434 elteri
687 3391 800 3437 ‘quam-
823 3382 968 3430 proprio
992 3384 1168 3422 sacerdoti
1194 3384 1370 3430 confiteri,
1401 3394 1446 3422 ex
1471 3384 1663 3434 privilegio
1687 3382 1901 3434 superioris.

273 3428 454 3472 poenitens
475 3430 590 3475 possit
617 3438 655 3465 in
677 3429 746 3466 tine
768 3432 851 3467 v1tae
875 3429 894 3467 ὲ
917 3430 1083 3478 quolibet
1105 3432 1291 3472 sacerdote
1313 3432 1466 3473 absolvi.

274 3482 382 3522 poena
399 3475 540 3514 taxetur
561 3475 757 3516 secundnm
781 3477 1017 3527 quantitatem
1040 3479 1172 3530 culpae.
