2170 3808
34 170 47 233 R
723 215 922 267 QUAEST.
954 214 1092 272 Lxln,
1120 214 1241 258 ART.
1269 212 1336 257 lv.
1897 211 1972 254 531

91 303 259 348 animae
274 300 395 346 sicut
410 299 457 343 in
475 296 701 354 subjectO.
719 298 963 341 character
976 297 1101 341 enim
1116 296 1284 340 dicitur
1303 307 1410 340 esse
1427 292 1666 352 dispositio
1681 292 1740 337 ad
1763 291 1977 348 gratiam.

91 365 178 410 Sed
193 363 341 421 gratia
351 365 422 406 est
447 360 496 404 in
525 359 724 404 essentia
740 358 904 403 animae
926 359 1046 403 sicut
1061 358 1107 401 in
1127 357 1353 414 subjecto,
1377 362 1429 401 ut
1450 355 1498 400 in
1514 355 1719 401 secunda
1734 358 1866 411 parte
1880 353 1973 398 dic-

90 430 189 472 tum
205 429 277 471 est
290 426 327 479 (1
346 425 390 483 2,
407 424 571 480 quaest.
588 433 712 478 cxxx,
734 426 819 465 art.
834 423 895 474 4).
911 422 1029 477 Ergo
1042 419 1226 464 videtur
1241 418 1366 476 qued
1382 419 1620 463 character
1634 417 1695 462 sit
1709 417 1758 460 in
1773 415 1973 461 essentia

87 487 270 540 animae,
295 497 389 530 non
407 486 563 528 autem
580 482 629 526 in
644 482 880 538 potentiis.

143 552 188 594 2.
209 551 448 602 Praeterea,
470 544 675 602 potentia
701 545 869 588 animae
898 556 992 588 non
1015 543 1199 588 videtur
1221 554 1324 587 esse
1357 541 1622 599 subjectum
1652 540 1865 598 aliquus,
1883 538 1972 584 nisi

90 611 274 656 habitus
286 609 360 654 vel
376 606 706 664 dispositionis.
727 607 813 652 Sed
842 607 1096 662 character,
1112 609 1164 649 ut
1179 604 1355 651 dictum
1371 608 1444 649 est
1464 606 1566 658 (art.
1587 606 1614 648 2
1628 603 1726 659 huJ'.
1743 605 1859 660 qu.)‚
1876 614 1970 646 non

10 721 15 727 ,
89 676 161 718 est
187 670 372 716 habitus
404 668 479 714 vel
507 667 761 725 dispositio,
784 667 865 712 sed
889 667 1039 723 magis
1072 664 1294 723 potentia,
1325 665 1462 723 cujus
1489 664 1753 722 subjectum
1785 676 1880 708 non
1903 667 1974 709 est

89 733 178 779 nisi
192 731 392 779 essentia
407 730 589 775 animae.
609 731 728 787 Ergo
741 729 922 774 videtur
946 728 1070 785 qued
1085 728 1324 772 character
1337 739 1432 772 non
1451 727 1526 783 sit,
1545 726 1665 771 sicut
1679 726 1727 770 in
1743 725 1971 783 subiecto,

88 795 133 839 in
157 794 360 852 potentia
378 793 560 848 animae,
578 791 661 837 sed
674 792 823 849 magis
840 792 888 835 in
902 791 1105 836 essentia
1135 790 1298 847 ipsius.

143 860 185 903 3.
218 860 456 910 Praeterea,
472 854 689 911 potentiae
718 854 886 898 animae
905 853 1142 899 rationalis
1165 853 1518 909 distinguuntur
1538 863 1620 908 per
1635 849 1894 907 cognitivas
1926 855 1972 894 et

89 918 378 976 appetitivas.
404 916 492 962 Sed
526 928 620 960 non
644 920 794 972 potest
828 914 917 959 dici
952 915 1076 971 quod
1116 915 1354 959 character
1376 913 1437 958 sit
1458 913 1641 957 tantem
1679 912 1727 956 in
1765 911 1971 968 potentia

88 979 332 1036 cognitiva,
354 989 506 1034 neque
527 977 665 1021 etiam
689 976 869 1021 tantum
887 975 935 1019 in
971 975 1175 1033 potentia
1196 974 1461 1032 appetitiva,
1481 974 1590 1031 quia
1612 985 1705 1017 non
1731 972 1970 1018 ordinatur

89 1053 241 1099 neque
265 1041 324 1086 ad
341 1038 717 1095 cognoscendum
743 1041 938 1096 tantum,
958 1049 1110 1094 neque
1145 1036 1201 1081 ad
1238 1035 1575 1093 appetendum3
1600 1035 1809 1079 similiter
1831 1034 1969 1078 etiam

88 1113 184 1148 non
205 1105 355 1159 potest
377 1101 467 1146 dici
485 1099 611 1157 qued
625 1099 746 1145 sitin
763 1103 976 1156 utraque,
1001 1099 1110 1154 quia
1131 1098 1255 1143 idem
1273 1098 1489 1142 accidens
1512 1110 1607 1142 non
1630 1100 1782 1154 potest
1802 1107 1906 1141 esse
1921 1095 1968 1139 in

90 1163 283 1211 diversis
313 1163 552 1220 subjectis.
577 1164 695 1218 Ergo
713 1161 896 1206 videtur
912 1159 1038 1215 quod
1059 1160 1297 1205 character
1310 1171 1406 1204 non
1426 1159 1485 1204 sit
1506 1159 1554 1202 in
1577 1157 1783 1215 potentia
1803 1157 1971 1203 animae

88 1225 210 1271 sicut
226 1225 275 1271 in
295 1225 523 1282 subjecto,
545 1224 628 1269 sed
656 1222 805 1278 magis
822 1222 872 1267 in
892 1221 1110 1266 essentia.

142 1287 231 1333 Sed
250 1291 413 1332 contra
438 1289 509 1331 est
525 1284 666 1342 qued,
690 1284 811 1328 sicut
829 1284 878 1328 in
907 1283 1149 1340 praemissa
1177 1280 1445 1327 definitione
1468 1283 1528 1337 (1)
1547 1280 1824 1327 characteris
1854 1294 1970 1329 con—

86 1347 258 1393 tinetur
270 1350 374 1402 (art.
391 1347 565 1403 praec.),
589 1346 827 1390 character
849 1344 1130 1402 imprimitur
1153 1345 1320 1403 animae
1342 1343 1553 1389 rationali
1582 1343 1839 1388 secundum
1858 1343 1970 1388 ima·

84 1408 256 1466 ginem.
302 1407 390 1453 Sed
432 1406 586 1463 imago
621 1406 853 1451 Trinitatis
886 1405 935 1449 in
972 1406 1129 1450 anima
1163 1405 1417 1452 attenditur
1439 1404 1697 1451 secundum
1720 1405 1966 1461 potentias,

83 1473 204 1527 Ergo
220 1470 454 1515 character
475 1469 523 1513 in
547 1469 766 1526 potentiis
784 1468 953 1513 animae
976 1468 1144 1513 existit.

128 1538 418 1579 CONCLUSIO.
445 1524 492 1566 ‘—
516 1537 623 1577 cam
659 1537 888 1577 charactere
929 1536 1213 1586 insigniantur
1260 1534 1399 1575 fideles
1444 1533 1495 1574 ad
1532 1533 1841 1584 suscipiendum
1854 1564 1864 1584 ,
1902 1535 1966 1575 vel

84 1592 179 1633 aliis
193 1592 452 1641 tradendum,
472 1603 563 1642 quae
577 1595 675 1630 sunt
689 1591 824 1631 divini
839 1591 988 1640 cultus,
1002 1591 1075 1642 qui
1099 1590 1143 1630 in
1161 1590 1320 1631 actibus
1338 1589 1585 1642 quibusdam
1602 1589 1802 1636 consistit,
1820 1599 1903 1629 non
1922 1590 1967 1630 in

85 1648 272 1696 essentia,
287 1647 415 1688 sedin
437 1646 619 1698 potentia
638 1646 788 1687 animae
806 1657 963 1687 necesse
981 1648 1039 1686 est
1053 1645 1325 1686 characterem
1343 1656 1441 1686 esse.

142 1709 411 1767 Respondeo
426 1708 674 1755 dicendum
696 1708 838 1768 qued,
859 1708 980 1754 sicut
1001 1708 1176 1753 dictum
1215 1712 1286 1753 est
1317 1710 1420 1763 (art.
1440 1707 1614 1764 praec),
1638 1707 1875 1752 character
1895 1714 1967 1754 est

86 1772 318 1830 quoddam
351 1771 647 1828 signaculum
679 1783 772 1828 quo
807 1771 962 1815 anima
993 1770 1244 1827 insignitur
1283 1771 1341 1815 ad
1373 1769 1721 1826 suscipiendum
1752 1769 1828 1815 vel
1864 1770 1968 1816 aliis

86 1834 362 1880 tradendum
383 1846 438 1879 ea
454 1845 562 1890 quae
577 1836 689 1878 sunt
707 1832 851 1878 divini
871 1832 1041 1878 cultus.
1067 1832 1258 1878 Divinus
1271 1836 1427 1878 autem
1442 1832 1596 1876 cultus
1617 1831 1666 1875 in
1685 1831 1963 1888 quibusdam

85 1895 266 1940 actibus
301 1895 527 1941 consistit.
557 1895 624 1941 Ad
657 1898 791 1939 actus
820 1898 975 1939 autem
1005 1894 1190 1951 proprie
1220 1894 1496 1939 ordinantur
1530 1893 1748 1950 potentiae
1779 1895 1963 1954 animae,

83 1957 204 2003 sicut
218 1957 420 2003 essentia
438 1957 679 2002 ordinatur
697 1956 757 2002 ad
771 1970 875 2001 esse.
898 1959 952 2001 Et
973 1956 1075 2002 idee
1094 1958 1334 2002 character
1352 1969 1446 2002 non
1463 1960 1534 2001 cst
1555 1955 1677 2001 sicut
1691 1956 1738 2000 in
1754 1956 1966 2014 subJ‘ecto

63 2019 130 2065 *in
151 2019 351 2065 essentia
370 2019 552 2077 animae,
577 2018 661 2065 sed
681 2018 731 2063 in
749 2019 854 2075 ejus
872 2018 1092 2075 potentia.

134 2081 200 2126 Ad
228 2085 427 2139 primum
447 2093 559 2138 ergo
581 2080 848 2138 dicendum,
866 2081 990 2138 qued
1012 2081 1274 2137 subjectum
1295 2080 1431 2126 alicui
1449 2079 1675 2125 accidenti
1697 2080 1964 2127 attribuitur

82 2144 340 2189 secundum
362 2143 590 2188 rationem
609 2142 713 2200 eJus
733 2142 793 2189 ad
823 2142 947 2199 quod
966 2141 1225 2200 propinque
1244 2142 1462 2200 disponit,
1482 2154 1577 2186 non
1607 2145 1763 2187 autem
1792 2154 1962 2188 secun-

83 2204 193 2252 dum
213 2206 440 2251 rationem
456 2206 559 2263 ejus
576 2205 637 2251 ad
654 2205 779 2262 quod
793 2205 998 2261 disponit
1013 2206 1188 2250 remote
1208 2205 1280 2250 vel
1297 2205 1535 2251 indirecte.
1553 2204 1794 2249 Character
1806 2210 1962 2251 autem

83 2267 254 2313 directe
271 2267 459 2324 quidem
474 2272 520 2313 et
538 2267 798 2325 propinque
817 2267 1021 2324 disponit
1035 2267 1239 2312 animam
1254 2267 1312 2312 ad
1330 2279 1385 2312 ea
1404 2279 1509 2324 quae
1521 2269 1631 2312 sunt
1645 2266 1787 2311 divini
1808 2267 1962 2313 cultus

82 2330 366 2387 exequenda.
402 2332 455 2375 Et
487 2330 596 2387 quia
624 2331 723 2375 haec
755 2329 921 2375 idonee
960 2342 1052 2374 non
1089 2328 1209 2374 fiunt
1240 2329 1341 2374 sine
1363 2330 1534 2374 auxilio
1569 2329 1742 2385 gratiae,
1765 2329 1889 2386 quia,
1909 2335 1963 2377 ut

83 2390 408 2446 dicituonan.
428 2405 487 2449 ιν,
510 2393 597 2449 24),
614 2405 687 2436 eos
716 2395 792 2448 qui
824 2393 1024 2436 adorant
1055 2395 1213 2448 Deum,
1235 2395 1282 2434 in
1299 2395 1462 2447 spiritu
1486 2395 1529 2436 et
1553 2393 1742 2436 veritate
1762 2392 1963 2437 adorare

81 2456 272 2509 oportet,
296 2465 354 2498 ex
371 2453 675 2510 consequenti
699 2453 854 2498 divina
879 2453 1069 2509 largitas
1091 2453 1421 2510 recipientibus
1437 2453 1749 2498 charactere-m
1768 2453 1963 2511 largitur

81 2514 301 2571 gratiam,
336 2526 419 2572 per
452 2527 593 2572 quam
627 2515 766 2570 digne
807 2514 1032 2572 impleant
1060 2528 1113 2560 ea
1149 2515 1209 2560 ad
1230 2528 1335 2573 quae
1368 2516 1653 2572 deputantur
1685 2518 1760 2570 (2).
1786 2517 1838 2559 Et
1859 2516 1963 2562 idee

80 2575 332 2621 characteri
349 2575 499 2632 magis
517 2583 589 2621 est
606 2575 953 2621 attribuendum
970 2576 1231 2634 subjectum
1252 2577 1509 2622 secundum
1527 2577 1752 2622 rationem
1770 2581 1960 2623 actuum

81 2635 141 2682 ad
161 2636 368 2682 divinum
390 2637 570 2683 cultum
590 2637 939 2694 pertinentium,
969 2639 1110 2694 quam
1127 2638 1385 2683 secundum
1406 2638 1631 2683 rationem
1655 2637 1827 2693 gratiae.

136 2697 201 2742 Ad
225 2698 466 2741 secundum
502 2698 766 2753 dicendum,
797 2698 923 2755 qued
954 2698 1158 2743 essentia
1177 2699 1343 2743 animae
1374 2703 1446 2744 est
1462 2698 1722 2756 subJectum
1743 2699 1959 2755 potentiae

82 2758 322 2812 naturalis,
346 2771 451 2815 quae
483 2771 541 2804 ex
561 2758 798 2816 principiis
817 2759 1033 2804 essentiae
1054 2760 1276 2816 procedit.
1312 2760 1430 2804 Talis
1458 2765 1613 2804 autem
1636 2760 1842 2816 potentia
1863 2773 1959 2807 non

82 2825 153 2865 est
169 2821 420 2876 character,
431 2821 514 2866 scd
533 2825 604 2865 est
623 2821 833 2878 quaedam
848 2822 1102 2878 spiritualis
1113 2822 1318 2878 potentia
1333 2822 1391 2866 ab
1410 2822 1668 2867 extrinseco
1686 2822 1957 2870 adveniens.

83 2881 211 2926 Unde
233 2881 353 2926 sicut
370 2881 570 2926 essentia
585 2882 769 2938 animae,
792 2894 875 2938 per
895 2895 1034 2938 quam
1057 2887 1130 2927 est
1144 2882 1367 2927 naturaliS
1383 2882 1477 2927 vita
1491 2882 1706 2938 hominiS,
1727 2883 1960 2940 perficitur

81 2954 162 2998 per
195 2942 405 3001 gratiam,
434 2944 526 3000 qua
552 2943 708 2987 anima
733 2943 1029 3000 spiritualiter
1056 2943 1189 2999 vivit3
1220 2943 1285 2987 ita
1311 2943 1516 3000 potentia
1541 2944 1764 2989 naturalis
1794 2945 1959 2991 animae

82 3003 317 3059 perficitur
336 3016 418 3061 per
451 3003 735 3060 spiritualem
770 3005 1039 3061 potentiam,
1067 3018 1173 3062 quae
1213 3010 1283 3050 est
1324 3006 1575 3050 character.
1614 3006 1806 3052 Habitus
1833 3008 1957 3053 enim

82 3070 126 3108 et
142 3064 378 3121 dispositio
397 3065 630 3122 pertinent
649 3065 708 3110 ad
725 3066 978 3122 potentiam
998 3066 1181 3123 animae,
1201 3066 1256 3112 ee
1277 3066 1401 3123 qued
1423 3066 1694 3112 ordinantur
1734 3068 1793 3114 ad
1824 3074 1956 3115 actus

81 3138 277 3182 quorum
298 3126 514 3183 potentiae
532 3131 643 3171 sunt
660 3126 899 3183 principia.
921 3131 974 3172 Et
995 3128 1156 3172 eadem
1190 3127 1368 3173 ratione
1396 3140 1535 3173 omne
1567 3130 1693 3186 quod
1712 3130 1772 3176 ad
1800 3136 1955 3176 actum

80 3187 334 3240 ordinatur,
351 3191 422 3231 est
439 3187 654 3242 potentiae
676 3187 988 3233 tribuendum.

80 3312 283 3354 primiturin
299 3311 470 3345 intellectu
480 3312 640 3352 practico,
651 3312 738 3346 sicut
748 3316 781 3344 ct
793 3311 875 3345 fides
890 3311 970 3354 ipsa.
1056 3315 1089 3346 et
1103 3312 1138 3346 in
1160 3317 1249 3347 statu
1266 3314 1389 3355 peccati
1403 3314 1443 3348 ad
1457 3314 1689 3356 quodcumque
1706 3322 1952 3349 sacramentum

119 3358 163 3399 (4)
184 3360 263 3400 Quae
279 3359 421 3392 articulo
438 3359 637 3399 praecedenti
660 3358 823 3398 assignata
846 3366 895 3392 ett
914 3371 972 3392 ar·
1057 3359 1255 3400 imprimens
1279 3362 1505 3396 characterem
1525 3374 1533 3396 :
1555 3367 1634 3397 tunc
1662 3363 1752 3397 enim
1782 3362 1841 3396 etsi
1869 3362 1951 3396 eha-

82 3417 168 3445 gum.
186 3406 246 3440 sed
264 3409 408 3440 contra.
1058 3417 1222 3442 raa-ierem
1242 3411 1362 3448 reipsa
1377 3410 1553 3451 recipiant.
1573 3422 1637 3444 non
1658 3417 1769 3444 tamon
1786 3408 1951 3450 rccipiunt

122 3454 165 3495 (2)
178 3454 244 3488 Nisi
264 3454 391 3488 obicem
410 3459 547 3496 ponant,
570 3455 646 3489 cnm
662 3454 798 3494 indigne:
813 3454 973 3488 accedunt
1060 3456 1213 3497 gratiam,
1230 3456 1287 3491 scd
1302 3456 1364 3491 hoc
1382 3464 1430 3491 cst
1449 3470 1508 3499 pcr
1524 3458 1685 3492 accidens.
