2170 3808
665 246 862 298 QUAEST.
893 246 1018 299 XXII,
1046 246 1162 288 ART.
1197 246 1248 288 llI
1276 246 1339 288 ET
1362 246 1427 288 IV.
1910 244 1991 287 197

107 329 324 375 sacerdos
344 333 390 374 et
407 333 542 374 Deus.
569 327 696 371 Unde
722 328 768 370 in
786 328 966 383 synodo
987 327 1214 383 Ephesina
1228 329 1361 382 (part.
1389 340 1450 381 111,
1473 338 1576 381 cap.
1601 328 1644 380 1,
1665 336 1767 369 can.
1790 325 1859 379 10)
1878 324 1995 380 legi-

107 393 209 435 tur:
234 409 253 429 «
276 390 440 447 Siquis
459 388 723 433 Pontificem
740 392 785 432 et
798 389 1064 445 Apostolum
1084 393 1297 432 nostrum
1315 388 1490 431 factum
1508 386 1634 442 dicit,
1656 399 1749 430 non
1769 386 1923 442 ipsum
1934 398 1993 430 ex

107 453 195 495 Deo
216 451 413 496 Verbum
435 449 622 508 quando
646 450 820 493 factum
835 454 904 494 est
919 462 1026 494 caro
1048 453 1096 494 et
1109 449 1368 494 secundum
1391 462 1477 493 nos
1495 450 1650 503 homo,
1670 448 1754 492 sed
1770 452 1992 504 tanquam

109 513 301 558 alterum
336 517 500 570 praeter
532 523 640 556 eum
676 511 886 556 seorsum
918 511 1151 556 hominem
1181 523 1238 554 ex
1264 510 1480 564 muliere,
1513 510 1758 554 anathema
1789 509 1864 553 sit.
1885 527 1905 547 ι»
1938 510 1992 554 Et

107 573 225 631 ideo,
248 575 524 631 inquantum
548 573 649 630 ejus
667 573 931 617 humanitas
951 572 1227 629 operabatur
1245 571 1292 615 in
1311 571 1479 615 virtute
1499 572 1766 628 divinitatis,
1786 570 1901 615 illud
1923 582 1992 615 sa-

106 633 328 682 crificium
344 641 440 680 erat
453 635 828 680 efficacissimum
847 634 906 679 ad
918 634 1115 679 delenda
1133 638 1337 690 peccata.
1356 635 1544 689 Propter
1562 633 1685 690 quod
1705 633 1992 689 Augustinus

107 697 216 742 dicit
237 700 313 752 (De
333 697 485 741 Trinit.
508 697 588 741 lib.
610 710 670 755 1v,
693 709 794 753 cap.
814 700 885 750 14,
902 697 949 740 in
968 697 1093 750 fin.):
1120 713 1141 733 «
1166 697 1220 739 Ut
1238 695 1459 751 quoniam
1475 701 1676 751 quatuor
1693 695 1990 739 consideran-

108 759 251 803 turin
277 757 403 803 omni
426 755 678 813 sacrificio,
712 758 787 802 cui
811 758 1045 814 offeratur,
1077 757 1104 800 a
1124 769 1217 813 quo
1248 756 1483 815 offeratur,
1509 756 1620 813 quid
1647 757 1880 812 offeratur,
1907 768 1991 813 pro

107 819 276 876 quihus
298 820 536 875 offeratur,
554 819 675 864 idem
699 819 797 875 ipse
817 831 942 864 unus
959 830 1191 874 verusque
1209 818 1450 874 mediator,
1466 829 1550 874 per
1569 814 1847 861 sacrificium
1864 817 1992 874 pacis

106 881 407 925 reconcilians
429 892 515 924 nos
533 883 640 937 Deo,
675 893 825 924 unum
848 893 954 925 cum
978 880 1056 924 illo
1081 883 1306 935 maneret,
1332 879 1406 923 cui
1431 879 1673 934 offerebat,
1694 890 1843 922 unum
1872 878 1919 921 in
1941 890 1993 923 se

106 939 290 998 faceret,
322 954 406 998 pro
438 941 609 999 quibus
647 942 890 998 offerebat,
929 954 1051 986 unus
1083 941 1183 998 ipse
1220 945 1359 996 esset,
1398 940 1477 998 qui
1510 940 1747 996 offerebat,
1788 945 1834 985 et
1867 939 1991 997 quod

108 1002 341 1047 offerebat.
366 1021 386 1042 »

162 1064 229 1109 Ad
247 1064 486 1108 secundum
508 1063 772 1120 dicendum,
790 1063 912 1120 quod
926 1067 1114 1119 peccata
1133 1075 1228 1107 non
1243 1066 1667 1107 commemorantur
1682 1063 1728 1107 in
1750 1075 1870 1106 nova
1888 1061 1991 1118 lege

108 1129 292 1181 propter
313 1125 616 1170 inefficaciam
649 1125 891 1170 sacerdotii
920 1125 1100 1181 Christi,
1134 1125 1267 1181 quasi
1298 1136 1382 1180 per
1412 1124 1564 1180 ipsum
1590 1137 1683 1168 non
1710 1124 1993 1168 sufficienter

108 1186 348 1242 expientur
363 1192 576 1243 peccata,
597 1186 679 1231 sed
699 1190 1120 1231 commemorantur
1136 1188 1362 1241 quantum
1386 1186 1445 1230 ad
1464 1185 1567 1229 illos
1596 1185 1675 1242 qui
1695 1186 1768 1230 vel
1788 1186 1892 1242 eJus
1918 1197 1991 1228 sa-

107 1244 265 1291 crificii
299 1249 462 1292 nolunt
484 1261 587 1293 esse
621 1249 879 1305 participes,
911 1248 1029 1292 sicut
1060 1253 1171 1292 sunt
1201 1244 1413 1292 infideles
1448 1259 1530 1304 pro
1560 1259 1758 1303 quorum
1790 1245 1991 1304 peccatis

109 1319 310 1364 oramus,
335 1315 386 1353 ut
407 1313 753 1366 convertantur,
787 1310 860 1354 vel
884 1309 1023 1353 etiam
1051 1309 1278 1365 quantum
1311 1309 1370 1353 ad
1393 1308 1498 1353 illos
1523 1308 1603 1365 qui
1624 1314 1729 1365 post
1751 1308 1992 1365 participa-

106 1367 277 1414 tionem
297 1371 434 1427 hujus
450 1371 655 1415 sacrificii
679 1371 736 1415 ab
755 1383 811 1415 eo
826 1371 1013 1416 deviant
1025 1371 1421 1428 qualitercumque
1438 1371 1688 1427 peccando.
1711 1370 1991 1415 Sacrificium

108 1435 261 1475 autem
283 1432 407 1488 quod
437 1432 639 1489 quotidie
661 1432 708 1476 in
737 1432 938 1477 Ecclesia
965 1432 1169 1483 offertur,
1196 1445 1289 1476 non
1314 1436 1384 1477 est
1407 1433 1534 1477 aliud
1563 1432 1591 1476 a
1617 1432 1841 1477 sacrificio
1866 1430 1989 1488 quod

108 1492 206 1549 ipse
235 1494 439 1538 Christus
461 1495 626 1539 obtulit
648 1497 720 1551 (1),
746 1495 829 1541 sed
851 1495 953 1551 ers
971 1495 1362 1540 commemoratio.
1400 1495 1530 1540 Unde
1557 1495 1846 1551 Augustinus
1878 1493 1990 1538 dicit

109 1554 187 1607 (De
203 1555 382 1599 civitate
399 1556 491 1613 Dei,
512 1556 591 1600 lib.
612 1570 654 1613 X,
675 1568 777 1612 cap,
797 1558 867 1612 20,
882 1557 928 1599 in
950 1556 1092 1609 med.)
1109 1570 1120 1601 :
1140 1573 1159 1594 «
1175 1556 1396 1601 Sacerdos
1412 1557 1512 1613 ipse
1532 1556 1740 1600 Christus
1774 1555 1988 1610 offerens,

109 1613 207 1671 ipse
231 1622 277 1660 et
301 1617 495 1674 oblatio,
515 1618 650 1674 qu‘us
676 1618 741 1661 rei
766 1623 1108 1662 sacramentum
1131 1617 1452 1674 quotidianum
1478 1630 1581 1662 esse
1606 1617 1752 1661 voluit
1778 1616 1991 1661 Ecclesiae

110 1677 398 1722 sacrificium.
422 1698 442 1718 »

167 1739 231 1782 Ad
254 1744 434 1783 tertium
469 1740 733 1797 dicendum,
759 1741 899 1797 quod,
936 1741 1057 1786 sicut
1091 1741 1311 1797 Origenes
1349 1741 1459 1787 dicit
1492 1743 1612 1799 (sup.
1650 1740 1766 1786 illud
1793 1743 1923 1785 Joan.
1948 1754 1989 1784 1:

111 1803 224 1842 Ecce
237 1814 378 1856 aquus
397 1803 508 1857 Dei),
532 1802 639 1846 iicet
656 1802 838 1846 diversa
860 1803 1077 1846 animalia
1092 1803 1142 1846 in
1159 1803 1302 1847 veteri
1319 1803 1417 1858 lege
1437 1803 1730 1858 offerrentur,
1754 1802 1988 1859 quotidia-

112 1872 225 1904 num
251 1867 403 1906 tamen
423 1863 714 1917 sacrificium,
735 1863 859 1920 quod
874 1863 1150 1908 offerebatur
1171 1876 1310 1908 mane
1333 1870 1378 1909 et
1399 1877 1607 1923 vespere,
1630 1868 1730 1909 erat
1750 1876 1917 1920 agnus,
1940 1870 1991 1912 ut

110 1921 305 1967 habetur
326 1926 475 1978 (Num.
508 1928 670 1978 xxviu).
692 1925 820 1969 Unde
849 1925 1194 1980 significabatur
1223 1925 1346 1982 quod
1369 1926 1538 1970 oblatio
1567 1927 1677 1982 agni
1703 1927 1814 1983 veri,
1839 1926 1887 1970 id
1903 1931 1989 1982 est,

110 1985 288 2040 Christi,
304 1986 723 2041 essetsacrificium
743 1988 1162 2032 consummativum
1178 1988 1384 2031 omnium
1406 1988 1618 2032 aliorum.
1640 1990 1693 2032 Et
1714 1987 1818 2032 ideo
1842 1990 1989 2042 (scau.

110 2058 140 2099 1,
164 2047 229 2095 29>
246 2046 435 2091 dicitur:
462 2051 746 2103 Eccequnus
772 2049 864 2101 Dei,
884 2051 959 2104 qui
981 2049 1100 2092 tollit
1116 2053 1307 2106 peccata
1325 2050 1483 2092 mundi
1499 2051 1574 2104 (2).

164 2109 501 2151 ARTICULUS
516 2111 596 2152 1V.
612 2133 668 2139 -
685 2123 822 2152 ornum
837 2123 1044 2154 nrm-:crus
1063 2123 1304 2154 saczanorn
1319 2124 1482 2155 emusri
1503 2123 1584 2154 nou
1600 2123 1733 2154 sotum
1748 2123 1801 2153 An
1817 2123 1938 2154 amos

630 2182 918 2227 Pam-muamr,
941 2184 1015 2215 san
1038 2185 1167 2214 Erum
1182 2185 1233 2214 An
1253 2185 1371 2216 lPSUM
1391 2174 1466 2226 (3).

525 2237 572 2271 De
584 2237 636 2271 his
653 2238 755 2272 etiam
769 2239 863 2279 Scnt.
880 2247 927 2281 lv,
948 2239 1025 2274 dist.
1042 2240 1074 2280 4,
1090 2245 1206 2281 quaest.
1226 2250 1251 2282 1,
1265 2246 1330 2275 art.
1353 2241 1386 2281 5,
1405 2244 1519 2282 quaest.
1536 2249 1572 2275 v.

163 2290 229 2334 Ad
256 2296 470 2346 quartum
504 2292 571 2336 sic
594 2293 873 2348 proceditur.
908 2297 952 2338 1.
982 2294 1167 2338 Videtur
1190 2295 1314 2351 quod
1335 2295 1526 2339 effectus
1556 2294 1799 2339 sacerdotii
1826 2295 1988 2340 Christi

109 2362 203 2394 non
227 2352 376 2396 solnm
394 2352 667 2408 pertinuerit
692 2354 750 2398 ad
766 2354 896 2410 alios,
917 2355 1001 2400 sed
1023 2355 1160 2400 etiam
1185 2356 1243 2400 ad
1266 2356 1434 2412 ipsum.
1451 2356 1519 2401 Ad
1538 2357 1743 2400 officium
1765 2356 1888 2400 enim
1913 2369 1990 2401 sa-

109 2412 303 2457 cerdotis
319 2413 513 2469 pertinet
529 2426 611 2470 pro
626 2415 797 2471 populo
817 2427 966 2471 orare,
985 2417 1243 2460 secundum
1267 2417 1381 2461 illud
1400 2419 1466 2472 (ΙΙ.
1484 2417 1685 2461 Machah.
1701 2431 1731 2470 1,
1746 2419 1846 2468 23):
1868 2420 1989 2462 Ora-

109 2475 270 2517 tionem
284 2474 512 2527 saciebcmt
533 2478 805 2533 sacerdotes,
834 2478 941 2520 dum
964 2483 1352 2522 consummaretur
1367 2482 1658 2535 sacrificium.
1681 2479 1768 2524 Sed
1785 2479 1989 2524 Christus

108 2547 202 2579 non
224 2537 372 2580 solnm
401 2550 484 2593 pro
511 2537 612 2583 aliis
635 2538 796 2595 oravit,
829 2540 912 2584 sed
941 2541 1078 2584 etiam
1103 2554 1186 2597 pro
1211 2542 1379 2600 seipso,
1411 2543 1669 2587 secundum
1698 2542 1822 2599 quod
1849 2554 1989 2598 supra

108 2596 282 2642 dictum
309 2602 378 2642 est
397 2600 574 2655 (quaest.
596 2612 734 2656 praec.
754 2604 839 2645 art.
860 2604 904 2657 3,
930 2606 975 2646 et
997 2602 1118 2646 sicut
1136 2605 1355 2659 expresse
1373 2603 1542 2648 dicitur
1564 2604 1698 2647 Hebr.
1719 2604 1840 2659 v,·7),
1864 2603 1989 2660 quod

107 2661 157 2700 in
177 2659 328 2701 diebus
342 2662 493 2702 carnis
506 2673 596 2704 suae
611 2674 769 2716 preces
791 2663 1228 2719 supplicationesque
1249 2666 1311 2707 ad
1332 2670 1490 2719 Deum,
1505 2668 1580 2720 qui
1597 2667 1738 2720 possit
1752 2665 1881 2707 illum
1898 2666 1990 2708 sal-

109 2732 212 2762 vum
227 2723 379 2774 facere
396 2722 427 2763 ὰ
444 2724 604 2778 morte,
622 2736 720 2765 cum
737 2724 931 2767 clamore
951 2726 1104 2768 valido
1124 2730 1169 2768 et
1193 2727 1408 2783 lacrymis
1433 2727 1608 2769 obtulit.
1634 2728 1751 2782 Ergo
1773 2727 1990 2772 sacerdo-

111 2779 224 2823 tium
247 2781 406 2826 Christi
428 2782 642 2827 effectum
664 2783 824 2828 habuit
838 2797 928 2829 non
946 2787 1097 2830 solum
1116 2786 1163 2830 in
1184 2787 1301 2842 aliis,
1326 2787 1407 2831 sed
1429 2788 1568 2832 etiam
1590 2787 1639 2830 in
1660 2787 1812 2843 seipso

164 2844 207 2886 2.
237 2844 471 2901 Praeterea,
494 2845 697 2890 Christus
724 2847 998 2892 sacrificium
1031 2848 1197 2893 obtulit
1223 2850 1428 2905 seipsum
1458 2849 1506 2893 in
1534 2862 1619 2893 sua
1644 2850 1874 2905 passione.
1902 2850 1988 2895 Sed

110 2916 193 2960 per
205 2906 462 2960 passionem
478 2918 610 2951 suam
622 2920 716 2951 non
736 2909 887 2953 solum
912 2910 1014 2954 aliis
1030 2911 1212 2964 meruit,
1239 2911 1320 2955 sed
1344 2911 1480 2955 etiam
1506 2911 1610 2966 sibi,
1636 2916 1688 2954 ut
1709 2923 1850 2967 supra
1864 2912 1990 2956 hahi-

111 2970 207 3009 tum
220 2971 289 3010 est
311 2968 488 3021 (quaest.
511 2980 597 3024 xix,
621 2973 705 3014 art.
727 2972 753 3014 3
769 2975 814 3014 et
831 2974 892 3024 4).
908 2974 1026 3028 Ergo
1046 2972 1354 3016 sacerdotium
1373 2973 1537 3016 Christi
1558 2985 1650 3016 non
1663 2972 1814 3016 solum
1829 2973 1988 3018 habuit

108 3026 318 3070 effectum
342 3027 387 3070 in
409 3026 525 3082 aliis,
541 3028 623 3074 sed
640 3030 777 3074 etiam
799 3032 846 3075 in
866 3033 1032 3089 seipso,

161 3090 202 3133 3.
229 3090 464 3144 Praeterea,
485 3090 790 3136 sacerdotium
811 3095 980 3138 veteris
1002 3094 1118 3150 legis
1139 3095 1226 3138 fuit
1251 3095 1402 3150 figura
1421 3095 1663 3140 sacerdotii
1693 3096 1873 3140 Christi.
1901 3098 1986 3142 Sed

106 3149 322 3193 sacerdos
342 3150 508 3194 veteris
528 3150 643 3206 legis
663 3163 756 3195 nou
778 3154 924 3198 solum
939 3167 1021 3210 pro
1043 3155 1160 3210 aliis,
1178 3155 1261 3199 sed
1277 3156 1416 3199 etiam
1430 3169 1513 3212 pro
1534 3156 1689 3212 seipso
1708 3158 1985 3201 sacrificium

105 3209 350 3253 offerebat:
373 3209 676 3255 diciturenim
694 3213 855 3266 (Levit.
876 3218 980 3270 xv1),
1011 3215 1134 3272 quod
1157 3219 1367 3269 Pontifex
1389 3219 1645 3272 inqredz'tur
1658 3222 1984 3273 sanctuarium,

150 3318 188 3359 ,4)
206 3318 282 3371 ῌεεο
301 3318 452 3372 doctrina
474 3319 737 3354 luculentissime
753 3321 1000 3363 clarissimeque
1126 3324 1168 3365 (5)
1187 3325 1234 3358 De
1249 3324 1314 3359 fide
1331 3328 1380 3359 est
1396 3325 1566 3360 Christum
1580 3338 1647 3360 non
1666 3339 1728 3369 pro
1741 3326 1847 3367 seipso
1861 3325 1984 3359 sacrifi-

106 3370 284 3404 exponitur
303 3378 336 3399 111
356 3366 474 3400 concil.
493 3367 646 3401 Trident.
664 3369 751 3409 (sess.
763 3378 847 3409 xxn,
864 3381 935 3410 cap.
960 3371 998 3411 l).
1084 3371 1172 3405 cium
1202 3371 1359 3407 obtulisse
1373 3399 1382 3414 ,
1417 3374 1494 3415 quia
1523 3375 1617 3408 nullo
1637 3375 1736 3408 modo
1764 3374 1834 3415 ipse
1867 3372 1985 3407 fecerit

143 3412 188 3453 (2)
211 3414 276 3447 Seu
292 3417 478 3455 peccatum
503 3415 539 3448 in
557 3415 721 3454 singulari
754 3418 794 3450 ad
824 3429 999 3452 commune
1083 3424 1268 3460 peccatum.
1929 3431 1935 3435 “

104 3464 274 3499 peccatum
303 3460 566 3503 designandum,
593 3463 681 3504 quod
712 3464 754 3498 ad
778 3464 866 3498 idem
897 3465 998 3501 redit.
