2170 3808
699 247 899 301 QuAEsr.
925 250 1107 305 xtv111,
1137 249 1257 291 ΛΒΤ.
1286 248 1355 292 1v.
1692 250 1695 253 ·
1888 248 1962 290 ιιι

170 334 514 379 ARTICULUS
539 334 620 375 IV.
639 356 696 362 -
710 344 845 373 imum
861 343 1001 374 PAssto
1026 342 1186 373 cuntsvn
1209 341 1394 373 οΡΕιιΑΤΑ
1415 342 1479 372 srr
1494 340 1681 373 nosram
1702 340 1885 372 saturnu

691 405 771 434 run
794 405 937 435 monum
965 403 1259 434 tunsurnoms
1282 393 1358 445 (1).

147 464 197 500 De
208 463 260 499 his
281 464 384 499 etiam
399 461 500 504 iufra,
514 466 629 504 quaese.
648 469 744 502 xmx,
756 465 819 495 art.
843 462 853 495 l
860 488 868 501 ‚
887 465 923 495 et
939 461 1032 495 Sent.
1048 468 1092 500 Π,
1105 458 1184 493 dist.
1198 459 1255 501 49,
1271 461 1337 492 art.
1356 458 1378 493 2
1391 460 1426 493 et
1442 459 1475 499 5,
1491 464 1526 493 et
1541 460 1665 501 Opusc.
1683 466 1736 499 Lx,
1757 468 1831 499 cap.
1848 456 1900 492 08.

139 518 205 563 Ad
225 522 440 576 quartum
463 517 530 561 sic
547 514 824 572 proceditur.
840 519 880 559 1.
901 514 1087 559 Videtur
1101 512 1226 570 qued
1245 512 1400 570 passio
1413 512 1576 556 Christi
1598 525 1692 556 non
1707 512 1766 556 sit
1778 515 1964 569 operata

86 583 291 628 nostram
313 579 511 624 salutem
530 589 612 633 per
631 577 823 620 modum
846 574 1191 631 redemptionis.
1221 573 1385 618 Nullus
1407 573 1530 617 enim
1554 573 1665 617 emit
1689 573 1761 618 vel
1781 573 1964 619 redimit

81 641 208 697 quod
237 653 375 686 suum
390 651 495 684 esse
510 651 603 682 non
625 638 776 682 desiit.
798 637 887 683 Sed
906 637 1115 682 homines
1135 636 1377 692 nunquam
1395 635 1633 680 desierunt
1650 647 1753 679 esse
1771 636 1865 692 Dei,
1885 647 1963 681 se-

83 703 292 746 cundum
314 698 583 754 illud‘(Psal.
607 714 724 750 xxm.
750 703 792 754 1)
817 715 828 744 :
854 702 1037 743 Domini
1056 702 1122 743 est
1138 702 1265 743 terra
1283 702 1328 742 et
1339 698 1577 755 plenitudo
1597 697 1709 751 effus,
1733 698 1850 741 orbis
1872 701 1962 742 ter-

85 775 243 806 rarum
275 766 319 806 et
353 763 549 805 universi
590 763 666 816 qui
699 762 908 804 habitant
940 764 989 803 in
1021 774 1086 804 eo.
1119 762 1243 816 Ergo
1264 759 1447 804 videtur
1477 756 1602 814 quod
1634 756 1837 802 Christus
1866 770 1962 804 non

83 823 331 869 redemerit
347 835 433 867 nos
446 824 533 867 sua
556 822 788 879 passione.

138 887 186 930 2.
201 888 442 940 Praeterea„
462 884 583 929 sicut
601 885 888 940 Augustinus
905 883 1014 928 dicit
1032 886 1110 937 (De
1122 882 1278 928 Trinit.
1302 883 1386 928 lib.
1404 896 1493 940 xm,
1506 894 1606 938 cap.
1625 883 1696 934 13,
1716 879 1764 925 in
1778 879 1960 938 princ),

88 964 111 986 a:
131 947 345 992 diabolus
362 946 392 990 ὁ,
411 946 586 991 Christo
610 947 721 1003 iusti
730 948 788 990 tia
818 945 1112 1002 superandus
1137 945 1242 990 fuit.
1265 963 1284 984 n
1319 945 1406 990 Sed
1426 945 1514 988 hoc
1546 943 1689 999 exigit
1711 941 1891 998 justitia
1908 946 1960 988 ut

83 1006 160 1052 ille
178 1008 437 1065 quiinvasit
457 1008 616 1053 dolose
631 1020 729 1053 rem
748 1008 962 1059 alienam.
976 1007 1144 1054 debeat
1162 1006 1334 1064 privari
1356 1008 1427 1063 ea,
1447 1006 1559 1063 quia
1576 1022 1597 1044 «
1620 1005 1748 1049 fraus
1762 1009 1808 1048 et
1826 1004 1960 1050 dolus

0 1079 1 1096 ³
84 1071 258 1114 nemini
290 1070 428 1115 debet
459 1070 755 1126 patrocinari,
775 1088 801 1110 a>
822 1075 874 1114 ut
905 1070 1044 1115 etiam
1061 1069 1169 1126 jura
1190 1069 1394 1113 humana
1422 1067 1583 1112 dicunt
1603 1070 1688 1123 (50,
1712 1069 1782 1121 65Ξ
1805 1066 1853 1109 ff.
1876 1078 1960 1123 pro

80 1131 222 1186 Soa).
238 1133 350 1176 Cilm
373 1143 486 1187 ergo
508 1131 720 1176 diabolus
739 1135 996 1175 creaturam
1021 1129 1119 1185 Dei,
1136 1130 1309 1174 scilicet
1326 1129 1577 1185 hominem,
1593 1127 1751 1172 dolose
1770 1129 1960 1184 decepe-

83 1192 145 1237 rit.
173 1197 220 1237 et
239 1193 325 1238 sibi
349 1193 681 1249 subjUgaverit,
703 1192 889 1236 videtur
913 1190 1038 1248 quod
1059 1202 1154 1235 non
1178 1190 1390 1237 debuerit
1406 1190 1544 1235 homo
1571 1202 1654 1246 per
1677 1190 1867 1234 modum
1883 1202 1960 1235 re-

80 1252 358 1310 demptionis
372 1254 431 1298 ab
449 1254 552 1310 ejus
570 1253 683 1309 eripi
699 1256 940 1309 potestate.

135 1316 178 1359 3.
199 1317 433 1368 Praeterea,
455 1315 735 1371 quicumque
769 1314 881 1358 emit
902 1318 983 1359 aut
1015 1314 1200 1360 redimit
1228 1313 1420 1371 aliquid,
1443 1313 1642 1370 pretium
1662 1312 1798 1357 solvit
1818 1312 1860 1357 ei
1879 1313 1959 1370 qui

83 1374 359 1432 possidebat.
396 1375 482 1420 Sed
509 1376 715 1420 Christus
749 1388 843 1419 non
879 1375 1017 1420 solvit
1055 1374 1336 1431 sanguinem
1366 1386 1522 1432 suum,
1551 1374 1629 1431 qui
1659 1374 1828 1419 dicitur
1853 1385 1958 1420 esse

83 1435 278 1492 pretium
302 1436 632 1493 redemptionis
656 1443 843 1495 nostrae,
856 1437 1056 1494 diabolQ
1070 1437 1151 1495 qui
1175 1449 1262 1482 nos
1278 1437 1486 1495 captivos
1507 1435 1709 1480 tenebat.
1732 1437 1830 1480 Non
1847 1448 1957 1493 ergo

47 1539 50 1541 .
78 1498 287 1544 Christus
302 1502 388 1544 sua
404 1500 621 1556 passione
648 1513 734 1545 nos
758 1500 969 1545 redemit.

135 1561 224 1605 Sed
249 1565 406 1604 contra
437 1567 508 1606 est
538 1562 662 1619 quod
692 1563 856 1608 dicitur
882 1565 931 1617 (I.
951 1562 1070 1608 Petri
1091 1576 1123 1618 1,
1148 1564 1192 1618 8)
1216 1578 1229 1608 z
1264 1579 1286 1601 a
1306 1563 1407 1607 Non
1441 1561 1818 1619 corruptibilibus
1844 1574 1957 1607 auro

84 1621 155 1665 vel
179 1627 368 1678 argento
382 1623 603 1680 redempti
626 1623 738 1668 estis
751 1624 810 1669 de
832 1637 952 1669 vana
974 1628 1128 1669 vestra
1149 1623 1499 1669 conversatione
1517 1630 1721 1680 paternae
1747 1622 1957 1667 traditio-

83 1682 172 1740 nis,
191 1683 275 1728 sed
293 1684 492 1738 pretioso
520 1685 747 1740 sanguine
780 1685 915 1742 quasi
933 1685 1042 1742 agni
1073 1685 1356 1731 immaculati
1375 1690 1423 1730 et
1442 1685 1789 1729 incontaminati
1808 1684 1957 1730 Chris·
2008 1691 2010 1693 ’

83 1744 143 1801 ti3
170 1763 194 1783 »ι
217 1750 261 1790 et
279 1745 436 1799 (Galat.
456 1748 519 1799 m)
541 1746 709 1791 dicitur
729 1763 740 1791 :
766 1749 975 1792 Christus
991 1761 1070 1791 nos
1086 1749 1284 1792 redemit
1305 1749 1362 1792 de
1392 1748 1633 1790 maledicto
1658 1748 1783 1803 lepis,
1803 1749 1956 1800 sactus

76 1819 164 1863 pro
199 1807 323 1851 nobis
362 1808 667 1854 maledictum.
701 1809 872 1854 Dicitur
895 1815 1049 1855 autem
1078 1822 1163 1866 pro
1191 1809 1331 1855 nobis
1361 1809 1513 1854 factus
1541 1808 1853 1864 maledictum,
1879 1809 1957 1852 in-

80 1873 305 1925 quantum
327 1881 411 1926 pro
435 1870 572 1914 nobis
589 1883 758 1927 passus
785 1871 921 1916 estin
942 1872 1087 1928 ligno,
1105 1876 1160 1917 ut
1188 1884 1328 1929 supra
1350 1872 1523 1918 dictum
1543 1877 1613 1916 est
1635 1872 1815 1928 (quaest.
1838 1882 1957 1927 xcvi.

79 1934 165 1974 art.
179 1933 226 1986 4,
249 1942 348 1987 arg.
368 1932 429 1987 3).
451 1933 573 1987 Ergo
589 1944 673 1988 per
690 1932 955 1989 passionem
973 1945 1108 1978 suam
1125 1945 1210 1978 nos
1224 1933 1432 1978 redemit.

125 1996 415 2039 CONCLUSIO.
439 2021 486 2029 -
511 1999 614 2039 cum
640 1999 791 2041 Christi
820 2001 953 2051 passio
971 2000 1095 2040 fuerit
1120 2001 1457 2052 superabundans
1484 2012 1559 2054 pro
1578 1999 1749 2052 peccatis
1766 2004 1807 2039 et
1840 2004 1955 2041 reatu

81 2051 252 2092 humani
274 2053 432 2104 generis
457 2054 692 2104 satisfactio,
713 2058 896 2095 nostram
911 2055 1088 2097 salutem
1106 2059 1269 2108 operata
1286 2059 1346 2096 est
1365 2067 1435 2108 per
1456 2055 1629 2096 modum
1649 2055 1952 2106 redemptionis.

132 2116 402 2172 Respondeo
413 2116 658 2161 dicendum
676 2116 800 2174 quod
818 2130 900 2174 per
914 2122 1155 2174 peccatum
1174 2117 1417 2174 dupliciter
1432 2119 1570 2163 homo
1583 2117 1816 2174 obligatus
1828 2123 1950 2164 erat:

76 2175 229 2232 primo
248 2178 436 2234 quidem
465 2178 688 2223 servitute
713 2178 909 2235 peccati⁷
927 2177 1036 2235 quia
1058 2182 1134 2234 qui
1154 2181 1268 2234 facit
1292 2183 1544 2235 peccatum,
1568 2192 1723 2223 servus
1753 2183 1820 2223 est
1847 2193 1954 2235 pec-

79 2240 192 2293 cati,
207 2243 260 2282 ut
273 2238 440 2283 dicitur
464 2241 607 2292 (Joau.
629 2254 720 2292 vm,
740 2242 811 2297 34,
835 2244 881 2285 et
901 2242 951 2285 Π.
974 2240 1092 2283 Petri
1113 2253 1161 2295 ιι,
1183 2243 1254 2295 19)
1271 2242 1330 2294 (2)
1353 2255 1365 2285 t
1390 2244 1434 2284 A
1468 2255 1553 2297 quo
1582 2244 1682 2297 quis
1715 2245 1954 2298 superatus

78 2302 160 2356 est,
178 2300 311 2356 hujzcs
330 2305 374 2343 et
392 2313 545 2344 servus
573 2305 652 2345 est.
676 2302 789 2354 Quia
809 2302 950 2358 igitur
973 2301 1187 2347 diabolus
1212 2302 1446 2347 hominem
1471 2307 1787 2359 superaverat,
1812 2302 1952 2348 indu-

77 2361 226 2405 eendo
253 2374 358 2406 eum
385 2363 446 2408 ad
466 2369 724 2420 peccatum,
754 2366 892 2410 homo
926 2364 1137 2410 servituti
1173 2365 1341 2409 diaboli
1361 2365 1573 2410 addictus
1591 2370 1705 2411 erat.
1726 2366 1950 2425 Secundo,

77 2428 299 2480 quantum
327 2425 385 2469 ad
418 2431 595 2469 reatum
624 2438 792 2483 poenae,
817 2439 909 2484 quo
926 2427 1067 2472 homo
1086 2431 1185 2471 erat
1201 2427 1434 2485 obligatus
1458 2429 1714 2483 secundum
1746 2429 1823 2473 Dei
1848 2429 1954 2486 jus-

77 2485 246 2542 titiam3
279 2490 326 2530 et
356 2487 444 2532 hoc
464 2488 602 2532 etiam
636 2493 708 2532 est
736 2489 937 2534 servitus
967 2488 1203 2546 quaedam3
1230 2490 1289 2535 ad
1312 2490 1583 2535 servitutem
1613 2490 1736 2535 enim
1755 2492 1954 2547 pertinet

76 2547 201 2604 quod
229 2548 396 2605 aliquis
428 2549 628 2605 patiatur
658 2551 783 2608 quod
813 2563 908 2596 non
940 2551 1056 2608 vult,
1082 2551 1190 2596 cum
1220 2551 1352 2596 liberi
1386 2553 1587 2597 hominis
1616 2553 1676 2597 sit
1706 2553 1770 2597 uti
1799 2554 1953 2611 seipso

75 2613 128 2654 ut
148 2609 266 2654 vult.
289 2633 343 2642 -
367 2610 479 2663 Quia
500 2611 644 2668 igitur
657 2613 810 2669 passio
831 2613 996 2658 Christi
1016 2612 1104 2658 fuit
1132 2613 1369 2659 sufficiens
1399 2620 1445 2659 et
1469 2614 1853 2671 superabundans
1874 2628 1952 2661 sa·-

77 2669 272 2715 tisfactio
293 2683 377 2727 pro
397 2678 585 2728 peccato
600 2678 646 2718 et
667 2678 799 2720 reatu
818 2687 974 2730 poenae
988 2675 1172 2730 generis
1191 2675 1399 2731 humani,
1423 2675 1526 2731 eJ‘us
1543 2676 1696 2731 passio
1714 2676 1802 2720 fuit
1818 2679 1954 2734 quasi

76 2730 307 2787 quoddam
333 2732 547 2790 pretium,
567 2746 650 2790 per
667 2735 792 2792 quod
823 2736 1001 2781 liberati
1038 2747 1204 2780 sumus
1229 2737 1290 2781 ab
1311 2741 1507 2794 utraque
1526 2736 1819 2794 obligatione.
1838 2740 1951 2784 Nam

75 2791 177 2847 ipsa
194 2793 445 2838 satisfactio
460 2797 553 2851 qua
569 2795 675 2851 quis
694 2797 916 2843 satisfacit
938 2798 1038 2842 sive
1059 2810 1145 2853 pro
1158 2810 1225 2856 se,
1241 2798 1339 2843 sive
1362 2811 1446 2854 pro
1463 2798 1570 2852 alio.
1592 2798 1790 2854 pretium
1810 2801 1953 2857 quod-

77 2854 183 2900 dam
202 2853 383 2911 dicitur,
415 2867 508 2911 quo
524 2857 728 2914 seipsum
749 2859 824 2903 vel
843 2859 987 2904 alium
1008 2859 1194 2904 redimit
1223 2860 1252 2903 a
1278 2865 1468 2918 peccato
1496 2865 1541 2903 et
1559 2860 1586 2903 a
1607 2873 1759 2917 poena,
1780 2874 1953 2907 secun-

76 2915 187 2960 dum
201 2915 316 2959 illud
339 2918 538 2970 (Dan.1v,
559 2921 633 2973 24)
649 2936 660 2963 ε
679 2924 868 2964 Peccata
881 2925 959 2965 tua
982 2921 1270 2979 eleemosynis
1289 2923 1460 2965 redime
1482 2923 1553 2975 (3).
1568 2922 1774 2966 Christus
1795 2936 1851 2968 au
1860 2929 1951 2970 tem

76 2976 312 3032 satisfecit,
335 2989 428 3021 non
449 2978 635 3034 quidem
653 2982 898 3036 pecuniam
920 2982 1075 3029 dando
1098 2988 1178 3028 aut
1196 2983 1677 3040 aliquithJusmodi,
1699 2985 1781 3029 sed
1797 2985 1950 3032 dando

74 3037 123 3083 id
148 3038 272 3094 quod
295 3038 383 3083 fuit
405 3040 676 3097 maximum,
701 3042 906 3099 seipsum
928 3045 1104 3090 scilicet
1121 3058 1206 3102 pro
1226 3046 1377 3090 nobis.
1403 3046 1455 3090 Et
1485 3045 1588 3090 ideo
1611 3047 1768 3102 passio
1788 3049 1950 3095 Christi

74 3098 242 3144 dicitur
262 3113 365 3146 esse
388 3106 546 3146 nostra
564 3103 835 3159 redemptio.
1482 3116 1494 3133 ’

128 3161 194 3205 Ad
211 3166 408 3218 primum
426 3175 536 3219 ergo
554 3163 818 3222 dicendum,
846 3166 970 3222 quod
992 3168 1129 3212 homo
1153 3167 1321 3213 dicitur
1350 3180 1455 3213 esse
1475 3168 1551 3212 Dei
1572 3167 1830 3226 dupliciter.
1854 3173 1949 3217 Uno

119 3284 160 3326 (l)
177 3286 273 3319 Juxta
303 3285 476 3320 thomtstas
495 3288 647 3321 Christus
664 3300 726 3330 pro
750 3288 847 3322 nobis
870 3290 968 3324 satis-
1053 3295 1170 3325 santur
1197 3292 1233 3325 in
1250 3303 1366 3326 errore
1393 3293 1494 3327 servi
1515 3298 1603 3328 sunt
1626 3295 1897 3337 corruptionis,
1916 3298 1949 3330 et

76 3331 172 3373 fecit,
203 3343 250 3368 ex
276 3336 347 3367 toto
372 3333 496 3376 riqore
519 3335 677 3377 justttiae
703 3339 737 3371 et
772 3335 820 3370 ad
848 3338 969 3378 apices
1053 3338 1139 3372 ratio
1153 3338 1310 3373 subditur
1327 3351 1335 3373 z
1354 3338 1384 3373 A
1402 3349 1471 3382 quo
1488 3340 1583 3383 qais,
1603 3348 1667 3376 etc.

75 3379 188 3422 ἰανίε,
204 3384 237 3414 et
251 3380 320 3414 baec
333 3382 494 3415 sententia
512 3383 701 3417 communis
721 3389 781 3417 est.
1094 3387 1136 3427 (ὅ)
1166 3387 1487 3422 Nabuchodouozori
1524 3388 1784 3430 Babyloniorum
1828 3390 1899 3431 regi
1930 3392 1948 3426 ὲ

114 3425 158 3468 (2)
184 3427 277 3462 Joan.
309 3431 467 3470 expresse,
491 3430 547 3463 sed
574 3431 650 3465 Pet.
677 3431 914 3472 aequivalenter
935 3437 969 3467 et
1052 3433 1189 3468 Daniele
1212 3433 1282 3476 ipso
1316 3435 1459 3477 dictum,
1482 3442 1658 3478 postquam
1688 3437 1858 3473 somnium
1878 3442 1949 3478 ejus

75 3471 237 3513 implicite
263 3478 417 3518 tautum,
448 3476 507 3511 ubi
537 3478 663 3512 dicitur
690 3480 778 3520 quod
819 3479 876 3522 qui
894 3491 968 3515 ver·
1052 3481 1239 3521 explicavit.
