2170 3808
641 238 839 292 QUAEST.
869 239 990 294 XXX,
1013 240 1133 283 ΛΒΤ.
1157 240 1210 283 111
1237 241 1301 283 ET
1330 240 1397 283 lv.
1889 240 1966 282 251

81 323 336 367 lumanam
363 324 595 375 naturam,
626 319 829 375 primum
856 318 1193 376 perturbationi
1210 320 1422 366 medetur
1446 319 1606 365 :unde
1624 324 1718 364 tam
1747 317 1968 362 Zachariae

83 381 227 439 quam
244 381 391 427 Mariae
408 384 513 437 post
533 379 845 425 turbationem
864 380 980 425 dixit
1003 394 1016 425 ε
1043 398 1064 418 «
1076 385 1144 426 Ne
1167 384 1345 426 timeas.
1366 401 1386 419 »
1411 384 1466 426 Et
1483 386 1670 439 propter
1687 380 1776 426 hoc
1789 412 1803 437 ,
1827 384 1881 424 ut
1904 378 1966 424 le-

83 444 209 500 gitur
223 442 274 488 in
287 441 383 487 vita
400 440 601 497 Antonii,
624 440 673 485 in
692 441 802 486 Vitis
815 444 1002 486 Patrum
1024 441 1124 496 (lib.
1141 456 1171 493 1,
1191 454 1295 499 cap.
1313 444 1402 498 18),
1426 455 1522 487 non
1542 440 1744 487 difficilis
1756 445 1829 486 est
1854 439 1966 484 bea-

82 511 234 550 torum
258 503 504 562 spirituum
518 503 842 561 malorumque
867 503 1098 549 discretiO.
1123 504 1165 548 Si
1185 504 1312 548 enim
1334 509 1440 560 post
1454 503 1669 549 timorem
1693 501 1968 549 successerit

83 565 322 621 gaudium,
342 565 371 610 ὲ
386 563 578 610 Domino
594 564 780 609 venisse
802 565 1006 610 sciamus
1025 564 1268 622 auxilium,
1284 564 1396 620 quia
1417 564 1643 609 securitas
1664 564 1832 609 animae
1853 574 1968 620 prae-

82 627 232 671 sentis
274 625 528 683 majestatis
558 624 783 670 indicium
812 631 900 671 est.
930 625 976 669 Si
1008 633 1163 670 autem
1196 625 1386 669 incussa
1417 624 1614 670 formido
1646 623 1969 682 permanserit,

83 688 230 734 nostis
247 692 319 733 est
338 687 419 745 qui
433 687 632 732 videtur.
651 689 755 745 ipsa
769 687 908 732 etiam
918 687 1122 732 turbatio
1138 687 1337 743 Virginis
1351 687 1635 732 conveniens
1651 686 1740 731 fuit
1751 697 1970 731 verecun-

83 749 172 795 diae
193 748 407 806 virginali
426 762 441 793 ε
460 748 587 806 quia,
608 751 661 793 ut
686 747 956 793 Ambrosius
973 748 1084 793 dicit
1101 761 1242 806 super
1270 751 1442 793 Lucam
1465 749 1583 804 (cap.
1613 750 1657 801 1,
1687 759 1794 803 sup.
1821 746 1968 792 illud:

83 813 146 855 Et
168 812 391 866 inqressus
410 809 633 867 anyelus),
659 827 679 847 α
700 810 927 867 trepidare
947 809 1282 867 virginumssesss
1300 814 1348 854 et
1365 809 1425 854 ad
1440 820 1605 853 omnes
1620 807 1707 852 viri
1730 807 1970 864 ingressus
2002 843 2012 854 .

80 882 266 927 pavere,
299 883 462 917 omnes
483 870 571 916 viri
598 870 766 916 affatus
801 871 1008 916 vereri.»
1041 871 1237 924 Quidam
1259 875 1416 916 tamen
1438 870 1598 916 dicunt
1620 869 1747 927 quod
1781 872 1889 913 cum
1917 870 1967 912 Β.

80 931 218 988 Virgo
239 938 424 978 assueta
445 936 568 978 esset
586 932 849 978 visionibus
873 933 1163 990 angelorum,
1192 945 1286 977 non
1311 932 1494 978 turbata
1509 931 1596 976 tuit
1614 931 1662 975 in
1679 930 1858 975 visione
1886 941 1970 974 an·

81 993 190 1053 geli,
213 994 295 1040 sed
315 995 364 1039 in
393 994 699 1040 admiratione
722 1006 885 1040 eorum
914 1007 1023 1052 quae
1044 995 1085 1040 ei
1107 994 1167 1040 ab
1194 994 1363 1049 angelo
1384 993 1675 1049 dicebantur,
1696 991 1806 1049 quia
1828 990 1886 1036 de
1918 1002 1970 1036 se

84 1058 176 1100 tam
190 1057 437 1112 magnifica
458 1069 554 1101 non
574 1056 821 1113 cogitabat.
847 1056 976 1102 Unde
1000 1062 1047 1102 et
1061 1056 1354 1112 Evangelista
1382 1068 1477 1100 non
1499 1054 1611 1099 dicit
1637 1054 1760 1112 quod
1786 1051 1968 1098 turbata

80 1115 285 1163 fueritin
304 1118 483 1164 visione
505 1118 676 1177 angeli,
700 1118 783 1164 sed
798 1118 847 1162 in
867 1131 1071 1162 sermone
1093 1120 1188 1174 eJus
1203 1119 1275 1173 (1).

185 1187 531 1231 ARTICULUS
557 1188 641 1230 lv.
677 1210 735 1218 —
761 1198 899 1229 11111011
928 1197 1205 1228 111111111111110
1233 1196 1513 1228 convammwi
1541 1196 1689 1227 runmr
1718 1195 1867 1228 camna

808 1258 1023 1289 Pansae-ra
1053 1245 1132 1302 (2).

131 1305 198 1350 Ad
216 1312 433 1363 quartum
449 1308 518 1353 sic
533 1307 813 1364 proceditur.
833 1311 877 1353 1.
896 1307 1084 1353 Videtur
1114 1306 1238 1364 quod
1261 1307 1556 1352 annuntiatio
1582 1306 1685 1362 eJus
1708 1318 1803 1351 non
1831 1305 1969 1351 suerit

78 1367 375 1412 convenienti
391 1367 553 1414 ordine
573 1369 794 1426 perfecta.
829 1368 1039 1424 Dignitas
1062 1368 1187 1413 enim
1212 1368 1375 1413 matris
1402 1368 1479 1413 Dei
1500 1366 1731 1424 dependet
1749 1379 1809 1411 ex
1838 1366 1969 1423 prole

78 1433 319 1485 concepta.
341 1429 429 1475 Sed
451 1442 595 1475 causa
616 1431 746 1487 prius
777 1430 916 1475 debet
936 1429 1223 1475 manifestari
1259 1428 1402 1486 quam
1429 1429 1637 1475 effectus.
1671 1430 1790 1485 Ergo
1820 1428 1969 1485 primo

80 1487 238 1534 debuit
254 1490 452 1548 angelus
464 1491 637 1548 Virgini
661 1492 943 1536 annuntiare
963 1495 1239 1549 conceptum
1254 1491 1398 1548 prolis
1414 1492 1555 1548 quam
1575 1490 1678 1548 eJus
1695 1489 1968 1546 dignitatem

80 1560 326 1607 exponere,
351 1563 454 1596 eam
471 1551 734 1598 salutando.

138 1611 183 1656 2.
211 1614 451 1672 Praeterea,
487 1613 698 1671 probatio
727 1619 809 1659 aut
841 1613 1128 1670 praetermitti
1150 1616 1209 1668 (3)
1228 1614 1364 1659 debet
1385 1613 1435 1658 in
1467 1613 1542 1659 his
1570 1626 1676 1670 quae
1696 1613 1838 1658 dubia
1870 1627 1965 1659 non

89 1677 217 1729 sunt,
236 1678 317 1718 aut
330 1675 545 1731 praemitti
567 1675 615 1719 in
639 1676 713 1721 his
745 1687 852 1733 quae
874 1675 1018 1721 dubia
1042 1688 1146 1721 esse
1164 1681 1379 1733 possunt.
1404 1675 1490 1720 Sed
1511 1675 1707 1731 angelus
1733 1676 1883 1732 primo
1899 1676 1968 1720 vi-

84 1731 219 1778 detur
259 1737 562 1781 annuntiasse
594 1737 643 1782 id
673 1737 731 1782 de
756 1750 849 1794 quo
888 1738 1023 1794 Virgo
1062 1737 1310 1794 dubitaret,
1353 1743 1401 1782 et
1433 1736 1689 1783 dubitando
1722 1743 1966 1796 quaereret,

84 1793 246 1849 dicens
280 1809 293 1840 :
319 1800 546 1853 Quomodo
581 1801 658 1853 fiet
692 1800 848 1843 istud?
888 1804 936 1844 et
969 1805 1132 1856 postea
1173 1799 1493 1856 probationem
1526 1798 1739 1855 adjunxit
1777 1805 1878 1844 tum
1907 1812 1968 1845 ex

82 1857 295 1913 exemplo
317 1858 563 1918 Efisabeth,
595 1865 696 1904 tum
719 1873 778 1906 ex
803 1861 884 1906 Dei
913 1861 1264 1918 omnipotentia.
1302 1864 1417 1918 Ergo
1438 1861 1784 1906 inconvenienti
1804 1862 1967 1908 ordine

82 1919 374 1964 annuntiatio
395 1933 476 1976 per
490 1921 706 1977 angelum
728 1927 801 1966 est
817 1923 994 1968 effecta.
1924 1957 1927 1960 Δ

137 1981 179 2023 3.
196 1981 436 2034 Praeterea,
450 1982 604 2038 maJus
624 1995 720 2027 non
738 1987 895 2039 potest
908 1984 1096 2040 probari
1116 1985 1402 2030 sufficienter
1419 1996 1502 2041 per
1518 1985 1691 2029 minus.
1713 1986 1800 2030 Sed
1814 1984 1967 2042 maJus

81 2038 170 2084 fuit
194 2041 422 2097 virginem
448 2055 611 2099 parere
628 2043 772 2100 quam
793 2045 1014 2090 vetulam.
1036 2048 1156 2101 Ergo
1175 2059 1270 2090 non
1289 2046 1378 2090 fuit
1395 2045 1634 2090 sufficiens
1654 2046 1864 2102 probatio
1879 2059 1968 2091 an-

81 2099 171 2155 geli
192 2101 430 2156 probantis
449 2110 728 2159 conceptum
742 2104 937 2160 virginis
959 2118 1017 2150 ex
1038 2111 1266 2163 conceptu
1287 2106 1429 2150 senis.

136 2162 225 2207 Sed
251 2167 414 2206 contra
436 2169 508 2209 est
529 2165 656 2220 quod
676 2165 845 2210 dicitur
879 2169 1024 2221 (Rom.
1060 2181 1150 2223 xm,
1172 2172 1210 2219 1)
1241 2184 1253 2212 z
1277 2172 1383 2224 Quae
1414 2169 1444 2211 ὰ
1473 2172 1567 2211 Deo
1594 2172 1716 2223 sunt,
1745 2171 1966 2213 ordinata

80 2225 202 2267 sunt.
218 2224 422 2279 Angelus
435 2230 591 2269 autem
611 2225 788 2271 missus
806 2233 879 2271 est
898 2227 926 2270 a
939 2230 1032 2272 Deo
1047 2229 1107 2273 ad
1121 2229 1209 2273 hoc
1231 2229 1355 2285 quod
1374 2228 1547 2285 Virgini
1577 2229 1889 2284 annuntiaret,
1913 2235 1966 2276 ut

80 2283 248 2328 dicitur
263 2287 388 2339 (Luc.
405 2291 449 2339 1).
468 2289 588 2344 Ergo
602 2287 946 2334 ordinatissime
962 2289 1049 2334 fuit
1065 2291 1357 2335 annuntiatio
1375 2303 1458 2347 per
1476 2290 1696 2346 angelum
1716 2291 1960 2348 completa.

129 2351 412 2393 CONCLUSIO.
438 2376 485 2383 --
509 2354 776 2395 Convenienti
793 2355 934 2396 ordine
949 2357 1119 2406 angelus
1137 2358 1183 2398 in
1205 2358 1524 2398 annuntiatione
1539 2359 1672 2409 primo
1688 2359 1733 2399 B.
1754 2359 1962 2410 Virginem

80 2407 277 2446 attentam
292 2406 483 2458 reddidit,
503 2412 641 2461 postea
660 2410 755 2451 vero
775 2410 825 2451 de
846 2412 1041 2463 mysterio
1067 2412 1292 2454 instruxit:
1316 2425 1368 2454 ne
1392 2413 1595 2465 postremo
1613 2423 1706 2454 eam
1723 2414 1778 2455 ad
1795 2425 1962 2462 consen-

81 2459 269 2502 tiendum
282 2461 461 2503 induxit.

134 2524 404 2579 Respondeo
433 2525 683 2571 dicendum
712 2527 838 2583 quod
874 2529 1168 2573 annuntiatio
1201 2542 1411 2586 congruo
1439 2530 1602 2575 ordine
1631 2542 1717 2587 per
1743 2532 1957 2589 angelum

81 2587 153 2628 est
169 2584 386 2640 perfecta.
407 2586 507 2631 Tria
528 2588 654 2632 enim
675 2589 873 2646 angelus
891 2590 1164 2635 intendebat
1185 2591 1309 2636 circa
1331 2592 1577 2648 virginem.
1602 2591 1752 2637 Primo
1773 2594 1961 2650 quidem

81 2644 271 2689 reddere
290 2651 494 2692 mentem
522 2648 624 2705 eJus
652 2655 877 2695 attentam
897 2652 958 2697 ad
981 2657 1121 2696 tantae
1151 2653 1220 2698 rei
1242 2652 1687 2710 considerationem3
1711 2655 1838 2710 quod
1856 2657 1963 2712 qui-

81 2704 186 2749 dem
207 2706 326 2762 fecit,
348 2720 452 2752 eam
477 2709 719 2756 salutando
737 2713 939 2768 quadam
958 2716 1080 2757 nova
1097 2719 1144 2758 et
1165 2714 1352 2759 insolita
1371 2713 1664 2759 salutatione.
1699 2716 1828 2761 Unde
1861 2717 1963 2762 Ori-

83 2775 226 2820 genes
246 2767 356 2836 dicit
382 2782 523 2825 super
551 2773 721 2816 Lucam
743 2773 884 2825 (hom.
906 2788 964 2829 vi,
991 2773 1019 2817 a
1035 2775 1197 2829 med.),
1226 2775 1352 2831 quod
1389 2775 1462 2820 «si
1481 2775 1712 2833 scivisset,
1729 2777 1789 2821 ad
1818 2778 1962 2823 alium

83 2835 347 2894 quempiam
361 2829 557 2876 similem
571 2844 674 2878 esse
695 2834 869 2879 factum
884 2847 1163 2891 sermonem,
1177 2842 1336 2892 utpote
1348 2849 1453 2892 quae
1463 2836 1663 2881 habebat
1677 2836 1795 2894 legis
1808 2840 1962 2884 scien-

83 2889 210 2956 tiam,
244 2899 482 2945 nunquam
513 2905 616 2937 eam
649 2896 781 2951 quasi
813 2897 1057 2953 peregrina
1081 2898 1186 2942 talis
1217 2898 1433 2942 salutatio
1463 2899 1718 2943 terruisset.
1739 2918 1761 2938 ι»
1795 2902 1847 2944 111
1869 2914 1962 2957 qua

82 2947 270 3003 quidem
291 2949 565 2998 salutatione
582 2956 805 3010 praemisit
825 2957 1124 3003 idoneitatem
1147 2959 1249 3015 ejus
1278 2960 1334 3004 ad
1356 2965 1632 3016 conceptum
1660 2960 1708 3004 in
1730 2961 1819 3006 hoc
1835 2964 1960 3020 quod

105 3069 168 3125 fl)
186 3070 375 3112 Virginem,
404 3073 454 3126 ⁸51·
469 3072 698 3127 (Jhrysolossus.
722 3089 822 3118 quum
855 3079 977 3116 leviter
1102 3082 1147 3123 (5)
1172 3081 1227 3116 lta
1242 3093 1319 3115 cum
1345 3081 1496 3116 melioris
1514 3088 1600 3116 notae
1618 3082 1696 3117 Mss.
1716 3083 1800 3118 editi
1824 3085 1957 3127 passim,

82 3117 367 3175 visu-surtyelm)
380 3119 630 3163 sollicitaverat,
648 3122 811 3159 nimirum
825 3128 975 3164 turbavit
1061 3128 1174 3169 aliquo
1206 3130 1335 3162 tantum
1377 3129 1525 3163 admixto
1557 3131 1794 3171 tapographico
1825 3144 1956 3174 errore,

82 3165 217 3200 auditus
231 3167 322 3210 (tpse
342 3168 504 3210 angelus)
525 3175 559 3223 ct
576 3182 676 3211 quam
691 3171 782 3206 missi
798 3176 975 3214 praesentia
1060 3174 1239 3215 utrobique
1254 3201 1263 3216 ,
1288 3177 1547 3219 praetermitti,
1574 3177 1626 3211 vel
1652 3180 1840 3221 proemittt',
1869 3180 1960 3214 exhi-

79 3219 374 3266 pmummoverat,
386 3223 553 3251 concussu
567 3222 636 3251 toto
651 3218 798 3257 pondere
810 3220 977 3257 mittentis
1059 3221 1188 3257 bentes.
1205 3223 1325 3257 Garcia
1347 3228 1487 3264 propter
1501 3223 1591 3259 hunc
1607 3237 1759 3260 errorem
1778 3226 1959 3262 lectionem

81 3265 274 3315 auctoritas.
299 3260 384 3296 C’est
410 3275 469 3296 son
494 3263 669 3309 11111111ὶί16,
697 3266 745 3299 ait
775 3266 974 3310 Bossuetius,
1060 3269 1275 3310 depravatam
1293 3278 1412 3311 putans
1426 3271 1495 3306 haec
1515 3273 1648 3307 tantum
1665 3285 1704 3307 ex
1717 3274 1855 3308 Tar-rac.
1883 3273 1958 3309 cod.

82 3319 138 3349 qui
154 3308 187 3342 la
197 3311 264 3348 seta
281 3307 363 3343 dans
379 3309 410 3344 le
426 3311 570 3347 trouble.
1061 3316 1213 3351 admittit
1240 3331 1248 3350 :
1274 3319 1448 3353 Probacio
1478 3324 1563 3354 ante
1585 3321 1687 3362 .·(pro
1715 3326 1846 3360 autem,
1868 3321 1958 3360 qued

122 3356 167 3396 (2)
193 3355 239 3389 De
262 3355 323 3390 hac
348 3359 527 3398 quaestione
543 3359 690 3394 conferri
707 3366 812 3401 potest
829 3361 975 3397 Bossuet·
1061 3369 1134 3399 erat
1148 3364 1184 3398 in
1197 3366 1367 3400 nonnullis
1381 3367 1477 3402 codd.
1491 3366 1563 3401 loco
1576 3371 1653 3408 aut)
1664 3368 1846 3411 praemitti
1857 3368 1959 3403 debet

80 3401 294 3438 Ele'vatiom
322 3415 389 3439 mr
418 3405 469 3439 les
504 3408 687 3449 myster-es,
720 3416 786 3442 xn·
807 3409 973 3450 semaiae,
1060 3411 1102 3444 in
1118 3412 1174 3445 his
1197 3421 1286 3453 quas
1299 3413 1411 3446 dubia
1424 3424 1496 3445 esne
1515 3418 1680 3450 possunt.

82 3452 163 3484 tom.
179 3458 255 3490 vm,
269 3463 302 3490 p.
318 3452 379 3486 ‘274
399 3456 430 3486 et
442 3454 527 3486 suiv.
543 3454 626 3488 (ulit.
644 3455 684 3488 ‹le
698 3455 888 3489 Versailles.
