2170 3808
153 124 235 170 398
789 117 988 180 QUAE‘sr.
1013 93 1150 184 vai,
1180 130 1298 173 aar.
1328 130 1418 175 ΧΠ.

206 209 251 252 2.
277 209 517 264 Praeterea,
538 209 822 266 principium
845 209 1009 254 salutis
1027 209 1244 254 humanae
1277 215 1347 256 est
1387 211 1486 269 ipsa
1520 211 1757 269 divinitaS,
1780 213 2038 259 secundum

130 267 269 313 ,illud
305 270 439 324 (Psal.
462 285 604 324 xxxvi,
627 273 698 325 39)
721 287 732 315 ε
757 270 895 316 Salus
925 274 1076 315 autem
1098 273 1329 327 justorum
1359 273 1390 317 ὰ
1410 277 1616 319 Domino.
1654 275 1700 319 Si
1735 286 1847 330 ergo
1884 276 2037 331 passio

154 331 317 376 Christi
340 333 399 378 ad
421 332 524 390 ejus
547 333 834 380 divinitatem
857 346 952 379 non
972 334 1239 394 pertineret,
1263 334 1499 381 videretur
1512 336 1640 394 quod
1662 349 1756 382 non
1776 341 1934 394 posset
1951 350 2037 383 no-

152 391 227 438 bis
241 405 349 439 esse
371 394 625 439 fructifera.

208 455 250 499 3.
274 457 515 512 Praeterea,
536 456 682 501 Judaei
700 457 851 514 puniti
873 462 986 503 sunt
1014 470 1098 515 pro
1119 461 1311 516 peccato
1345 458 1591 505 occisionis
1613 460 1794 518 Christi,
1814 459 2035 517 tanquam

152 516 396 562 homicidae
414 517 562 574 ipsius
584 519 676 575 Dei,
699 519 822 576 quod
845 520 1119 578 magnitudo
1138 533 1293 578 poenae
1309 520 1611 568 demonstrat.
1636 526 1729 567 Hoc
1753 525 1909 567 autem
1941 534 2036 566 non

153 583 294 637 esset,
315 580 356 624 si
380 581 537 637 passio
556 581 615 627 ad
636 581 926 628 divinitatem
947 596 1041 628 non
1060 583 1329 641 pertineret.
1346 586 1467 640 Ergo
1482 584 1637 642 passio
1657 584 1822 631 Christi
1839 583 1899 629 ad
1919 583 2037 629 divi-

153 639 346 686 nitatem
370 642 474 700 ejus
492 644 730 702 pertinuit.

208 702 296 748 Sed
327 709 489 748 contra
506 710 579 750 est
601 706 726 762 quod
747 706 1024 752 Athanasius
1042 706 1155 752 dicit
1171 707 1221 752 in
1242 707 1380 764 epist.
1403 706 1465 753 ad
1485 707 1741 764 Epictetum
1771 707 1923 766 (cujus
1951 706 2032 752 ini—

153 762 271 809 tium
291 780 305 808 2
326 770 424 823 qu
439 768 724 825 arbitrabar,
740 768 768 813 a
785 769 931 825 med.)
947 786 961 814 :
987 786 1009 808 α
1025 771 1197 814 Natura
1213 773 1334 814 Dens
1356 780 1553 815 manens
1570 771 1768 815 Verbum
1782 773 1854 814 est
1871 769 2036 826 impas

153 825 302 871 sibile.
322 846 343 868 >0
363 829 449 873 Sed
471 829 755 886 impassibile
778 843 872 876 non
893 835 1045 888 potest
1058 830 1170 888 pati.
1188 829 1346 876 Passio
1362 842 1472 887 ergo
1487 831 1652 877 Christi
1669 844 1767 877 non
1780 830 2038 889 pertinebat

154 888 215 937 ad
237 889 340 946 ejus
362 891 668 936 divinitatem.
1412 908 1413 912 ¹

198 959 488 1001 CONCLUSIO.
507 983 557 990 —
581 961 685 1000 Ct‘im
702 961 844 1002 eadem
869 961 925 1001 sit
945 961 990 1001 in
1008 961 1169 1002 Christo
1198 963 1412 1014 utriusque
1433 964 1590 1003 naturae
1606 995 1618 1012 ,
1644 961 1796 1003 divinae
1819 961 1974 1002 scilicet
1996 964 2039 1003 et

153 1011 349 1055 humanae
367 1015 613 1067 hypostasis,
632 1017 805 1068 pertinet
827 1016 978 1057 Christi
998 1019 1133 1068 passio
1158 1016 1210 1057 ad
1229 1017 1382 1058 divinae
1400 1021 1558 1058 naturae
1576 1019 1850 1070 suppositum,
1870 1028 1954 1058 non
1974 1027 2037 1058 ra·

152 1068 266 1110 tione
282 1070 449 1120 divinae,
472 1071 542 1111 sed
560 1071 718 1113 ratione
739 1071 933 1112 humanae
950 1076 1124 1122 naturae,
1146 1084 1239 1125 quae
1256 1073 1343 1113 sola
1360 1072 1566 1124 passibilis
1582 1077 1680 1114 erat.

224 1133 477 1186 Respontio
498 1132 749 1180 dicendum
761 1134 904 1194 quod,
927 1135 1048 1181 sicut
1067 1148 1211 1193 supra
1227 1134 1403 1181 dictum
1422 1140 1493 1182 est
1505 1138 1684 1194 (quaest.
1700 1149 1744 1192 11,
1769 1140 1856 1182 art.
1871 1138 1899 1181 2
1916 1137 2035 1189 et3),

153 1195 268 1241 unio
290 1196 502 1255 humanae
534 1200 715 1242 naturae
736 1201 784 1242 et
802 1197 972 1243 divinae
992 1198 1115 1244 facta
1139 1198 1276 1244 estin
1294 1211 1510 1256 persona,
1526 1204 1571 1244 et
1588 1198 1845 1257 hypostasi,
1868 1204 1914 1244 et
1928 1210 2038 1256 sup-

153 1258 320 1315 posito,
344 1263 565 1304 manente
587 1263 744 1304 tamen
766 1258 1060 1306 distinctione
1081 1267 1355 1306 naturarum
1373 1296 1385 1315 ,
1400 1265 1453 1306 ut
1474 1260 1648 1306 scilicet
1669 1260 1728 1306 sit
1748 1261 1912 1306 eadem
1934 1272 2038 1318 per-

154 1331 286 1372 sona,
319 1327 363 1366 et
394 1321 660 1378 hypostasis
697 1320 869 1367 divinae
903 1327 950 1368 et
969 1322 1188 1367 humanae
1223 1327 1418 1381 naturae,
1442 1322 1571 1369 salva
1606 1327 1763 1367 tamen
1794 1323 2039 1380 utriusque

154 1387 334 1427 naturae
369 1383 660 1439 proprietate.
681 1385 736 1429 Et
757 1383 879 1439 ideo,
915 1384 1038 1430 sicut
1058 1397 1201 1442 supra
1231 1385 1406 1431 dictum
1430 1389 1502 1431 est
1537 1387 1717 1443 (quaest.
1752 1399 1839 1442 xvi,
1870 1389 1956 1431 art.
1975 1387 2035 1443 5),

154 1445 391 1502 supposito
424 1445 595 1490 divinae
628 1450 807 1491 naturoe
838 1446 1135 1493 attribuenda
1153 1451 1225 1492 est
1241 1448 1413 1505 passio,
1434 1460 1530 1492 non
1552 1448 1729 1492 ratione
1751 1447 1921 1492 divinae
1950 1459 2039 1492 na-

155 1510 284 1561 turae,
306 1519 411 1564 quae
428 1512 499 1551 est
530 1506 830 1563 impassibilis
845 1539 858 1564 ‚
874 1508 959 1554 sed
975 1507 1154 1553 ratione
1175 1509 1392 1555 humanae
1411 1513 1609 1554 naturae.
1633 1509 1762 1554 Unde
1782 1508 1829 1553 in
1845 1508 2041 1566 epistola

153 1568 366 1626 synodali
387 1570 508 1625 (quae
526 1569 724 1614 habetur
745 1569 794 1614 in
813 1582 945 1615 conc.
968 1572 1135 1628 Ephes.
1159 1583 1319 1627 gener.
1338 1585 1400 1624 111,
1422 1575 1542 1628 part.
1559 1574 1604 1626 1,
1619 1584 1723 1629 cap.
1745 1573 1817 1627 26,
1837 1571 1898 1615 ad
1918 1571 2038 1626 fin.),

153 1630 350 1687 cyrillus
369 1630 507 1675 dicit:
536 1647 558 1668 u
579 1630 623 1675 Si
643 1630 751 1687 quis
779 1644 874 1676 non
897 1632 1147 1677 confitetur
1163 1634 1241 1678 Dei
1258 1633 1456 1678 Verbum
1479 1645 1671 1690 passum
1689 1645 1847 1688 carne,
1867 1635 1913 1678 et
1931 1644 2040 1678 cru-

153 1689 341 1736 cifixum
361 1704 526 1748 carne;
550 1693 797 1737 anathema
812 1693 890 1738 sit.
913 1712 934 1734 u
956 1694 1157 1740 Pertinet
1177 1707 1290 1753 ergo
1314 1695 1468 1753 passio
1488 1694 1650 1740 Christi
1666 1695 1726 1740 ad
1744 1693 2039 1753 suppositum

154 1753 323 1800 divinae
342 1759 538 1811 naturae,
554 1755 735 1801 ratione
750 1760 933 1802 naturae
946 1758 1181 1814 passibilis
1199 1762 1468 1816 assumptae,
1485 1770 1581 1803 non
1599 1761 1753 1803 autem
1770 1757 1951 1803 ratione
1966 1756 2043 1802 di-

152 1815 275 1862 vinae
296 1821 478 1861 naturae
497 1817 809 1874 impassibilis.

207 1877 273 1925 Ad
289 1881 486 1936 primum
501 1891 613 1935 ergo
628 1879 896 1939 dicendum,
908 1879 1034 1938 quod
1054 1880 1278 1927 Dominus
1295 1880 1452 1939 gloriae
1469 1879 1638 1926 dicitur
1654 1879 1921 1936 crucifixus,
1944 1891 2038 1925 non

152 1940 412 2047 segnndum
437 1942 563 2000 quod
591 1946 663 1988 est
685 1942 908 1988 Dominus
929 1943 1103 2001 gloriae,
1125 1943 1210 1990 sed
1228 1943 1487 1989 secundnm
1511 1943 1637 2001 quod
1655 1947 1756 1990 erat
1774 1943 1915 1988 homo
1932 1954 2039 2000 pas-

154 2002 191 2048 si
226 2002 316 2047 ilis.

206 2065 274 2110 Ad
296 2067 543 2110 secundum
561 2066 830 2126 dicendum,
852 2066 996 2126 quod,
1020 2066 1143 2113 sicut
1171 2067 1341 2112 dicitur
1359 2067 1407 2111 ln
1428 2067 1630 2124 quodam
1653 2079 1869 2114 sermone
1893 2067 2039 2124 Ephe-

153 2126 244 2172 sini
275 2127 459 2172 concilii
496 2128 595 2186 (qui
629 2133 702 2174 est
738 2128 962 2174 Theodori
987 2132 1176 2187 Ancyr.,
1218 2134 1263 2175 et
1296 2129 1492 2175 habetur
1521 2129 1569 2173 in
1605 2140 1662 2174 eo
1695 2141 1826 2174 conc.
1851 2133 1968 2186 part.
1993 2131 2036 2182 3,

153 2201 257 2246 cap.
277 2191 364 2244 10),
389 2207 411 2228 α
430 2202 557 2236 mors
577 2190 761 2246 Christi,
783 2191 1009 2250 tanquam
1040 2191 1163 2236 facta
1184 2203 1312 2237 mors
1338 2190 1433 2249 Dei,
1457 2191 1635 2237 scilicet
1646 2203 1732 2248 per
1749 2191 1972 2236 unionem
1989 2190 2038 2236 in

151 2262 371 2310 persona,
402 2252 632 2299 destruxit
647 2258 845 2299 mortem
866 2271 879 2300 z
903 2254 1125 2312 quoniam
1153 2256 1274 2300 Deus
1293 2257 1342 2299 et
1362 2253 1502 2299 homo
1530 2257 1629 2299 erat
1646 2252 1727 2311 qui
1761 2252 2036 2311 patiebatur,

152 2325 249 2358 non
273 2313 397 2358 enim
418 2318 587 2359 natura
602 2316 679 2360 Dei
703 2316 815 2360 laesa
833 2320 907 2361 est
925 2317 1001 2371 (1),
1023 2315 1107 2361 sed
1123 2315 1346 2367 humana,
1368 2327 1522 2372 neque
1550 2314 1808 2361 mutatione
1828 2317 1916 2361 sna
1934 2326 2039 2360 sus-

153 2374 276 2434 cepit
292 2375 554 2433 passioneS.
577 2394 599 2416 »ι

207 2437 276 2483 Ad
302 2440 486 2482 tertium
504 2438 771 2494 dicendum,
795 2438 936 2496 quod,
955 2439 1078 2485 sicut
1099 2438 1317 2484 subditur
1329 2438 1518 2495 ibidem,
1545 2455 1567 2477 α
1591 2451 1686 2483 non
1698 2451 1870 2496 purum
1886 2438 2040 2484 homi-

152 2511 263 2547 nem
283 2496 618 2546 crucifixerunt
639 2500 799 2556 ludaei,
824 2500 908 2548 sed
934 2504 1026 2547 Deo
1059 2500 1319 2546 intulerunt
1339 2501 1745 2559 praesumptiones·
1770 2503 1893 2547 Pone
1913 2501 2039 2547 enim

152 2561 407 2619 principem
429 2561 557 2618 loqui
578 2574 662 2619 per
682 2562 897 2620 verbum,
919 2568 967 2609 et
988 2564 1078 2609 hoc
1094 2561 1283 2608 formari
1301 2575 1384 2620 per
1407 2563 1584 2608 litteras
1605 2563 1653 2608 in
1682 2562 1842 2608 charta
1866 2562 2036 2621 aliqua,

152 2629 200 2672 et
216 2624 350 2682 dirigi
368 2624 653 2682 civitatibus,
675 2629 723 2671 et
751 2625 923 2684 aliquis
942 2624 1221 2671 inobediens
1253 2624 1462 2671 chartam
1484 2625 1775 2684 disrumpat,
1796 2625 1856 2672 ad
1875 2626 2039 2672 mortis

153 2688 430 2733 sententiam
454 2687 712 2733 deducetur
726 2720 741 2744 ,
772 2700 869 2733 non
891 2687 1114 2745 tanquam
1133 2689 1340 2734 chartam
1361 2687 1658 2745 disrumpens
1671 2722 1684 2744 ,
1707 2687 1792 2734 sed
1814 2692 2040 2746 tanquam

151 2750 347 2796 verbum
374 2750 616 2807 imperiale
636 2751 949 2809 disrumpens.
984 2753 1082 2797 Non
1121 2762 1234 2808 ergo
1254 2762 1449 2795 securus
1482 2750 1543 2795 sit
1578 2751 1765 2797 Judaeus
1781 2784 1794 2809 ,
1817 2749 2039 2809 tanquam

150 2824 323 2871 purum
341 2813 578 2858 hominem
595 2809 875 2872 crucifigens
890 2828 904 2870 3
927 2813 1054 2872 quod
1071 2812 1196 2859 enim
1218 2812 1419 2868 videbat,
1440 2812 1574 2870 quasi
1589 2813 1747 2858 charta
1767 2816 1889 2870 aratz,
1913 2811 2040 2871 quod

150 2879 307 2921 autem
324 2875 374 2920 in
390 2888 446 2921 ea
469 2875 721 2934 celabatur,
741 2875 980 2934 imperiale
997 2875 1195 2921 Verbum
1217 2879 1334 2932 erat,
1355 2878 1516 2920 natum
1534 2887 1591 2920 ex
1615 2880 1798 2930 natura,
1816 2887 1910 2919 non
1933 2887 2045 2932 pro·-

150 2935 297 2984 latum
314 2949 398 2994 per
422 2936 648 2993 linguam.

177 3031 237 3126 ‘g'
264 3032 353 3116 Ηὶηἳ
367 3033 386 3068 ὲ
408 3033 530 3069 concil.
553 3044 671 3075 gener.
703 3032 957 3076 Constantinop.
983 3031 1188 3076 prohibetur
1207 3030 1332 3066 addere
1361 3031 1399 3066 in
1424 3030 1629 3073 trisagium:
1657 3032 1721 3077 qm·
1734 3041 1808 3078 pro
1830 3031 1934 3070 nobis
1952 3042 2042 3069 cru-

150 3092 186 3117 m
214 3089 287 3117 ωτιε
299 3090 336 3116 οε
354 3105 364 3116 .
829 3088 831 3090 ·
