2170 3808
160 222 242 268 602
685 219 884 272 QUAEST.
916 219 1093 274 vaul,
1122 220 1242 263 ART.
1272 220 1329 263 XI
1356 221 1423 263 ET
1451 220 1542 264 XII.

216 305 280 348 Ad
302 307 484 348 tertium
504 300 771 359 dicendum,
793 300 920 358 quod
943 314 1031 343 non
1049 304 1153 343 sunt
1181 301 1399 356 facienda
1419 303 1546 345 mala
1575 306 1627 346 ut
1658 304 1841 345 veniant
1864 301 1995 356 bona,
2016 307 2070 350 ut

166 367 332 414 dicitur
346 370 492 421 (Rom.
514 377 574 420 111,
590 365 630 417 8)
657 381 668 408 :
692 367 740 408 et
758 362 864 408 ideo
885 375 984 408 non
1010 363 1150 407 debet
1170 363 1312 406 homo
1325 363 1536 408 occidere
1554 368 1770 420 matrem,
1795 369 1849 408 ut
1871 363 2072 420 baptizet

166 442 378 488 puerum.
396 429 440 471 Si
456 432 615 472 tamen
630 430 780 472 mater
793 430 981 471 mortua
992 426 1135 471 fuerit
1150 426 1338 471 vivente
1348 426 1478 483 prole
1494 427 1541 471 in
1555 433 1706 483 utero,
1726 426 1866 473 debet
1884 427 2069 486 aperiri,
2140 438 2143 501 j
2168 498 2170 505 Ι

167 496 216 536 ut
234 503 349 548 puer
363 490 624 546 baptizetur
634 523 647 532 .

217 552 284 599 Ad
307 556 520 608 quartum
555 550 824 602 dicendum,
855 551 982 608 quod
1007 550 1299 607 expectanda
1330 555 1403 596 est
1427 552 1580 596 totalis
1613 551 1822 608 egressio
1843 551 1977 608 pueri
2010 564 2070 597 ex

166 618 299 658 utero
314 613 370 657 ad
394 613 697 670 baptismum,
716 612 806 657 nisi
816 624 943 657 mors
960 613 1216 656 immineat.
1238 612 1283 655 Si
1296 618 1450 656 tamen
1467 614 1616 669 primo
1628 619 1769 670 caput
1788 613 2070 672 egrediatur,
2131 632 2133 636 ·
2153 614 2158 651 ἶ

167 675 214 721 in
232 688 328 733 quo
348 675 607 720 fundantur
623 686 789 719 omnes
815 686 1004 730 sensus,
1030 674 1168 718 debet
1190 673 1430 731 baptizari,
1459 675 1666 731 periculo
1699 676 1994 730 imminente3
2025 680 2074 720 et

166 750 258 784 non
273 745 343 784 est
357 744 521 798 postea
546 737 921 795 rebaptizandus,
944 737 984 782 si
996 749 1105 782 eum
1125 737 1328 794 perfecte
1349 738 1482 782 nasci
1495 739 1792 797 contingerit.
1816 741 1869 783 Et
1887 738 2076 784 videtur
2123 742 2161 779 ³

168 800 290 846 idem
330 800 613 858 faciendum,
652 812 963 858 quaecumque
997 799 1088 843 alia
1125 811 1236 856 pars
1257 799 1525 856 egrediatur
1547 801 1755 857 periculo
1782 800 2071 845 imminente.

171 863 282 915 QuIa
305 869 461 910 tamen
485 863 535 908 in
559 863 688 908 nulla
706 863 993 908 exteriorum
1016 862 1216 918 partium
1244 862 1491 917 integritas
1507 862 1616 907 vitae
1631 862 1696 908 ita
1714 862 1931 908 consistit
1953 861 2074 907 sicut
2127 862 2135 923 J

172 927 217 970 in
231 926 397 983 capite,
414 926 601 972 videtur
617 925 900 982 quibusdam
923 925 1048 982 quod
1063 929 1250 981 propter
1265 924 1478 982 dubium,
1500 927 1796 982 quacumque
1820 925 1911 969 alia
1943 927 2075 980 parte
2125 938 2140 959 ’-

165 990 374 1045 corporis
393 989 567 1046 abluta,
605 1000 721 1045 puer
749 992 853 1045 post
871 987 1124 1045 perfectam
1146 987 1438 1032 nativitatem
1458 987 1520 1031 sit
1543 987 1853 1044 baptizandus
1876 985 1969 1032 sub
1987 986 2076 1031 hac

166 1050 314 1095 forma
337 1053 520 1094 :Sinon
542 1064 587 1094 es
608 1052 881 1107 baptizatuS,
902 1062 983 1106 eqo
1001 1053 1044 1093 te
1065 1049 1248 1105 baptizo
1266 1050 1347 1104 (1).

249 1122 598 1165 ARTICULUS
630 1122 735 1164 ΧΠ.
763 1145 817 1151 -
839 1133 977 1163 uranu
1001 1132 1164 1162 Fumosi
1186 1133 1236 1162 m·
1262 1132 1454 1163 Aunwns
1478 1131 1667 1163 DEBEANT
1687 1120 1992 1173 BAPT1zAn1(.⁶2).

173 1181 219 1219 De
231 1182 284 1218 his
301 1183 401 1218 etiam
419 1184 513 1218 Sent.
527 1191 577 1224 lv,
594 1182 675 1218 dist.
690 1183 725 1224 4,
742 1185 860 1224 quaest.
875 1190 927 1224 111,
944 1187 1009 1216 art.
1032 1182 1059 1222 t,
1074 1186 1187 1222 quaest.
1203 1190 1257 1223 ιη,
1277 1186 1311 1216 et
1326 1182 1404 1216 dist.
1422 1181 1477 1224 48,
1492 1184 1611 1223 quaest.
1631 1189 1656 1223 1,
1677 1185 1744 1216 nrt.
1759 1181 1783 1216 5
1795 1208 1804 1222 ,
1821 1186 1937 1223 quoest.
1954 1189 1966 1215 ι
1981 1191 2076 1222 corp.
2132 1169 2139 1212 s

772 1235 809 1265 et
825 1231 874 1264 De
887 1241 960 1267 ver.
981 1234 1096 1272 quaest.
1116 1237 1239 1271 xxvur,
1256 1234 1322 1264 art.
1339 1231 1359 1264 5
1377 1229 1418 1263 ad
1439 1229 1471 1263 4.

225 1285 292 1330 Ad
316 1286 644 1331 duodecimum
664 1281 732 1329 sic
762 1285 1044 1342 proceditur.
1064 1288 1106 1329 1.
1133 1284 1322 1329 Videtur
1343 1282 1465 1341 quod
1490 1283 1655 1329 furiosi
1677 1288 1724 1329 et
1752 1289 1963 1328 amentes
1982 1295 2077 1328 non

174 1349 371 1394 debeant
392 1349 630 1405 baptizari.
651 1348 719 1393 Ad
731 1348 1078 1404 susceptionem
1095 1348 1221 1392 enim
1240 1347 1457 1404 baptismi
1481 1347 1733 1404 requiritur
1751 1347 1944 1392 intentio
1962 1346 2009 1390 in
2021 1358 2079 1391 eo
2144 1355 2157 1375 2'

173 1411 251 1468 qui
272 1410 549 1467 baptizatur,
580 1414 632 1453 ut
668 1422 814 1467 supra
846 1410 1023 1455 dictum
1055 1415 1128 1455 est
1162 1411 1266 1456 (art.
1293 1413 1318 1453 7
1343 1409 1485 1466 huJus
1506 1411 1709 1466 quaest).
1738 1409 1827 1454 Sed
1850 1408 2013 1453 furiosi
2033 1412 2082 1453 et
2136 1415 2138 1419 '

174 1478 399 1529 amentes,
420 1473 530 1516 cum
549 1476 738 1516 careant
757 1485 847 1516 usu
870 1471 1078 1526 ration1s,
1114 1484 1206 1514 non
1231 1476 1431 1527 possunt
1464 1471 1637 1517 habere
1658 1471 1748 1515 nisi
1767 1471 2079 1516 inordinatam
2136 1478 2138 1482 ·

174 1533 495 1578 intentionem.
519 1535 638 1589 Ergo
661 1545 756 1577 non
781 1533 954 1578 debent
972 1531 1210 1588 baptizari.

227 1599 269 1641 2.
300 1599 544 1651 Praeterea,
564 1596 704 1640 homo
721 1594 858 1639 bruta
875 1594 1098 1639 animalia
1118 1593 1506 1651 superexceditin
1521 1595 1610 1639 hoc
1628 1594 1755 1652 quod
1776 1594 1918 1639 habet
1938 1594 2082 1638 ratio·
2139 1594 2153 1655 ζ

175 1669 298 1702 nem.
323 1656 588 1702 Sedfuriosi
601 1661 648 1701 et
662 1661 874 1701 amentes
887 1669 982 1700 non
1002 1656 1175 1700 habent
1192 1667 1334 1701 usum
1355 1655 1566 1712 rationis,
1584 1661 1629 1701 et
1644 1656 1927 1713 quandoque
1943 1656 2083 1701 etiam
2136 1659 2153 1699 ζ

174 1719 222 1763 in
245 1719 315 1764 eis
336 1732 430 1764 non
448 1723 737 1775 expectatur,
754 1720 877 1764 sicut
894 1724 1168 1775 expectatur
1202 1719 1250 1763 in
1274 1719 1449 1775 pueris.
1475 1720 1592 1774 Ergo
1609 1719 1795 1763 videtur
1816 1718 1941 1775 quod
1962 1717 2085 1764 sicut
2134 1725 2138 1728 “

174 1781 311 1826 bruta
331 1781 551 1826 animalia
584 1794 680 1825 non
699 1781 1010 1841 baptizantur,
1038 1782 1103 1826 ita
1130 1794 1219 1826 nec
1250 1781 1367 1825 tales
1385 1780 1549 1825 furiosi
1571 1785 1619 1826 et
1649 1785 1861 1826 amentes
1881 1780 2085 1826 debeant
2138 1787 2156 1838 ξ

175 1844 394 1900 baptizari
403 1878 414 1888 .

229 1908 273 1950 3.
306 1908 547 1962 Praeterea,
571 1905 724 1961 magis
739 1908 812 1949 est
842 1905 1016 1961 ligatus
1030 1917 1150 1950 usus
1181 1904 1376 1950 rationis
1410 1905 1460 1949 in
1482 1905 1673 1950 furiosis
1700 1904 1777 1950 vel
1799 1903 2081 1962 amentibus,
2140 1919 2154 1966 ,J

175 1968 317 2025 quam
350 1969 397 2013 in
422 1967 777 2013 dormientibus.
802 1968 890 2012 Sed
930 1967 1192 2024 baptismus
1221 1979 1317 2012 non
1336 1968 1581 2013 consuevit
1602 1967 1703 2013 dari
1725 1966 2083 2013 dormientibus.
2147 1975 2156 2022 'f

175 2033 295 2087 Ergo
319 2043 414 2075 non
436 2030 575 2075 debet
597 2030 696 2075 dari
717 2029 985 2074 amentibus
1000 2033 1047 2074 et
1068 2029 1272 2074 furiosis.

233 2093 320 2138 Sed
342 2097 499 2136 contra
516 2099 588 2137 est
606 2092 732 2150 quod
746 2092 1036 2147 Augustinus
1053 2091 1164 2137 dicit
1182 2092 1408 2146 (confess
1425 2091 1508 2137 lib.
1528 2105 1588 2149 iv,
1606 2104 1709 2149 cap.
1732 2095 1774 2147 4,
1797 2091 1922 2136 circa
1939 2090 2085 2146 med.)
2141 2098 2146 2109 ’

176 2155 235 2200 de
253 2155 403 2199 amico
436 2167 540 2208 suo,
561 2155 641 2211 qui
668 2172 690 2191 «
703 2157 812 2198 cum
834 2154 1178 2211 desperaretur,
1198 2154 1460 2211 baptizatus
1480 2158 1553 2198 est
1575 2154 1840 2209 nescienS,³›
1861 2158 1906 2198 et
1928 2158 2082 2198 tamen
2146 2169 2151 2179 >-

177 2215 439 2272 baptismus
460 2216 507 2260 in
528 2228 583 2261 eo
602 2214 858 2260 efficaciam
873 2215 1050 2259 habuit.
1069 2218 1188 2272 Ergo
1209 2215 1479 2260 carentibus
1503 2227 1596 2259 usu
1621 2214 1816 2259 rationis
1834 2214 2087 2272 aliquando
2137 2211 2162 2261 '¹21

177 2278 438 2335 bapt‘1smus
459 2278 558 2323 dari
577 2278 732 2323 debet.

224 2347 520 2388 CONCLUSIO.
549 2369 595 2376 -
621 2346 726 2386 Cum
755 2348 939 2386 amentes
971 2346 996 2386 a
1027 2347 1245 2386 nativitate
1268 2346 1408 2399 pueris
1429 2346 1589 2387 similes
1621 2345 1722 2394 sint,
1743 2344 1798 2386 ad
1830 2345 2085 2397 baptismum

178 2403 280 2443 tales
298 2401 528 2442 adducendi
548 2407 663 2450 sunt,
693 2401 878 2453 quivero
905 2401 1019 2452 prius
1046 2403 1252 2453 sapiente-s
1269 2403 1454 2452 fuerunt,
1471 2405 1511 2442 et
1533 2402 1811 2442 intentionem
1837 2401 2085 2452 suscipiendi
2126 2402 2148 2450 7ζ’

177 2458 370 2510 baptismi
392 2457 642 2504 habuerunt,
659 2458 733 2496 aut
750 2456 785 2495 si
801 2456 958 2495 habent
977 2455 1119 2507 aliqua
1141 2455 1280 2497 lucida
1300 2457 1533 2504 intervalla,
1551 2460 1590 2495 et
1604 2455 1707 2495 dum
1721 2457 1881 2496 ratione
1895 2457 2086 2504 utuntur,
2138 2495 2151 2507 „

178 2517 344 2565 petunt,
365 2512 602 2564 baptizandi
620 2514 732 2551 sunt.

233 2575 508 2632 Respondeo
522 2574 772 2620 dicendum
791 2574 917 2631 quod
930 2575 1054 2619 circa
1074 2578 1287 2618 amentes
1308 2578 1354 2617 et
1369 2573 1570 2618 furiosos
1589 2577 1662 2618 est
1675 2572 2057 2630 distinguendum
2070 2588 2086 2619 z
2143 2608 2145 2617 ,η

180 2638 370 2696 quidam
390 2638 516 2682 enim
548 2644 660 2682 sunt
691 2637 719 2681 a
738 2637 980 2681 nativitate
1006 2637 1140 2690 tales,
1173 2636 1302 2680 nulla
1323 2635 1552 2680 habentes
1568 2635 1723 2681 lucida
1748 2635 2011 2692 intervalla,
2035 2635 2087 2682 in
2146 2631 2147 2637 ’

180 2701 352 2758 quibus
375 2699 514 2744 etiam
527 2699 686 2744 nullus
704 2712 823 2744 usus
840 2699 1034 2744 rationis
1058 2702 1267 2755 apparet,
1293 2702 1340 2743 et
1355 2698 1413 2743 de
1429 2697 1618 2754 talibus,
1642 2699 1871 2756 quantum
1892 2697 1949 2743 ad
1970 2698 2088 2756 bap-
2140 2704 2158 2750 χ

179 2763 302 2808 tismi
326 2761 687 2818 susceptionem,
704 2761 890 2806 videtur
907 2773 1012 2807 esse
1036 2761 1159 2806 idem
1189 2760 1420 2817 judicium
1445 2759 1572 2818 quod
1596 2760 1654 2806 de
1674 2761 1850 2817 pueris,
1874 2760 1954 2817 qui
1972 2760 2086 2817 bap-
2150 2789 2156 2818 ς,

182 2826 382 2870 tizantur
402 2824 448 2867 in
465 2823 555 2868 fide
580 2823 798 2868 Ecclesiae
819 2825 893 2881 (3),
912 2828 966 2868 ut
986 2836 1129 2880 supra
1151 2823 1326 2868 dictum
1345 2827 1418 2867 est
1441 2826 1455 2877 ζ
1458 2828 1544 2867 art.
1568 2825 1596 2867 9
1614 2823 1758 2879 hujus
1777 2825 1978 2880 quaest).
2002 2821 2087 2868 Alii
2148 2848 2151 2858 2

180 2888 293 2934 vero
307 2892 417 2932 sunt
436 2890 662 2941 amentes,
682 2886 761 2942 qui
776 2898 833 2930 ex
851 2899 966 2931 sana
980 2890 1154 2944 mente,
1171 2898 1312 2943 quam
1325 2885 1592 2931 habuerunt
1603 2886 1750 2943 prins,
1772 2886 1820 2930 in
1835 2884 2084 2930 amentiam
2134 2894 2146 2914 ²

181 2950 463 3005 inciderunt,
480 2953 527 2993 et
542 2949 658 2993 tales
674 2956 782 2993 sunt
799 2949 1039 3006 judicandi
1062 2949 1323 2994 secundum
1344 2949 1631 2993 voluntatem
1644 2960 1786 3006 quam
1803 2947 2086 3007 habuerunt,
2118 2954 2141 3005 j
2154 2992 2164 3006 „

181 3012 293 3057 dum
311 3023 438 3055 sanae
459 3010 628 3055 mentis
643 3011 915 3056 existerent.
937 3012 992 3056 Et
1014 3011 1117 3056 ideo
1136 3011 1173 3056 si
1213 3016 1325 3056 tunc
1344 3011 1558 3068 apparuit
1581 3011 1626 3055 in
1649 3011 1717 3056 eis
1740 3011 1961 3055 voluntas
1982 3022 2088 3056 sus·
2111 3027 2134 3031 ·’

183 3073 384 3130 cipiendi
420 3073 722 3130 baptismum,
748 3073 887 3118 debet
921 3073 989 3118 eis
1023 3073 1231 3118 exhiberi
1267 3074 1315 3117 in
1345 3073 1465 3118 furia
1497 3077 1543 3118 et
1576 3071 1780 3117 amentia
1803 3072 2086 3128 constitutis.¹

225 3196 272 3239 (4)
303 3198 339 3231 Si
371 3196 483 3231 infans
514 3201 614 3239 caput
646 3197 798 3232 emiserit
834 3201 869 3232 et
900 3197 1091 3238 periculum
1217 3198 1262 3239 (2)
1282 3198 1445 3232 Doctrina
1465 3198 1567 3238 hujus
1584 3196 1720 3232 articuli
1738 3200 1870 3231 constat
1887 3208 1926 3231 ex
1941 3196 2087 3238 praxiot
2158 3199 2159 3202 ’

185 3243 305 3279 mortis
325 3243 521 3282 immineat,
539 3244 589 3278 ait
610 3244 746 3278 Rituale
765 3256 945 3280 romanum
959 3273 969 3287 ‚
985 3245 1093 3287 bapti·
1119 3276 1122 3278 .
1178 3247 1382 3282 auctoritate
1407 3246 1573 3281 Ecciesiae.
1605 3245 1656 3281 Cf.
1694 3245 1944 3281 Catechismum
1973 3254 2085 3280 roma·

184 3291 327 3327 mturin
344 3293 465 3333 capite,
486 3304 547 3326 noc
565 3301 680 3334 postea
699 3293 727 3327 si
743 3294 840 3329 vivus
854 3293 1010 3334 evaserit,
1026 3294 1094 3328 erit
1177 3307 1274 3338 num,
1292 3300 1381 3337 part.
1400 3295 1446 3337 ΙΙ,
1467 3302 1505 3329 n⁰
1527 3302 1648 3330 xxxlX.
2023 3334 2029 3335 ⁷

185 3341 310 3376 iterum
326 3341 564 3382 baptizandum
585 3346 619 3375 et
636 3342 662 3375 si
685 3342 777 3376 aliud
795 3341 987 3376 membrum
1006 3342 1090 3376 emi·
1221 3344 1264 3383 (5)
1282 3343 1326 3377 Si
1342 3343 1433 3378 cales
1450 3345 1492 3377 in
1507 3343 1703 3377 nativitate
1713 3341 1869 3385 suerint,
1885 3340 1933 3375 ait
1946 3339 2083 3375 Ritualo

185 3390 267 3424 serit
292 3390 380 3431 quod
412 3390 547 3424 vitalem
581 3395 709 3423 motum
740 3391 867 3425 indicet
894 3390 929 3424 in
958 3391 1030 3432 illo,
1057 3396 1092 3426 et
1177 3403 1376 3432 romanum,
1402 3391 1445 3425 de
1469 3392 1516 3425 iis
1542 3391 1640 3425 idem
1660 3390 1848 3434 judicium
1872 3388 2085 3432 faciendum

186 3439 375 3478 per-ionium
400 3438 612 3479 impendeat,
644 3437 860 3486 baptizatur3
889 3443 924 3473 et
954 3443 1036 3474 tunc
1061 3440 1090 3473 si
1178 3445 1228 3475 est
1248 3440 1345 3485 quod
1366 3440 1408 3475 de
1424 3438 1652 3482 infantibu33
1674 3441 1783 3482 atque
1804 3438 1847 3472 in
1865 3437 1939 3480 fide
1960 3435 2083 3470 Eccle-

186 3491 284 3521 natus
305 3486 438 3528 vixerit,
456 3487 524 3522 erit
546 3486 610 3521 sub
636 3487 830 3521 conditione
858 3487 1090 3530 baptizandus.
1178 3489 1244 3523 sioe
1255 3488 1444 3530 baptizari
1454 3490 1623 3532 possunt,

2142 3730 2170 3808 ima
