2170 3808
701 275 900 326 QuAEsr.
931 274 1053 327 xxv,
1083 274 1201 316 Aur.
1234 273 1302 317 111.
1867 275 1947 315 215

63 365 118 406 it
143 365 215 406 est
237 371 313 404 res
331 357 564 415 quaedam,
584 359 656 400 est
671 355 792 399 alius
817 356 842 398 a
859 359 987 399 motu
1003 355 1083 411 qui
1103 354 1242 398 estin
1261 365 1363 397 rem
1379 367 1391 409 3
1414 353 1650 397 secundus
1670 357 1826 396 autem
1843 363 1947 394 mo-

66 429 158 479 tas,
179 422 259 478 qui
282 425 355 465 est
377 419 424 463 in
444 417 710 473 imaginem,
729 417 1008 473 inquantum
1023 420 1095 460 est
1110 416 1283 469 imag0,
1299 418 1372 458 est
1389 427 1515 458 unus
1533 419 1579 459 et
1603 414 1726 459 idem
1745 425 1851 457 oum
1867 412 1947 456 illo

64 484 144 540 qui
166 488 237 527 est
255 483 301 526 in
319 493 432 525 rem.
455 505 510 512 -—
529 479 601 522 Sic
617 490 728 534 ergo
747 479 997 523 dicendum
1017 483 1088 522 est
1107 476 1231 532 quod
1252 476 1445 531 imagini
1459 477 1638 533 Christi,
1667 476 1946 532 inquantum

64 550 137 587 est
154 555 230 588 res
250 542 462 599 quaedam
477 539 607 595 (puta
627 539 804 595 lignum
825 539 1058 595 sculptum
1076 537 1148 580 vel
1169 536 1376 592 pictum),
1397 536 1527 580 nulla
1544 538 1801 581 reverentia
1819 536 1947 579 exhi-

66 604 202 650 betur
226 620 241 649 2
263 603 372 660 quia
390 601 646 647 reverentia
669 601 856 645 nonnisi
874 599 1086 644 rationali
1110 603 1288 642 naturae
1305 597 1516 642 debetur.
1537 599 1825 655 Relinquitur
1837 609 1947 654 ergo

66 665 190 722 quod
209 665 479 711 exhibeatur
494 663 535 708 ei
560 662 822 707 reverentia
843 662 995 706 solum
1029 661 1308 716 inquantum
1328 663 1402 703 est
1421 659 1576 714 imago
1598 672 1610 703 :
1632 665 1677 704 et
1697 660 1764 703 sic
1786 659 1947 716 sequi-

68 734 143 772 tur
161 727 287 784 quod
304 726 465 771 eadem
486 724 743 769 reverentia
759 723 1032 768 exhibeatur
1049 721 1240 778 imagini
1255 720 1437 777 Christi,
1455 726 1500 765 et
1518 721 1606 777 ipsi
1626 721 1815 765 Christo.
1833 722 1948 767 Cum

67 800 180 845 ergo
201 788 405 833 Christus
424 787 642 831 adoretur
659 786 927 830 adoratione
946 784 1110 840 latriae,
1130 795 1425 840 consequens
1441 787 1515 827 est
1533 781 1659 840 quod
1673 783 1775 839 eJ'us
1794 782 1947 839 imago

67 850 127 895 sit
144 850 408 894 adoratione
422 848 567 892 latriae
589 848 824 892 adoranda
850 849 926 903 (1).
1939 854 1942 855 ’

120 912 186 957 Λᾶ
207 915 401 968 primum
417 923 528 967 ergo
551 910 818 964 dicendum,
845 909 968 966 qued
1006 921 1099 952 non
1139 907 1410 964 prohibetur
1434 907 1513 950 illo
1540 911 1772 962 praecepto
1795 905 1947 952 fac-ere

39 979 406 1030 *quamcumque
438 972 724 1027 sculpturam
754 971 829 1015 vel
858 969 1226 1022 similitudinem,
1262 968 1346 1013 sed
1377 967 1529 1011 facere
1562 967 1619 1011 ad
1640 965 1943 1011 adorandum.

67 1035 196 1080 Unde
213 1034 399 1079 subdit:
420 1037 520 1077 Non
552 1035 765 1076 adorabis
783 1046 854 1089 ea,
881 1045 1020 1088 neque
1049 1032 1183 1074 coles.
1210 1032 1262 1074 Et
1284 1029 1410 1087 quia,
1437 1029 1557 1073 sicut
1580 1029 1754 1073 dictum
1785 1035 1856 1072 est
1882 1029 1946 1083 (in

67 1108 193 1154 corp.
215 1100 333 1151 art-3,
360 1096 482 1141 idem
512 1100 585 1140 est
607 1100 761 1140 motus
784 1095 832 1139 in
862 1094 1126 1149 imaginem,
1147 1098 1194 1138 et
1221 1092 1270 1136 in
1298 1103 1415 1147 rem,
1436 1104 1492 1136 eo
1513 1091 1650 1136 modo
1680 1090 1946 1147 prohibetur

68 1158 272 1204 adoratio
292 1158 508 1214 imaginis
527 1170 620 1214 quo
642 1157 912 1214 prohibetur
934 1155 1140 1200 adoratio
1166 1155 1250 1210 rei,
1271 1154 1405 1209 cujus
1431 1154 1584 1209 imago
1610 1159 1696 1197 est.
1727 1153 1856 1198 Unde
1886 1152 1947 1196 ibi

67 1219 335 1276 intellig-itur
350 1219 582 1276 prohiberi
601 1219 808 1263 adoratio
826 1218 1101 1274 imaginum,
1127 1228 1243 1273 quas
1267 1216 1462 1270 gentiles
1488 1215 1718 1260 faciebant
1740 1214 1786 1259 in
1806 1226 1945 1259 vene-

66 1282 290 1327 rationem
309 1282 500 1326 deorum
516 1292 725 1336 suorum,
746 1280 791 1324 id
811 1285 899 1336 est,
918 1279 1184 1323 daemonum
1208 1280 1283 1332 (2).
1309 1280 1362 1321 Et
1376 1277 1479 1322 ideo
1503 1277 1794 1334 praemittitur
1813 1291 1825 1321 τ
1846 1280 1944 1321 Non

65 1342 245 1387 habebis
264 1345 370 1388 deos
388 1343 558 1389 alienos
578 1354 732 1384 coram
756 1354 840 1385 me.
866 1340 957 1396 Ipsi
979 1344 1135 1384 autem
1153 1351 1263 1383 vero
1282 1340 1387 1394 Deo,
1411 1341 1518 1382 cum
1540 1339 1601 1382 sit
1624 1338 1943 1394 incorporeus,

65 1403 194 1450 nulla
210 1405 363 1460 imago
383 1403 636 1460 corporalis
655 1407 834 1460 poterat
851 1403 961 1460 poni
984 1416 994 1444 ε
1019 1402 1145 1459 quia,
1182 1406 1231 1446 ut
1248 1404 1562 1445 Damascenus
1585 1401 1693 1445 dicit
1712 1400 1815 1453 (loc.
1840 1413 1944 1457 sup.

67 1465 177 1523 cit.),
201 1466 511 1523 «insipientiae
540 1477 735 1510 summae
766 1471 838 1512 est
865 1470 909 1509 et
931 1464 1178 1520 impietatis
1203 1463 1403 1518 figurare
1424 1463 1548 1519 quod
1573 1468 1643 1507 est
1672 1463 1899 1507 divinum.
1923 1482 1942 1502 ι»

69 1528 156 1574 Sed
176 1529 285 1586 quia
303 1529 351 1572 in
377 1540 498 1572 novo
514 1530 806 1572 Testamento
823 1530 945 1572 Deus
963 1527 1114 1571 sactus
1135 1530 1208 1571 est
1225 1526 1380 1581 homo,
1404 1530 1557 1582 potest
1577 1525 1625 1569 in
1650 1526 1723 1570 sui
1744 1525 1947 1582 imagine
2006 1548 2009 1550 v

67 1591 292 1648 corporali
311 1590 509 1635 adorari.
1001 1604 1005 1608 ·

122 1652 185 1697 Ad
211 1653 453 1696 secundum
479 1651 742 1706 dicendum,
760 1651 885 1709 quod
907 1651 1153 1708 Apostolus
1175 1651 1388 1707 prohibet
1407 1650 1626 1707 operibus
1647 1650 1946 1695 infructuosis

69 1714 310 1769 gentilium
336 1714 705 1770 communicare3
742 1713 1088 1758 communicare
1120 1719 1274 1758 autem
1308 1712 1499 1757 utilibus
1534 1724 1694 1757 eorum
1727 1712 1945 1768 operibus

69 1774 314 1830 Apostolus
335 1786 428 1819 non
451 1775 678 1831 prohibet.
698 1775 913 1820 Adoratio
941 1779 1098 1819 autem
1122 1774 1378 1831 imaginum
1410 1778 1484 1818 est
1513 1773 1635 1817 inter
1660 1773 1944 1817 infructuosa

60 1847 211 1892 opera
227 1836 537 1892 computanda
561 1840 788 1892 quantum
809 1837 870 1882 ad
887 1836 980 1882 duo
999 1849 1012 1880 ι
1036 1836 1185 1893 primo
1198 1835 1388 1892 quidem
1406 1838 1629 1891 quantum
1647 1835 1809 1879 adhoc
1822 1834 1945 1891 quod

66 1896 258 1953 quidam
283 1909 446 1941 eorum
461 1896 715 1941 adorabant
737 1897 863 1953 ipsas
880 1897 1108 1953 imagines
1130 1902 1183 1941 ut
1199 1910 1276 1942 res
1295 1897 1537 1954 quasdam,
1554 1897 1793 1941 credentes
1810 1897 1856 1940 in
1879 1897 1945 1941 eis

70 1969 173 2003 esse
191 1957 376 2014 aliquod
399 1969 590 2011 numen,
607 1963 792 2014 propter
808 1970 1032 2014 responsa
1050 1971 1154 2014 quae
1171 1959 1406 2002 daemones
1420 1959 1467 2001 in
1483 1959 1552 2002 eis
1566 1957 1755 2012 dabant,
1777 1962 1820 2002 et
1831 1958 1944 2002 alios

68 2019 333 2076 hnjusmodi
357 2019 552 2063 effectus
570 2019 827 2075 mirabiles3
853 2020 1074 2075 secundo,
1101 2025 1286 2077 propter
1306 2033 1383 2064 res
1409 2031 1607 2074 quarum
1628 2024 1759 2064 erant
1779 2019 1943 2076 imagi-

69 2093 188 2126 nes:
212 2081 478 2126 statuebant
502 2081 630 2125 enim
663 2082 929 2138 hujusmodi
962 2082 1189 2140 imagines
1225 2082 1456 2139 aliquibus
1476 2082 1716 2138 creaturis,
1750 2094 1868 2138 quas
1896 2083 1942 2126 in

67 2140 136 2188 eis
151 2143 448 2187 veneratione
468 2143 614 2187 latriae
632 2144 996 2188 venerabantur.
1019 2147 1108 2188 Nos
1135 2149 1291 2189 autem
1320 2144 1566 2189 adoramus
1587 2144 1854 2189 adoratione
1875 2145 1945 2189 la·-

69 2204 168 2249 triae
186 2205 434 2260 imaginem
456 2205 638 2258 Christi,
664 2206 744 2261 qui
764 2210 838 2250 est
857 2219 996 2251 verus
1020 2209 1155 2262 Deus,
1178 2219 1271 2251 non
1295 2210 1483 2263 propter
1505 2206 1654 2262 ipsam
1675 2206 1942 2263 imaginem,

69 2267 153 2312 sed
177 2273 364 2324 propter
380 2279 481 2312 rem
497 2268 632 2323 cujus
653 2268 807 2324 imago
825 2274 912 2326 est,
933 2269 1053 2314 sicut
1068 2269 1243 2314 dictum
1257 2274 1327 2313 est
1350 2269 1414 2323 (in
1435 2281 1561 2325 corp.
1582 2271 1704 2324 ara).

120 2328 187 2373 Ad
206 2331 390 2371 tertium
411 2328 676 2385 dicendum,
691 2329 819 2387 quod
839 2334 1063 2375 creaturae
1074 2330 1287 2375 rationali
1311 2330 1506 2375 debetur
1523 2330 1784 2375 reverentia
1804 2344 1944 2388 prop-

71 2393 139 2434 ter
157 2390 355 2446 seipsam
377 2404 390 2434 ε
416 2394 463 2435 et
481 2390 585 2436 ideo
607 2391 645 2435 si
667 2397 892 2436 creaturae
920 2393 1157 2450 rationali,
1182 2393 1228 2437 in
1251 2405 1344 2450 qua
1362 2398 1434 2437 est
1458 2392 1610 2448 imago
1633 2392 1727 2447 Dei,
1750 2392 1944 2438 exhibe-

70 2454 195 2494 retur
218 2451 426 2496 adoratio
447 2452 611 2508 latriae,
635 2459 792 2509 posset
814 2466 918 2499 esse
940 2455 1111 2499 erroris
1135 2455 1317 2500 occasio
1338 2469 1349 2499 :
1377 2458 1430 2499 ut
1449 2454 1627 2499 scilicet
1652 2459 1809 2499 motus
1830 2455 1944 2500 ado-

68 2512 212 2556 rantis
231 2512 414 2557 sisteret
436 2514 485 2557 in
518 2514 721 2569 homine,
746 2516 1023 2571 inquantum
1047 2522 1117 2561 est
1139 2529 1216 2562 res
1237 2517 1467 2573 quaedam‚
1493 2521 1539 2561 et
1572 2528 1666 2560 nou
1695 2516 1944 2561 referretur
1967 2513 1969 2515 ’

68 2572 116 2616 in
135 2576 293 2628 Deum,
313 2575 448 2632 cujus
465 2580 536 2620 est
549 2576 731 2632 imago:
753 2578 877 2634 quod
894 2590 988 2622 non
1009 2583 1162 2635 potest
1180 2579 1447 2634 contingere
1470 2578 1530 2623 de
1544 2577 1748 2634 imagine
1763 2579 1944 2636 sculpta

72 2633 142 2678 vel
158 2634 280 2691 picta
299 2634 344 2678 in
370 2636 561 2680 materia
577 2636 800 2682 sensibili.

121 2695 187 2739 Ad
208 2700 418 2750 quartum
440 2696 702 2754 dicendum,
722 2699 848 2755 quod
863 2699 1074 2756 apostoli,
1090 2700 1304 2745 familiari
1326 2701 1551 2746 instinctu
1568 2701 1762 2757 Spiritus
1777 2703 1937 2759 sancti,

70 2756 279 2811 quaedam
303 2758 517 2802 Ecclesiis
539 2759 825 2805 tradiderunt
844 2761 1091 2817 servanda,
1111 2774 1215 2818 qnae
1239 2775 1331 2807 non
1350 2763 1641 2819 reliquerunt
1658 2763 1704 2806 in
1729 2762 1912 2819 scriptis
1926 2796 1939 2816 ,

71 2816 214 2860 sedin
230 2817 549 2864 observatione
572 2821 787 2866 Ecclesiae
803 2835 886 2879 per
908 2823 1253 2869 successionem
1271 2824 1478 2869 fidelium
1498 2840 1510 2869 :
1534 2824 1662 2869 unde
1681 2825 1781 2880 ipse
1799 2828 1942 2880 Apos-

73 2876 194 2921 tolus
217 2877 325 2922 dicit
351 2881 413 2930 (ll.
435 2881 590 2925 Thess.
621 2896 668 2940 η,
691 2885 760 2938 14)
779 2898 791 2926 :
811 2886 956 2940 State,
993 2886 1043 2927 *et
1076 2888 1217 2928 tenete
1247 2887 1514 2929 traditiones
1543 2898 1656 2941 quas
1694 2886 1938 2943 didicistis,

68 2941 158 2982 sive
170 2951 522 3008 per-'sermonem
540 2942 715 2988 scilieet
731 2957 810 2989 ore
826 2945 1074 3002 prolatum,
1085 2949 1180 2989 sive
1192 2959 1278 3002 per
1292 2946 1550 3003 epistolam,
1576 2945 1752 2990 scilicet
1768 2947 1942 3003 scripto

70 3004 387 3043 transmissam
413 3012 424 3043 :
450 3005 495 3044 et
524 3001 644 3047 inter
664 3004 930 3060 hujusmodi
951 3006 1221 3051 traditiones
1250 3013 1322 3052 est
1344 3008 1600 3063 imaginum
1634 3007 1797 3052 Christi
1832 3007 1940 3052 ado·

66 3060 351 3166 ffiggiulllnde
369 3066 416 3106 et
433 3064 481 3105 B.
502 3065 646 3108 Lucas
667 3065 834 3111 dicitur
852 3069 910 3122 (3)
930 3068 1196 3124 depinxisse
1206 3069 1371 3113 Christi
1383 3069 1649 3125 imaginem,
1666 3081 1770 3127 quae
1786 3072 1941 3115 Romae

106 3217 152 3258 (⁴)
177 3217 254 3251 Haec
281 3218 384 3252 vox-ba
414 3219 462 3253 sic
486 3220 628 3262 explicat
654 3221 791 3257 Bossuet
820 3223 958 3259 :Saint

66 3264 210 3299 Thomas
225 3267 370 3301 attribue
385 3268 402 3301 a
422 3268 453 3301 la
476 3269 568 3303 croix
582 3268 613 3303 le
628 3270 716 3304 culte
731 3270 771 3305 de
786 3271 884 3306 latrie
900 3273 956 3312 qui

66 3315 116 3346 at
130 3311 162 3347 le
180 3313 267 3347 culte
282 3318 446 3357 supreme,
459 3316 544 3350 mais
558 3316 583 3349 il
594 3317 772 3358 s'explique
787 3329 829 3352 en
849 3318 959 3353 disant

68 3370 131 3399 que
145 3359 224 3394 c'est
242 3373 307 3395 une
329 3362 427 3396 latria
452 3364 654 3403 respective,
679 3364 738 3405 qui
757 3376 801 3399 ne
826 3364 959 3399 devient

67 3411 219 3447 supreme
243 3421 307 3448 que
325 3421 423 3450 parce
449 3411 569 3451 qu’elle
593 3423 627 3445 se
642 3418 800 3453 rapporte
815 3415 833 3447 ἐι
846 3415 956 3447 lesus-

69 3452 218 3489 Christ...
245 3456 309 3498 Qui
337 3461 418 3498 peut
443 3455 573 3492 blamer
597 3470 635 3493 ce
660 3460 760 3494 sens?
781 3472 955 3503 personne,

67 3510 140 3537 sans
154 3502 264 3544 doute,
284 3517 292 3538 ι
311 3503 340 3546 si
364 3503 577 3550 ljggpressiou
591 3506 727 3550 depluit,
745 3508 770 3543 il
785 3507 840 3551 n'y
856 3509 957 3553 aqu'ii

1041 3224 1073 3259 la
1090 3223 1205 3259 laisser
1226 3226 1270 3264 13³.
1288 3237 1416 3260 comme
1435 3238 1453 3260 a
1468 3226 1530 3261 fait
1543 3238 1618 3261 sans
1633 3227 1755 3263 hesiter
1768 3229 1800 3262 le
1816 3230 1853 3263 P.
1871 3230 1939 3263 Pc-

1041 3276 1098 3306 tau
1115 3274 1256 3314 (Lettres
1274 3285 1332 3308 sur
1349 3273 1548 3309 l'adoration
1564 3275 1604 3310 de
1622 3275 1655 3310 la
1671 3276 1774 3317 croix,
1788 3276 1868 3310 edit.
1898 3276 1939 3311 de

1041 3319 1136 3354 vers.
1152 3325 1236 3354 tom.
1255 3328 1334 3361 xxv,
1354 3334 1389 3362 p.
1405 3322 1471 3360 65).

1084 3367 1127 3408 (2)
1149 3369 1244 3403 Juxta
1263 3369 1350 3403 illud
1365 3381 1403 3403 ex
1421 3370 1475 3404 Ps.
1508 3379 1589 3412 xcv,
1607 3372 1629 3405 5
1650 3382 1660 3406 ε
1685 3371 1750 3405 Dii
1774 3372 1938 3413 flentium

1043 3415 1235 3450 doemonia.

1081 3463 1125 3503 (5)
1141 3464 1187 3497 Ex
1215 3463 1416 3504 Nicephoro.
1445 3465 1508 3500 lib.
1535 3475 1576 3506 11,
1602 3477 1674 3506 cap.
1701 3466 1754 3505 2⁴5,
1784 3469 1818 3497 et
1837 3464 1936 3500 Meta·

1039 3511 1177 3554 phraste
1193 3512 1280 3554 apud
1297 3513 1479 3548 Baronium
1493 3512 1536 3548 ad
1553 3525 1678 3547 annum
1692 3513 1745 3552 48,
1766 3513 1781 3552 ἓ
1796 3512 1848 3546 26.
