2170 3808
181 200 265 243 306
690 198 891 251 QUAEST.
921 198 1104 254 XXXVI,
1135 200 1256 244 ART.
1286 200 1355 243 Vll
1382 201 1449 245 ET
1475 202 1581 246 vm.

181 277 443 323 coelestium
480 279 739 336 stellarum,
778 278 1097 336 multipliciter
1117 280 1416 326 manifestum
1439 287 1524 327 est.
1559 282 1710 327 Primo
1742 281 1947 342 quidem,
1971 284 2079 339 quia

181 338 310 383 nulla
322 339 413 384 alia
423 339 664 384 stellarum
683 340 770 384 hac
784 340 860 383 via
873 339 1068 396 inceditz,
1085 341 1184 385 haec
1201 341 1325 386 enim
1338 342 1470 387 stella
1480 343 1714 388 ferebatur
1728 342 1756 386 a
1767 342 2079 399 septentrione

180 401 230 446 in
253 402 518 459 meridiemt,
537 403 600 447 ita
621 403 747 448 enim
761 404 918 448 Judaea
931 404 1057 460 Jacet
1077 405 1136 448 ad
1152 404 1400 459 Persidem,
1424 407 1551 452 unde
1570 405 1697 463 magi
1725 409 1974 450 venerunt.
1996 408 2076 451 Se-

181 464 335 508 cundo
369 470 563 522 apparet
583 465 672 510 hoc
694 478 752 510 ex
772 470 1004 523 tempore3
1032 479 1124 510 non
1150 467 1275 510 enim
1295 467 1446 512 solum
1466 464 1728 526 apparebat
1749 467 1797 511 in
1818 471 1969 522 nocte,
1996 469 2080 515 sed

181 526 319 570 etiam
343 525 391 571 in
412 527 564 572 media
580 528 671 583 die,
693 528 819 585 quod
833 541 927 572 non
947 534 1018 573 est
1029 529 1212 573 virtutis
1225 528 1382 583 stellae,
1401 530 1484 575 sed
1497 543 1583 576 nec
1603 531 1741 575 etiam
1759 530 1899 574 lunae.
1913 530 2073 595 Tertio,

181 587 290 642 quia
309 590 590 646 quandoque
609 590 879 647 apparebat,
900 595 946 635 et
969 589 1250 647 quandoque
1269 590 1589 636 occultabatur
1613 608 1625 637 ε
1651 596 1758 636 cum
1778 590 1900 636 enim
1930 591 2077 636 intra-2

180 654 352 693 verunt
392 651 776 709 Hierosolymam,
810 651 1061 696 occultavit
1083 652 1309 709 seipsam3
1340 652 1509 699 deinde
1526 654 1607 698 ubi
1629 653 1854 698 Herodem
1873 651 2075 709 relique-

181 716 309 764 runt,
334 712 535 769 seipsam
559 713 850 758 monstravit.
877 714 1066 769 Quarto,
1090 715 1201 772 quia
1230 727 1323 758 non
1342 714 1543 761 habebat
1567 717 1840 761 continuum
1859 720 2034 760 motum
2058 730 2071 764 ι

180 772 265 817 sed
286 775 394 818 cum
414 776 658 832 oportebat
673 776 738 821 ire
758 788 939 832 magos,
960 776 1072 832 ibat,
1090 777 1197 820 cum
1212 776 1454 833 oportebat
1470 782 1607 835 stare,
1625 778 1798 833 stabat,
1823 776 1940 821 sicut
1957 777 2077 824 etde

179 833 401 880 columna
417 837 555 881 nubis
568 842 668 882 erat
679 837 725 881 in
740 838 924 883 deserto
941 840 1018 892 (1).
1039 838 1223 894 Quinto,
1244 837 1354 895 quia
1370 851 1465 883 non
1476 842 1661 884 sursum
1679 850 1874 883 manens
1891 842 2075 894 partum

182 895 381 951 Virginis
403 898 771 954 demonstrabat,
784 899 867 945 sed
883 899 1102 944 deorsum
1122 900 1414 945 descendens
1432 902 1520 946 hoc
1533 901 1747 946 faciebat.
1767 900 1935 945 Dicitur
1951 901 2076 945 enim

185 959 353 1010 (Matth.
378 973 424 1015 11,
445 960 510 1016 9),
530 960 655 1018 quod
671 961 824 1018 stella,
855 975 987 1017 quam
1011 962 1222 1005 viderant
1244 965 1369 1018 maqi
1389 966 1439 1006 in
1466 966 1662 1019 Oriente,
1683 962 1971 1006 antecedebat
1986 974 2074 1021 eos,

184 1033 318 1076 usqae
338 1023 445 1065 dum
467 1027 646 1067 veniens
679 1027 822 1068 staret
850 1038 993 1080 supra
1025 1025 1099 1067 ubi
1121 1028 1223 1068 erat
1249 1038 1378 1082 puer.
1400 1027 1465 1069 Ex
1484 1037 1577 1082 quo
1593 1030 1717 1082 patet
1737 1024 1861 1082 quod
1880 1023 2077 1069 verbum

184 1094 430 1139 magorum
454 1085 709 1132 dicentium
731 1102 742 1131 :
770 1088 980 1132 Vidimus
1001 1088 1183 1131 stellam
1204 1089 1301 1142 eJus
1321 1091 1371 1131 in
1395 1091 1591 1144 Oriente,
1614 1100 1707 1132 non
1730 1091 1800 1133 est
1818 1087 1886 1131 sic
1906 1087 2080 1131 intelli-

182 1145 392 1199 gendum
426 1148 560 1203 quasi
582 1147 697 1205 ipsis
719 1148 767 1192 in
794 1149 979 1194 Oriente
1015 1149 1178 1206 positis
1196 1149 1330 1194 stella
1366 1148 1631 1206 apparuerit
1649 1148 1851 1194 existens
1883 1148 1931 1191 in
1955 1153 2078 1193 terra

183 1207 324 1262 Juda3
350 1209 434 1253 sed
449 1209 558 1267 quia
578 1209 796 1254 viderunt
820 1222 923 1255 eam
941 1209 989 1253 in
1006 1210 1191 1254 Ori-ente
1206 1210 1499 1268 existentem,
1516 1216 1563 1256 et
1577 1210 1812 1268 praecessit
1832 1222 1913 1254 eos
1928 1222 2078 1265 usque

185 1269 233 1313 in
250 1271 485 1326 Judaeam.;
513 1273 728 1329 quamvis
745 1272 832 1317 hoc
855 1273 883 1316 a
902 1272 1183 1329 quibusdam
1213 1273 1301 1329 sub
1321 1273 1462 1317 dubio
1483 1273 1784 1331 relinquatur.
1800 1274 1899 1317 Non
1920 1277 2078 1317 autem

187 1333 414 1388 potuisset
441 1334 658 1380 distincte
679 1334 871 1379 domum
894 1335 1233 1388 demonstrare,
1261 1334 1348 1378 nisi
1371 1340 1497 1379 esset
1523 1339 1658 1380 terrae
1678 1334 1830 1378 vicina
1853 1348 1864 1378 z
1885 1339 1932 1379 et
1957 1334 2079 1379 sicut

186 1393 284 1450 ipse
302 1394 413 1440 dicit
431 1397 536 1449 (loc.
561 1396 677 1453 cit.),
702 1414 722 1435 ιι
736 1397 825 1442 hoc
836 1409 930 1443 non
948 1397 1132 1442 videtur
1149 1398 1388 1455 proprium
1406 1410 1511 1442 esse
1533 1397 1695 1453 stellae,
1716 1397 1798 1442 sed
1811 1395 1994 1441 virtutis
2009 1409 2079 1440 ra-

187 1456 371 1501 tionalis
386 1457 648 1514 cujusdam.
665 1477 686 1498 υ
713 1458 839 1503 Unde
853 1458 1037 1504 videtur
1055 1459 1154 1503 haec
1170 1459 1306 1503 stella
1326 1458 1509 1503 virtutis
1526 1458 1772 1503 invisibilis
1781 1457 1926 1502 fuisse
1943 1458 1991 1502 in
2008 1463 2079 1502 ta-

185 1516 277 1562 lem
293 1519 611 1576 apparentiam
634 1520 979 1565 transformata.
992 1546 1046 1553 --
1066 1520 1192 1565 Unde
1214 1519 1405 1576 quidam
1419 1520 1580 1564 dicunt
1599 1520 1725 1576 quod
1741 1519 1863 1564 sicut
1883 1519 2079 1576 Spiritus

185 1587 377 1626 sanctus
399 1581 643 1629 descendit
660 1595 801 1640 super
819 1582 1103 1639 baptizatum
1120 1583 1364 1627 Dominum
1387 1582 1434 1627 in
1459 1582 1614 1639 specie
1638 1581 1890 1638 columbae,
1905 1581 1969 1626 ita
1993 1594 2078 1638 ap-

184 1643 339 1699 paruit
355 1644 506 1700 magis
525 1645 571 1689 in
590 1645 745 1702 specie
766 1645 928 1690 stellae.
944 1670 997 1678 -
1010 1645 1093 1690 Alii
1107 1644 1219 1689 vero
1234 1646 1395 1690 dicunt
1413 1645 1539 1702 quod
1558 1644 1753 1701 angelus
1770 1644 1849 1701 qui
1867 1643 2081 1701 apparuit

185 1705 452 1760 pastoribus
470 1707 517 1749 in
535 1706 742 1751 humana
760 1706 930 1764 specie,
953 1706 1166 1764 apparuit
1186 1707 1337 1763 magis
1359 1707 1406 1752 in
1437 1707 1592 1764 specie
1613 1707 1773 1752 stellae.
1795 1706 2080 1751 probabilius

185 1771 343 1812 tamen
382 1768 564 1812 videtur
587 1768 712 1826 qued
741 1768 882 1814 fuerit
902 1769 1038 1814 stella
1056 1769 1115 1814 de
1140 1781 1261 1812 novo
1277 1774 1449 1825 creata,
1469 1782 1562 1814 non
1582 1769 1629 1814 in
1651 1769 1788 1825 coe10,
1803 1767 1885 1813 sed
1905 1767 1951 1812 in
1975 1781 2081 1814 aere

184 1829 337 1874 vicino
366 1834 519 1885 terrae,
541 1842 647 1888 quae
668 1831 929 1876 secundum
962 1830 1170 1876 divinam
1203 1831 1492 1877 voluntatem
1519 1830 1809 1877 movebatur.
1833 1830 1961 1876 Unde
1992 1834 2083 1875 Leo

185 1903 305 1948 papa
321 1892 432 1937 dicit
444 1892 506 1947 (in
524 1905 663 1938 serm.
680 1894 842 1952 Epiph.
863 1894 944 1951 qui
968 1898 1039 1939 est
1055 1897 1075 1939 1
1096 1893 1307 1951 eJ’usdem
1332 1895 1455 1953 sesti,
1471 1907 1574 1951 cap.
1590 1898 1637 1951 1,
1651 1894 1712 1939 ad
1724 1891 1826 1948 firi.)
1847 1908 1860 1938 ε
1880 1910 1900 1931 «ι
1918 1892 2082 1938 Tribus

185 1955 336 2010 magis
352 1957 411 2009 (2)
429 1955 477 1999 in
508 1955 699 2012 regione
725 1957 920 2001 Orientis
941 1957 1075 2002 stella
1092 1968 1226 2001 novae
1243 1957 1467 2002 claritatis
1485 1957 1717 2014 apparuit,
1735 1969 1842 2013 quae
1862 1955 2082 2000 illustrior

185 2017 366 2061 caeteris
395 2017 723 2075 pulchriorque
747 2018 996 2075 sideribus,
1016 2018 1064 2062 in
1087 2031 1138 2063 se
1154 2018 1438 2063 intuentium
1467 2019 1629 2064 oculos
1661 2018 1937 2075 animosque
1965 2030 2080 2062 con-

186 2084 410 2134 verteret;
435 2083 489 2124 ut
505 2080 749 2126 confestim
786 2080 1106 2126 adverteretur
1127 2093 1222 2125 non
1237 2093 1341 2126 esse
1359 2081 1562 2126 otiosum
1582 2081 1709 2138 quod
1726 2085 1821 2125 tam
1839 2078 2080 2125 insolitum

183 2140 442 2186 videbatur.
456 2156 482 2184 ι

239 2203 306 2248 Ad
324 2208 526 2261 primum
553 2217 667 2261 ergo
699 2205 976 2260 dicendum,
1005 2205 1129 2262 quod
1159 2205 1331 2250 coelum
1359 2205 1408 2249 in
1445 2218 1578 2250 sacra
1609 2205 1843 2262 Scriptura
1870 2205 2082 2261 quando-

185 2277 278 2323 que
292 2265 380 2309 dici
388 2270 461 2309 tur
473 2279 568 2321 aer,
581 2267 842 2312 secundum
859 2267 974 2312 illud
988 2267 1173 2319 <Psalmi
1191 2280 1286 2321 vni,
1300 2269 1359 2320 9):
1374 2267 1586 2311 Volucres
1601 2269 1703 2312 coeli
1711 2271 1754 2311 et
1765 2270 1909 2324 pisces
1918 2270 2078 2311 maris.

241 2327 309 2373 Ad
330 2328 575 2372 secundum
605 2328 855 2374 dicendum
871 2362 884 2388 ,
910 2329 1035 2387 quod
1061 2330 1149 2386 ipsi
1182 2329 1336 2386 angeli
1370 2330 1587 2375 coelestes
1622 2343 1683 2376 ex
1718 2342 1804 2374 suo
1823 2329 1977 2374 officio
1995 2329 2081 2374 ha·

186 2388 316 2447 bent,
347 2394 400 2434 ut
438 2390 498 2435 ad
534 2403 622 2435 uos
662 2390 947 2436 descendant
982 2391 1030 2435 in
1067 2391 1379 2436 ministerium
1419 2392 1578 2449 missi;
1599 2391 1683 2437 sed
1701 2391 1847 2436 stellae
1866 2391 2082 2437 coelestes

187 2464 325 2498 suum
350 2452 492 2498 situm
514 2466 605 2498 non
627 2459 827 2498 mutant.
853 2454 982 2499 Unde
1006 2466 1099 2498 non
1119 2458 1191 2498 est
1214 2454 1378 2498 similis
1399 2455 1531 2498 ratio.

239 2514 310 2560 Ad
324 2518 507 2559 tertium
527 2514 795 2572 dicendum,
811 2513 937 2572 quod
956 2515 1077 2560 sicut
1099 2516 1232 2560 stella
1248 2515 1326 2560 illa
1342 2528 1435 2559 non
1455 2520 1528 2560 est
1545 2520 1705 2560 secuta
1728 2522 1906 2561 motum
1920 2516 2081 2561 stella·

187 2588 292 2621 rum
321 2576 602 2631 coelestium,
622 2577 685 2622 ita
704 2589 792 2622 nec
809 2576 950 2622 etiam
967 2577 1210 2630 stellarum
1233 2583 1538 2634 cometarum,
1553 2589 1660 2635 quae
1674 2590 1760 2623 nec
1775 2578 1832 2623 de
1846 2578 1923 2624 die
1939 2591 2081 2636 appa-

186 2643 306 2694 rent,
325 2651 412 2684 nec
438 2651 631 2683 cursum
652 2651 791 2683 suum
811 2639 1077 2684 ordinatum
1097 2640 1296 2684 mutant.
1333 2642 1386 2684 Et
1406 2644 1563 2683 tamen
1593 2651 1689 2683 non
1710 2639 1903 2684 omnino
1920 2640 2080 2686 aberat

186 2700 464 2758 significatio
489 2705 800 2756 cometarum3
826 2701 936 2758 quia
955 2702 1144 2746 coeleste
1174 2714 1371 2759 regnum
1396 2701 1562 2747 Christi
1582 2704 1842 2746 comminuit
1860 2706 1904 2746 et
1923 2716 2078 2748 consu·

186 2766 271 2807 mit
289 2766 503 2807 universa
523 2777 667 2821 reqna
683 2767 833 2820 terrae,
852 2767 896 2808 et
913 2767 1059 2822 ipsum
1073 2765 1210 2808 stabit
1226 2767 1276 2808 in
1294 2767 1587 2819 aeternum,ut
1601 2763 1769 2809 dicitur
1788 2766 1917 2819 (Dan.
1931 2779 1976 2822 n,
1988 2769 2078 2820 44).

230 2835 582 2878 ARTICULUS
601 2836 730 2877 VIII.
749 2856 807 2866 -
830 2846 970 2878 urium
996 2847 1093 2877 mm
1125 2846 1442 2877 convminurnn
1469 2846 1522 2876 Ab
1550 2845 1755 2878 cums‘ruu
1790 2847 2038 2879 montanum

983 2909 1191 2939 vannum-r
1214 2897 1286 2950 (3).

239 2957 308 3002 Ad
339 2962 556 3002 octavum
579 2957 647 3003 sic
665 2958 948 3015 proceditur.
966 2961 1008 3003 1.
1030 2958 1216 3003 Videtur
1238 2958 1362 3014 quod
1384 2957 1510 3014 magi
1534 2971 1629 3003 non
1659 2958 1992 3004 convenienter
2020 2959 2080 3005 ad

186 3018 418 3064 Christum
441 3020 731 3065 adorandum
746 3021 961 3066 venerint
974 3022 1050 3076 (4).
1065 3020 1322 3078 Unicuique
1346 3020 1468 3064 enim
1490 3021 1587 3076 regi
1606 3020 1867 3066 reverentia
1886 3018 2080 3068 debetur

227 3121 270 3164 (l)
293 3122 342 3155 De
362 3134 425 3163 qua
449 3123 566 3164 (Exod.
585 3133 655 3163 xvi.
677 3124 746 3166 21l):
771 3124 948 3165 Dominus
967 3127 1090 3159 autem
1215 3124 1258 3166 (5)
1279 3125 1323 3158 Ea
1341 3125 1382 3160 de
1397 3136 1433 3160 re
1449 3125 1538 3159 conf.
1557 3124 1759 3164 Bossuetius.
1783 3125 1994 3160 Εἰὰυαιίοηε
2011 3136 2079 3161 sur

185 3170 414 3214 praecedebac
438 3181 495 3204 eos
528 3173 576 3205 ad
610 3172 872 3206 ostendendam
895 3173 996 3207 viam
1023 3183 1091 3216 per
1175 3172 1226 3208 les
1246 3175 1430 3217 msceres,
1452 3181 1543 3208 xvne
1557 3173 1717 3207 semaine.

184 3219 281 3254 diem
296 3218 339 3252 in
357 3218 529 3252 columna
548 3219 670 3258 nubis,
690 3226 755 3255 etc.
1216 3223 1258 3264 (ἀι
1279 3223 1315 3256 Id
1344 3228 1404 3262 est,
1426 3222 1475 3256 ait
1498 3220 1646 3262 Nicolai,
1667 3221 1756 3262 quod
1777 3233 1844 3256 non
1871 3221 1976 3257 fuerit
1999 3234 2076 3257 con-

225 3266 269 3308 (2)
285 3266 338 3300 On
353 3268 440 3299 croit
456 3266 714 3308 vulgairement,
732 3269 781 3302 ait
807 3268 1010 3312 Bussuefius,
1026 3280 1090 3309 que
1175 3270 1312 3305 veniens
1332 3275 1370 3305 ut
1390 3270 1582 3309 adorarent,
1609 3268 1678 3304 sive
1700 3269 1740 3302 ad
1767 3281 1842 3303 eum
1871 3270 2076 3304 adorandum

184 3313 235 3349 les
258 3326 370 3353 mages
391 3314 518 3347 etaient
549 3314 632 3348 trois
663 3316 680 3348 a
698 3327 795 3350 cause
828 3317 886 3351 des
905 3315 988 3351 trois
1016 3318 1091 3357 pre·
1177 3318 1333 3356 venirent
1365 3331 1374 3352 t
1406 3317 1468 3352 etsi
1501 3316 1541 3351 ad
1579 3317 1715 3351 niodum
1747 3329 1879 3358 quoque
1905 3331 1969 3359 quo
1999 3330 2076 3352 euin

193 3366 283 3396 sents
308 3361 410 3403 qu’ils
433 3366 492 3395 ont
514 3361 645 3403 offerts,
663 3362 747 3397 mais
766 3363 900 3401 I'Eglise
928 3376 969 3398 ne
993 3364 1023 3399 le
1040 3365 1095 3399 de·
1177 3367 1362 3401 adorarunt
1394 3371 1428 3400 et
1457 3365 1487 3399 ei
1513 3365 1606 3399 velut
1642 3366 1675 3399 in
1720 3366 1853 3405 signum
1883 3367 2078 3401 reverentie

183 3409 257 3444 cide
272 3422 331 3451 pas
348 3410 573 3453 (Elevations
595 3419 666 3444 mr
683 3410 734 3446 les
752 3413 940 3455 mystereae,
960 3412 1019 3447 472
1037 3424 1089 3448 se·
1179 3427 1236 3449 sua
1269 3426 1405 3450 munera
1434 3414 1649 3457 procidentes
1671 3413 1856 3449 honorilice
1880 3414 2077 3450 obtulerunt

185 3459 309 3500 maine,
319 3467 359 3494 ve
375 3458 522 3498 elevat).
1183 3463 1304 3498 referri
1325 3469 1446 3505 potest.
