2170 3808
123 199 205 241 304
744 191 945 243 QuAEsr.
982 189 1160 244 xxxvi,
1191 188 1310 232 Aer.
1339 177 1416 233 vll

179 281 222 322 3.
252 279 474 321 Praeterea
501 273 668 329 (Matth.
690 285 738 324 n,
755 273 844 325 16),
867 269 1036 315 dicitur
1055 268 1179 325 quod
1195 271 1394 313 Herodes
1411 272 1575 314 occidit
1591 283 1739 314 omnes
1762 283 1925 326 pueros
1944 273 2022 327 qui

123 341 256 381 erant
290 341 338 380 in
377 334 648 389 Bethlehem,
674 336 719 376 et
754 336 803 375 in
833 332 1033 374 omnibus
1053 331 1214 385 finibus
1228 332 1385 387 ejus-‚a
1409 333 1598 387 bimatu,
1628 337 1670 376 et
1692 334 1819 385 infra
1843 335 1918 387 (1),
1946 345 2020 375 se-
2072 385 2075 387 q

123 400 320 442 cundum
354 401 527 452 tempus
562 395 683 451 quod
713 396 990 449 exquisierat
1022 394 1051 436 ὰ
1084 395 1262 449 maai-55
1294 398 1341 437 et
1360 392 1428 438 sic
1445 394 1630 438 videtur
1652 393 1774 450 quod
1800 406 1883 450 per
1902 394 2020 438 duos

122 474 273 505 annos
308 464 413 517 post
453 457 618 503 Christi
659 457 949 501 nativitatem
985 455 1109 511 magi
1134 455 1192 499 ad
1231 454 1459 500 Christum
1501 456 1814 513 pervenerint.
1853 459 2009 500 Incon-

122 523 366 568 venienter
386 521 528 577 igitur
547 524 652 577 post
669 523 849 564 tantum
867 523 1052 574 tempus
1068 517 1154 561 suit
1176 517 1432 573 gentilibus
1451 518 1612 562 Christi
1637 517 1856 563 nativitas
1869 518 2020 562 mani-

121 584 305 628 testata.

179 643 266 688 Sed
285 646 444 686 eontra
462 646 533 687 est
547 641 673 699 quod
693 641 862 686 dicitur
875 642 1004 693 (Dan.
1018 653 1065 696 ιι,
1079 640 1151 694 21)
1169 642 1296 695 :Ipse
1317 626 1465 684 mutat
1481 643 1686 697 tempora
1706 643 1749 684 et
1763 643 1917 684 aetates
1930 642 2022 697 (2),·
2083 614 2093 632 ε’
2166 674 2170 681 ,

120 709 168 749 et
180 705 242 749 ita
260 708 447 761 tempus
466 701 851 748 manifesta-tionis
869 700 1120 745 nativitatis
1137 699 1302 744 Christi
1319 700 1502 746 videtur
1517 713 1727 758 congruo
1740 701 1904 746 ordine
1918 714 2023 747 esse

122 767 193 811 dis
208 767 418 811 aositum.

170 781 462 876 ClONCLUSIO.
476 854 524 862 -
547 830 947 871 Convenientissimo
973 831 1054 871 fuit
1072 829 1336 870 manifestata
1355 830 1498 871 ordine
1516 831 1740 872 Salvatoris
1760 832 1891 872 nostri
1914 835 2021 874 nati-

119 888 241 939 vitas,
265 893 313 929 ut
329 891 417 940 ipso
435 887 500 927 die
517 885 748 926 nativitatis
768 885 1013 935 pastoribus,
1037 885 1195 926 decimo
1211 884 1329 925 tertio
1351 888 1445 927 vero
1464 885 1528 926 die
1544 888 1691 945 magis,
1709 888 2022 939 quadragesimo

119 945 214 984 vero
232 943 417 984 Simeoni
431 945 471 983 et
486 943 618 982 Annae
634 940 980 981 manifestaretur.

173 1006 447 1064 Respondeo
471 1003 720 1050 dicendum
747 1003 873 1061 quod
909 1003 1073 1048 Christi
1103 1004 1322 1049 nativitas
1348 1004 1498 1061 primo
1517 1004 1705 1060 quidem
1726 1005 2021 1051 manifestata

118 1073 190 1112 est
228 1068 496 1124 pastoribus
519 1066 622 1124 ipso
642 1065 719 1111 die
755 1065 1009 1110 nativitatis
1029 1065 1191 1110 Christi
1216 1079 1229 1111 ε
1254 1070 1309 1111 ut
1342 1066 1469 1110 enim
1492 1065 1663 1110 dleitur
1691 1068 1816 1122 (Luc.
1852 1081 1899 1120 11,
1935 1070 1979 1115 8)
2005 1083 2016 1112 :

116 1133 328 1173 Pastores
357 1132 492 1172 erant
513 1131 563 1170 in
596 1131 777 1184 reqione
804 1128 963 1170 eadem
986 1128 1245 1184 vigilantes,
1272 1131 1317 1170 et
1349 1128 1644 1171 custodientes
1665 1129 1849 1186 viqttz'as
1877 1133 2021 1174 noctis

116 1205 253 1248 super
264 1205 444 1249 qreqem
458 1203 612 1245 suum,·
632 1193 675 1233 et
693 1193 743 1233 ut
762 1189 1059 1233 discesserunt
1071 1191 1132 1242 ab
1146 1193 1209 1234 eis
1222 1191 1376 1247 anyelz‘
1389 1194 1438 1233 in
1452 1191 1631 1247 coelum,
1649 1191 1941 1246 loquebantur
1955 1194 2021 1236 ad

117 1256 306 1296 invicem
336 1268 352 1294 .·
382 1258 684 1297 Transeamus
705 1265 840 1307 usque
862 1251 1118 1295 Bethlehem
1149 1267 1164 1293 :
1185 1255 1228 1295 et
1256 1255 1471 1296 venerunt
1501 1254 1784 1306 festinantes,
1811 1255 2020 1299 Secundo

117 1320 275 1360 autem
297 1315 422 1372 magi
441 1319 758 1372 pervenerunt
768 1314 826 1358 ad
843 1314 1076 1358 Christum
1092 1314 1227 1358 tertia
1241 1314 1421 1359 decima
1432 1314 1506 1359 die
1523 1315 1776 1359 nativitatis
1792 1317 1909 1371 ejus,
1926 1329 2019 1373 quo

117 1377 192 1422 die
215 1378 386 1422 festum
409 1376 678 1435 Epiphaniae
693 1376 971 1420 celebratur.
993 1376 1036 1419 Si
1057 1377 1198 1433 enim,
1218 1377 1431 1422 revoluto
1449 1390 1574 1422 anno
1593 1378 1668 1423 vel
1680 1378 1817 1425 etiam
1835 1379 2020 1424 duobus

117 1439 254 1483 annis
270 1439 529 1495 venissent,
540 1450 635 1483 non
649 1437 943 1482 invenissent
961 1450 1069 1483 eum
1089 1437 1138 1482 in
1149 1439 1431 1494 Bethlehem,
1453 1440 1559 1483 cum
1575 1439 1800 1496 scriptum
1816 1442 1878 1486 sit
1891 1444 2015 1495 (Luc.

117 1514 162 1556 ιι,
185 1503 273 1555 39),
297 1501 422 1558 quod
439 1503 680 1558 postquam
692 1501 978 1556 perfecerunt
990 1502 1144 1542 omnia
1162 1501 1404 1543 secundum
1420 1501 1557 1557 leyem
1574 1504 1757 1544 Domini
1767 1499 2015 1558 offerentes,

116 1562 294 1607 scilicet
326 1574 524 1618 puerum
542 1564 701 1606 Jesum
734 1561 783 1605 in
803 1561 1222 1618 templum,reversi
1245 1566 1347 1605 sunt
1374 1565 1424 1605 in
1446 1563 1692 1607 Galilaeam
1717 1567 1766 1606 in
1791 1567 2021 1608 civitatem

114 1638 245 1668 suam
260 1625 515 1669 Nazareth.
534 1623 683 1669 Tertio
700 1627 858 1668 autem
872 1624 1169 1668 manifestata
1184 1629 1255 1668 est
1266 1624 1283 1682 j
1290 1625 1407 1669 ustis
1419 1625 1464 1668 in
1478 1626 1651 1682 templo
1664 1626 2021 1683 quadragesimo

115 1685 190 1730 die
210 1686 236 1729 a
258 1686 497 1731 nativitate
522 1685 704 1742 Christi,
726 1690 779 1730 ut
806 1685 1006 1730 habetur
1031 1687 1089 1740 (3)
1116 1687 1240 1740 (Luc.
1264 1688 1325 1741 ιι).
1362 1688 1414 1729 Et
1435 1686 1576 1743 hujus
1595 1687 1771 1732 ordinis
1793 1689 1910 1732 ratio
1930 1695 2017 1746 est,

115 1747 225 1802 quia
243 1760 326 1803 per
347 1752 559 1804 pastores
581 1746 906 1803 significantur
923 1747 1120 1804 apostoli
1135 1751 1183 1792 et
1203 1747 1278 1791 alii
1302 1748 1545 1793 credentes
1564 1761 1622 1793 ex
1639 1750 1824 1807 Judaeis,
1849 1751 2021 1808 quibus

114 1808 263 1864 primo
282 1809 579 1854 manifestata
598 1812 671 1853 est
694 1807 810 1853 fides
832 1808 1016 1860 Christi,
1047 1808 1168 1852 Inter
1187 1820 1306 1866 quos
1331 1822 1421 1852 non
1449 1810 1639 1855 fuerunt
1666 1812 1803 1854 multe·
1816 1815 2020 1868 potentes

113 1883 194 1913 nec
229 1871 362 1914 multi
396 1870 580 1924 nobiles,
610 1874 665 1914 ut
697 1870 868 1914 dicitur
906 1873 954 1924 (Ι.
981 1871 1184 1916 Corinth.
1220 1873 1266 1927 ι).
1293 1871 1504 1916 Secundo
1530 1877 1686 1917 autem
1719 1871 1835 1918 fides
1856 1875 2018 1920 Christi

115 1933 328 1987 pervenit
364 1933 423 1978 ad
461 1931 799 1989 plenitudinem
840 1931 1065 1991 gentium,
1112 1945 1218 1990 quae
1263 1938 1333 1977 est
1378 1934 1672 1989 praefigurata
1714 1947 1796 1992 per
1837 1948 2018 1993 magos.

114 1994 260 2037 Tertio
303 1998 460 2039 autem
476 2025 489 2051 ‚
528 1993 741 2052 pervenit
789 1994 848 2038 ad
886 1994 1229 2051 plenitudinem
1278 1995 1566 2053 halanorum,
1609 2008 1715 2053 quae
1753 2003 1826 2042 est
1862 2000 2019 2055 praefi-

115 2060 279 2111 gurata
302 2067 385 2111 per
408 2055 565 2112 justos
586 2067 599 2099 ι
621 2055 748 2100 unde
773 2055 888 2100 etin
909 2056 1081 2112 templo
1100 2056 1366 2102 Judaeorum
1384 2061 1457 2102 est
1476 2057 1544 2102 eis
1569 2058 1776 2104 Christus
1795 2061 2018 2106 manifes-

116 2122 261 2162 tatus.

169 2179 233 2223 Ad
242 2182 441 2235 primum
455 2190 568 2235 ergo
580 2179 984 2236 dicendum,quod
999 2179 1120 2225 sieut
1131 2181 1377 2237 Apostolus
1393 2182 1504 2227 dicit
1518 2185 1664 2237 (Rom.
1679 2197 1737 2239 ix,
1753 2187 1823 2239 31)
1839 2201 1851 2230 :
1871 2188 2019 2231 lsrael

113 2242 328 2284 sectando
346 2242 699 2298 leqemj‘ustz'ti-ae,
718 2244 767 2284 in
782 2241 1120 2297 leqemjustuiae
1138 2257 1228 2286 non
1243 2247 1463 2300 pervenit.
1485 2245 1572 2290 Sed
1592 2246 1806 2303 gentiles,
1825 2249 1902 2304 qui
1924 2261 2016 2294 non

113 2305 387 2358 quaerebant
400 2303 646 2361 Justitiam,
663 2303 849 2347 Judaeos
864 2305 1176 2349 communiter
1198 2305 1245 2349 in
1262 2305 1445 2363 justitia
1464 2307 1571 2352 fidei
1594 2319 1923 2364 praevenerunt
1941 2310 1954 2356 :‘
1971 2318 2017 2356 et

114 2362 161 2408 in
181 2364 283 2421 ejus
300 2365 499 2421 figuram
524 2364 726 2418 Simeon,
751 2368 825 2420 qut
848 2367 1120 2421 expectabat
1144 2368 1491 2412 consolationem
1506 2370 1665 2426 lsrael,
1683 2371 1848 2416 ultimo
1861 2373 2016 2418 Chris-

113 2431 213 2470 tum
247 2433 410 2472 natum
430 2427 666 2483 cognovit,
693 2431 739 2471 et
775 2432 1116 2483 praecesserunt
1135 2441 1243 2474 eum
1270 2430 1396 2486 magi
1418 2435 1464 2476 et
1488 2437 1715 2489 pastores,
1747 2434 1826 2490 qui
1851 2435 2015 2484 Clu-isti

115 2489 401 2534 nativitatem
425 2502 519 2534 non
543 2489 608 2533 ita
632 2488 830 2534 sollicite
853 2490 1179 2545 expectabant.

167 2551 231 2596 Ad
248 2552 490 2595 secundum
514 2550 920 2609 dicenduquuod
944 2552 1050 2597 licet
1072 2554 1312 2610 plenitudo
1325 2555 1535 2611 gentium
1554 2556 1685 2614 prius
1702 2558 1941 2605 intraverit
1957 2562 2014 2607 ad

114 2613 249 2659 fidem
271 2615 411 2671 quam
427 2614 667 2672 plenitudo
689 2615 971 2674 Judaeorum,
989 2620 1144 2660 tamen
1170 2618 1384 2674 primitiae
1401 2619 1667 2664 Judaeorum
1688 2630 2015 2676 praevenerunt

114 2676 160 2719 in
183 2676 272 2720 fide
300 2676 524 2733 primitias
544 2676 777 2732 gentium.
801 2678 855 2721 Et
882 2677 987 2722 ideo
1006 2678 1274 2734 pastoribus
1291 2680 1423 2736 prius
1445 2681 1740 2726 manifestata
1761 2688 1832 2728 est
1850 2685 2012 2730 Christi

115 2738 331 2782 nativitas
355 2738 496 2795 quam
515 2738 684 2795 magis.

167 2801 234 2845 Ad
257 2804 437 2844 tertium
466 2801 732 2857 dicendum,
767 2801 890 2858 quod
913 2802 971 2846 de
1005 2803 1293 2859 apparitione
1314 2804 1460 2849 stellae
1485 2817 1589 2862 quae
1612 2806 1826 2862 apparuit
1845 2809 2011 2868 magis,

112 2868 183 2906 est
203 2863 374 2919 duplex
399 2862 573 2919 opinio.
595 2863 954 2920 Chrysostomus
976 2865 1100 2908 enim
1120 2865 1256 2919 (alius
1279 2871 1456 2917 auctor,
1482 2879 1622 2923 super
1642 2869 1794 2912 Matth.
1817 2870 1940 2914 hom.
1966 2885 2012 2927 n,

113 2925 160 2968 in
185 2927 266 2982 Op.
292 2926 493 2982 impc1·f.,
513 2925 739 2983 aliquant.
757 2925 784 2969 a
803 2927 970 2983 princ.)
993 2933 1038 2972 et
1053 2928 1340 2984 Augustinus
1359 2929 1421 2984 (in
1436 2941 1576 2974 serm.
1596 2931 1821 2987 Epiphan.
1847 2936 1889 2982 7,
1907 2940 2012 2978 ante

111 2986 254 3039 med.)
278 2988 441 3031 dicunt
467 2987 592 3044 quod
612 2988 746 3031 stella
765 2988 915 3044 magis
936 2990 1150 3044 apparuit
1165 3003 1247 3045 per
1264 2990 1508 3034 biennium
1532 2997 1639 3035 ante
1658 2993 1822 3036 Christi
1847 2995 2011 3039 nativi-

112 3052 252 3092 tatem
276 3061 286 3090 ε
305 3054 352 3093 et
369 3054 479 3093 tunc
495 3050 885 3106 praemeditantes,
899 3055 1006 3095 etse
1018 3052 1077 3096 ad
1097 3052 1183 3095 iter
1198 3058 1527 3108 praeparantOS,
1542 3055 1897 3099 aremotissimis
1907 3069 2010 3113 par·

54 3140 57 3143 ,
112 3110 237 3154 tibus
257 3111 456 3155 Orientis
468 3117 783 3166 pervenerunt
794 3113 852 3156 ad
865 3113 1094 3158 Christum
1108 3115 1241 3158 tertia
1254 3114 1434 3159 decima
1445 3115 1518 3160 die
1539 3115 1567 3159 a
1581 3128 1666 3160 sua
1680 3116 1918 3162 nativitate
1931 3118 2009 3175 (4).

155 3208 197 3249 (Ι)
223 3207 301 3241 Sive
328 3212 395 3240 tam
426 3206 483 3248 qui
513 3212 643 3242 atatem
670 3208 802 3243 biennii
833 3210 932 3250 qutun
959 3210 1014 3251 qui
1101 3215 1134 3244 ct
1161 3212 1254 3245 Anna
1273 3213 1477 3252 prophetissa
1497 3211 1715 3254 expectabant
1735 3213 2012 3255 redemptionem

110 3257 281 3290 minstreffl
301 3255 497 3295 ssfflSiSSfflit·
1101 3260 1205 3295 Israel
1224 3262 1321 3297 (vers.
1339 3261 1380 3295 57
1400 3273 1437 3296 ac
1455 3260 1634 3302 deinceps).

152 3305 196 3345 (⁴2)
222 3304 295 3339 Alio
311 3316 408 3337 sensu
428 3303 571 3341 «lictum.
589 3308 626 3338 ut
643 3318 679 3339 rx
703 3306 749 3339 ihi
777 3306 943 3345 adjunctio.
959 3319 1016 3348 pn·
1144 3308 1187 3348 (lc)
1208 3309 1253 3341 Ea
1282 3314 1330 3342 cst
1348 3308 1539 3342 communis
1557 3313 1590 3341 ct
1609 3308 1756 3349 antiquas
1773 3308 1928 3344 Eceicsiae
1944 3315 2006 3345 tra·

109 3358 179 3389 tet:
207 3352 263 3385 uti
291 3352 458 3386 additur:
486 3353 530 3386 Ec
560 3355 738 3394 transfert
765 3365 882 3396 rrqna
908 3359 1017 3395 atque
1102 3356 1205 3394 ditio.
1237 3356 1520 3397 quemadmodum
1562 3357 1683 3391 «locent
1718 3360 1805 3391 Cano
1833 3360 1842 3397 ζ
1865 3358 1910 3391 lle
1941 3357 2005 3392 loc.

108 3400 371 3438 remutatus-etl
385 3400 446 3434 hue
456 3401 700 3434 accommodari
713 3401 882 3440 analogice
897 3408 1015 3442 potest.
1103 3404 1249 3443 theolog.
1268 3404 1328 3438 lib.
1348 3413 1384 3446 ιι,
1401 3406 1503 3444 canii
1520 3404 1613 3445 ado),
1627 3406 1817 3444 jansenius.
1834 3405 2005 3445 numnius,

151 3449 192 3489 (Ξῖ
211 3448 351 3491 Quando
372 3461 492 3492 nempe
517 3450 758 3490 Simonjustus
780 3458 810 3483 et
839 3452 1016 3486 timoratus
1102 3452 1314 3488 'rm-cincilus
1337 3451 1489 3487 etmulti
1517 3452 1588 3487 alii.
