2170 3808
212 248 292 288 438
865 242 1063 294 QUAEST.
1094 241 1179 296 Lll,
1207 241 1323 284 ART.
1353 241 1385 285 1.

212 338 308 370 non
325 325 506 371 videtur
522 325 839 371 necessarium
856 324 1002 370 fuisse
1022 321 1146 380 quod
1169 322 1376 367 Christus
1399 323 1690 368 descenderit
1708 322 1765 367 ad
1780 321 1968 379 interce,
1985 327 2089 380 quia

210 399 294 444 per
313 386 579 444 passionem
591 399 741 440 suam,
759 399 899 444 quam
913 387 959 431 in
984 386 1072 430 hoc
1090 384 1267 429 mundo
1288 385 1525 442 sustinuit,
1546 398 1632 430 nos
1650 384 1864 430 liberavit
1881 383 1908 427 a
1938 386 2090 443 culpa,

211 452 257 493 et
275 459 433 505 poena,
453 451 507 493 ut
541 461 683 507 supra
709 449 884 494 dictum
919 453 990 493 est
1014 451 1110 505 (qu.
1131 460 1173 504 L,
1199 450 1283 491 art.
1309 447 1369 501 1).
1401 449 1498 492 Non
1527 448 1668 504 igitur
1699 447 1786 491 fuit
1813 447 2093 493 conveniens

211 509 333 568 qued
356 509 564 558 Christus
579 512 638 558 ad
655 512 890 557 infernum
907 510 1223 557 descenderet.

263 572 306 617 3.
326 572 566 633 Praeterea,
590 586 674 631 per
695 579 892 619 mortem
909 572 1073 618 Christi
1091 573 1302 628 separata
1321 575 1392 615 est
1405 572 1558 616 anima
1579 572 1606 616 a
1625 582 1816 629 corpore
1836 571 1954 628 eJUS,
1969 571 2092 629 quod

209 630 398 690 quidem
426 634 476 680 in
494 635 742 693 sepulchro
769 635 972 693 positum
1004 633 1108 688 suit,
1131 636 1185 678 ut
1215 644 1356 689 supra
1380 631 1553 678 dictum
1581 639 1651 678 est
1672 636 1768 691 (qu.
1792 634 1966 690 praec.).
1995 634 2093 677 Non

209 697 364 741 autem
377 695 562 742 videtur
596 697 722 755 quod
743 696 1002 742 secundnm
1037 694 1241 741 animam
1262 693 1409 739 solam
1437 694 1496 741 ad
1529 695 1763 741 infernum
1787 693 2092 752 descenderit,

209 754 318 814 quia
337 756 506 816 anima,
531 759 638 805 cum
658 759 719 804 sit
735 759 1023 815 incorporea,
1044 769 1136 802 non
1160 756 1341 801 videtur
1362 756 1485 814 qued
1506 757 1711 804 localiter
1733 756 1878 815 possit
1892 755 2091 802 moveri:

208 819 296 865 1100
316 819 441 866 0111111
463 825 536 866 est
565 832 828 879 corporum,
848 824 902 865 ut
923 819 1146 878 probatur
1166 817 1363 876 (Physic.
1388 817 1470 864 lib.
1497 832 1558 878 v1,
1582 824 1693 866 text.
1722 820 1813 875 32);
1839 818 2095 865 descensus

208 885 364 927 autem
378 887 558 928 motum
574 882 862 940 corporalem
874 883 1105 941 importat.
1122 883 1220 927 Non
1234 892 1344 937 ergo
1355 879 1442 926 fuit
1459 882 1743 928 conveniens
1755 878 1880 939 quod
1890 879 2096 925 Christus

207 942 266 988 ad
288 943 523 990 infernum
546 945 865 991 descenderet.

263 1006 350 1052 Sed
361 1011 521 1051 contra
537 1013 607 1053 est
628 1009 752 1066 quod
774 1008 941 1053 dicitur
957 1006 1005 1051 in
1024 1004 1240 1065 Symbolo
1258 1016 1270 1049 :
1291 1006 1532 1050 Descendit
1554 1007 1620 1050 ad
1629 1008 1797 1062 inferos
1805 1020 1822 1062 ‚⁰
1840 1009 1886 1050 et
1909 1006 2082 1063 Aposto

208 1063 281 1112 lus
299 1066 411 1113 dicit
424 1070 605 1126 (Ephes.
624 1084 682 1127 iv,
701 1073 742 1125 9)
763 1087 774 1114 ;
803 1069 928 1123 Quod
941 1071 1092 1113 autem
1111 1066 1333 1123 ascendit,
1350 1066 1462 1123 quid
1474 1070 1555 1124 est,
1572 1068 1662 1111 nisi
1685 1070 1793 1123 quia
1807 1070 1851 1111 et
1864 1065 2097 1112 descendit
2165 1091 2170 1096 -

203 1129 403 1231 primam
441 1130 508 1174 ad
548 1133 786 1186 inferiores
825 1134 980 1188 partes
1026 1127 1193 1173 terrae?
1248 1126 1407 1172 Glossa
1439 1127 1593 1174 interl.
1610 1161 1624 1186 ,
1662 1127 1710 1173 id
1743 1132 1842 1186 est,
1889 1144 1910 1170 (ι
1931 1126 1990 1173 ad
2019 1125 2096 1172 in-
2166 1126 2170 1161 -ἓ

225 1200 344 1236 eros.
365 1210 385 1232 υ

255 1273 547 1315 CONCLUSIO.
567 1296 614 1305 —
635 1275 892 1315 Conveniens
913 1274 994 1314 fuit
1011 1274 1224 1315 Christum
1240 1272 1293 1315 ad
1314 1272 1528 1313 infernum
1545 1272 1797 1323 descendere,
1812 1274 1862 1312 ut
1875 1283 1950 1313 nos
1964 1283 2011 1312 ex
2023 1271 2096 1314 illo

206 1325 411 1378 liberaret,
430 1328 539 1370 sicut
551 1329 734 1382 oportuit
751 1329 876 1369 illum
892 1332 1067 1370 mortem
1084 1328 1184 1381 pati,
1200 1332 1248 1369 ut
1268 1329 1292 1369 a
1312 1330 1442 1370 morte
1464 1339 1540 1368 nos
1555 1327 1738 1380 eriperet.
1821 1334 1824 1337 '

259 1405 530 1461 Respondeo
548 1404 796 1450 dicendum
833 1404 959 1462 qued
979 1404 1265 1449 conveniens
1285 1402 1374 1448 fuit
1394 1403 1623 1448 Christum
1647 1404 1705 1449 ad
1729 1404 1962 1448 infernum
1987 1404 2095 1449 des—

204 1468 415 1514 cendere.
439 1470 590 1515 Primo
613 1469 801 1527 quidem
820 1470 929 1527 quia
951 1469 1050 1526 ipse
1067 1473 1258 1514 venerat
1287 1480 1476 1526 poenam
1499 1473 1705 1513 nostram
1725 1474 1922 1527 portare,
1941 1472 1997 1514 ut
2009 1481 2098 1514 nos

205 1528 234 1572 a
250 1542 389 1586 poena
412 1531 625 1590 eriperet,
647 1531 907 1578 secundum
927 1531 1041 1576 illud
1055 1533 1157 1586 (Isa.
1180 1544 1266 1587 Lm,
1287 1534 1327 1582 4)
1348 1545 1360 1575 :
1388 1532 1503 1575 Vere
1525 1531 1769 1589 lanquores
1798 1535 1974 1576 nostros
2000 1533 2096 1589 ipse
2167 1577 2170 1584 ,

204 1591 323 1647 tulit,
343 1595 389 1635 et
418 1592 594 1636 dolores
624 1596 799 1636 nostros
826 1595 924 1650 ipse
937 1594 1155 1650 portavit.
1187 1594 1254 1637 Ex
1283 1595 1474 1648 peccato
1496 1596 1651 1637 autem
1678 1592 1816 1636 homo
1838 1592 2097 1639 incurrerat
2165 1642 2170 1655 ς

204 1664 297 1696 11011
315 1653 465 1698 solum
476 1660 672 1701 mortem
688 1654 912 1712 corporiS,
929 1655 1012 1699 sed
1035 1655 1175 1699 etiam
1198 1653 1476 1699 descensum
1500 1653 1561 1699 ad
1581 1652 1769 1699 inferos.
1793 1655 1847 1699 Et
1857 1652 1962 1700 ideo
1975 1652 2098 1701 sicut

203 1713 290 1758 fuit
325 1716 610 1760 conveniens
633 1728 742 1761 eum
768 1715 902 1772 mori,
923 1719 977 1760 ut
1007 1728 1093 1760 nos
1120 1715 1336 1760 liberaret
1355 1713 1383 1758 a
1401 1719 1577 1772 morte3
1613 1714 1676 1760 ita
1711 1715 1993 1761 conveniens
2010 1715 2098 1763 fuit

203 1787 310 1820 eum
324 1776 607 1823 descendere
626 1779 684 1823 ad
702 1777 874 1823 inferos
891 1782 945 1822 ut
958 1789 1045 1822 nos
1060 1777 1088 1821 a
1108 1778 1337 1822 descensu
1346 1776 1405 1822 ad
1424 1775 1598 1822 inferos
1621 1776 1854 1822 liberaret.
1878 1777 2008 1823 Unde
2028 1777 2097 1825 di·
2165 1831 2167 1835 ¹

203 1838 324 1882 citur
339 1840 485 1890 (Oseae
507 1853 596 1897 xm,
618 1845 689 1896 14)
708 1857 718 1884 :
737 1844 830 1883 Ero
849 1853 970 1883 mors
996 1844 1090 1893 tua,
1112 1843 1138 1882 ό
1157 1852 1277 1882 mors
1285 1854 1300 1893 ‚·
1321 1852 1397 1882 ero
1413 1852 1587 1883 morsus
1607 1843 1724 1894 tuus,
1740 1841 1917 1895 interne
1931 1842 2009 1896 (1).
2024 1842 2096 1886 80-
2167 1864 2170 1866 ·

204 1901 373 1958 cundo,
390 1903 498 1959 quia
520 1903 804 1948 conveniens
820 1906 919 1947 erat
951 1905 1006 1947 ut
1027 1901 1149 1946 victo
1180 1901 1364 1946 diabolo
1385 1913 1467 1958 per
1485 1902 1768 1958 passionem,
1790 1901 1970 1948 vinctos
1993 1902 2097 1959 ejus
2168 1955 2170 1957 ,

203 1961 414 2020 eriperet,
429 1964 508 2021 qui
523 1964 850 2010 detinebantur
861 1964 910 2010 in
924 1963 1123 2019 infern0,
1144 1963 1400 2008 secundum
1415 1963 1530 2009 illud
1545 1964 1744 2018 (Zachar.
1766 1977 1824 2020 1x,
1841 1966 1902 2021 m:
1921 1968 2098 2023 Tuque-

203 2037 285 2078 que
298 2026 348 2068 in
359 2028 580 2083 sanquine
599 2029 857 2071 testamenti
881 2029 949 2071 tui
962 2028 1149 2071 emisisti
1159 2028 1330 2069 vinctos
1352 2028 1452 2069 tuos
1471 2026 1526 2069 de
1545 2026 1675 2083 lacn‚·
1689 2030 1735 2071 et
1748 2025 1937 2080 (coloss.
1959 2040 2006 2083 11,
2023 2029 2116 2083 15)-
2154 2046 2170 2059 2

203 2085 391 2133 dicitur:
407 2089 661 2145 Expolians
671 2091 960 2148 principatus
973 2091 1016 2132 et
1032 2090 1292 2145 potestates,
1315 2087 1530 2131 traduxit
1549 2088 1842 2143 confidenter,
1859 2087 2023 2144 Tertio,
2042 2093 2096 2135 ut
2150 2103 2165 2137 ·,

203 2148 323 2194 sicut
339 2154 615 2207 potestatem
641 2163 774 2196 suam
790 2151 995 2197 ostendit
1012 2151 1059 2194 in
1075 2155 1198 2196 terra
1209 2149 1409 2195 vivendo
1437 2154 1484 2194 et
1504 2150 1677 2196 morien
1685 2151 1759 2208 do,
1774 2150 1838 2195 ita
1854 2150 1994 2196 etiam
2008 2162 2094 2208 po·
2157 2199 2161 2205 ἢ

204 2215 415 2258 testatem
429 2226 563 2258 suam
581 2215 846 2260 ostenderet
860 2213 908 2258 in
928 2213 1123 2271 inferno,
1137 2213 1293 2271 ipsum
1307 2211 1538 2258 visitando
1555 2219 1603 2259 et
1620 2212 1942 2259 illuminando.
1966 2214 2096 2260 Unde

202 2273 371 2319 dicitur
404 2277 538 2330 (Psal.
568 2291 683 2334 xxm,
709 2279 783 2332 7):
813 2277 1025 2321 Attollite
1061 2279 1239 2333 portas,
1281 2277 1524 2333 principes,
1553 2280 1763 2333 vestras,·
1783 2276 1943 2322 Glossa
1976 2277 2094 2332 (ord.
2122 2288 2127 2299 ³
2166 2314 2170 2335 i

202 2338 354 2394 Aug.),
379 2337 426 2383 id
457 2343 543 2393 est,
574 2357 594 2377 «
619 2338 851 2395 principes
886 2337 1072 2395 inferni,
1088 2338 1265 2383 auferte
1300 2341 1574 2394 potestatem
1596 2342 1815 2392 vestram,
1833 2341 1927 2396 qua
1945 2351 2096 2396 usque
2131 2342 2170 2385 ’,1

203 2410 331 2444 1111110
355 2399 568 2445 homines
581 2401 627 2444 in
653 2400 834 2445 inferno
852 2400 1146 2457 detinebatis,
1173 2419 1193 2439 »
1220 2405 1267 2444 et
1302 2402 1369 2445 sic
1391 2403 1440 2444 in
1479 2402 1657 2445 nomine
1681 2404 1785 2445 Jesu
1820 2414 1948 2445 omne
1978 2415 2095 2457 qenu

202 2462 426 2520 flectatur,
447 2474 539 2507 non
558 2462 709 2508 solum
726 2463 988 2519 caelesti-um,
1011 2462 1090 2507 sed
1107 2463 1245 2506 etiam
1267 2465 1565 2518 infernorum,
1577 2466 1632 2507 ut
1649 2461 1817 2508 dicitur
1835 2461 2011 2519 (Philip.
2027 2464 2092 2519 n).
2121 2463 2170 2523 ¹⁴3³,-

257 2523 324 2569 Ad
354 2527 553 2581 primum
589 2537 701 2581 ergo
723 2525 991 2580 dicendum,
1027 2523 1152 2582 quod
1187 2536 1357 2570 nomen
1382 2526 1639 2570 inferorum
1661 2528 1797 2569 sonat
1831 2524 1879 2568 in
1918 2525 2094 2570 malum
2130 2522 2170 2578 1ςὶ

202 2598 385 2643 poenae,
405 2598 500 2632 non
524 2591 678 2632 autem
703 2587 750 2632 in
783 2587 959 2632 malum
995 2586 1160 2644 culpaez
1195 2587 1322 2633 Unde
1346 2587 1499 2633 decuit
1515 2585 1743 2632 Christum
1779 2585 1828 2630 in
1856 2585 2093 2633 infernum
2127 2562 2170 2638 Ὗ

204 2648 505 2707 descendere,
527 2661 618 2694 non
646 2650 866 2706 tanquam
899 2650 998 2706 ipse
1021 2653 1145 2694 esset
1176 2648 1355 2694 debitor
1374 2661 1552 2707 poenae,
1571 2648 1655 2694 sed
1689 2651 1742 2692 ut
1759 2660 1840 2693 eos
1858 2648 1938 2705 qui
1962 2647 2170 2711 010111Ὓ,ι

202 2722 354 2766 poenae
371 2711 578 2767 obnoxii,
595 2711 827 2757 liberaret.
2114 2704 2167 2735 ’μ’

258 2773 322 2817 Ad
356 2774 600 2818 secundum
636 2773 886 2819 dicendum
902 2805 915 2830 ,
934 2772 1060 2830 quod
1082 2772 1236 2830 passio
1259 2773 1421 2817 Christi
1445 2773 1533 2818 fuit
1553 2772 1686 2830 quasi
1714 2771 1929 2829 quaedam
1951 2785 2093 2819 causa
2118 2774 2127 2797 ⁸

203 2835 481 2880 universalis
499 2836 719 2881 humanae
738 2836 900 2882 salutis
923 2840 1017 2881 tam
1038 2834 1250 2881 vivorum
1273 2835 1412 2893 quam
1438 2839 1745 2880 mortuorum.
1771 2836 1918 2880 Causa
1936 2826 2126 2892 autem&

203 2897 482 2943 universalis
503 2898 762 2955 applicatur
800 2897 859 2944 ad
892 2897 1154 2955 singulares
1187 2897 1380 2943 effectus
1413 2910 1496 2955 per
1534 2896 1710 2956 aliquid
1727 2896 1941 2954 speciale.
1965 2898 2092 2945 Unde

205 2959 325 3005 sicut
346 2960 496 3006 virtus
525 2959 759 3018 passionis
787 2959 950 3006 Christi
970 2959 1227 3017 applicatur
1248 2958 1515 3004 viventibus
1537 2970 1619 3017 per
1638 2962 1929 3004 sacramenta
1945 2956 2126 3020 confi-52

204 3021 420 3078 gurantia
441 3034 528 3068 nos
547 3021 752 3081 passioni
774 3021 938 3068 Christi
957 3036 971 3078 ς
994 3022 1059 3066 ita
1079 3020 1219 3066 etiam
1245 3021 1474 3079 applicata
1492 3025 1564 3067 est
1580 3020 1776 3066 mortuis
1795 3032 1879 3078 per
1898 3019 2124 3080 descen-‘fi'

205 3094 309 3128 sum
343 3085 505 3131 Christi
544 3085 604 3132 ad
625 3085 813 3131 inferos
834 3088 1024 3142 Propter
1045 3083 1171 3142 quod
1207 3083 1444 3140 signanter
1480 3082 1646 3129 dicitur
1668 3083 1870 3138 (zachar.
1889 3086 1948 3139 ix)
1966 3077 2123 3142 quddv·'''

205 3146 365 3189 eduoeit
388 3149 559 3192 vinctos
579 3149 635 3192 de
658 3149 761 3192 lacu
783 3150 830 3192 in
851 3149 1070 3204 sanquine
1094 3148 1353 3189 testamenti
1367 3148 1451 3203 sui,
1468 3145 1515 3191 id
1535 3150 1620 3199 est,
1642 3158 1726 3203 per
1747 3145 1964 3190 virtutem
1985 3155 2105 3203 pas-·

206 3206 349 3251 sionis
372 3219 468 3251 suae
492 3210 566 3263 (2).
1242 3225 1246 3228 ·
2072 3205 2075 3207 ’

184 3250 191 3289 i

248 3344 288 3382 (Ι)
302 3343 364 3377 Hic
376 3351 440 3377 Lxx
460 3343 594 3383 legunt:
621 3345 686 3378 Ubi
702 3349 751 3379 est
769 3356 882 3380 causa
900 3349 960 3379 tua
980 3354 1075 3378 mors
1087 3346 1104 3378 ?
1229 3344 1274 3385 (2)
1289 3343 1385 3386 Quod
1396 3341 1540 3378 Ecclesia
1554 3342 1587 3376 in
1597 3342 1636 3382 hy
1646 3354 1724 3375 111ηο
1734 3342 1942 3377 Ascensionis
1952 3340 2006 3376 his
2019 3352 2082 3376 1*οβ
2097 3365 2103 3386 3

210 3391 275 3425 Ubi
291 3394 341 3426 est
358 3391 505 3426 aculeus
521 3395 620 3433 tuus,
635 3393 809 3432 inferne?
826 3393 876 3426 vol
894 3393 981 3426 sicut
1002 3391 1103 3425 refert
1190 3392 1240 3426 bis
1251 3391 1398 3426 celebrat
1415 3390 1583 3432 :Inferni
1596 3391 1761 3425 claustra
1772 3395 1980 3435 penetrans,
1994 3390 2094 3426 Tuos>
2168 3416 2170 3426 ⁴

206 3439 380 3479 Apostolw
406 3438 446 3472 (Ι.
475 3441 551 3473 Cor.
572 3448 635 3479 xv,
653 3439 706 3479 55)
724 3451 732 3473 z
759 3441 827 3474 Ubi
842 3444 890 3474 est
911 3450 1009 3474 mors
1033 3442 1104 3473 vic·
1190 3440 1350 3481 captivos
1366 3439 1560 3479 redimens,
1593 3439 1716 3473 Victor
1742 3439 1931 3480 triumpho
1947 3436 2066 3471 nobili

207 3488 300 3520 toria
332 3490 396 3520 tua
408 3488 426 3519 ?
1190 3487 1248 3520 Ad
1268 3487 1441 3521 dextram
1453 3487 1581 3522 Patris
1596 3487 1773 3521 resident.
2088 3499 2110 3528 g.
