2170 3808
161 208 216 249 78
754 207 954 259 QUAEST.
987 207 1071 263 vll,
1101 208 1220 249 ART.
1251 207 1304 249 IX
1332 209 1398 251 ET
1426 208 1478 251 X.

165 285 442 343 perfectius3
464 287 583 332 sicut
608 287 656 330 in
679 286 789 343 igne
812 299 906 330 non
926 292 1043 330 sunt
1062 299 1226 331 omnes
1245 288 1369 332 modi
1387 288 1554 332 caloris
1570 287 1783 333 defectivi
1802 300 1860 333 ex
1879 288 2062 334 defectu

167 347 384 405 subjecti,
405 348 488 393 sed
512 347 733 405 quicquid
759 347 960 404 pertinet
982 348 1037 392 ad
1064 349 1394 406 perfectionem
1419 349 1605 394 caloris.

220 409 288 454 Ad
309 410 553 453 secundum
573 409 839 463 dicendum,
861 409 986 467 quod
1005 410 1064 455 ad
1087 411 1281 468 gratiam
1306 416 1578 467 operantem
1597 424 1679 469 per
1697 423 1747 456 se
1769 410 1970 468 pertinet
1989 411 2063 457 fa-

166 482 271 516 cere
285 471 496 528 Justumt,
521 471 604 516 sed
626 471 753 528 quod
780 471 962 528 justum
993 473 1132 517 faciat
1160 485 1219 517 ex
1252 473 1418 530 impi0,
1449 474 1539 518 hoc
1570 473 1735 519 accidit
1768 473 1811 518 ei
1839 484 1899 518 ex
1931 478 2063 532 parte

167 532 382 590 subjecti,
408 532 455 576 in
487 545 581 590 quo
613 537 855 590 peccatum
889 534 1142 579 invenitur.
1175 534 1338 579 Anima
1367 533 1530 580 Christi
1555 535 1697 593 igitur
1712 532 1968 592 Justificata
1993 539 2065 581 est

164 606 249 651 per
269 594 465 651 gratiam
486 601 755 652 operantem
774 597 848 652 (1),
870 595 1151 653 inquantum
1182 609 1266 653 per
1295 607 1397 641 eam
1431 596 1551 642 facta
1577 602 1646 643 est
1672 596 1803 655 justa
1830 600 1878 642 et
1899 602 2064 643 sancta

166 656 194 701 ὲ
216 656 444 714 principio
467 670 564 702 suae
587 656 931 715 conceptionis3
958 671 1052 703 non
1077 657 1204 716 quod
1226 663 1334 703 ante
1356 658 1498 703 fuerit
1517 660 1753 717 peccatrix
1767 693 1781 716 ,
1811 662 1895 705 aut
1924 659 2064 704 etiam

165 730 262 763 non
281 718 426 776 justa.

221 780 289 825 Ad
319 785 504 825 tertium
531 781 800 840 dicendum,
821 782 948 840 quod
969 782 1210 840 plenitudo
1234 781 1398 837 gratiae
1418 783 1688 830 attribuitur
1708 783 1878 828 animae
1899 782 2064 828 Christi

164 843 426 888 secundum
446 845 753 901 capacitatem
773 849 1020 900 creaturae,
1037 857 1133 889 non
1156 848 1312 889 autem
1333 856 1416 901 per
1433 845 1825 904 comparationem
1844 845 1904 891 ad
1921 845 2064 904 pleni·

169 904 383 950 tudinem
405 906 635 950 infinitam
658 906 880 951 bonitatis
902 907 1086 952 divinae.

302 985 646 1027 ARTICULUS
672 984 734 1027 X.
754 1007 809 1014 —
831 997 968 1028 urnuu
998 995 1228 1027 rtamruno
1258 994 1418 1027 cunm
1446 996 1508 1027 srr
1538 997 1714 1028 enorum
1744 996 1925 1028 cnmsu.

562 1060 611 1094 De
630 1059 682 1094 his
703 1059 805 1094 etiam
825 1060 918 1094 Sent.
938 1068 994 1102 111,
1017 1060 1096 1094 «list.
1113 1059 1167 1101 ⁴5,
1183 1062 1303 1101 quast.
1318 1067 1345 1101 Ι,
1361 1063 1426 1095 nrt.
1441 1059 1476 1101 2,
1493 1063 1610 1101 quaest.
1624 1068 1666 1094 11.

219 1119 288 1164 Ad
317 1119 551 1165 decimum
581 1121 648 1166 sic
678 1121 959 1178 proceditur.
992 1125 1036 1166 1.
1070 1121 1260 1166 Videtur
1293 1119 1419 1178 quod
1444 1121 1686 1177 plenitudo
1706 1121 1867 1178 gratiae
1889 1134 1983 1166 non
2003 1121 2065 1167 sit

164 1181 351 1238 propria
365 1182 546 1227 Christi.
565 1183 696 1237 Quod
711 1184 837 1227 enim
856 1188 927 1228 est
942 1183 1182 1240 proprium
1201 1183 1416 1239 alicujus,
1434 1183 1477 1228 ei
1498 1183 1584 1227 soli
1604 1182 1839 1228 convenit.
1857 1183 1946 1228 Sed
1960 1194 2064 1228 esse

164 1242 359 1299 plenum
383 1245 532 1301 gratia
551 1239 834 1302 quibusdam
853 1245 956 1289 aliis
976 1244 1272 1290 attribuitur:
1298 1245 1467 1290 dicitur
1489 1246 1612 1290 enim
1639 1247 1761 1299 (Luc.
1783 1258 1814 1302 1,
1830 1246 1902 1299 28)
1916 1244 2067 1290 heatae

166 1304 371 1362 Virgini:
392 1310 513 1364 Ave,
548 1310 704 1364 qratia
735 1307 871 1364 plena
881 1322 899 1364 ;
928 1307 1096 1352 dicitur
1125 1308 1265 1352 etiam
1286 1311 1399 1361 (Act.
1430 1322 1500 1365 vi,
1531 1310 1601 1363 8):
1625 1308 1884 1364 Stephanus
1901 1307 2065 1364 plenus

163 1369 320 1423 qratia
339 1372 384 1412 et
405 1370 695 1424 fortitudine.
720 1371 839 1424 Ergo
859 1369 1100 1425 plenitudo
1120 1369 1280 1426 gratiae
1299 1382 1391 1414 non
1416 1374 1489 1414 est
1507 1369 1692 1427 propria
1715 1368 1907 1414 Christo.

221 1431 264 1473 2.
290 1430 532 1487 Praeterea,
551 1430 668 1476 illud
686 1431 813 1488 quod
832 1435 985 1487 potest
999 1431 1333 1476 communicari
1359 1431 1462 1475 aliis
1491 1444 1575 1488 per
1597 1431 1845 1486 Christum,
1873 1443 1968 1475 non
1991 1431 2066 1475 vi-

166 1489 303 1536 detur
319 1503 424 1537 esse
443 1493 682 1550 proprium
700 1493 895 1538 Christo,
917 1493 1002 1539 Sed
1021 1493 1264 1550 plenitudo
1285 1494 1444 1551 gratiae
1462 1498 1617 1551 potest
1631 1493 1965 1539 communicari
1983 1504 2068 1550 per

166 1551 399 1598 Christum
441 1554 573 1600 aliis:
599 1555 710 1601 dicit
738 1556 863 1601 enim
893 1555 1139 1613 Apostolus
1167 1556 1361 1613 (Ephes.
1392 1570 1454 1613 111,
1481 1558 1589 1612 19):
1619 1558 1679 1601 Ut
1699 1556 1985 1613 impleamini
2016 1559 2067 1599 in

165 1627 341 1659 omnem
361 1616 688 1673 plenitudinem
711 1621 813 1663 Dei.
834 1620 953 1675 Ergo
980 1618 1221 1675 plenitudo
1245 1619 1406 1675 gratiae
1439 1631 1534 1663 non
1559 1623 1633 1664 est
1659 1619 1847 1676 propria
1869 1618 2062 1662 Christo.

221 1679 264 1722 3.
296 1678 536 1735 Praeterea,
557 1684 708 1724 status
737 1680 824 1724 viae
845 1682 904 1735 (2)
934 1680 1272 1736 proportionari
1307 1679 1493 1725 videtur
1521 1680 1662 1725 statui
1692 1680 1870 1738 patriae.
1902 1679 1989 1725 Sed
2017 1680 2066 1723 in

167 1741 294 1783 statu
316 1740 479 1796 patriae
500 1741 589 1786 erit
608 1742 821 1799 quaedam
844 1741 1113 1799 plenitud03
1138 1742 1249 1800 quia
1279 1760 1299 1780 α
1318 1743 1364 1787 in
1389 1742 1469 1787 illa
1486 1743 1665 1787 coelesti
1686 1742 1851 1802 patria,
1870 1741 1954 1786 ubi
1973 1741 2068 1798 ple-

166 1799 331 1847 nitudo
350 1806 421 1847 est
449 1802 602 1848 omnis
628 1803 757 1860 boni,
782 1803 891 1848 licet
916 1804 1134 1861 quaedam
1166 1804 1274 1850 data
1306 1804 1398 1849 sint
1423 1805 1730 1863 excellenter,
1766 1803 1881 1848 nihil
1909 1809 2066 1848 tamen
2136 1849 2138 1852 ,

166 1862 431 1920 possidetur
466 1865 781 1923 singulariter,
801 1884 822 1905 »
860 1870 913 1910 ut
945 1870 1073 1924 patet
1104 1879 1189 1924 per
1223 1866 1492 1924 Gregorium
1524 1867 1590 1921 (in
1622 1866 1750 1911 hom.
1784 1869 1847 1912 De
1879 1870 2067 1912 centum

166 1923 293 1970 ovib.
317 1929 389 1982 34,
422 1926 468 1971 in
505 1930 700 1986 Evang.,
729 1928 757 1972 a
787 1928 911 1974 med.
947 1928 1154 1986 implic.).
1182 1931 1302 1984 Ergo
1330 1929 1378 1973 in
1411 1933 1536 1973 statu
1565 1928 1655 1974 viae
1681 1928 1880 1975 habetur
1906 1928 2068 1985 gratiae

165 1985 407 2093 pffnitudo
433 1989 460 2032 a
490 1989 687 2046 singulis
712 1990 1007 2048 hominibus:
1032 1990 1167 2037 etita
1194 1990 1435 2049 plenitudo
1466 1991 1628 2048 gratiae
1657 2004 1754 2036 non
1780 1995 1853 2037 est
1880 1990 2067 2049 propria

167 2050 198 2093 C
234 2050 363 2095 rist0.

223 2112 312 2157 Sed
341 2116 500 2157 contra
533 2118 605 2159 est
637 2115 765 2171 quod
796 2114 1039 2171 plenitudo
1072 2115 1232 2170 gratiae
1263 2114 1530 2159 attribuitur
1558 2114 1760 2173 Christo,
1787 2114 2067 2171 inquantum

168 2177 240 2218 est
259 2174 534 2230 unigenitus
557 2175 584 2219 a
610 2178 759 2232 Patre,
783 2177 1043 2221 secundum
1070 2176 1185 2221 illud
1203 2178 1349 2229 (loan.
1375 2178 1522 2234 1,14):
1549 2176 1757 2220 Vidimus
1781 2179 1907 2232 eumg,
1935 2179 2069 2232 quasi

167 2237 448 2292 unigenitum
475 2238 505 2280 ὰ
535 2240 700 2294 Patre,
724 2238 911 2294 plenum
945 2241 1108 2294 qratiae
1144 2241 1188 2281 et
1221 2241 1444 2282 veritatis,
1479 2236 1567 2282 Sed
1595 2250 1699 2283 esse
1719 2237 2016 2295 unigenitum
2040 2239 2068 2282 ὲ

168 2298 303 2403 Patre
325 2299 660 2404 etstsproprium
685 2299 882 2344 Christo.
906 2302 1025 2357 Ergo
1048 2304 1094 2345 et
1116 2299 1158 2345 ei
1187 2299 1427 2357 proprium
1455 2303 1527 2344 est
1553 2312 1657 2345 esse
1685 2299 1878 2357 plenum
1907 2300 2068 2358 gratiae

173 2371 200 2404 e
243 2372 342 2404 veri
364 2373 390 2403 a
412 2373 468 2404 is.

218 2442 507 2483 CONCLUSIO.
537 2462 585 2472 -η
609 2442 829 2483 Plenitudo
859 2443 1000 2494 gratiae
1028 2445 1235 2495 quantum
1265 2443 1317 2483 ad
1346 2444 1592 2493 essentiam,
1630 2447 1670 2484 et
1697 2444 1840 2495 gratiae
1871 2443 2068 2486 virtutem

170 2497 471 2549 comparatione
492 2498 725 2547 effectuum,
745 2498 905 2539 Christo
933 2498 1096 2550 propria
1121 2501 1181 2538 est
1200 2512 1211 2539 ε
1235 2497 1330 2538 aliis
1351 2498 1487 2538 solum
1511 2498 1713 2539 tribuitur
1733 2502 1896 2552 propter
1916 2504 2067 2541 certam

170 2552 447 2592 intensionem
469 2555 509 2592 et
525 2554 806 2593 extensionem
823 2554 965 2604 gratiae
984 2553 1211 2594 secundum
1230 2553 1510 2594 conditionem
1528 2553 1715 2607 subjecti.

225 2622 498 2678 Respondeo
521 2622 770 2667 dicendum
799 2623 921 2679 quod
954 2623 1194 2681 plenitudo
1228 2623 1388 2679 gratiae
1416 2629 1569 2681 potest
1590 2625 1765 2672 attendi
1789 2625 2064 2684 dupliciter:

170 2695 268 2729 uno
285 2684 425 2729 modo
443 2696 501 2729 ex
523 2689 655 2742 parte
675 2685 824 2742 ipsius
844 2686 1029 2742 gratiae3
1054 2685 1144 2729 alio
1160 2685 1299 2730 modo
1317 2697 1375 2730 ex
1394 2692 1526 2742 parte
1541 2687 1755 2733 habentis
1774 2688 1984 2745 gratiam.
2001 2692 2069 2733 Ex

171 2749 304 2804 parte
321 2745 510 2804 quidem
536 2746 683 2803 ipsius
713 2746 874 2804 gratiae
902 2747 1072 2792 dicitur
1100 2759 1204 2792 esse
1234 2747 1475 2804 plenitudo
1499 2749 1659 2804 gratiae
1681 2761 1741 2795 ex
1759 2761 1815 2795 eo
1834 2752 1955 2808 qued
1981 2751 2068 2796 ali-

173 2808 280 2866 quis
302 2807 524 2865 pertingit
542 2808 601 2852 ad
623 2821 863 2853 summum
885 2810 1044 2865 gratiae
1066 2813 1114 2854 et
1132 2813 1362 2866 quantum
1389 2809 1448 2854 ad
1471 2810 1727 2855 essentiam
1742 2844 1755 2868 ,
1774 2815 1820 2856 et
1838 2816 2067 2869 quantum

174 2869 234 2915 ad
252 2869 498 2927 virtutem3
524 2870 634 2928 quia
657 2871 833 2916 scilicet
851 2872 990 2916 habet
1011 2871 1207 2928 gratiam
1231 2877 1276 2917 et
1295 2872 1343 2916 in
1363 2872 1569 2916 maxima
1583 2873 1861 2919 excellentia
1875 2877 1968 2932 qua
1986 2888 2068 2933 po—

174 2934 267 2977 test
287 2931 466 2988 haberi,
493 2936 539 2976 et
562 2932 609 2976 in
642 2932 848 2978 maxima
877 2934 1151 2978 extensione
1187 2933 1246 2978 ad
1268 2945 1432 2978 omnes
1458 2934 1620 2991 gratiae
1649 2935 1859 2981 effectus.
1881 2939 1934 2980 Et
1965 2937 2069 2983 talis

175 2994 336 3051 gratiae
355 2994 597 3051 plenitudo
621 3000 694 3040 est
717 2995 904 3053 propria
924 2996 1117 3040 Christo.
1135 2997 1201 3039 Ex
1216 3000 1347 3052 parte
1370 2997 1482 3040 vero
1501 2997 1699 3053 subjecti
1722 2996 1891 3044 dicitur
1909 2999 2070 3055 gratiae

173 3052 440 3112 plenitudo,
461 3057 649 3112 quando
673 3057 779 3114 quis
801 3058 947 3102 habet
979 3056 1117 3114 plene
1148 3057 1343 3114 gratiam
1381 3059 1642 3103 secundum
1673 3071 1807 3104 suam
1839 3060 2069 3106 conditio-

173 3129 287 3162 nem
309 3119 367 3173 (3)
389 3131 401 3162 ε
423 3117 521 3162 sive
540 3119 801 3165 secundum
821 3119 1153 3177 intensionem,
1170 3125 1308 3176 prout
1321 3120 1368 3164 in
1392 3133 1446 3165 eo
1466 3126 1538 3166 est
1555 3121 1739 3167 intensa
1755 3122 1902 3179 gratia
1919 3136 2070 3181 usque

177 3180 238 3226 ad
254 3180 504 3225 terminum
526 3182 768 3237 praefixum
789 3183 877 3228 eia
896 3187 1003 3240 Deo,
1020 3183 1281 3229 secundum
1299 3183 1413 3228 illud
1431 3186 1610 3240 (Ephes.
1636 3199 1698 3243 1v,
1723 3188 1796 3242 7):
1824 3188 2071 3243 Unicuique

222 3305 344 3348 (HPer
361 3316 462 3346 quam
484 3317 549 3339 non
572 3307 714 3341 actualis
737 3308 870 3343 tantum
894 3320 966 3350 quae
985 3308 1079 3349 justi·
1211 3307 1252 3347 ⁴2)
1267 3307 1305 3342 Id
1325 3315 1385 3349 est,
1405 3308 1581 3349 praesentis
1601 3309 1679 3344 vitae
1693 3311 1759 3350 quit
1785 3308 1822 3344 in
1849 3310 1971 3345 coelum
1994 3313 2066 3345 ten·

178 3352 258 3388 licat
278 3352 444 3392 effective.
461 3353 515 3387 sed
537 3358 570 3388 et
588 3353 774 3390 habitualis
790 3356 995 3396 intelligitur
1007 3368 1081 3398 quoe
1166 3356 1290 3396 dimus,
1309 3361 1344 3390 ut
1361 3357 1396 3391 in
1415 3357 1559 3397 patriam
1574 3360 1737 3391 nostram.

177 3401 341 3442 iustificat
359 3400 551 3436 formaliter
570 3401 596 3444 (l
616 3402 648 3444 2,
666 3410 780 3444 quaest.
799 3410 870 3442 cxl,
890 3407 956 3437 art.
973 3403 1017 3441 2).
1207 3405 1251 3445 (5)
1268 3403 1352 3438 Puta
1381 3403 1567 3439 secundum
1596 3405 1765 3439 rationem
1790 3406 1844 3442 vel
1870 3406 2070 3447 dignitatem

1166 3450 1273 3486 officii
1289 3451 1329 3485 ad
1349 3452 1438 3493 quod
1458 3453 1475 3486 a
1491 3453 1561 3487 Deo
1579 3451 1778 3488 destinatur.
