2170 3808
111 0 219 83 Z}

250 0 273 20 ι,

672 261 871 312 QUAEST.
902 261 990 315 XX,
1016 260 1134 302 ART.
1166 259 1184 300 1
1212 258 1278 300 ET
1305 259 1360 301 11.
1862 255 1944 297 185

63 365 81 385 «ι
105 346 149 390 in
169 345 243 389 his
257 356 361 401 quae
381 356 473 387 non
492 340 613 386 mole
634 340 806 397 magna
824 348 953 394 sunt,
972 340 1095 384 idem
1114 343 1186 383 est
1204 351 1307 383 esse
1326 337 1479 394 maJ‘us
1501 335 1628 393 quod
1645 333 1831 390 meliuS,
1854 351 1874 372 ι»
1893 337 1944 378 ut

58 413 83 454 A
97 407 344 464 agustinus
366 405 475 450 dicit
491 406 569 457 (De
587 402 745 446 Trinit.
764 402 844 446 lib.
865 416 926 458 vi,
946 413 1049 457 cap.
1066 404 1110 455 8,
1129 399 1252 444 circa
1269 399 1430 455 med.)‚
1449 411 1507 444 ex
1520 400 1609 443 hac
1627 397 1802 441 ratione
1817 397 1944 439 Pater

60 469 229 514 dicitur
249 467 396 524 major
412 465 590 511 Christo
608 464 866 508 secundum
894 463 1148 507 humanam
1170 466 1403 505 naturam.
1428 459 1640 505 Secunda
1667 459 1803 503 etiam
1832 455 1944 500 sub-

58 530 195 588 jectio
213 530 388 575 Christo
402 525 682 583 attribuitur,
703 525 980 582 inquantum
997 523 1153 568 omnia
1168 535 1274 579 quae
1289 523 1413 566 circa
1424 521 1761 566 humanitatem
1779 517 1944 564 Christi

60 597 162 636 acta
181 595 306 636 sunt.
326 589 482 635 divina
501 587 802 644 dispositione
821 590 952 642 gesta
966 585 1223 629 creduntur
1242 597 1255 628 ε
1276 584 1402 628 unde
1423 583 1672 640 Dionysius
1687 582 1799 627 dicit
1814 579 1941 634 (Coel.

59 652 287 697 hierarch.
309 663 409 707 cap.
430 654 475 706 4,
495 661 626 707 prop.
649 649 766 703 fin.)‚
786 648 913 704 quod
931 646 1137 691 Christus
1158 645 1404 702 subjicitur
1425 645 1505 689 Dei
1525 644 1670 688 Patris
1689 642 1946 687 ordinatio-

62 713 217 759 nibus.
237 717 289 758 Et
307 714 403 757 haec
422 716 495 755 est
507 710 735 766 subjectio
755 709 1006 764 servitutis,
1031 708 1289 753 secundum
1308 706 1434 763 quod
1451 705 1605 750 omnis
1620 710 1834 748 creatura
1853 707 1945 748 Deo

0 829 1 834 ¹
61 776 205 820 servit
227 775 328 831 eJus
349 772 625 818 ordinationi
649 771 875 828 subjecta,
903 769 1160 814 secundum
1184 768 1298 812 illud
1323 771 1444 824 (Sap.
1467 781 1557 821 xvi,
1585 769 1653 816 24)
1675 781 1686 809 :
1713 768 1946 808 creatura

60 838 146 881 tibi
168 839 335 890 factori
364 836 630 878 deserviens.
658 836 712 878 Et
742 833 1003 878 secundum
1022 833 1110 876 hoc
1135 831 1273 876 etiam
1293 830 1435 874 Filius
1456 829 1533 874 Dei
1561 828 1770 884 (Philipp.
1792 841 1839 882 ιι,
1869 830 1941 882 10)

59 897 227 943 dicitur
246 898 439 942 formam
463 895 585 940 servi
605 895 855 951 accepisse.
874 894 1069 939 Tertiam
1089 893 1229 937 etiam
1248 892 1585 948 subjectionem
1609 888 1817 935 attribuit
1830 885 1942 933 sibi-

60 959 146 1016 ipsi
165 961 308 1012 (Joan.
325 971 416 1013 vui,
441 960 530 1012 29),
551 956 743 1002 dicens:
769 960 876 1012 Quae
898 956 1073 1011 placita
1091 958 1196 998 sunt
1221 957 1286 1009 ei,
1315 955 1438 1007 facio
1459 965 1652 1010 semper.
1675 954 1731 995 Et
1755 951 1856 994 haec
1874 952 1947 995 est

61 1021 285 1077 subjectio
311 1019 587 1063 obedientiae
605 1019 722 1063 Patri
737 1023 891 1074 ‘usque
905 1017 963 1062 ad
985 1022 1180 1062 mortem
1200 1028 1214 1060 ε
1236 1015 1363 1060 unde
1384 1015 1552 1060 dicitur
1574 1013 1784 1071 (Philipp.
1808 1026 1855 1068 11,
1882 1013 1943 1069 8),

61 1083 186 1140 quod
209 1085 358 1136 sactus
383 1085 455 1125 est
476 1082 681 1124 obediens
709 1081 827 1124 Patri
848 1093 982 1136 usque
997 1079 1063 1123 ad
1085 1082 1272 1122 mortem
1288 1079 1363 1132 (1).

40 1176 42 1184 s
116 1144 185 1190 Ad
217 1148 410 1199 primum
443 1155 556 1199 ergo
581 1142 857 1198 dicendum,
884 1140 1010 1199 quod
1031 1139 1154 1185 sicut
1184 1152 1278 1183 non
1300 1143 1373 1183 est
1395 1138 1669 1195 simpliciter
1689 1136 1946 1193 intelligen-

60 1205 174 1251 dum
198 1206 325 1262 quoti
359 1205 567 1249 Christus
598 1204 658 1248 sit
680 1208 915 1260 creatura,
948 1201 1032 1247 sed
1066 1201 1219 1246 solum
1250 1200 1510 1245 secundnm
1532 1199 1789 1244 humanam
1814 1202 1947 1242 natu-

60 1279 177 1323 ram,
197 1268 296 1312 sive
317 1273 574 1324 apponatur
596 1265 638 1311 ei
664 1264 1012 1319 determinatio,
1042 1263 1142 1308 sive
1164 1275 1282 1319 non,
1306 1267 1359 1307 ut
1384 1274 1527 1319 supra
1556 1261 1731 1307 dictum
1755 1264 1827 1305 est
1845 1262 1944 1317 (qu.

62 1342 144 1384 xvi,
169 1335 256 1373 art.
276 1334 346 1384 8);
370 1328 433 1372 ita
453 1328 592 1386 etiam
623 1339 717 1372 non
738 1331 807 1371 est
839 1326 1106 1382 simpliciter
1127 1324 1482 1380 intelligendum
1505 1323 1632 1380 quod
1659 1323 1864 1366 Christus
1886 1322 1946 1366 sit

62 1390 301 1447 subjectus
322 1390 471 1442 Patri,
495 1390 578 1434 sed
601 1388 753 1433 solum
787 1388 1046 1434 secundum
1081 1388 1334 1432 humanam
1367 1392 1606 1440 naturam,
1631 1383 1812 1429 etiamsi
1845 1383 1946 1428 haee

64 1452 380 1498 determinatio
401 1463 495 1496 non
518 1456 801 1508 apponatur3
825 1462 966 1508 quam
989 1455 1145 1494 tamen
1163 1449 1518 1494 convenientius
1540 1453 1615 1493 est
1634 1458 1869 1503 apponere
1885 1445 1946 1491 ad

63 1514 329 1559 evitandum
354 1525 554 1559 errorem
574 1513 682 1569 Arii,
706 1513 784 1569 qui
808 1512 963 1569 posuit
980 1511 1143 1556 Filium
1164 1511 1393 1556 minorem
1417 1512 1550 1553 Patre
1570 1510 1648 1563 (2).

118 1576 184 1620 Ad
205 1575 446 1619 secundum
467 1574 730 1629 dicendum,
759 1572 884 1630 quod
907 1572 1068 1617 relatio
1089 1571 1326 1617 servitutis
1347 1576 1395 1616 et
1412 1569 1605 1616 dominii
1626 1568 1848 1614 fundatur
1865 1580 1946 1612 su-

65 1646 149 1694 per
161 1638 342 1682 actione
361 1641 408 1682 et
421 1637 638 1693 passione
654 1669 667 1691 ‚
697 1636 977 1692 inquantum
996 1635 1172 1679 scilicet
1192 1634 1316 1678 servi
1339 1639 1410 1678 est
1428 1631 1606 1677 moveri
1628 1630 1855 1677 adomino
1872 1642 1946 1674 se·

67 1699 272 1744 cundum
293 1699 552 1755 imperium.
573 1701 719 1755 Agere
739 1702 896 1742 autem
911 1709 1006 1741 non
1027 1696 1294 1741 attribuitur
1316 1699 1497 1740 naturae
1514 1694 1636 1738 sicut
1658 1693 1830 1749 agenti,
1861 1692 1947 1737 sed

67 1771 276 1815 personae
299 1773 312 1804 :
335 1765 467 1804 actus
489 1760 611 1804 enim
636 1759 983 1816 suppositorum
1011 1763 1122 1803 sunt
1143 1763 1189 1802 et
1211 1757 1538 1814 singularium,
1562 1755 1820 1800 secundum
1844 1753 1947 1798 Phi-

66 1820 310 1877 losophum
331 1822 595 1878 (Metaphys.
617 1820 697 1865 lib.
721 1835 751 1876 ι,
771 1833 873 1877 cap.
890 1827 934 1876 1,
952 1824 1059 1865 ante
1073 1819 1230 1874 med.).
1243 1818 1520 1863 Attribuitur
1541 1823 1699 1861 tamen
1723 1816 1843 1861 actio
1863 1828 1947 1859 na-

67 1888 184 1927 turae
201 1883 320 1927 sicut
338 1882 377 1927 ei
401 1883 659 1928 secundum
677 1895 817 1939 quam
836 1894 1036 1938 persona
1057 1882 1132 1926 vel
1153 1880 1418 1937 hypostasis
1440 1880 1550 1935 agit.
1574 1882 1629 1923 Et
1657 1879 1760 1924 ideo
1783 1890 1947 1936 quam-

66 1944 138 1988 vis
159 1956 252 1988 non
279 1944 461 2000 proprie
479 1944 667 2000 ‘dicatur
687 1943 814 2000 quod
844 1948 1007 1987 natura
1027 1943 1088 1987 sit
1110 1942 1297 1988 domina
1317 1941 1393 1986 vel
1417 1953 1580 1994 serva.
1611 1944 1763 1996 potest
1789 1945 1945 1984 tamen

66 2005 249 2061 proprie
269 2004 359 2049 dici
381 2005 506 2062 quod
527 2004 745 2061 quaelibet
765 2004 1028 2063 hypostasis
1060 2003 1136 2048 vel
1167 2014 1366 2059 persona
1400 2003 1462 2046 sit
1491 2001 1681 2046 domina
1703 2000 1778 2044 vel
1808 2012 1944 2044 serva

65 2065 323 2110 secundum
352 2065 475 2109 hanc
504 2065 580 2110 vel
610 2064 733 2109 illam
758 2069 971 2108 naturam
999 2065 1076 2117 (3).
1110 2065 1164 2107 Et
1190 2062 1448 2107 secundum
1480 2062 1568 2106 hoc
1603 2061 1714 2106 nihil
1734 2061 1947 2118 prohibet

65 2125 293 2170 Christum
325 2126 477 2170 dicere
505 2126 623 2170 Patri
656 2125 920 2182 subjectum
953 2125 1030 2170 vel
1060 2136 1248 2169 servum
1281 2123 1542 2169 secundum
1577 2123 1833 2167 humanam
1866 2135 1945 2166 na-

66 2193 232 2231 turam.

121 2248 187 2293 Ad
217 2251 399 2292 tertium
429 2247 702 2303 dicendum,
724 2247 879 2305 quod,
910 2247 1031 2292 sieut
1058 2247 1347 2304 Augustinus
1379 2247 1490 2292 dicit
1513 2248 1592 2303 (De
1622 2246 1777 2290 Trinit.
1802 2245 1882 2290 lib.
1912 2260 1943 2300 ι,

67 2322 168 2367 cap.
189 2312 232 2363 8,
257 2315 364 2353 ante
384 2310 526 2364 med.)
546 2323 557 2352 :
582 2329 602 2348 «
626 2312 751 2354 Tunc
765 2309 973 2355 Christus
992 2310 1142 2355 tradet
1163 2321 1359 2365 regnum
1378 2312 1471 2353 Deo
1490 2314 1537 2354 et
1554 2309 1698 2364 Patri,
1718 2308 1827 2352 cum
1849 2308 1948 2365 jus-

67 2376 155 2426 tos,
186 2371 234 2415 in
265 2370 436 2427 quibus
456 2383 583 2415 nunc
603 2376 768 2427 regnat
787 2383 871 2428 per
890 2371 1052 2428 fidem,
1078 2372 1389 2429 perducturus
1419 2376 1492 2415 est
1520 2370 1581 2415 ad
1603 2370 1824 2427 speciem,
1848 2390 1869 2410 ι»
1894 2376 1948 2414 ut

67 2433 240 2478 scilicet
260 2432 448 2477 videant
467 2433 615 2489 ipsam
634 2434 885 2478 essentiam
915 2445 1212 2478 communem
1238 2433 1358 2476 Patri
1382 2437 1428 2477 et
1451 2432 1591 2488 Filioz,
1617 2437 1664 2476 et
1691 2438 1803 2476 tunc
1825 2436 1946 2476 tota-

65 2495 168 2540 liter
185 2496 272 2540 erit
290 2495 410 2540 Patri
428 2495 667 2552 subjectus
684 2508 778 2540 non
797 2496 949 2540 solum
968 2496 1017 2540 in
1037 2509 1107 2552 se,
1129 2496 1212 2541 sed
1234 2495 1374 2540 etiam
1396 2495 1445 2539 in
1468 2494 1692 2539 membris
1713 2495 1812 2540 suis
1825 2528 1838 2550 ,
1863 2508 1947 2551 per

66 2558 250 2614 plenam
277 2557 674 2615 participationem
696 2557 868 2603 divinae
899 2558 1135 2604 bonitatis.
1166 2561 1295 2603 Tunc
1314 2557 1451 2602 etiam
1470 2557 1628 2601 omnia
1648 2562 1786 2602 erunt
1810 2557 1947 2614 plene

67 2619 111 2664 ei
136 2618 344 2675 subJecta
373 2631 456 2676 per
485 2616 673 2663 finalem
707 2619 1025 2676 impletionem
1060 2633 1159 2666 suae
1179 2619 1435 2665 voluntatis
1457 2620 1515 2665 de
1547 2620 1615 2664 eis
1637 2633 1647 2661 τ
1672 2618 1778 2664 licet
1805 2620 1945 2664 etiam

67 2680 203 2726 modo
222 2681 314 2725 sint
348 2681 503 2725 omnia
533 2681 575 2726 ei
609 2681 820 2738 subJecta
855 2686 1083 2739 quantum
1113 2683 1173 2728 ad
1205 2686 1498 2738 potestatem,
1536 2682 1795 2726 secundum
1830 2682 1942 2727 illud

70 2744 230 2795 (Matth.
251 2742 335 2786 ult.
356 2744 453 2796 20):
477 2746 600 2786 Data
622 2747 691 2787 est
711 2743 824 2787 mihi
845 2747 986 2788 omnis
1007 2747 1203 2801 potestas
1225 2747 1273 2787 in
1297 2743 1407 2787 caelo
1427 2746 1471 2786 et
1497 2746 1545 2786 in
1564 2747 1706 2786 terra.

241 2812 580 2855 ARTICULUS
608 2815 669 2856 11.
693 2836 750 2845 —-
778 2827 912 2856 unum
937 2826 1129 2857 cumsws
1156 2826 1219 2856 sn·
1243 2825 1470 2856 sumamus
1491 2825 1569 2855 sim
1592 2824 1670 2855 IPSI
1694 2813 1768 2866 (4).

87 2878 97 2935 J
122 2868 189 2914 Ad
209 2871 464 2915 secundum
484 2872 551 2917 sic
566 2873 842 2929 proceditur.
867 2878 912 2920 1.
930 2874 1118 2919 Videtur
1141 2874 1268 2931 quod
1288 2872 1494 2918 Christus
1513 2884 1607 2916 non
1630 2871 1690 2917 sit
1705 2872 1946 2929 subJectus

107 3002 152 3047 (⁴)
174 3003 382 3044 Simpliciter
410 3005 574 3043 obediens
599 3017 712 3051 usque
734 3009 783 3043 ad
806 3013 958 3044 mortem

66 3063 106 3086 ex
136 3051 285 3091 Apostoli
316 3056 417 3092 textu;
447 3052 504 3086 sed
539 3054 716 3089 manifeste
744 3055 959 3095 subintelligi

67 3097 165 3134 debet
186 3099 296 3133 Patri
312 3100 331 3133 a
349 3111 414 3141 quo
441 3100 611 3134 moriendi
629 3107 834 3143 praeceptum
859 3115 959 3138 acce-

66 3152 174 3189 perat.

105 3194 148 3235 (2)
166 3193 237 3228 Non
253 3193 434 3229 secundum
453 3194 699 3230 humanitatem
726 3198 859 3232 tantum
872 3224 882 3239 ‚
901 3199 960 3234 sed

65 3243 164 3276 etiam
190 3241 372 3276 seeundum
397 3243 500 3284 ipsam
528 3244 631 3278 Verbi
651 3245 721 3278 sive
746 3244 826 3279 Filii
857 3247 958 3282 ratio-

66 3300 141 3323 nem
153 3315 162 3330 ‚
179 3288 330 3328 negando
343 3292 422 3323 vere
437 3291 545 3324 Deum
561 3302 641 3326 esse.

105 3336 455 3376 (5)'1·exms1)amasc.
476 3350 590 3372 sensus
613 3343 665 3373 est
692 3350 758 3373 non
785 3351 863 3374 eum
890 3352 958 3374 esse

67 3394 196 3417 servum
227 3388 263 3417 ut
298 3383 468 3418 hominem
507 3385 702 3419 distinctum
734 3387 904 3427 supposito
941 3389 959 3422 a

67 3429 176 3464 Verbo
197 3431 255 3464 Dei
285 3431 374 3464 sicut
399 3431 532 3466 volebat
564 3433 737 3468 Nestorius
767 3446 776 3467 ε
813 3446 852 3467 co
876 3434 958 3469 item

67 3487 162 3510 sensu
179 3478 361 3512 concilium
377 3479 403 3512 F
405 3480 673 3515 rancofordiense
682 3486 797 3515 contra
812 3482 958 3516 Felicem

1048 3013 1082 3042 et
1112 3008 1315 3049 Elipandum
1341 3007 1424 3041 dicit
1447 3018 1457 3040 :
1487 3007 1586 3049 Quid
1612 3011 1664 3042 est
1690 3009 1797 3043 aliud
1825 3009 1946 3045 dicero

1052 3056 1236 3098 Vir-qinom
1274 3065 1416 3089 servum
1455 3056 1510 3088 vel
1543 3056 1759 3099 adoptivum
1778 3059 1945 3099 aenaim

1045 3104 1121 3138 nisi
1139 3113 1276 3146 negare
1291 3103 1400 3136 illum
1418 3103 1531 3138 Deum
1547 3105 1714 3147 genuisse
1726 3102 1744 3138 Ἰ

1084 3152 1128 3191 (4)
1144 3150 1183 3185 Id
1199 3150 1360 3184 docuerat
1387 3149 1560 3184 Nestorius
1586 3151 1719 3186 ratione
1735 3152 1944 3189 diversarum

1043 3209 1277 3238 personarum,
1298 3196 1392 3237 quasi
1411 3197 1455 3231 sit
1482 3197 1548 3232 alia
1576 3210 1716 3239 persona
1742 3200 1864 3234 Christi
1885 3201 1943 3235 do-

1043 3245 1228 3285 minantis,
1256 3250 1290 3279 et
1314 3246 1381 3280 alia
1399 3245 1524 3280 Christi
1542 3247 1742 3290 servientis3
1760 3249 1849 3288 quod
1867 3261 1943 3288 pro-

1040 3292 1179 3333 fligatur
1201 3292 1243 3326 ab
1266 3292 1328 3326 hoc
1342 3293 1377 3327 S.
1400 3293 1517 3333 cyrilli
1535 3294 1848 3330 anathematismum
1878 3296 1943 3331 :Si

1042 3342 1127 3381 quis
1157 3341 1310 3375 Verbum
1338 3342 1434 3384 quod
1457 3342 1505 3376 cic
1527 3342 1602 3377 Deo
1622 3343 1735 3378 Patre
1759 3342 1938 3387 procedit,

1044 3388 1184 3422 Christi
1201 3388 1316 3422 Deum
1340 3389 1397 3423 vel
1427 3390 1626 3425 Dominam
1652 3400 1728 3427 ene
1757 3390 1943 3425 dimerit...

1043 3437 1239 3470 anathema
1256 3437 1317 3471 sit.
