2170 3808
199 231 257 274 ᾖ
891 222 1087 274 QuAEsT.
1118 221 1175 275 n,
1199 221 1317 263 Aur.
1346 221 1397 262 v.

199 307 324 366 quod
341 309 384 350 {21
402 306 579 351 Christo
593 303 733 350 fuerit
746 302 900 347 anima
914 300 1095 357 corpori
1110 299 1242 345 unita
1260 315 1270 344 :
1287 302 1335 344 et
1347 297 1631 343 contrarium.
1641 299 1712 342 est
1726 295 1992 342 haereticum
2005 297 2084 356 (1),

199 374 358 426 utpote
377 369 607 424 derogans
627 364 808 410 veritati
822 362 1125 418 humanitatis
1143 360 1326 407 Christi.

254 431 321 476 Ad
341 433 539 486 primum
560 439 672 483 ergo
692 425 944 471 dicendum
961 458 973 480 ,
994 423 1120 482 quod
1141 436 1199 468 ex
1221 424 1310 467 hac
1328 421 1510 466 ratione
1527 420 1642 466 moti
1671 419 1892 464 videntur
1915 417 1980 463 illi
2003 416 2085 476 qui

203 494 491 548 negaverunt
508 488 729 533 unionem
752 487 919 532 animae
940 491 988 531 et
1006 484 1213 543 corporis
1228 484 1275 528 in
1300 484 1493 538 Christe,
1518 494 1580 526 ne
1598 494 1683 538 per
1700 481 1789 526 hoc
1807 479 1981 525 scilicet
2002 492 2088 525 co-

202 558 423 609 gerentur
440 562 689 607 personam
719 562 889 594 novam
913 548 989 593 vel
1012 546 1299 606 hypostasim
1332 546 1383 589 in
1413 545 1593 588 Christo
1611 543 1832 589 inducere
1864 544 1954 601 (2),
1974 541 2087 598 quia

200 613 418 659 videbant
441 612 564 668 quod
585 612 633 656 in
655 611 786 668 puris
806 610 1073 656 hominibus
1102 620 1160 653 ex
1178 608 1353 653 unione
1374 605 1544 650 animae
1571 604 1631 650 ad
1652 615 1824 661 corpus
1843 602 2085 648 constitui-

201 681 276 718 tur
296 685 510 730 persona.
536 672 623 716 Sed
644 672 731 716 hoc
750 671 854 717 ideo
882 671 929 715 in
950 670 1081 727 puris
1102 668 1372 713 hominibus
1388 666 1550 711 accidit
1569 697 1582 724 ,
1604 666 1714 722 quia
1731 665 1887 709 anima
1915 668 1961 709 et
1986 675 2084 721 core

201 746 289 791 pus
307 733 375 779 sic
394 734 440 777 in
464 733 530 778 eis
549 733 903 790 conjunguntur
922 736 977 776 ut
995 743 1080 788 per
1098 743 1149 775 se
1171 730 1387 775 existant.
1413 727 1501 773 Sed
1520 727 1568 772 in
1590 728 1768 772 Christo
1787 726 2011 772 uniuntur
2024 724 2084 771 ad

200 796 400 841 invicem
414 829 426 851 ,
454 800 506 840 ut
529 795 749 851 adJ‘uncta
772 793 903 839 alteri
926 792 1261 850 prIncipaliori,
1279 789 1407 849 quod
1427 789 1643 836 subsistit
1665 789 1714 834 in
1744 792 1909 833 natura
1929 800 1988 834 ex
2015 786 2088 834 eis

201 856 469 914 composita.
502 859 555 900 Et
577 859 766 912 propter
787 855 877 899 hoc
906 866 965 899 ex
994 853 1169 898 unione
1202 852 1370 897 animae
1395 856 1442 896 et
1469 850 1674 908 corporis
1706 849 1755 893 in
1785 850 1961 894 Christo
1988 860 2084 894 non

200 918 497 963 constituitur
516 929 637 961 nova
656 915 921 973 hypostasis
938 927 1024 959 seu
1045 927 1272 971 persona3
1293 913 1376 958 sed
1405 912 1594 957 advenit
1610 912 1765 969 ipsum
1783 910 2086 968 conjunctum

202 991 411 1036 personae
441 991 524 1022 seu
553 976 793 1035 hypostasi
824 975 1152 1033 praeexistenti.
1183 977 1275 1020 Nec
1302 978 1493 1032 propter
1524 973 1616 1018 hoe
1642 972 1852 1030 sequitur
1879 971 2005 1028 quod
2025 971 2088 1017 sit

202 1041 390 1086 minoris
412 1039 630 1084 efficaciae
651 1039 765 1083 unio
791 1038 958 1083 animae
981 1043 1026 1083 et
1046 1038 1253 1094 corporis
1276 1037 1326 1080 in
1344 1036 1539 1092 Christo,
1558 1033 1702 1092 quam
1721 1034 1770 1079 in
1793 1033 1952 1089 nobis;
1975 1032 2086 1090 quia

202 1101 302 1159 ipsa
320 1101 583 1159 conjunctio
607 1100 666 1146 ad
695 1099 899 1145 nobilius
920 1113 1016 1144 non
1041 1099 1203 1144 adimit
1219 1099 1439 1143 virtutem
1459 1102 1540 1143 aut
1570 1096 1842 1153 dignitatem
1857 1128 1871 1152 .,
1900 1093 1985 1142 sed
2003 1107 2086 1141 au-

203 1168 280 1219 get
305 1179 315 1206 :
336 1163 456 1208 sicut
479 1163 634 1207 anima
662 1161 888 1206 sensitiva
912 1161 960 1206 in
984 1160 1264 1206 animalibus
1286 1159 1526 1204 constituit
1546 1157 1747 1215 speciem
1763 1193 1776 1212 ‚
1803 1157 1913 1214 quia
1933 1156 2086 1202 consi-

202 1223 390 1268 deratur
412 1228 465 1268 ut
486 1224 650 1268 ultima
670 1222 842 1279 forma3
874 1235 968 1267 non
998 1226 1158 1267 autem
1186 1222 1235 1266 in
1258 1221 1542 1275 hominihus,
1568 1219 1783 1276 quamvis
1800 1218 1848 1262 in
1871 1218 2007 1262 nobis
2027 1218 2087 1263 sit

202 1285 450 1330 virtuosior
471 1289 518 1330 et
541 1284 768 1329 nobiliorz
791 1289 839 1328 et
858 1285 945 1328 hoc
968 1287 1157 1341 propter
1173 1283 1521 1340 adjunctionem
1535 1280 1770 1326 ulterioris
1789 1284 1837 1325 et
1850 1278 2088 1325 nobilioris

202 1347 499 1403 perfectionis
514 1380 525 1402 ‚
550 1345 726 1390 scilicet
748 1345 916 1389 animae
942 1345 1203 1398 rationalis,
1237 1348 1290 1388 ut
1310 1343 1448 1388 etiam
1468 1355 1612 1400 supra
1640 1342 1815 1388 dictum
1836 1345 1908 1386 est
1930 1344 2031 1393 (art.
2059 1343 2088 1385 2

201 1408 298 1466 huj.
324 1413 490 1466 quaest.
512 1408 569 1452 ad
591 1410 646 1462 2).

256 1469 323 1514 Ad
339 1471 584 1513 secundum
599 1468 868 1524 dicendum,
888 1469 1014 1525 quod
1031 1468 1229 1513 verbum
1252 1468 1522 1513 Damasceni
1541 1471 1694 1524 potest
1715 1465 1909 1522 intelligi
1933 1464 2088 1522 dupli-

201 1531 348 1576 citer:
381 1544 473 1575 uno
497 1531 652 1587 modo,
675 1535 728 1574 ut
754 1531 979 1574 referatur
1008 1530 1065 1574 ad
1095 1531 1348 1575 humanam
1379 1534 1618 1584 naturam3
1649 1540 1754 1585 quae
1775 1527 1964 1585 quidem
1992 1538 2087 1573 non

201 1592 340 1637 habet
355 1593 580 1637 rationem
604 1592 865 1636 communis
883 1592 1071 1649 speciei,
1095 1592 1353 1637 secundum
1378 1590 1504 1648 quod
1520 1595 1591 1635 est
1613 1590 1663 1634 in
1684 1603 1779 1635 uno
1803 1590 1905 1635 solo
1921 1588 2089 1635 indivi-

201 1653 310 1711 duo,
332 1654 413 1698 sed
437 1653 697 1698 secundum
717 1651 840 1709 quod
864 1657 936 1698 est
953 1653 1185 1698 abstracta
1207 1653 1267 1697 ab
1292 1653 1418 1697 omni
1442 1651 1706 1707 individuo,
1729 1656 1868 1708 prout
1887 1651 1937 1695 in
1962 1650 2089 1695 nuda

201 1715 595 1771 contemplatione
623 1715 973 1770 consideratur,
994 1715 1067 1759 vel
1091 1715 1349 1760 secundum
1369 1713 1494 1771 quod
1520 1718 1591 1758 est
1612 1714 1660 1757 in
1683 1712 1903 1757 omnihus
1921 1711 2089 1757 indivi-

201 1777 321 1821 duis.
339 1778 479 1821 Filius
494 1782 648 1821 autem
667 1777 745 1821 Dei
766 1789 858 1820 non
881 1776 1134 1832 assumpsit
1151 1777 1407 1821 humanam
1430 1780 1661 1831 naturam,
1682 1779 1822 1831 prout
1838 1778 1911 1819 est
1928 1773 1977 1818 in
1990 1773 2089 1818 sola

200 1838 569 1883 consideratione
589 1837 869 1892 intellectuS‚
894 1838 1003 1894 quia
1025 1838 1093 1882 sic
1112 1850 1207 1883 non
1228 1837 1560 1894 assumpsisset
1581 1837 1731 1892 ipsam
1753 1847 1851 1880 rem
1871 1836 2089 1881 humanae

138 1926 139 1929 =
200 1904 406 1955 naturae3
431 1899 521 1945 nisi
543 1899 662 1943 forte
684 1899 917 1944 diceretur
936 1898 1062 1956 quod
1090 1898 1297 1943 humana
1322 1904 1489 1943 natura
1512 1902 1584 1943 est
1601 1897 1814 1955 quaedam
1838 1896 1943 1943 idea
1960 1909 2089 1954 sepa-

199 1965 321 2017 rata,
344 1962 465 2006 sicut
493 1961 712 2005 Platonici
741 1965 1000 2018 posuerunt
1030 1962 1267 2006 hominem
1290 1960 1392 2006 sine
1412 1961 1607 2006 materia
1628 1962 1705 2013 (ex
1731 1960 1869 2005 Arist.
1893 1960 2085 2017 Metaph.

199 2021 280 2066 lib.
313 2037 344 2079 ι,
365 2026 476 2067 text.
514 2025 556 2076 6,
588 2025 643 2067 ,⁶25
667 2026 713 2066 et
746 2025 878 2080 seq.).
905 2022 992 2068 Sed
1014 2026 1127 2066 tunc
1143 2023 1285 2068 Filius
1305 2023 1382 2067 Dei
1407 2034 1503 2066 non
1524 2021 1854 2078 assumpsisset
1873 2032 2084 2078 carnem,

199 2088 360 2128 contra
380 2084 492 2128 illud
513 2084 638 2140 quod
660 2084 826 2129 dicitur
844 2086 968 2138 (Luc.
992 2085 1074 2129 ult.
1099 2087 1167 2137 39)
1188 2098 1204 2130 ε
1218 2087 1416 2142 Spiritus
1439 2097 1623 2128 carnem
1642 2087 1688 2127 et
1705 2097 1806 2127 ossa
1825 2096 1914 2126 non
1931 2083 2083 2141 habet,

199 2147 315 2189 sicut
332 2158 402 2188 me
418 2146 581 2189 videtis
604 2146 782 2188 habere.
804 2145 1019 2190 Similiter
1041 2146 1180 2191 etiam
1199 2159 1295 2190 non
1314 2150 1468 2203 potest
1486 2145 1576 2190 dici
1601 2143 1726 2201 quod
1746 2143 1889 2189 Filius
1908 2144 1987 2190 Dei
2008 2157 2087 2191 as-

200 2207 450 2262 sumpserit
470 2208 722 2250 humanam
753 2214 984 2264 naturam‚
1003 2212 1142 2263 prout
1171 2212 1243 2252 est
1271 2207 1322 2251 in.
1348 2206 1566 2251 omnibus
1594 2205 1844 2251 individuis
1875 2205 2086 2263 eiusdem

200 2268 393 2323 speciei3
417 2268 527 2324 quia
554 2268 621 2312 sic
642 2279 806 2312 omnes
838 2268 1048 2313 homines
1079 2271 1426 2325 assumpsisset.
1451 2268 1740 2324 Relinquitur
1760 2272 1976 2324 ergo,'ut
2001 2271 2087 2314 Da·

200 2340 447 2373 mascenus
464 2333 626 2385 postea
648 2329 758 2373 dicit
780 2329 844 2382 (in
864 2329 1027 2374 eodem
1046 2329 1127 2374 lib.
1150 2333 1268 2387 (cap.
1288 2333 1361 2387 11,
1385 2342 1551 2387 parum
1566 2330 1593 2373 a
1611 2329 1795 2386 princ.)‚
1819 2328 1948 2387 quod
1966 2346 1988 2368 «ε
2006 2343 2086 2377 as-

200 2391 451 2447 sumpserit
473 2397 687 2434 naturam
710 2390 963 2435 humanam
986 2391 1035 2435 in
1062 2396 1232 2446 atomo,
1255 2411 1275 2432 κ
1300 2392 1349 2438 id
1377 2396 1450 2437 est
1464 2424 1479 2449 ,
1502 2391 1551 2435 in
1574 2390 1839 2448 individu03
1865 2404 1960 2437 non
1983 2393 2085 2450 qui-

200 2452 374 2496 demin
397 2452 487 2496 alio
507 2452 746 2496 individuo
760 2485 773 2508 ,
794 2452 921 2508 quod
947 2452 1008 2496 sit
1034 2453 1327 2509 suppositum
1348 2452 1424 2498 vel
1445 2453 1710 2510 hypostasis
1732 2452 1857 2507 illius
1880 2457 2082 2514 naturae,

201 2514 340 2569 quam
362 2514 408 2557 in
434 2525 634 2570 persona
656 2513 753 2557 Filii
776 2513 871 2557 Dei,
894 2512 993 2557 Alio
1020 2514 1162 2558 modo
1182 2519 1336 2571 potest
1358 2513 1557 2570 intelligi
1579 2514 1755 2559 dictum
1783 2515 2052 2560 Damasceni
2068 2549 2083 2575 ‚

200 2580 252 2619 ut
272 2587 364 2619 non
389 2574 615 2619 referatur
637 2574 695 2619 ad
716 2579 931 2618 naturam
950 2575 1221 2630 humanam,
1244 2576 1376 2632 quasi
1399 2588 1457 2620 ex
1480 2575 1654 2620 unione
1678 2576 1845 2621 animae
1866 2581 1912 2622 et
1929 2589 2085 2632 corpo-

200 2636 263 2680 ris
287 2649 380 2681 non
405 2637 599 2681 resultet
617 2649 713 2680 una
731 2636 992 2680 communis
1010 2641 1195 2693 natura,
1217 2649 1322 2694 quae
1344 2641 1417 2683 est
1437 2638 1642 2682 humana
1660 2652 1671 2682 :
1689 2639 1773 2683 sed
1794 2642 1866 2684 est
1882 2639 2084 2685 referen-

199 2698 309 2742 dum
331 2698 389 2742 ad
408 2698 633 2742 unionem
656 2697 853 2741 duarum
872 2701 1169 2756 naturarum,
1193 2698 1363 2743 divinae
1385 2697 1561 2744 scilicet
1581 2704 1628 2743 et
1645 2700 1876 2754 humanae,
1900 2712 1960 2746 ex
1977 2700 2083 2758 qui·

200 2760 288 2805 bus
309 2773 400 2805 non
423 2760 718 2817 componitur
735 2759 911 2816 aliquid
929 2761 1132 2818 tertium,
1158 2761 1285 2818 quod
1303 2762 1364 2807 sit
1385 2761 1598 2819 quaedam
1618 2766 1784 2807 natura
1805 2763 2079 2824 communis,

199 2823 307 2880 quia
327 2823 396 2867 sic
420 2823 535 2868 illud
556 2828 680 2867 esset
699 2826 860 2867 natum
880 2823 1119 2879 'praedicari
1136 2824 1194 2869 de
1212 2824 1452 2881 pluribus3
1474 2829 1521 2869 et
1542 2825 1630 2869 hoc
1652 2824 1715 2869 ibi
1730 2825 1944 2882 intendit,
1958 2826 2083 2872 unde

199 2884 385 2943 subdit:
414 2901 435 2922 ι
466 2886 624 2940 Neque
653 2884 778 2928 enim
807 2892 1057 2940 generatus
1077 2891 1150 2930 est
1167 2919 1179 2941 ,
1205 2898 1359 2943 neque
1390 2897 1598 2942 unquam
1635 2886 1933 2942 generabitur
1963 2887 2082 2933 alius

200 2946 405 2990 Christus
427 2958 484 2990 ex
507 2945 681 2990 Deitate
699 2950 747 2990 et
764 2946 1051 2991 humanitate
1072 2961 1083 2989 ε
1106 2947 1155 2991 in
1179 2948 1355 2994 Deitate
1379 2952 1425 2993 et
1454 2947 1740 2993 humanitate
1761 2951 1883 2994 Deus
1902 2950 2081 3006 perfec-

199 3012 293 3063 ωε,
321 3007 445 3052 idem
464 3012 509 3052 et
531 3008 669 3051 homo
690 3007 923 3064 perfectus
940 3010 1017 3063 (3).
1040 3028 1059 3048 »
1229 3019 1232 3023 ’

253 3067 319 3113 Ad
336 3070 518 3111 tertium
534 3068 798 3124 dicendum,
817 3068 942 3124 quod
952 3069 1125 3127 duplex
1142 3076 1213 3116 est
1227 3071 1506 3128 principium
1521 3072 1630 3116 vitae
1645 3071 1920 3128 corporalis:
1935 3083 2080 3118 unum

242 3205 284 3245 (Ι)
300 3204 396 3246 Quod
413 3203 460 3238 ita
474 3204 651 3239 definitum
669 3209 719 3240 est
732 3207 750 3240 a
766 3205 884 3239 concil.
901 3214 922 3239 v
939 3208 1096 3241 Constan-
1224 3208 1270 3250 (2)
1291 3209 1345 3243 Ita
1361 3211 1504 3249 egerunt
1525 3211 1565 3244 ut
1581 3208 1728 3244 vitarent
1752 3209 1907 3245 haeresim
1932 3209 2079 3247 Nestorii

199 3252 306 3295 tinop.
322 3252 465 3296 (confes.
484 3261 558 3293 vlu,
583 3264 654 3293 cap.
672 3253 706 3294 4)
730 3265 739 3288 :
757 3253 802 3287 Si
820 3253 904 3297 quis
921 3263 997 3288 mm
1015 3264 1096 3289 eon·
1181 3254 1218 3289 in
1238 3255 1370 3290 Christo
1386 3256 1466 3290 duas
1482 3268 1638 3297 personas
1655 3256 1820 3297 ponentis.

203 3301 326 3340 fitetur
349 3301 528 3335 unitatem
557 3299 626 3333 Dei
653 3300 759 3335 Verbi
785 3300 836 3334 ad
853 3310 1000 3335 carnem
1018 3302 1097 3336 ani·
1225 3303 1267 3344 (5)
1294 3303 1396 3338 Plura
1412 3303 1453 3338 de
1477 3303 1541 3338 hoe
1561 3308 1595 3338 et
1609 3303 1875 3345 precedentibus
1888 3307 1954 3340 art.
1969 3304 2078 3340 videri

205 3353 336 3384 matam
360 3351 487 3385 anima
514 3349 702 3384 rationali
735 3358 808 3385 esse
832 3347 979 3390 saetam,
1007 3359 1098 3385 ana·
1158 3356 1321 3393 ,possunt
1344 3350 1433 3393 apud
1451 3352 1489 3386 B.
1511 3350 1677 3387 'rhomam
1705 3355 1821 3393 quaest.
1848 3351 2015 3395 disputata
2035 3351 2056 3392 d

203 3399 319 3432 t'wma
337 3399 395 3432 stt.
1182 3399 1307 3434 unione
1336 3398 1443 3436 Verbi
1471 3402 1508 3436 ot
1532 3398 1595 3437 lib.
1619 3407 1657 3436 lv
1688 3401 1785 3437 Cont.
1815 3403 1918 3442 sem.-
1935 3410 2007 3443 cop.
2034 3361 2077 3437 33

1181 3457 1258 3483 cnm
1272 3457 1344 3491 aeq.
