2170 3808
632 159 831 210 QUAEST.
856 160 994 222 cxiv,
1019 162 1139 209 aar.
1170 164 1203 210 ν
1227 163 1296 211 m
1321 165 1388 212 vi.
1881 176 1960 219 541

129 256 172 299 3.
193 255 432 308 Praeterea,
457 253 496 297 si
518 252 634 298 desit
651 252 826 310 aliquid
846 254 1014 298 horum
1042 266 1149 312 quae
1176 253 1384 300 debitum
1405 259 1476 300 est
1498 266 1602 300 esse
1625 253 1673 299 in
1696 266 1964 299 sacramen-

76 315 153 373 tis,
185 327 280 360 non
310 311 547 373 perficitur
579 320 941 372 sacramentum,
969 315 1091 361 sicut
1121 316 1162 361 si
1195 317 1315 361 desit
1344 317 1498 362 debita
1527 317 1675 361 forma
1703 317 1779 362 vel
1807 317 1964 362 debita

75 377 284 426 materia.
311 377 399 422 Sed
418 376 603 422 debitus
625 376 836 422 minister
859 377 1138 422 sacramenti
1162 382 1234 423 est
1265 378 1342 422 ille
1366 379 1447 436 qui
1481 382 1607 423 caret
1629 378 1813 424 macula
1852 390 1964 436 pec-

76 441 184 499 cati,
208 438 467 485 secundum
485 438 600 484 illud
622 439 779 493 (Levit.
797 453 885 495 xxi,
902 442 997 495 17):
1022 443 1165 484 Homo
1193 440 1251 484 de
1270 444 1435 484 semine
1468 443 1542 485 tuo
1557 454 1641 498 per
1660 442 1868 497 familias
1887 443 1964 497 qui

76 502 286 549 habuerit
312 501 554 555 maculam,
577 513 668 544 non
689 502 844 557 offeret
867 513 1008 557 panes
1028 505 1121 546 Deo
1141 514 1238 556 suo,
1258 515 1339 546 nec
1361 503 1542 546 accedet
1563 503 1628 546 ad
1662 505 1963 547 ministerium

77 564 189 621 ejus.
211 563 330 619 Ergo
351 561 535 607 videtur
565 561 692 619 quod
715 563 753 607 si
778 563 990 608 minister
1021 562 1082 607 sit
1117 562 1284 619 malua,
1309 563 1425 607 nihil
1460 563 1688 609 efficiatur
1721 565 1771 609 in
1804 576 1963 610 sacra-

73 628 248 671 mento.
1564 666 1566 668 .

133 685 222 732 Sed
243 689 402 730 contra
426 689 499 731 est
526 686 652 744 quod
672 686 958 743 Augustinus
980 686 1092 732 dicit
1125 687 1283 744 (super
1304 686 1420 732 illud
1447 689 1610 732 Joan.1
1632 690 1810 745 :Super
1833 700 1963 743 quem

76 749 248 796 videris
269 749 511 807 Spiritum,
537 751 647 802 etc,
670 752 801 792 tract.
824 752 851 793 5
874 749 921 793 in
940 751 1070 793 Joan.
1093 753 1203 794 ante
1222 748 1391 803 med.):
1415 768 1435 787 u
1459 749 1577 803 Quid
1600 749 1649 794 in
1669 749 1845 795 Christo
1868 761 1965 795 non

75 814 272 857 noverat
310 812 542 855 loannes?
577 814 851 868 potestatem
887 811 1104 868 baptismi
1137 810 1292 867 ipsum
1328 810 1572 856 Dominum
1609 811 1893 867 habiturum,
1916 815 1963 856 et

76 871 166 919 sibi
195 875 503 928 retenturum,
526 872 605 916 sed
631 872 941 917 ministerium
971 872 1109 928 plane
1141 872 1445 917 transiturum
1472 872 1521 916 in
1550 873 1700 917 bonos
1725 878 1771 918 et
1795 871 1958 916 malos.

74 931 192 988 Quid
215 931 297 978 tihi
314 932 425 978 facit
443 933 596 978 malus
619 934 844 988 minister,
868 933 947 978 ubi
964 934 1115 979 bonus
1136 938 1208 978 est
1224 933 1472 978 Dominus?
1495 952 1517 973 »

121 993 465 1035 CONCLUSIO.-
482 993 661 1036 Ministri
676 995 875 1042 Ecclesiae‚
890 996 985 1035 cum
1002 995 1369 1035 instrumentaliter
1383 997 1599 1046 operentur
1617 995 1662 1034 in
1682 995 1960 1044 sacramentis,

77 1051 329 1090 sacramenta
343 1048 727 1101 conferrepossunt,
746 1050 832 1090 sive
855 1049 952 1089 boni
973 1049 1037 1090 vel
1059 1048 1282 1089 mali‘sint.

131 1104 405 1162 Respondeo
427 1104 673 1150 dicendum
699 1105 841 1162 quod,
863 1105 985 1149 sicut
1012 1104 1190 1149 dictum
1214 1108 1287 1149 est
1324 1106 1426 1159 (art.
1459 1108 1479 1149 1
1508 1108 1603 1151 et3
1628 1105 1725 1163 huj.
1756 1108 1958 1163 quaest.),

76 1163 276 1211 ministri
290 1165 504 1211 Ecclesiae
522 1165 937 1210 instrumentaliter
960 1170 1213 1222 operantur
1227 1165 1275 1208 in
1299 1166 1621 1223 sacramentis,
1635 1164 1690 1211 eo
1712 1166 1837 1223 quod
1850 1179 1962 1224 quo-

77 1225 325 1273 dammodo
343 1228 506 1273 eadem
527 1226 644 1271 ratio
661 1230 733 1271 est
747 1225 946 1271 ministri
970 1231 1016 1272 et
1039 1227 1355 1271 instrumenti.
1387 1227 1514 1272 Sicut
1533 1231 1690 1272 autem
1709 1241 1851 1285 supra
1866 1228 1960 1273 dic—

77 1292 176 1333 tum
212 1292 283 1333 est
303 1290 484 1346 (quaest.
509 1301 608 1343 nxn,
628 1291 715 1333 art.
735 1290 757 1332 1
785 1292 830 1332 et
863 1290 925 1344 4),
946 1287 1310 1334 instrumentum
1329 1300 1424 1333 non
1449 1289 1546 1345 agit
1567 1290 1828 1335 secundum
1848 1302 1960 1346 pro-

75 1348 224 1406 priam
245 1348 441 1394 formam
463 1352 544 1394 aut
561 1348 798 1405 virtutem,
823 1348 908 1394 sed
931 1349 1191 1394 secundum
1212 1348 1433 1394 virtutem
1452 1350 1554 1407 ejus
1574 1349 1600 1394 a
1623 1363 1716 1408 quo
1733 1356 1958 1395 movetur.

0 1438 2 1442 ψ
72 1410 248 1455 -Etideo
278 1410 444 1456 accidit
466 1409 795 1465 instrumento,
815 1410 1093 1467 inquantum
1130 1415 1201 1456 est
1238 1410 1619 1470 instrumentum,
1640 1412 1962 1469 qualemcum-

76 1482 168 1530 que
197 1471 392 1516 formam
414 1471 488 1536 vel
509 1471 726 1516 virtutem
760 1471 943 1529 habeat,
968 1477 1136 1528 praeter
1181 1472 1228 1517 id
1266 1473 1391 1529 quod
1430 1474 1631 1530 exigitur
1654 1474 1715 1519 ad
1734 1474 1960 1519 rationem

75 1533 402 1589 instrumentiz,
440 1533 563 1578 sicut
603 1534 729 1590 qued
750 1546 920 1590 corpus
942 1535 1127 1590 medici,
1148 1535 1273 1591 quod
1301 1539 1374 1580 est
1407 1535 1772 1582 instrumentum
1794 1537 1962 1582 animae

77 1595 293 1641 habentis
314 1600 479 1652 artem,
504 1596 564 1641 sit
591 1608 760 1641 sanum
784 1597 856 1640 vel
880 1596 1142 1653 infirmum3
1167 1601 1213 1640 et
1232 1596 1352 1642 sicut
1370 1597 1495 1654 quod
1516 1598 1689 1657 fistula,
1713 1611 1795 1655 per
1821 1610 1961 1656 quam

77 1657 244 1703 transit
276 1669 415 1715 aqua,
444 1657 504 1702 sit
522 1663 742 1715 argentea
761 1658 835 1703 vel
860 1658 1094 1715 plumbea.
1124 1657 1252 1703 Unde
1284 1659 1483 1704 ministri
1516 1659 1730 1704 Ecclesiae
1766 1667 1961 1716 possunt

78 1724 368 1764 sacramenta
382 1720 610 1776 conferre,
627 1719 807 1765 etiamsi
823 1720 916 1764 sint
934 1720 1060 1764 mali.

131 1779 198 1825 Ad
217 1782 413 1838 primum
431 1792 545 1837 ergo
575 1781 838 1836 dicendum,
860 1781 983 1838 quod
1025 1780 1224 1826 ministri
1258 1781 1474 1826 Ecclesiae
1511 1795 1664 1839 neque
1701 1781 1729 1827 a
1758 1783 1960 1839 peccatis

78 1840 307 1896 mundant
337 1841 550 1887 homines
571 1842 630 1887 ad
653 1849 943 1887 sacramenta
979 1842 1270 1902 accedentes,
1307 1855 1461 1900 neque
1497 1844 1693 1900 gratiam
1714 1845 1961 1890 conserunt

78 1902 165 1948 sua
179 1903 375 1960 virtute3
393 1904 478 1949 sed
492 1905 580 1949 hoc
598 1904 709 1949 facit
730 1905 938 1949 Christus
961 1906 1049 1950 sua
1068 1909 1294 1960 potestate
1313 1917 1396 1961 per
1411 1917 1491 1950 eos
1511 1905 1631 1950 sicut
1648 1918 1731 1963 per
1746 1907 1959 1963 quaedam

78 1964 401 2010 instrumenta.
422 1968 476 2011 Et
517 1966 620 2011 ideo
657 1966 848 2012 effectus
875 1966 1176 2024 consequitur
1195 1967 1244 2011 in
1277 1967 1638 2025 suscipientibus
1672 1974 1960 2014 sacramenta

69 2039 173 2134 *rign
196 2027 454 2074 secundum
465 2027 816 2075 similitudinem
828 2029 1165 2087 ministrorum,
1181 2030 1264 2074 sed
1276 2030 1535 2076 secundum
1547 2031 1959 2087 configurationem

77 2099 105 2132 a
155 2088 400 2134 Christum.

133 2151 199 2195 Ad
234 2151 477 2195 secundum
498 2150 766 2208 dicendum,
789 2151 915 2208 qued
936 2164 1019 2209 per
1036 2151 1305 2196 charitatem
1320 2151 1530 2197 membra
1547 2153 1711 2198 Christi
1730 2154 1960 2198 uniuntur

78 2224 166 2259 suo
188 2212 343 2270 capiti,
368 2216 423 2258 ut
444 2212 503 2257 ab
524 2225 580 2258 eo
598 2213 740 2257 vitam
760 2214 1002 2270 recipiant,
1038 2214 1162 2271 quia,
1187 2219 1240 2259 ut
1276 2214 1446 2259 dicitur
1461 2218 1511 2268 (1.
1537 2217 1667 2260 Joan.
1689 2230 1750 2275 m,
1776 2218 1866 2273 14),
1884 2220 1960 2272 qui

77 2286 168 2318 non
195 2275 362 2332 ἀίἰὶρίι,
384 2278 536 2319 manet
565 2278 614 2318 in
648 2278 805 2320 morte.
828 2278 982 2320 Potest
1000 2281 1155 2321 autem
1180 2276 1348 2333 aliquis
1369 2277 1550 2333 operari
1572 2289 1656 2334 per
1676 2276 1957 2322 instrumen-

80 2339 178 2382 tum
197 2348 362 2382 carens
383 2336 493 2396 vita,
517 2340 563 2382 et
581 2335 610 2380 a
631 2348 683 2382 se
702 2344 985 2395 separatum,
1005 2338 1234 2395 quantum
1258 2339 1316 2383 ad
1339 2338 1546 2395 corporis
1562 2338 1802 2396 unionem,
1823 2339 1958 2385 dum-

75 2398 216 2444 modo
237 2398 296 2444 sit
315 2398 616 2456 conjunctum
638 2410 722 2455 per
747 2400 997 2456 quamdam
1019 2400 1297 2456 motionem3
1319 2400 1450 2445 aliter
1471 2401 1595 2446 enim
1618 2406 1836 2459 operatur
1849 2405 1958 2448 arti-

75 2457 153 2506 fex
186 2471 270 2518 per
299 2471 510 2518 manum,
530 2463 577 2506 et
604 2459 736 2505 aliter
761 2473 845 2518 per
884 2462 1101 2506 securim.
1145 2462 1217 2507 Sic
1257 2462 1399 2519 igitur
1429 2463 1638 2509 Christus
1672 2469 1891 2521 operatur
1908 2466 1956 2510 in

77 2522 380 2567 sacramentis
401 2524 477 2577 (1),
499 2526 547 2567 et
566 2534 650 2580 per
671 2523 819 2568 bonos
835 2524 1053 2580 tanquam
1074 2536 1156 2581 per
1176 2524 1384 2569 membra
1406 2524 1625 2581 viventia,
1642 2530 1688 2569 et
1705 2538 1789 2581 per
1810 2527 1958 2572 malos

80 2583 300 2639 tanquam
317 2596 400 2641 per
418 2584 727 2630 instrumenta
744 2586 949 2630 carentia
963 2586 1071 2630 vita.

132 2645 198 2690 Ad
224 2649 406 2690 tertium
438 2646 702 2704 dicendum,
730 2648 853 2705 quod
893 2648 1064 2705 aliquid
1100 2652 1171 2692 est
1203 2647 1409 2693 debitum
1446 2660 1550 2693 esse
1586 2648 1637 2692 in
1669 2656 1957 2696 sacramento

79 2705 322 2763 dupliciter
341 2720 354 2751 ε
371 2719 467 2751 uno
485 2708 624 2753 modo
645 2709 765 2754 sicut
780 2710 984 2754 existens
1004 2709 1061 2753 de
1079 2709 1353 2754 necessitate
1383 2709 1678 2766 sacramenti,
1703 2710 1828 2767 quod
1851 2712 1956 2769 qui-

74 2766 184 2812 dem
207 2767 247 2813 si
268 2767 401 2823 desit,
425 2781 520 2814 non
551 2770 786 2827 perficitur
815 2777 1175 2827 sacramentum,
1199 2772 1320 2816 sicut
1339 2771 1378 2815 si
1401 2771 1519 2817 desit
1539 2772 1694 2817 debita
1710 2773 1859 2817 forma
1881 2775 1956 2819 vel

78 2827 233 2874 debita
249 2829 467 2887 materia;
487 2829 578 2875 aiio
593 2830 733 2876 modo
753 2837 825 2877 est
843 2832 1017 2889 aliquid
1034 2832 1240 2876 debitum
1278 2844 1381 2877 esse
1402 2832 1451 2877 in
1474 2838 1766 2878 sacramento
1784 2846 1955 2879 secun-

78 2890 189 2935 dum
207 2890 457 2997 quamffiam
479 2891 753 2950 decentiam,
765 2899 812 2939 et
829 2895 917 2939 hoc
935 2893 1072 2938 modo
1091 2894 1300 2939 debitum
1318 2899 1389 2939 est
1403 2899 1456 2939 ut
1468 2895 1668 2940 ministri
1689 2908 1956 2942 sacramen-

80 2955 230 2996 torum
252 2952 345 2997 sint
391 2951 484 2997 oni.

148 3014 493 3058 ARTICULUS
512 3016 593 3058 v1.
623 3039 680 3047 —
700 3028 837 3060 uranu
868 3030 962 3059 mm
985 3029 1282 3060 umis‘ruAu‘ms
1308 3030 1572 3062 stanuENTA
1595 3032 1778 3062 peccem
1800 3019 1878 3077 (2).

79 3075 128 3112 De
151 3074 206 3111 his
221 3075 326 3111 etiem
344 3077 438 3111 Sent.
459 3083 507 3117 xv,
525 3075 605 3111 dist.
622 3076 655 3117 5,
680 3080 796 3118 quaest.
818 3086 855 3117 ιι,
878 3082 942 3112 art.
959 3079 992 3118 2,
1010 3078 1259 3119 quaestiunc.1v
1277 3090 1370 3120 corp.
1398 3083 1431 3114 et
1456 3079 1537 3114 dist.
1564 3080 1618 3123 49,
1645 3084 1760 3123 quast.
1782 3089 1822 3123 11,
1848 3086 1913 3117 art.

295 3135 389 3165 corp.
408 3127 443 3158 et
462 3123 540 3158 dist.
558 3124 611 3164 24,
630 3129 746 3165 quoest.
766 3134 792 3165 1,
809 3131 875 3160 art.
890 3125 923 3167 2,
941 3127 1138 3167 quaestiunc.
1156 3136 1181 3168 ι,
1207 3132 1241 3160 et
1258 3132 1321 3161 art.
1344 3128 1378 3169 5,
1398 3128 1597 3170 quaestiunc.
1612 3138 1625 3164 1
1642 3135 1677 3164 et
1692 3138 1728 3166 Υ.

131 3170 195 3215 Ad
215 3176 400 3216 sextum
417 3171 485 3215 sic
498 3172 776 3227 proceditur.
799 3176 840 3216 1.
854 3174 1036 3217 Videtur
1055 3173 1179 3230 qued
1198 3174 1644 3221 malisministrantes
1666 3183 1952 3222 sacramenta
2027 3185 2035 3187 “

76 3259 165 3295 dam
177 3262 241 3294 aut
258 3259 519 3302 conferendum
529 3262 729 3304 pertinent,
744 3263 969 3302 servaveric,·
1053 3263 1141 3301 vm).
1164 3262 1262 3303 Quid
1281 3267 1331 3298 est
1345 3265 1477 3307 Apollo
1487 3266 1504 3298 9
1523 3265 1620 3307 Quid
1636 3270 1687 3301 est
1703 3267 1872 3303 Paulus?
1886 3272 1951 3303 etc.

78 3307 274 3344 anathema
287 3308 349 3343 sit.
1056 3309 1097 3351 (I.
1114 3312 1189 3343 Cor.
1211 3310 1276 3351 m).

119 3355 162 3396 (4)
177 3354 251 3390 Ηύῦ
265 3355 414 3397 pertinet
431 3355 609 3398 Scriptura
627 3369 636 3390 ε
652 3356 725 3390 Hic
738 3359 791 3392 est
805 3358 870 3398 qm·
882 3356 971 3400 bap·
1097 3359 1142 3401 (2)
1164 3359 1204 3394 Id
1233 3362 1383 3402 expresse
1409 3362 1558 3398 affirmat
1583 3364 1802 3399 catechismus
1828 3365 1949 3400 concil.

78 3403 171 3438 tizat
194 3403 301 3447 (toan,
323 3403 359 3446 ι).
377 3403 474 3439 Deus
489 3407 541 3439 ese
571 3404 635 3448 qui
654 3405 838 3448 ,iustificat
861 3405 970 3447 (nom.
1057 3407 1211 3443 Trident.
1227 3408 1481 3447 Sacramenta.
1500 3411 1623 3454 inquit,
1639 3413 1750 3455 impii
1767 3422 1810 3446 ea
1820 3413 1950 3447 minis-
