2170 3808
677 193 877 245 QUAEffi.
908 194 1050 248 xxxi,
1072 194 1189 236 ART.
1225 195 1258 236 ll
1285 195 1350 236 ET
1379 194 1448 237 111.
1685 200 1689 203 '
1930 199 2013 241 255

120 286 262 333 quem
277 273 569 332 Augustinus
587 271 840 330 respondet
858 273 999 326 (Cont.
1021 274 1176 317 Faust.
1197 272 1277 316 lib.
1294 287 1410 330 xxm,
1432 285 1535 330 cap.
1562 275 1606 332 8,
1628 272 1687 318 ad
1709 273 1812 327 fin„
1834 279 1879 318 et
1904 286 2009 332 cap.

121 339 185 392 9),
219 335 347 394 quod
380 356 401 375 «
433 339 540 381 cum
565 333 689 379 idem
718 333 1014 390 Evangelista
1039 333 1163 379 dicat
1194 338 1239 378 et
1265 334 1417 379 virum
1447 333 1595 379 Mariae
1625 346 1730 380 esse
1757 335 1942 392 Ioseph,
1965 340 2013 381 et

119 397 287 444 Christi
310 401 508 443 matrem
533 395 764 452 virginem
786 407 908 452 esse,
931 399 978 439 et
1005 395 1237 440 Christum
1268 407 1372 440 csse
1405 408 1465 440 ex
1496 396 1674 442 semine
1703 396 1870 452 David,
1897 396 2012 454 quid

118 463 280 514 restat,
301 457 392 504 nisi
409 457 597 504 credere
614 456 800 501 Mariam
827 468 923 500 non
953 455 1098 500 fuisse
1127 460 1398 500 extraneam
1426 455 1454 499 a
1484 457 1762 514 cognatione
1780 458 1941 516 David,
1966 462 2013 504 et

119 532 223 566 eam
251 519 424 577 Ioseph
440 518 691 575 conjugem
720 530 816 562 non
846 517 1021 562 frustra
1038 516 1319 574 appellatam
1340 521 1530 574 propter
1550 518 1815 563 animorum
1836 520 2010 564 consce-

119 581 423 638 derationem‚
445 579 660 638 quamvis
678 578 721 624 ei
742 591 837 623 non
860 578 999 623 fuerit
1015 590 1156 622 carne
1174 578 1480 633 commixtus,
1502 582 1548 623 et
1578 577 1705 636 quod
1729 579 1884 636 potius
1903 593 2010 638 pro-

117 647 221 698 pter
236 642 511 700 dignitatem
524 640 704 685 virilem
719 639 834 685 ordo
857 639 1214 696 generationum
1233 651 1384 696 usque
1404 638 1463 683 ad
1481 640 1651 696 Joseph
1666 641 1965 696 perducitur?
1983 661 2004 683 »

118 706 172 749 Et
189 716 300 750 mox
319 707 438 760 (cap.
461 706 504 758 9)
523 716 537 747 ε
564 720 584 741 α
603 701 676 747 Sic
691 714 806 759 ergo
830 713 919 746 nos
938 701 1172 746 credimus
1199 700 1338 745 etiarn
1368 699 1551 745 Mariam
1569 700 1716 746 fuisse
1747 701 1805 747 de
1832 715 2011 761 cogna-

120 764 244 811 tione
262 765 420 817 David‚
446 764 557 821 quia
577 763 825 819 scripturis
843 762 1097 816 credimuS,
1114 774 1219 819 quae
1237 766 1488 818 utrumque
1507 761 1686 820 dicunt,
1709 767 1756 806 et
1781 763 2012 810 Christum

116 838 174 871 ex
194 826 374 871 semine
391 826 534 871 David
551 824 813 870 secundum
832 836 1041 880 carnem,
1060 830 1106 868 ct
1124 824 1226 881 eJus
1246 829 1442 867 matrem
1455 823 1657 879 Mariam,
1674 835 1771 868 non
1789 836 1897 869 cum
1912 825 2010 871 viro

117 887 490 942 concumbendo,
520 887 604 933 sed
632 887 879 943 virginem.
903 906 923 926 »
956 889 1013 931 Ut
1041 886 1165 931 enim
1194 885 1303 931 dicit
1331 886 1640 943 Hieronymus
1669 888 1832 943 (Super
1854 888 2009 932 Matth.

116 961 220 1007 cap.
239 952 284 1006 1,
304 961 447 1007 super
466 949 613 994 illud:
636 948 814 992 Christi
832 950 1067 1004 qeneratio
1086 950 1152 990 sic
1175 949 1310 1003 erat),
1336 964 1356 985 «
1375 959 1435 992 ex
1454 959 1551 991 una
1578 947 1704 992 tribu
1727 947 1813 992 fuit
1841 949 2011 1005 loseph

118 1014 164 1053 et
189 1009 353 1067 Μανίας
378 1010 505 1055 unde
532 1022 592 1056 ex
619 1010 723 1066 lege
753 1011 817 1064 (1).
828 1021 931 1054 eam
952 1009 1162 1065 accipere
1188 1007 1442 1064 cogebatur
1468 1013 1521 1051 ut
1547 1009 1859 1066 propinquam
1878 1025 1888 1053 z
1904 1022 2011 1066 pro·

113 1075 217 1127 pter
233 1071 361 1130 quod
380 1076 428 1118 et
448 1071 590 1117 simul
611 1075 864 1117 censentur
882 1071 928 1115 in
950 1070 1232 1128 Bethlehem,
1256 1069 1391 1127 quasi
1412 1069 1553 1114 simul
1571 1069 1630 1115 de
1652 1083 1748 1114 una
1764 1070 1910 1128 stirpe
1931 1082 2011 1128 ge·

114 1133 291 1179 nei-ati.
312 1153 333 1172 ι»

167 1195 234 1240 Ad
275 1196 522 1240 secundum
539 1194 814 1250 dicendum,
838 1193 966 1251 quod
996 1193 1105 1238 huic
1144 1193 1392 1250 objectioni
1421 1193 1666 1249 Gregorius
1694 1194 2011 1240 Nazianzenus

114 1255 358 1312 (implic.in
375 1259 582 1303 carm.38
601 1258 658 1303 de
670 1256 915 1312 Genealog.
932 1255 1114 1313 Christi,
1128 1260 1175 1300 et
1191 1255 1496 1311 Augustinus,
1509 1257 1570 1300 De
1584 1267 1819 1300 consensu
1833 1258 2007 1313 Evang,

111 1315 190 1361 lib.
216 1330 248 1371 1,
271 1330 374 1376 cap.
392 1322 437 1377 2,
457 1323 504 1363 et
522 1319 603 1363 lib.
628 1333 674 1374 n,
695 1331 799 1375 cap.
820 1321 859 1370 3)
882 1318 1131 1374 respondet
1150 1318 1328 1373 dicens,
1354 1317 1480 1374 quod
1507 1336 1527 1355 a
1548 1317 1638 1361 hoc
1663 1321 1783 1362 nutu
1805 1329 2011 1375 superno

111 1378 317 1436 contigit,
331 1383 385 1423 ut
402 1379 582 1436 regium
606 1392 756 1436 genus
777 1378 1050 1424 sacerdotali
1066 1379 1197 1436 stirpi
1212 1378 1503 1435 Jungeretur,
1520 1383 1574 1423 ut
1594 1377 1818 1432 Christus,
1834 1378 1914 1435 qui
1927 1391 2010 1423 rex

110 1444 182 1484 est
194 1445 241 1485 et
260 1441 493 1497 sacerdos,
513 1441 572 1486 ab
587 1442 798 1499 utrisque
813 1446 1082 1486 nasceretur
1098 1441 1359 1486 secundum
1373 1452 1576 1485 carnem.
1599 1458 1620 1477 n
1639 1439 1767 1485 Unde
1781 1445 1828 1485 et
1840 1443 2008 1501 Aaron,

109 1500 191 1556 qui
213 1501 302 1546 fnit
327 1501 506 1559 primus
527 1503 745 1548 sacerdos
768 1503 1027 1547 secundum
1047 1501 1214 1558 legem,
1236 1501 1368 1547 duxit
1392 1514 1450 1547 ex
1478 1501 1602 1546 tribu
1626 1502 1742 1546 Juda
1759 1501 2010 1559 conjugem

109 1560 340 1607 Elisabeth
359 1563 501 1608 filiam
521 1565 795 1610 Aminadab.
825 1565 896 1608 Sic
919 1576 1030 1620 ergo
1050 1565 1199 1621 potuit
1221 1564 1319 1609 fieri
1344 1568 1395 1608 ut
1415 1569 1547 1621 pater
1564 1563 1796 1608 Elisabeth
1807 1564 2007 1621 aliquam

110 1634 303 1670 uxorem
324 1625 538 1672 habuerit
565 1627 623 1672 de
645 1628 788 1683 stirpe
814 1626 973 1684 David,
1003 1626 1183 1671 ratione
1211 1626 1347 1683 cujus
1378 1627 1428 1670 B.
1453 1626 1588 1682 Virgo
1622 1626 1772 1685 Maria,
1796 1638 1902 1683 quae
1924 1625 2010 1670 fuit

111 1682 169 1728 de
187 1684 329 1742 stirpe
347 1687 508 1743 David,
531 1693 656 1733 esset
671 1687 905 1732 Elisabeth
923 1693 1140 1743 cognata,
1164 1688 1240 1732 vel
1256 1686 1410 1744 potius
1429 1687 1455 1731 e
1470 1699 1713 1742 converse,
1734 1687 1857 1744 quod
1878 1692 2010 1744 pater

109 1745 157 1789 B.
174 1746 321 1790 Mariae
340 1747 397 1792 de
415 1748 557 1805 stirpe
570 1749 713 1793 David
730 1748 951 1804 existens,
967 1761 1160 1794 uxorem
1183 1749 1396 1794 hahuerit
1414 1749 1471 1794 de
1486 1748 1631 1805 stirpe
1649 1751 1800 1793 Aaron
1819 1764 1831 1793 z
1847 1749 1937 1804 vel,
1952 1750 2011 1794 si-

110 1811 189 1850 cut
209 1808 496 1863 Augustinus
513 1809 624 1854 dicit
646 1812 825 1864 (Contra
853 1811 1089 1866 Faustum,
1122 1808 1200 1853 lib.
1223 1824 1337 1863 xxm,
1366 1822 1467 1866 cap.
1493 1812 1555 1866 9),
1575 1810 1615 1854 si
1637 1810 2009 1867 Joachi‘m,pater

108 1868 272 1923 Mariae,
294 1869 352 1914 de
373 1870 515 1927 stirpe
536 1876 684 1915 Aaron
707 1871 792 1914 fuit
820 1873 888 1923 (ut
915 1873 1110 1915 Faustus
1130 1872 1376 1916 haereticus
1398 1884 1480 1928 per
1503 1872 1730 1928 quasdam
1756 1872 2009 1929 scripturas

108 1932 399 1988 apocryphas
414 1932 680 1987 asserebat),
701 1932 984 1977 credendum
1000 1939 1069 1977 est
1093 1933 1219 1989 quod
1239 1939 1387 1978 mater
1404 1934 1610 1977 Joachim
1629 1933 1770 1978 fuerit
1787 1934 1844 1979 de
1865 1934 2008 1991 stirpe

107 1991 267 2051 David,
297 1992 373 2038 vel
401 1993 538 2037 etiam
560 2005 679 2039 uxor
710 1993 829 2050 ejus,
859 1994 921 2037 ita
944 1999 997 2037 ut
1020 2005 1104 2050 per
1127 1994 1332 2050 aliquem
1362 1994 1773 2039 modum·Mariam
1797 1995 2007 2040 dicamus

107 2052 255 2097 fuisse
271 2052 333 2098 de
348 2054 493 2111 stirpe
506 2054 665 2100 David.

159 2113 228 2159 Ad
249 2118 434 2159 tertium
461 2115 729 2170 dicendum,
753 2115 876 2172 quod
901 2128 981 2173 per
1008 2115 1137 2161 illam
1169 2116 1492 2162 auctoritatem
1523 2118 1860 2174 propheticam,
1885 2118 2007 2165 sicut

108 2174 374 2221 Ambrosius
394 2175 504 2221 dicit
519 2178 679 2234 (Super
694 2179 881 2233 Lucam,
898 2189 999 2233 cap.
1017 2179 1061 2234 3,
1083 2189 1186 2233 sup.
1209 2177 1352 2222 illud:
1374 2181 1460 2233 Qui
1478 2180 1566 2228 fuit
1586 2178 1848 2236 Salathz’el),
1872 2197 1893 2218 α
1910 2193 2005 2226 non

106 2241 303 2293 negatur
323 2249 383 2282 ex
410 2239 588 2283 semine
604 2238 842 2283 *Jechoniae
870 2243 1081 2296 posteros
1103 2239 1387 2295 nascituros,
1422 2244 1467 2284 et
1489 2239 1593 2285 ideo
1621 2239 1679 2285 de
1701 2241 1881 2287 semine
1904 2242 2006 2300 ejus

106 2298 310 2344 Christus
332 2304 416 2345 est.
443 2302 498 2344 Et
518 2299 644 2358 quod
673 2301 885 2357 regnavit
908 2300 1130 2357 ChristuS,
1160 2313 1253 2346 non
1282 2304 1444 2346 contra
1466 2302 1754 2359 prophetiam
1781 2310 1876 2361 est3
1910 2318 2003 2350 non

105 2359 230 2404 enim
245 2359 454 2405 saeculari
475 2362 651 2407 hon-ore
674 2362 910 2420 regnavit3
931 2362 1032 2419 ipse
1053 2363 1179 2408 enim
1202 2363 1346 2408 dixit:
1370 2366 1567 2420 Reqnum
1593 2378 1740 2409 meum
1757 2379 1848 2410 non
1860 2370 1927 2411 est
1947 2369 2004 2412 de

13 2415 31 2435 ⁸
104 2419 187 2464 hoc
208 2423 389 2467 munda
412 2441 433 2462 »

104 2483 446 2528 ARTICULUS
473 2487 553 2528 111.
578 2509 635 2517 —
657 2498 792 2529 unum
820 2498 1132 2530 mmmmm-En
1162 2499 1417 2531 οΕΝΕΑιοσυ.
1439 2500 1602 2531 cums-ri
1630 2502 1679 2531 AB
1710 2502 2003 2536 anscausus

903 2562 1111 2592 TEXATUR.

746 2616 795 2650 De
819 2616 872 2651 his
885 2616 987 2651 etiam
1007 2617 1131 2653 Matth.
1148 2627 1175 2661 ι,
1194 2618 1276 2653 Luc.
1297 2627 1353 2653 ιιι.

157 2666 226 2712 Ad
251 2667 437 2713 tertium
459 2669 527 2714 sic
556 2670 836 2728 proceditur.
861 2675 905 2717 1.
927 2672 1112 2716 Videtur
1143 2673 1267 2730 quod
1291 2673 1561 2731 genealogia
1589 2675 1753 2720 Christi
1783 2675 2000 2724 inconve-

104 2725 282 2773 nienter
299 2730 358 2774 ab
376 2732 682 2787 Evangelistis
699 2737 898 2778 texatur.
918 2734 1091 2778 Dicitur
1114 2735 1240 2779 enim
1261 2737 1364 2788 (Isa.
1390 2749 1479 2792 mn,
1502 2738 1543 2790 8)
1562 2736 1619 2782 de
1638 2737 1843 2783 Christo:
1861 2741 2000 2784 Gene-

104 2790 325 2833 rationem
342 2793 436 2847 ejus
457 2796 555 2848 quis
573 2795 839 2839 enarrabit?
860 2798 980 2853 Ergo
1000 2808 1095 2840 non
1117 2796 1207 2841 fuit
1229 2797 1467 2853 generatio
1488 2798 1649 2843 Christi
1668 2801 1941 2846 enarranda.

158 2850 204 2895 2.
240 2852 475 2902 Praeterea,
510 2855 794 2912 impossibile
821 2862 892 2902 est
925 2870 1071 2902 unum
1102 2858 1335 2903 hominem
1366 2859 1485 2903 duos
1506 2865 1662 2916 patres
1695 2861 1880 2907 hahere.
1912 2864 1999 2909 Sed

103 2911 338 2957 Matthaeus
356 2913 467 2958 dicit
494 2916 612 2973 (cap.
629 2919 673 2970 1,
695 2920 782 2974 16),
805 2919 931 2976 qued
947 2919 1086 2964 Jacob
1111 2923 1263 2975 yenuit
1279 2920 1444 2976 ,loseph
1470 2925 1618 2965 virum
1638 2925 1825 2974 Mariae,·
1851 2926 1997 2970 Lucas

103 2977 255 3079 autebm
283 2974 390 3019 dicit
417 2977 532 3033 (cap.
554 2979 617 3032 ·3),
636 2979 805 3036 Joseph
822 2980 969 3026 fuisse
992 2980 1142 3026 filium
1159 2981 1272 3025 Heli.
1299 2983 1417 3038 Ergo
1436 2983 1666 3027 contraria
1688 2983 1776 3028 sibi
1799 2983 1995 3031 invicem

103 3043 191 3079 scri
226 3040 325 3080 unt.

157 3095 198 3140 3.
230 3097 470 3153 Praeterea,
489 3098 702 3144 videntur
718 3099 767 3144 in
790 3102 1069 3158 quibusdam
1084 3102 1112 3147 a
1130 3103 1400 3148 seinvicem
1422 3105 1735 3151 diversificari.
1757 3108 1997 3155 Matthaeus

101 3153 229 3200 enim
249 3155 297 3200 in
312 3158 538 3216 principio
557 3160 662 3205 libri
680 3161 904 3219 incipiens
919 3165 979 3208 ab
997 3165 1224 3209 Abraham
1239 3165 1563 3212 descendendo
1581 3180 1732 3225 usque
1753 3169 1813 3213 ad
1826 3172 1995 3228 Ioseph

101 3217 411 3287 quadraginta
432 3223 548 3268 duas
565 3224 885 3279 generationes
900 3232 1142 3271 enumerat
1158 3230 1233 3281 (2).
1255 3231 1400 3272 Lucas
1414 3234 1567 3273 autem
1584 3235 1689 3287 post
1710 3230 1992 3287 baptismum

143 3313 297 3357 (UQuod
313 3320 442 3351 constat
458 3330 497 3354 ex
510 3319 613 3353 Num.
624 3319 702 3356 ult„
718 3332 784 3360 quo
797 3319 931 3354 feminee
944 3326 1000 3360 iu·
1085 3332 1149 3357 nes
1176 3324 1300 3367 itaque
1328 3327 1582 3367 qenerationes
1605 3327 1648 3361 ab
1670 3327 1858 3363 Abraham
1877 3338 1993 3372 usquo

103 3358 246 3396 bebatur
264 3363 348 3397 viris
361 3364 508 3402 ejusdem
531 3366 640 3400 tribus
654 3372 688 3402 et
709 3368 845 3401 familiae
859 3369 999 3404 nubere.
1085 3371 1134 3404 ad
1166 3371 1283 3404 David
1315 3375 1566 3414 qenerationes
1595 3376 1871 3419 quatuordecim
1906 3381 1938 3411 et
1968 3376 1992 3411 ὰ

144 3406 188 3450 (2)
202 3409 309 3445 Prout
330 3412 471 3447 resumit
492 3413 560 3455 ipse
580 3425 666 3448 vers.
686 3414 740 3456 17,
756 3415 895 3449 dicens:
918 3415 1000 3450 Om·
1086 3417 1206 3452 David
1237 3421 1426 3463 usquexad
1466 3424 1840 3467 transmigrationem
1871 3422 1989 3469 Baby-
