2170 3808
158 209 212 251 18
769 209 967 261 Qufnsr.
992 209 1045 264 n,
1072 209 1190 252 ART.
1221 209 1256 251 11
1281 210 1345 252 ET
1373 209 1441 252 ln.

158 287 204 333 in
239 287 452 332 rationali
472 290 654 343 natura)
676 288 816 333 habet
837 289 1063 333 rationem
1085 301 1314 345 personae,
1340 290 1425 334 sed
1447 288 1598 333 solum
1622 288 1736 332 illud
1757 287 1883 345 quod
1904 299 1988 343 per
2004 298 2056 333 se

156 349 330 407 existit,
348 363 441 394 non
459 358 616 396 autem
634 351 750 395 illud
769 351 895 407 quod
909 352 1067 396 existit
1087 352 1135 395 in
1155 352 1246 396 alio
1264 351 1542 410 perfectiori.
1566 351 1695 396 Unde
1711 363 1881 395 manus
1898 352 2054 394 Socra—

155 410 234 467 vtiS,
258 412 472 468 quamvis
496 412 553 456 sit
575 411 810 468 quoddam
834 412 1144 468 individuum,
1171 425 1265 457 non
1301 417 1458 458 tamen
1487 416 1559 458 est
1582 425 1801 469 persona,
1827 411 1937 468 quia
1959 423 2051 455 non

158 484 242 530 per
258 486 310 519 se
333 473 506 528 existit,
524 474 674 519 sedin
696 474 897 531 quodam
919 475 1196 532 perfectiori,
1219 474 1394 520 scilicet
1423 474 1471 518 in
1495 486 1581 519 suo
1601 479 1712 519 toto.
1738 476 1791 517 Et
1811 474 1899 517 hoc
1917 472 2053 519 etiam

159 538 311 591 potest
343 534 595 594 significari
613 535 661 579 in
687 536 774 580 hoc
795 536 921 593 quod
952 549 1152 594 persona
1175 536 1343 581 dicitur
1372 535 1635 580 substantia
1669 535 1931 580 individua:
1959 545 2049 577 non

158 595 284 640 enim
301 609 468 642 manus
490 601 562 642 est
579 597 841 642 substantia
863 599 1107 655 completa,
1130 599 1211 643 sed
1235 611 1343 655 pars
1362 597 1652 643 substantiae.
1672 598 1796 642 Licet
1820 607 1928 652 ergo
1951 594 2050 638 haee

159 658 364 704 humana
383 663 549 704 natura
570 660 632 704 sit
644 660 878 717 quoddam
892 660 1188 705 individuum
1202 660 1250 704 in
1266 672 1437 716 genere
1452 659 1745 715 substantiae,
1768 659 1878 716 quia
1898 662 2051 701 tamen
2106 716 2109 718 q

160 731 253 764 non
277 732 361 776 per
378 733 430 765 se
452 722 703 778 separatim
724 722 893 780 existit,
915 722 998 767 sed
1018 722 1065 766 in
1089 721 1292 779 quodam
1308 721 1584 779 perfectiori,
1602 721 1778 766 scilicet
1794 720 1840 764 ln
1858 728 2054 777 persona

158 781 235 828 Dei
255 782 406 839 Verbi,
437 796 731 842 consequens
751 789 823 829 est
857 784 983 842 quod
1000 797 1099 829 non
1122 784 1292 830 habeat
1315 785 1691 841 personalitatem
1721 783 1968 840 propriam.
1997 782 2056 827 Et«

156 842 260 888 ideo
275 844 396 889 facta
419 851 490 890 est
511 847 620 892 unio
642 847 691 891 in
710 858 914 903 persona
937 849 1013 900 (1).

158 908 498 953 ARTICULUS
519 912 601 953 111.
626 934 682 941 —
706 922 842 953 uranu
872 922 971 953 nmo
998 922 1121 952 vnum
1143 922 1359 952 mmmmm
1388 920 1523 953 neu
1550 922 1617 953 sir
1641 922 1682 953 m
1709 919 1952 963 SUPPosl‘ro,
1973 919 2052 951 vm.

949 985 1166 1016 nrrosrxsl
1185 975 1261 1026 (2).

160 1035 209 1071 De
223 1036 277 1071 his
291 1037 396 1072 etiam
415 1040 509 1074 Sem.
525 1048 581 1081 ιιι,
596 1040 675 1075 dist.
692 1042 725 1083 6,
741 1043 856 1083 quaest·
874 1049 900 1082 Ι,
917 1041 1011 1075 artui
1024 1068 1034 1081 ,
1048 1045 1082 1075 et
1100 1041 1176 1076 dist.
1187 1040 1220 1081 7,
1235 1045 1350 1082 quaest.
1366 1049 1392 1085 1,
1408 1044 1475 1076 art.
1491 1041 1524 1084 4,
1542 1044 1575 1076 et
1594 1040 1672 1076 dist.
1688 1041 1731 1075 {0
1742 1067 1752 1082 ‚
1768 1043 1883 1083 quaest.
1898 1048 1924 1081 1,
1939 1043 2005 1074 art.
2019 1039 2054 1083 2,

196 1088 314 1126 quaest.
331 1094 385 1128 111,
403 1091 436 1121 et
452 1087 551 1123 Cont.
575 1094 668 1129 gent.
687 1089 751 1124 lib.
770 1098 818 1130 lv,
836 1100 909 1131 cap.
924 1089 979 1130 54,
994 1089 1036 1123 57
1052 1093 1086 1124 et
1107 1090 1161 1132 59,
1179 1094 1213 1124 et
1229 1089 1278 1124 De
1298 1089 1422 1124 unione
1435 1089 1555 1130 Verbi,
1578 1093 1643 1124 art.
1660 1090 1692 1132 i,
1710 1088 1732 1123 2
1750 1094 1784 1123 et
1803 1090 1838 1131 5,
1855 1086 1897 1123 a'd
1914 1089 1934 1123 ⁴
1948 1115 1957 1129 ‚
1971 1089 2005 1129 5,
2019 1088 2052 1128 9,

194 1139 230 1171 et
244 1136 360 1177 quodi.
376 1145 430 1179 iv,
450 1143 515 1172 nrt.
534 1139 566 1179 8,
579 1145 615 1173 et
630 1140 749 1180 quodi.
766 1147 812 1180 IX,
828 1143 943 1181 quaest.
959 1148 999 1181 11,
1015 1145 1082 1175 art.
1099 1139 1114 1174 4
1132 1144 1168 1174 et
1186 1141 1209 1176 ὅ
1228 1152 1320 1182 corp.
1335 1143 1372 1175 et
1385 1141 1509 1182 Opusc.
1525 1148 1551 1182 1,
1566 1151 1639 1182 cap.
1653 1139 1689 1174 24
1710 1143 1744 1174 ct
1756 1139 1811 1181 22,
1826 1144 1860 1174 et
1873 1139 1997 1180 opusc.
2013 1146 2052 1178 ιι.

193 1195 266 1225 eap.
280 1184 358 1226 247,
373 1186 448 1225 248,
467 1186 533 1221 2⁴9
548 1192 582 1222 et
594 1188 671 1222 220.

209 1238 276 1283 Ad
300 1239 486 1284 tertium
506 1242 576 1286 sic
594 1242 874 1298 proceditur.
896 1246 939 1287 1.
968 1242 1155 1287 Videtur
1173 1242 1299 1299 quod
1324 1242 1435 1287 unio
1458 1242 1593 1288 Verbi
1616 1241 1846 1287 incarnati
1872 1254 1969 1286 non
1994 1241 2056 1286 sit

153 1300 276 1345 facta
295 1301 346 1347 in
362 1304 617 1360 supposit0‚
642 1305 741 1348 sive
763 1304 811 1348 in
833 1304 1090 1360 hypostasi.
1125 1304 1241 1349 Dicit
1267 1304 1395 1349 enim
1419 1304 1710 1361 Augustinus
1724 1304 1925 1358 (Enchir.
1944 1315 2052 1359 cap.

146 1363 247 1418 ⁷35):
265 1385 286 1403 ιι
308 1365 469 1410 Divina
488 1365 750 1409 substantia
769 1369 815 1409 et
837 1366 1063 1420 humana,
1085 1370 1283 1421 utraque
1309 1370 1381 1410 est
1401 1378 1526 1411 unus
1545 1365 1621 1410 Dei
1643 1366 1804 1421 Filius,
1826 1365 1910 1410 sed
1929 1365 2055 1409 aliud

154 1433 340 1482 propter
357 1427 554 1470 Verbum
565 1459 580 1482 ,
601 1431 648 1469 et
660 1425 786 1471 aliud
805 1430 993 1482 propter
1005 1426 1263 1471 hominem.
1287 1445 1306 1464 »ι
1328 1429 1417 1471 Leo
1432 1440 1553 1484 papa
1566 1427 1706 1472 etiam
1719 1427 1830 1472 dicit
1849 1426 1897 1471 in
1917 1425 2054 1483 epist.

154 1487 212 1532 ad
233 1490 504 1533 Flavianum
526 1491 597 1541 (28
614 1488 660 1531 in
682 1488 790 1532 edit.
814 1490 924 1532 Ven.
948 1493 1054 1533 ante
1080 1489 1248 1544 med.):
1274 1507 1294 1526 «
1320 1491 1470 1533 Unum
1491 1491 1660 1535 horum
1680 1494 1896 1534 coruscat
1915 1488 2054 1533 mira—

146 1549 295 1605 v-culiS,
314 1550 441 1594 aliud
466 1550 731 1594 succumbit
752 1549 952 1606 injuriis.
979 1568 1000 1588 »
1024 1550 1112 1594 Sed
1130 1550 1257 1595 aliud
1275 1557 1322 1595 et
1339 1551 1468 1595 aliud
1486 1551 1639 1596 differt
1657 1551 1915 1608 supposito.
1938 1553 2056 1606 Ergo

74 1622 78 1627 ’
123 1623 125 1625 ·
153 1612 266 1656 unio
285 1613 415 1657 Verbi
436 1612 663 1656 incarnati
684 1625 778 1656 non
803 1617 871 1656 est
887 1612 1009 1656 facta
1028 1613 1075 1656 in
1096 1613 1355 1670 supposito.

207 1676 250 1716 2.
275 1676 524 1730 Praeterea,
544 1674 811 1731 hypostasis
841 1674 955 1718 nihii
974 1675 1100 1719 aliud
1128 1680 1202 1719 est
1222 1675 1362 1731 quam
1381 1676 1648 1720 substantia
1667 1674 1985 1732 particularis,
2003 1681 2057 1721 ut

152 1735 337 1779 Boetius
357 1736 470 1780 dicit
487 1735 585 1790 (lib.
612 1739 675 1780 De
698 1736 838 1780 duab.
861 1741 957 1780 nat.
979 1735 1204 1793 aliquant.
1228 1737 1256 1781 a
1284 1737 1469 1794 princ.).
1490 1738 1781 1782 Manifestum
1809 1742 1879 1782 est
1897 1742 2054 1782 autem

150 1796 277 1852 quod
294 1798 342 1840 in
360 1797 541 1842 Christo
563 1803 636 1842 est
646 1798 861 1854 quaedam
878 1798 967 1842 alia
980 1799 1247 1843 substantia
1265 1799 1560 1856 particularis
1578 1804 1746 1856 praeter
1764 1799 2054 1857 hypostasim

152 1858 312 1914 Verbi,
340 1860 517 1904 scilicet
539 1872 731 1917 corpus,
768 1867 813 1905 et
838 1861 994 1904 anima
1011 1895 1025 1915 ,
1058 1865 1104 1905 et
1127 1861 1439 1918 compositum
1458 1873 1520 1906 ex
1541 1862 1625 1906 eis.
1644 1864 1765 1918 Ergo
1782 1861 1833 1906 in
1861 1861 1965 1919 ipso
1984 1865 2057 1907 est

141 1920 242 1964 »alia
260 1921 526 1978 hypostasis
542 1926 710 1978 praeter
729 1923 1018 1980 hypostasim
1042 1923 1191 1989 Verbi.

205 1985 248 2027 3.
284 1986 532 2041 Praeterea,
555 1984 822 2041 hypostasis
853 1986 986 2029 Verbi
1023 1998 1118 2029 non
1138 1986 1409 2031 continetur
1429 1987 1478 2031 in
1506 1987 1663 2044 aliquo
1681 1997 1880 2043 genere,
1905 1998 2057 2043 neque

151 2044 240 2088 sub
270 2045 451 2101 specie,
471 2051 524 2089 ut
546 2050 671 2102 patet
693 2060 752 2091 ex
766 2047 840 2091 his
861 2044 966 2104 {Juae
982 2047 1029 2091 in
1050 2048 1200 2104 prima
1227 2052 1358 2104 parte
1378 2048 1502 2093 dicta
1529 2053 1642 2093 sunt
1671 2051 1770 2105 (qu.
1789 2062 1857 2104 111,
1881 2052 1970 2092 art.
1992 2050 2053 2103 5).

152 2105 241 2150 Sed
273 2106 483 2150 Christus
497 2139 512 2164 ,
547 2109 812 2152 secundum
841 2109 968 2165 quod
997 2113 1072 2153 est
1105 2108 1257 2153 factus
1287 2109 1426 2154 homo
1438 2143 1452 2165 ,
1489 2110 1755 2154 continetur
1781 2109 1870 2154 sub
1900 2109 2054 2166 specie

150 2166 355 2211 humana
368 2184 380 2211 ε
396 2169 506 2213 dicit
519 2170 643 2213 enim
653 2170 901 2227 Dionysius
916 2171 993 2226 (De
1002 2171 1096 2214 div.
1112 2183 1238 2214 nom.
1252 2182 1353 2227 cap.
1365 2174 1411 2227 1,
1423 2175 1533 2216 ante
1545 2172 1668 2217 med.
1677 2171 1804 2228 ,lect.
1814 2173 1880 2226 2):
1898 2189 1918 2210 c<
1931 2171 2054 2216 Intra

154 2232 330 2272 uaturae
364 2234 531 2274 nostrae
556 2232 781 2275 terminos
813 2232 966 2288 venit,
989 2232 1067 2288 qui
1085 2244 1273 2276 omnem
1293 2233 1436 2277 totius
1460 2236 1640 2277 naturae
1661 2233 1874 2278 ordinem
1893 2246 2053 2290 super-

140 2289 408 2335 eminenter
427 2292 625 2336 excedit.
653 2312 672 2331 »
696 2296 797 2338 Non
817 2299 973 2338 autem
998 2289 1370 2338 continetufsub
1395 2295 1553 2351 specie
1572 2295 1802 2353 humana,
1826 2295 1913 2341 nisi
1934 2297 2053 2341 sicut

150 2351 417 2408 hypostasis
445 2353 659 2408 quaedam
682 2355 901 2400 humanae
921 2355 1109 2412 speciei.
1135 2359 1254 2412 Ergo
1279 2355 1326 2400 in
1357 2357 1536 2401 Christo
1558 2362 1630 2402 est
1664 2357 1757 2402 alia
1786 2359 2052 2416 hypostasis

150 2417 320 2468 praeter
332 2413 623 2471 hypostasim
641 2416 776 2460 Verbi
793 2417 895 2472 Dei,
918 2422 965 2462 et
986 2417 1054 2461 sic
1070 2417 1195 2461 idem
1213 2417 1340 2473 quod
1356 2418 1503 2474 prius.

207 2474 295 2520 Sed
308 2479 472 2520 contra
489 2480 561 2520 est
573 2477 699 2532 quod
710 2480 1023 2523 Damascenus
1033 2479 1145 2524 dicit
1156 2480 1296 2534 (Orth.
1317 2479 1398 2524 fid.
1415 2480 1498 2525 lib.
1516 2493 1577 2538 111,
1592 2493 1694 2537 cap.
1711 2483 1755 2537 3,
1772 2485 1799 2526 4
1817 2487 1863 2527 et
1880 2486 1923 2538 5)
1934 2497 1949 2528 t
1969 2502 1989 2521 a
2001 2487 2050 2529 In

140 2536 342 2594 ,Domino
360 2540 468 2582 Jesu
486 2538 664 2582 Christo
689 2539 806 2584 duas
823 2546 1017 2585 naturas
1029 2541 1346 2598 agnoscimus,
1366 2554 1511 2587 unam
1533 2549 1689 2587 autem
1702 2544 2007 2602 hypostasim.
2028 2565 2048 2586 ι»

197 2604 490 2645 CONCLUSIO.
508 2626 555 2634 —-
573 2606 779 2646 lucaman
793 2608 913 2648 Verbi
935 2609 1134 2650 unionem
1151 2610 1303 2650 saetam
1324 2620 1410 2650 esse
1426 2610 1472 2649 in
1496 2609 1710 2662 hypostasi
1730 2616 1771 2652 et
1793 2612 1938 2654 divino
1952 2627 2052 2667 sup-

152 2658 281 2709 posito
306 2659 555 2700 credendum
570 2664 646 2701 est.

201 2724 476 2780 Respondeo
496 2724 748 2770 dicendum
766 2727 894 2784 quod
909 2729 1099 2785 quidam
1125 2730 1184 2785 (3)
1207 2729 1480 2786 ignorantes
1494 2729 1817 2776 habitudinem
1832 2734 2050 2791 hyposta-

150 2782 216 2828 sis
238 2784 298 2828 ad
320 2797 584 2842 personam,
607 2786 715 2832 iicet
727 2789 1041 2835 concederent
1058 2790 1105 2834 in
1128 2790 1307 2835 Christo
1323 2802 1470 2835 unam
1501 2791 1648 2836 solam
1676 2805 1941 2850 personam,
1965 2808 2050 2852 po-

139 2851 346 2890 suerunt
361 2851 516 2891 tamen
527 2848 664 2892 aliam
679 2849 968 2907 hypostasim
981 2851 1075 2908 Dei,
1093 2859 1140 2896 et
1152 2852 1293 2896 aliam
1308 2851 1528 2908 hominis,
1546 2865 1601 2897 ac
1616 2853 1654 2897 si
1665 2854 1777 2898 unio
1796 2856 1855 2899 sit
1869 2856 1988 2902 facta
2001 2859 2049 2903 in

150 2918 364 2964 persona,
383 2909 535 2953 nonin
548 2911 806 2968 hypostasi.
819 2913 949 2965 Quod
961 2915 1151 2971 quidem
1161 2919 1354 2971 apparet
1363 2927 1611 2960 erroneum
1625 2916 2048 2979 tripliciter-Primo,

148 2969 298 3013 exhoc
307 2970 434 3026 quod
445 2983 643 3027 persona
652 2985 794 3030 super
807 2975 1096 3032 hypostasim
1112 2989 1208 3020 non
1215 2976 1444 3022 additnisi
1454 2976 1807 3023 determinatam
1817 2985 2047 3038 naturam,

142 3031 325 3086 ‘scilicet
342 3033 631 3091 rationalem,
643 3038 902 3082 secundum
918 3039 1044 3096 quod
1058 3039 1243 3084 Boetius
1258 3038 1371 3084 dicit
1390 3039 1487 3094 (lib.
1499 3043 1562 3085 De
1575 3040 1715 3085 duab.
1738 3047 1892 3088 natur.
1905 3044 2046 3102 aliqu.

149 3092 176 3136 a
205 3093 391 3152 princ.),
421 3095 548 3152 quod
587 3115 607 3135 ιι
625 3110 824 3154 persona
859 3105 932 3146 est
964 3101 1203 3147 rationalis
1234 3106 1413 3146 naturae
1435 3102 1675 3148 individua
1710 3104 1997 3150 substantia:
2023 3122 2047 3146 ι

189 3201 233 3243 (4)
256 3201 302 3235 Ex
319 3201 372 3236 his
389 3202 617 3244 colligendum
643 3211 692 3239 est
710 3205 749 3241 B.
765 3207 940 3248 Virginem
953 3211 1051 3251 vere,
1139 3210 1192 3246 vel
1209 3222 1249 3245 ex
1276 3210 1467 3251 ignorantia
1489 3216 1654 3254 errantes,
1681 3213 1770 3248 male
1797 3213 2049 3253 distinguebant

147 3249 284 3292 proprie
299 3254 333 3285 et
357 3251 523 3287 catholice
547 3252 615 3287 dici
640 3257 687 3286 0εὸ
691 3268 777 3287 οοοοο
805 3268 863 3290 seu
882 3257 1052 3299 deiparam
1137 3264 1314 3299 personam
1325 3258 1365 3293 ab
1379 3258 1558 3300 hypostasi.
1575 3265 1607 3293 et
1625 3262 1902 3297 concesserantin
1916 3264 2048 3301 Christo

147 3301 181 3332 et
200 3308 269 3331 non
294 3299 402 3333 solum
427 3305 618 3342 χρμ-εότοκον
654 3313 713 3336 seu
742 3303 991 3348 christiparam,
1014 3312 1052 3340 ut
1136 3317 1206 3341 esse
1227 3306 1365 3347 quidem
1396 3318 1499 3341 unum
1521 3308 1653 3342 tantam
1672 3319 1866 3351 personam,
1887 3312 1944 3347 sed
1967 3312 2048 3346 duas

137 3346 370 3381 contendebat
386 3346 572 3400 Nestorius.
1137 3355 1327 3397 hypostases
1346 3363 1404 3390 aut
1428 3356 1612 3397 supposita.

189 3393 231 3434 (2)
258 3394 295 3427 id
315 3399 435 3435 quaerit
454 3395 489 3429 S.
509 3397 635 3431 Ductor
653 3402 772 3433 contra
801 3400 961 3440 quosdam
983 3401 1051 3435 hae-
1182 3403 1222 3444 (5)
1249 3403 1289 3438 In
1313 3403 1366 3438 his
1398 3405 1429 3441 a}
1443 3403 1644 3445 quibusdam
1675 3409 1840 3447 putantur
1865 3407 2046 3450 aliquande

147 3440 330 3483 reticosqui
341 3442 394 3480 vel
407 3455 558 3479 errorem
574 3457 672 3481 suum
690 3445 859 3482 occultare
877 3448 1046 3491 volentes,
1135 3451 1236 3487 fuisse
1249 3451 1423 3488 Nestorius
1440 3456 1475 3489 et
1492 3452 1685 3490 Dioscorus.
