2170 3808
803 242 1000 294 QUAEST.
1030 244 1063 294 1,
1090 243 1206 287 ART.
1235 244 1285 287 V.
1924 246 1972 288 11

110 326 196 380 ret,
215 324 366 380 legem
382 323 578 380 accepit3
594 322 686 380 qua
704 322 812 368 data
830 323 1025 368 invaluit
1045 325 1252 381 morbuS,
1274 335 1366 369 non
1387 325 1520 383 legiS,
1540 325 1623 370 sed
1646 328 1824 369 naturae
1840 325 1976 382 viti03

110 388 161 429 ut
180 384 244 430 ita
265 386 449 442 cognita
471 384 556 429 sua
576 384 856 441 infirmitate,
884 385 1104 433 clamaret
1134 386 1194 431 ad
1236 386 1466 431 medicum
1491 390 1534 432 et
1568 386 1726 443 gratiae
1752 390 1978 443 quaereret

109 447 347 492 auxilium.
380 447 603 503 Secundo,
634 451 818 504 propter
840 447 1049 492 ordinem
1079 448 1380 504 promotionis
1405 449 1454 493 in
1493 448 1695 505 bonum,
1718 448 1972 493 secundum

108 519 247 564 quem
269 508 328 554 ab
349 508 614 566 imperfecto
633 508 692 553 ad
714 509 966 565 perfectum
987 508 1266 565 proceditur.
1283 510 1413 555 Unde
1429 509 1672 566 Apostolus
1696 509 1806 555 dicit
1822 511 1869 565 (Ι.
1889 511 1978 555 Co-

107 568 247 615 rinth.
260 584 333 627 xv,
344 572 437 626 46):
456 573 555 614 Non
564 573 698 627 prius
718 570 837 626 quod
853 570 1092 627 spirituale
1112 573 1194 628 est,
1211 570 1290 614 sed
1306 571 1427 627 quod
1445 573 1658 627 animale,
1674 571 1836 616 deinde
1856 569 1973 627 quod

107 633 363 688 spirituale.
383 635 562 676 Primus
583 633 713 675 homo
732 633 788 676 de
812 636 940 677 terra
965 635 1186 689 terrenus,
1212 633 1431 676 secundus
1453 634 1585 676 homo
1612 634 1668 676 de
1695 634 1804 677 coelo
1827 634 1975 677 coeles-

106 695 180 736 tis.
211 694 372 752 Tertio,
395 698 581 751 propter
597 694 868 750 dignitatem
884 693 1016 739 Verbi
1038 694 1262 739 incarnati
1286 710 1297 739 z
1317 693 1426 751 quia
1448 706 1588 750 super
1606 693 1720 739 illud
1747 694 1857 749 (Gal.
1884 697 1971 750 iv):

103 757 166 799 At
183 755 258 799 ubi
279 759 398 799 venit
406 757 644 814 plenitudo
664 759 891 813 temporis,
912 756 1022 802 dicit
1034 756 1191 802 Glossa
1208 758 1415 812 (August.
1433 760 1566 800 tract.
1582 758 1631 800 31
1651 757 1698 799 in
1717 758 1845 801 Joan.
1864 760 1973 802 ante

101 815 241 872 med.)
253 831 265 860 ε
284 834 304 855 «ι
317 817 496 871 Quanto
510 818 658 874 major
664 818 811 875 judex
825 818 1058 874 veniebat,
1074 818 1201 863 tanto
1211 830 1475 875 praeconum
1494 817 1638 862 series
1656 817 1836 873 longior
1857 831 1973 875 prae-

101 877 263 924 cedere
284 879 496 925 debebat.
516 899 536 920 »
560 881 746 938 Quarto,
773 893 833 926 ne
864 881 1018 926 fervor
1041 880 1145 926 fidei
1175 880 1390 938 temporis
1409 879 1667 937 prolixitate
1702 884 1968 938 tepesceret,

101 939 209 997 quia
230 941 352 986 circa
375 942 516 987 finem
534 943 696 988 mundi
714 942 982 999 refrigescet
998 942 1194 988 charitas
1212 943 1479 987 multorum.
1503 941 1629 986 Unde
1640 943 1763 995 (Luc.
1787 955 1903 999 xv111,
1929 944 1972 998 8)

101 1001 269 1047 dicitur
287 1016 302 1048 ε
326 1005 440 1048 Cicm
461 1006 610 1048 Filius
627 1006 820 1049 hominis
838 1008 995 1060 veniet,
1024 1008 1161 1062 putas
1180 1007 1375 1049 inveniet
1396 1005 1529 1059 fidem
1547 1007 1596 1046 in
1617 1006 1742 1047 terra
1757 1003 1779 1047 ?

155 1063 222 1109 Ad
238 1068 436 1122 primum
459 1078 568 1123 ergo
592 1066 855 1121 dicendum,
885 1065 1008 1123 quod
1029 1067 1228 1111 charitas
1249 1079 1343 1111 non
1366 1066 1518 1111 differt
1534 1066 1683 1110 amico
1706 1064 1967 1120 subvenire,

103 1124 400 1172 salvatamen
419 1128 706 1183 negotiorum
721 1128 1062 1185 opportunitate
1078 1132 1125 1173 et
1143 1140 1445 1185 personarum
1465 1127 1737 1172 conditione.
1776 1127 1819 1172 Si
1845 1127 1969 1172 enim

102 1188 310 1233 medicus
334 1190 488 1234 statim
512 1189 540 1234 a
558 1190 783 1247 principio
809 1191 1097 1248 aegritudinis
1115 1191 1390 1235 medicinam
1424 1190 1552 1235 daret
1577 1187 1775 1248 infirmO,
1813 1189 1969 1235 minus

101 1248 355 1307 proficeret,
377 1251 451 1296 vel
467 1251 615 1306 magis
634 1251 821 1296 laederet
839 1252 978 1308 quam
989 1251 1186 1307 Juvaret.
1202 1254 1255 1295 Et
1270 1252 1373 1297 ideo
1384 1252 1522 1296 etiam
1535 1251 1752 1295 Dominus
1766 1261 1860 1294 non
1876 1255 1968 1295 sta-

101 1308 183 1353 tim
206 1310 234 1354 a
250 1311 473 1369 principio
491 1312 823 1358 incarnationis
845 1314 1100 1358 remedium
1117 1314 1320 1358 humano
1342 1313 1498 1370 generi
1524 1312 1746 1369 exhibuit,
1772 1323 1833 1356 ne
1853 1311 1966 1357 illud

101 1375 414 1418 contemneret
436 1382 496 1418 ex
512 1373 744 1431 superbia,
761 1374 801 1419 si
820 1374 948 1431 prius
970 1387 1102 1420 suam
1125 1371 1439 1419 infirmitatem
1462 1385 1557 1419 non
1572 1379 1884 1431 cognosceret.

153 1433 221 1479 Ad
239 1436 478 1479 secundum
501 1435 768 1492 dicendum,
804 1435 928 1493 quod
950 1437 1237 1494 Augustinus
1257 1437 1317 1482 ad
1334 1437 1422 1481 hoc
1446 1436 1695 1492 respondet
1717 1435 1776 1488 (in
1799 1434 1880 1480 lib.
1907 1436 1967 1480 De

99 1506 181 1539 sex
199 1498 530 1554 quaestionibus
547 1510 851 1554 paganorum,
879 1511 954 1555 ep.
978 1501 1077 1555 102,
1098 1499 1158 1543 al.
1179 1503 1250 1555 49,
1267 1503 1430 1556 quaest.
1445 1513 1491 1556 11,
1504 1498 1624 1543 inter
1641 1498 1763 1543 med.
1783 1505 1832 1543 et
1845 1494 1964 1555 fin.),

100 1555 257 1601 dicens
280 1575 301 1597 α
321 1559 444 1615 quod
466 1564 578 1604 tunc
595 1559 740 1604 voluit
756 1559 962 1604 Christus
991 1559 1254 1604 hominibus
1273 1572 1510 1617 apparere,
1526 1563 1572 1604 et
1590 1559 1714 1615 apud
1740 1570 1821 1603 eos
1846 1570 1966 1616 prae-

99 1617 240 1663 dicari
275 1632 408 1664 suam
432 1621 703 1677 doctrinam,
732 1621 920 1678 quando
955 1626 1001 1666 et
1033 1621 1114 1666 ubi
1149 1622 1321 1667 sciebat
1342 1634 1445 1667 esse
1467 1621 1613 1678 quiin
1642 1632 1748 1666 eum
1783 1621 1967 1666 fuerant

98 1679 328 1726 credituri.
342 1682 418 1727 His
434 1683 556 1727 enim
571 1683 867 1739 temporibUS,
884 1686 930 1727 et
947 1683 1019 1728 his
1038 1683 1085 1727 in
1102 1683 1231 1739 locis,
1245 1683 1415 1740 quibus
1434 1682 1732 1738 Evangelium
1751 1681 1853 1739 eius
1870 1693 1964 1727 non

99 1745 170 1785 est
201 1743 512 1801 praedicatum,
550 1745 666 1789 tales
696 1757 857 1789 omnes
879 1745 926 1789 in
949 1746 1050 1802 eJus
1075 1746 1400 1802 praedicatione
1419 1745 1601 1789 futuros
1623 1756 1725 1789 esse
1749 1744 1966 1801 praescie-

99 1801 193 1858 bat,
215 1804 374 1860 quales
391 1818 482 1849 non
498 1807 683 1862 quidem
704 1819 891 1866 omnes,
915 1808 995 1851 sed
1009 1812 1163 1852 tamen
1186 1807 1318 1852 multi
1340 1807 1387 1851 in
1410 1807 1511 1863 eJ'us
1531 1806 1755 1863 corporali
1769 1817 1965 1863 praesen-

99 1863 375 1923 tiafuerunt3
389 1867 467 1923 qui
491 1879 575 1912 nec
596 1868 643 1911 in
655 1880 778 1925 eum,
793 1869 1024 1913 suscitatis
1044 1870 1102 1913 ab
1114 1882 1170 1915 eo
1179 1868 1581 1926 mortuiS,credere
1599 1868 1844 1912 voluerunt
1854 1869 1961 1922 (1).-

100 1925 186 1970 Sed
213 1927 333 1972 hanc
364 1929 713 1984 responsionem
744 1930 998 1986 reprobans
1029 1930 1153 1975 idem
1182 1930 1467 1986 Augustinus
1499 1932 1574 1984 (De
1604 1929 1961 1985 perseverantia,

98 1997 198 2043 cap.
218 1990 261 2045 9,
286 2001 377 2032 non
400 1987 701 2046 proculafin.)
718 1991 854 2036 dicit:
873 2008 892 2029 α
911 1992 1139 2048 Numquid
1154 2003 1402 2048 possumus
1423 1990 1574 2035 dicere
1594 1990 1753 2047 Tyrios
1768 1996 1814 2035 et
1832 1990 1964 2036 Sido-

96 2049 198 2094 nios
212 2051 379 2096 talibus
397 2053 519 2108 apud
541 2065 592 2097 se
613 2054 860 2098 virtutibus
882 2055 1013 2098 factis
1032 2055 1217 2100 credere
1236 2054 1457 2109 noluisse,
1481 2057 1562 2098 aut
1589 2053 1845 2098 credituros
1865 2067 1961 2100 non

95 2111 254 2168 fuisse,
271 2113 309 2157 si
328 2110 516 2169 fierent,
537 2117 642 2158 cum
663 2115 761 2171 ipse
789 2118 909 2160 Deus
930 2120 1170 2161 attestetur
1195 2116 1262 2161 eis
1283 2115 1406 2173 quod
1429 2114 1574 2159 acturi
1596 2120 1753 2160 essent
1779 2127 1962 2172 magnae

94 2171 362 2219 humilitatis
374 2175 710 2232 poenitentiam,
719 2175 757 2220 si
770 2177 817 2220 in
830 2177 896 2221 eis
908 2177 1028 2221 facta
1039 2181 1195 2222 essent
1205 2177 1467 2223 divinarum
1479 2176 1555 2220 illa
1570 2176 1703 2231 signa
1711 2175 1961 2222 virtutum?

94 2235 302 2292 Proinde,
321 2242 373 2281 ut
394 2237 492 2293 ipse
508 2237 694 2282 solvens
714 2238 871 2283 subdit
888 2241 1005 2295 (cap.
1031 2242 1101 2294 11,
1126 2239 1173 2282 in
1196 2239 1381 2296 princ.),
1397 2238 1518 2282 sicut
1541 2238 1783 2294 Apostolus
1802 2238 1865 2283 ait
1884 2240 1960 2294 (ad

95 2297 222 2341 Rom.
238 2299 295 2351 lx)
313 2301 434 2342 :Non
458 2301 523 2342 est
543 2298 748 2356 volentis,
763 2312 900 2355 neque
915 2303 1153 2357 currentiS,
1169 2300 1249 2344 sed
1268 2301 1517 2343 miserentis
1533 2302 1616 2341 Dei
1624 2314 1642 2356 ,-
1659 2299 1735 2356 qui
1753 2300 1824 2343 his
1839 2312 1957 2356 quos

94 2357 317 2414 praevidit,
338 2358 378 2402 si
396 2358 518 2414 apud
540 2370 619 2403 eos
640 2358 760 2403 facta
778 2364 950 2414 essent,
967 2360 1065 2404 suis
1084 2360 1317 2405 miraculis
1334 2359 1603 2416 crediturOS,
1627 2359 1797 2416 quibus
1814 2360 1959 2407 voluit

93 2417 327 2476 subvenit3
349 2419 449 2464 aliis
465 2424 624 2464 autem
648 2433 741 2464 non
765 2421 1000 2479 subvenit,
1021 2421 1077 2466 de
1101 2422 1270 2478 quibus
1286 2422 1332 2465 in
1356 2433 1440 2465 sua
1458 2421 1859 2477 praedestinatione
1879 2434 1956 2469 oc-

92 2479 211 2524 culte
225 2480 426 2538 quidem,
451 2482 535 2527 sed
551 2482 675 2527 aliud
692 2483 817 2539 juste
822 2483 1062 2541 iudicavit.
1076 2486 1231 2541 Itaque
1247 2483 1305 2539 (2)
1322 2482 1680 2527 misericordiam
1703 2483 1805 2540 ers
1822 2484 1870 2528 in
1883 2484 1957 2531 his

93 2542 172 2599 qui
189 2543 458 2601 liberantur,
478 2548 528 2589 et
540 2545 780 2591 veritatem
802 2545 850 2590 in
872 2546 944 2591 his
964 2547 1042 2603 qui
1072 2547 1342 2604 puniuntur,
1363 2546 1464 2590 sine
1485 2544 1769 2592 dubitatione
1791 2548 1955 2593 creda-

91 2614 210 2650 mus.
229 2624 249 2646 υ

143 2666 213 2711 Ad
230 2669 409 2711 tertium
426 2665 692 2726 dicendum,
709 2667 831 2726 quod
854 2669 1107 2726 perfectum
1130 2673 1201 2715 est
1218 2669 1347 2726 prius
1374 2666 1662 2724 imperfecto;
1687 2666 1734 2712 in
1760 2667 1954 2716 diversis

91 2726 290 2783 quidem,
310 2732 516 2785 tempore
534 2733 581 2774 et
600 2732 764 2775 natura
782 2732 977 2787 (oportet
994 2731 1117 2776 enim
1141 2730 1267 2789 quod
1283 2730 1536 2788 perfectum
1556 2727 1616 2773 sit
1636 2730 1757 2783 quod
1781 2730 1869 2775 alia
1893 2733 1953 2778 ad

91 2788 414 2842 perfectionem
429 2790 646 2850 adducit),
661 2792 744 2838 sed
760 2792 808 2837 in
823 2806 918 2838 uno
933 2798 978 2839 et
991 2794 1154 2839 eodem
1164 2794 1485 2851 imperfectum
1502 2794 1572 2834 est
1584 2791 1714 2848 prius
1729 2797 1953 2853 tempore,

91 2848 178 2894 etsi
194 2850 255 2896 sit
277 2851 505 2907 posterius
527 2855 707 2898 natura.
727 2853 799 2898 Sic
826 2865 937 2911 ergo
959 2854 1352 2912 imperfectionem
1378 2858 1551 2900 naturae
1573 2855 1789 2899 humanae
1810 2855 1952 2900 dura-

92 2908 213 2956 tione
228 2911 443 2968 praecedit
456 2918 627 2958 aeterna
652 2914 732 2959 Dei
753 2916 995 2973 perfectio·‚
1010 2916 1092 2962 sed
1110 2917 1318 2974 sequitur
1342 2917 1490 2974 ipsam
1512 2920 1831 2963 consummata
1846 2928 1949 2974 per-

90 2970 224 3016 fectio
243 2971 344 3029 ejus
365 2972 413 3017 in
431 2974 602 3020 unione
619 2975 680 3021 ad
700 2978 857 3022 Deum.

126 3109 171 3151 (4)
184 3108 440 3151 Semipelagiani
453 3109 490 3144 in
505 3110 628 3146 malam
645 3115 774 3152 partem
786 3112 857 3149 hoc
873 3113 975 3148 verba
1097 3113 1141 3157 (2)
1159 3113 1210 3148 lta
1223 3125 1302 3149 cum
1322 3115 1505 3154 Augustino
1524 3115 1604 3151 Mss.
1619 3119 1656 3152 et
1677 3116 1759 3152 editi
1772 3116 1888 3152 multi.
1903 3116 1945 3154 In

88 3161 279 3199 neceperant
291 3172 300 3200 ς
314 3157 530 3199 quamobrem
549 3159 582 3192 S.
593 3159 796 3199 Augustinus
811 3172 850 3196 ea
860 3172 974 3203 repro·
1055 3162 1130 3198 cod.
1145 3161 1260 3197 Alcan.
1279 3161 1430 3206 obscure,
1445 3163 1500 3198 ita
1516 3164 1622 3210 quod.

87 3203 242 3293 {51:132
243 3276 255 3289 ·
265 3204 354 3288 gii-ro
378 3206 427 3241 De
452 3210 678 3248 perseverant.
704 3210 738 3244 ot
763 3207 803 3242 iu
833 3210 967 3243 renuet.
