2170 3808
712 211 910 262 QUAEST,
941 212 1032 266 Lx,
1063 211 1180 254 ART.
1209 211 1226 252 1
1253 211 1318 253 ET
1346 211 1396 253 ΙΙ.
1916 210 1993 253 501

117 303 211 335 non
229 291 427 348 pertinet
443 290 503 335 ad
520 290 747 335 rationem
771 292 909 347 signi.
941 294 1059 347 Ergo
1079 291 1263 335 videtur
1292 290 1416 347 quod
1445 292 1790 336 sacramentum
1818 300 1914 332 non
1937 288 1996 335 sit

115 351 165 396 in
183 364 354 409 genere
377 352 515 409 signi.

171 414 259 459 Sed
290 419 451 458 contra
471 413 683 471 estquod
708 415 995 471 Augustinus
1012 413 1124 459 dicit
1142 415 1220 467 (De
1242 413 1426 458 civitate
1443 414 1537 470 Dei,
1554 413 1637 458 lib.
1655 425 1699 465 x,
1720 424 1823 470 cap.
1843 415 1886 465 5,
1909 423 1995 468 pa·-

96 476 219 519 rum
249 474 278 519 a
299 476 465 531 princ.)
486 489 497 517 ε
525 492 546 513 α
571 475 852 520 Sacrificium
870 474 1052 519 visibile
1069 474 1318 519 invisibilis
1336 474 1547 519 sacrificii
1567 478 1927 526 sacramentum,
1949 472 1995 519 id

116 543 203 595 est,
219 550 404 583 sacrum
421 537 610 594 signum
635 542 720 582 est.
748 557 768 578 n

163 605 452 646 CONCLUSIO.
484 628 531 634 -—-
552 605 656 646 cum
685 607 708 646 a
732 605 931 658 theologis
960 608 1264 646 sacramentum
1288 608 1530 656 usurpetur,
1559 608 1608 644 ut
1640 603 1749 655 sigui
1774 602 1995 657 quamdam

116 660 277 701 denotet
299 659 600 710 habitudinem,
619 663 881 712 perspicuum
899 663 972 710 est,
991 663 1294 700 sacramentum
1308 659 1352 698 in
1375 670 1520 710 genere
1537 658 1646 709 signi
1662 670 1759 699 esse,

170 722 441 779 Respondeo
470 722 717 768 dicendum
742 722 867 780 quod
890 721 1046 767 omnia
1066 734 1171 779 quae
1202 721 1376 767 habent
1410 722 1619 767 ordinem
1646 721 1703 766 ad
1735 732 1885 766 unum
1914 721 1998 768 ali-

117 783 243 842 quid,
268 783 375 828 licet
392 783 713 839 diversimode,
736 785 794 829 ab
823 785 902 830 illo
930 784 1217 828 denominari
1240 789 1461 840 possunt3
1487 783 1607 828 sicut
1629 783 1656 826 a
1678 782 1874 827 sanitate
1893 794 1998 839 quae

118 845 259 890 estin
280 844 486 898 animali,
502 844 831 891 denominatur
849 857 1017 890 sanum
1046 857 1140 890 non
1165 845 1316 889 solum
1337 845 1523 898 animal,
1548 844 1673 902 quod
1697 848 1768 888 est
1787 843 1998 889 sanitatis

118 906 393 965 subJectum,
418 907 502 953 sed
529 908 697 953 dicitur
719 909 948 954 medicina
978 920 1109 964 sana,
1133 908 1410 964 inquantum
1433 912 1504 952 est
1524 906 1735 952 sanitatis
1757 906 1996 962 effectiva;

117 968 253 1014 diaeta
270 969 397 1026 vero,
428 969 705 1027 inquantum
729 975 800 1015 est
817 970 1136 1016 conservativa
1155 970 1383 1026 ejusdem3
1400 974 1447 1014 et
1466 971 1617 1025 urina,
1633 970 1911 1025 inquantum
1929 971 2001 1012 est

116 1030 423 1088 significativa
438 1033 601 1089 ipsius.
619 1033 690 1078 Sic
707 1033 848 1090 igitur
864 1036 1206 1078 sacramentum
1228 1036 1380 1088 potest
1395 1031 1570 1087 aliquid
1592 1031 1701 1087 dici,
1721 1029 1797 1075 vel
1820 1029 1929 1086 quia
1950 1029 2000 1074 in

118 1105 170 1139 se
187 1093 328 1139 habet
348 1094 552 1151 aliquam
581 1095 872 1139 sanctitatem
901 1094 1148 1150 occultam,
1174 1098 1221 1138 et
1250 1093 1510 1138 secundum
1535 1092 1624 1137 hoc
1654 1095 1999 1138 sacramentum

117 1154 243 1201 idem
261 1157 475 1213 estquod
492 1169 677 1201 sacrum
699 1160 951 1211 secretum,
967 1155 1043 1200 vei
1065 1155 1175 1212 quia
1191 1154 1331 1200 hahet
1349 1154 1550 1211 aliquem
1570 1155 1781 1200 ordinem
1802 1153 1862 1199 ad
1878 1153 2002 1199 hanc

119 1216 428 1275 sanctitatem,
444 1218 521 1262 vel
535 1228 704 1272 causae,
725 1215 800 1260 vel
816 1216 957 1272 signi,
978 1215 1054 1260 vel
1071 1215 1268 1260 secund
1254 1227 1331 1259 um
1354 1227 1699 1272 quamcumque
1718 1214 1855 1260 aliam
1872 1214 2001 1259 habi-

117 1278 344 1324 tudinem.
377 1278 642 1335 specialiter
672 1282 828 1322 autem
861 1289 991 1322 nunc
1014 1274 1249 1334 loquimur
1281 1277 1340 1322 de
1376 1276 1707 1333 sacramentis,
1740 1276 2000 1321 secundum

117 1339 240 1397 quod
264 1340 515 1410 important
531 1339 851 1384 habitudinem
870 1339 1018 1397 signi3
1042 1343 1090 1384 et
1111 1339 1369 1384 secundum
1394 1338 1482 1383 hoc
1511 1342 1855 1383 sacramentum
1867 1338 1999 1395 poni·

117 1401 256 1446 turin
271 1412 443 1458 genere
463 1401 600 1458 signi.

169 1462 237 1507 Ad
254 1466 451 1517 primum
470 1475 581 1519 ergo
603 1462 851 1508 dicendum
866 1496 878 1519 ,
899 1461 1039 1520 quod,
1065 1463 1175 1519 quia
1193 1443 1423 1507 medicina
1452 1474 1502 1507 se
1530 1461 1670 1507 habet
1696 1468 1748 1507 ut
1768 1474 1912 1507 causa
1938 1461 2001 1507 ef·

116 1523 282 1568 fectiva
296 1524 520 1581 sanitatis,
542 1524 651 1569 inde
670 1524 881 1582 estquod
898 1523 1055 1569 omnia
1073 1524 1370 1569 denominata
1393 1524 1421 1567 a
1439 1524 1668 1568 medicina
1684 1523 1903 1568 dicuntur
1917 1535 2000 1579 per

118 1585 327 1631 ordinem
346 1586 405 1631 ad
423 1598 572 1630 unum
594 1586 794 1642 primum
817 1599 979 1643 agens,
1003 1591 1049 1631 et
1068 1590 1256 1643 propter
1270 1587 1357 1630 hoc
1376 1586 1766 1631 medicamentum
1781 1585 2001 1642 importat

118 1646 435 1692 causalitatem
457 1647 721 1704 quamdam.
749 1648 835 1693 Sed
857 1647 1096 1703 sanctitas,
1126 1647 1153 1691 a
1175 1660 1267 1704 qua
1290 1648 1615 1692 denominatur
1636 1651 1996 1705 sacramentum,

118 1720 213 1753 non
230 1708 516 1766 significatur
531 1722 615 1765 per
632 1709 823 1754 modum
842 1723 997 1755 causae
1008 1709 1267 1766 efficientis,
1285 1710 1367 1755 sed
1380 1709 1530 1765 magis
1543 1721 1627 1766 per
1640 1708 1832 1754 modum
1844 1719 1999 1753 causae

117 1771 322 1816 formalis
336 1771 410 1815 vel
432 1771 599 1815 finalis.
615 1773 668 1816 Et
685 1771 788 1818 ideo
799 1784 899 1817 non
914 1776 1095 1829 oportet
1113 1771 1240 1829 quod
1253 1776 1598 1817 sacramentum
1619 1782 1803 1827 semper
1822 1770 1999 1827 impor-

117 1836 185 1878 tet
197 1833 529 1893 causalitatem.⁴

171 1894 238 1940 Ad
255 1897 499 1939 secundum
522 1894 787 1950 dicendum,
810 1894 935 1952 quod
955 1895 1072 1940 ratio
1091 1894 1170 1939 illa
1186 1895 1393 1952 procedit
1415 1895 1672 1940 secundum
1694 1893 1819 1951 quod
1841 1905 1999 1938 sacra-

117 1960 325 2002 mentum
349 1957 471 2002 idem
505 1961 578 2001 est
608 1957 731 2014 quod
755 1968 940 2001 sacrum
963 1961 1209 2004 secretum.
1239 1956 1410 2002 Dicitur
1432 1961 1589 2001 autem
1620 1968 1713 2000 non
1747 1955 1899 2000 solum
1918 1955 1996 2001 Dei

117 2023 365 2078 secretum,
390 2019 473 2065 sed
493 2019 632 2064 etiam
651 2019 776 2075 regis
797 2031 900 2064 esse
928 2031 1131 2078 sacrum,
1148 2023 1196 2064 et
1217 2023 1559 2063 sacramentum
1574 2052 1587 2074 ,
1603 2018 1712 2075 quia
1738 2017 1998 2062 secundum

116 2079 333 2138 antiquos
357 2084 518 2125 sancta
534 2080 608 2125 vel
639 2084 935 2125 sacrosancta
963 2081 1236 2126 dicebantur
1253 2092 1561 2138 quaecumque
1590 2078 1750 2123 violari
1777 2078 1998 2124 nonlice-

115 2140 225 2198 bat3
248 2141 370 2186 sicut
389 2142 529 2187 etiam
549 2141 671 2186 muri
700 2142 914 2197 civitatis,
937 2148 984 2187 et
1002 2154 1214 2199 personae
1233 2142 1281 2186 in
1303 2141 1604 2198 dignitatibus
1627 2140 1888 2185 constitutae
1911 2142 1994 2198 (υς

117 2201 220 2248 ideo
240 2202 318 2247 illa
336 2207 531 2259 secreta,
561 2203 660 2247 sive
683 2203 854 2259 divina,
874 2203 972 2248 sive
990 2204 1210 2261 humana,
1227 2215 1331 2260 quae
1356 2215 1449 2247 non
1473 2203 1581 2247 licet
1602 2202 1780 2258 violari,
1800 2201 1996 2258 quibus-

117 2262 231 2309 libet
257 2263 556 2321 publicando,
578 2264 796 2309 dicuntur
813 2277 945 2310 sacra
962 2265 1038 2309 vel
1055 2269 1359 2309 sacramenta.

169 2324 237 2372 Ad
263 2327 450 2370 tertium
481 2325 728 2371 dicendum
744 2360 756 2380 ,
777 2325 902 2383 quod
923 2326 1061 2370 etIam
1077 2326 1396 2382 Juramentum
1419 2323 1559 2369 habet
1580 2322 1830 2381 quamdam
1865 2321 2000 2368 habi-

119 2386 328 2432 tudinem
351 2386 410 2432 ad
429 2399 504 2432 res
531 2399 690 2432 sacras
708 2420 719 2442 ‚
740 2387 1018 2444 inquantum
1046 2387 1222 2432 scilicet
1248 2392 1318 2432 est
1349 2386 1563 2444 quaedam
1584 2384 1856 2431 contestatio
1879 2385 1999 2430 facta

115 2460 199 2505 per
218 2447 395 2506 aliquid
413 2460 616 2506 sacrum,
633 2453 680 2494 et
698 2450 956 2494 secundum
981 2451 1070 2494 hoc
1091 2449 1259 2494 dicitur
1271 2449 1589 2506 Juramentum
1608 2459 1714 2492 esse
1733 2459 1999 2494 sacramen-

117 2514 234 2571 tum,
253 2523 350 2556 non
375 2511 539 2557 eadem
569 2511 747 2556 ratione
769 2511 863 2568 qua
888 2523 1013 2556 nunc
1045 2511 1280 2568 loquimur
1297 2511 1355 2556 de
1384 2509 1703 2564 sacramentis,
1724 2521 1819 2553 non
1842 2514 1997 2553 tamen

118 2572 366 2631 aequivoce,
390 2577 576 2631 sumpto
607 2573 795 2619 nomine
824 2574 1130 2630 sacramenti,
1151 2575 1235 2620 sed
1254 2574 1509 2630 analogice,
1541 2573 1716 2618 scilicet
1737 2571 1995 2617 secundum

117 2634 347 2680 diversam
370 2635 688 2680 habitudinem
707 2636 766 2682 ad
788 2636 963 2693 aliquid
982 2648 1144 2692 unum,
1169 2636 1293 2694 quod
1309 2641 1380 2681 est
1394 2648 1471 2680 res
1486 2647 1633 2679 sacra.

173 2697 518 2741 ARTICULUS
544 2700 605 2741 11.
628 2721 682 2731 --
704 2711 839 2742 uranu
868 2710 979 2742 oum:
1008 2710 1161 2742 smuuu
1190 2711 1257 2741 mn
1287 2711 1430 2742 sacrm
1459 2710 1524 2741 sn·
1555 2708 1850 2740 sacntnnnrnu
1865 2697 1941 2751 (2).

118 2763 169 2800 De
187 2762 242 2799 hi·
261 2762 364 2799 etium
379 2763 482 2806 infre,
495 2768 615 2807 quast.
630 2772 728 2806 mxlv,
744 2769 809 2801 art.
824 2765 859 2807 4,
876 2769 912 2801 et
927 2765 944 2801 4
969 2765 1003 2807 2,
1019 2770 1135 2808 quaest.
1152 2773 1200 2806 cl,
1218 2770 1284 2801 art.
1306 2767 1327 2801 4
1350 2777 1445 2807 corp.
1467 2770 1502 2800 et
1518 2766 1636 2806 quaest.
1649 2771 1713 2805 cn,
1730 2766 1796 2799 art.
1811 2763 1834 2798 5
1848 2774 1942 2806 corp.
1961 2764 1996 2799 et

654 2814 748 2848 Sent.
772 2821 822 2855 lv,
837 2813 917 2849 dist.
935 2814 969 2855 l,
988 2819 1104 2856 quaest.
1121 2821 1148 2854 1,
1166 2819 1232 2849 art.
1252 2815 1284 2854 4,
1302 2817 1418 2855 quaest.
1434 2821 1458 2848 1.

172 2865 241 2912 Ad
261 2865 520 2911 secundum
554 2866 623 2912 sic
644 2868 923 2924 proceditur.
949 2873 996 2914 1.
1031 2869 1219 2914 Videtur
1254 2867 1379 2925 quod
1415 2879 1510 2911 non
1543 2878 1683 2912 omne
1718 2865 1908 2923 signum
1930 2865 1998 2912 rei

118 2940 262 2975 sacrae
283 2928 345 2974 sit
370 2932 731 2974 sacramentum.
754 2932 926 2982 Omnes
947 2931 1073 2977 enim
1104 2935 1328 2976 creaturae
1363 2929 1609 2976 sensibiles
1633 2933 1744 2975 sunt
1766 2929 1902 2987 signa
1921 2940 1998 2974 re-

117 3002 223 3036 rum
245 3001 498 3047 sacrarum,
530 2991 790 3035 secundnm
812 2992 928 3038 illud
953 2996 1098 3047 (Rom.
1129 3007 1161 3050 1,
1190 2995 1261 3048 20)
1288 2993 1575 3037 :Invisibilia
1606 2994 1691 3036 Dei
1715 3005 1798 3050 per
1824 3004 1880 3036 ea
1901 3002 2000 3047 quau¹

117 3054 245 3108 facta
277 3055 398 3111 sunt,
434 3052 679 3109 intellecta,
714 3057 1050 3111 conspiciuntur
1075 3070 1091 3097 .·
1128 3066 1216 3100 nec
1247 3059 1404 3100 tamen
1439 3066 1605 3100 omnes
1637 3066 1714 3100 res
1750 3052 1996 3100 sensibiles

158 3189 317 3231 (UUnde,
332 3189 427 3224 addit
441 3189 584 3228 Nicolai,
606 3189 849 3230 imperatorum
864 3191 1014 3231 epistolae
1136 3192 1181 3234 (2)
1199 3193 1237 3227 In
1265 3192 1468 3227 catechismo
1492 3192 1629 3227 concilii
1653 3191 1846 3227 Tridentini
1873 3190 1994 3224 defini·

117 3236 373 3280 appellabantur
393 3237 493 3278 vulgo
508 3249 621 3279 sacrae,
634 3237 704 3271 sive
723 3247 835 3272 sacra
854 3239 1015 3282 impera·
1096 3243 1153 3274 tur
1180 3245 1447 3282 sacramentum,
1471 3240 1673 3275 invisibilis
1699 3239 1832 3284 gratim
1852 3237 1994 3273 visibile

117 3285 210 3320 toris
221 3297 283 3326 pro
293 3286 449 3328 epistola
463 3287 701 3330 imperatoris
712 3286 914 3327 ponebatur,
929 3287 1013 3323 utin
1095 3289 1240 3330 sianum
1258 3288 1308 3324 ad
1328 3292 1492 3324 nostram
1514 3289 1822 3333 Justt'ficatt‘omm
1844 3286 1994 3321 institu-

116 3332 265 3374 antiquis
287 3333 453 3375 conciliis,
475 3333 534 3368 ubi
559 3333 681 3375 aliquoe
696 3333 904 3374 referuntur,
922 3339 1014 3376 patet
1096 3339 1184 3371 tum.

116 3385 254 3421 propter
271 3391 448 3421 personam
468 3392 543 3422 quoe
563 3380 720 3415 mittebat
733 3382 959 3416 reverentiam
978 3387 1014 3417 ot

116 3425 344 3462 inviolabilem
361 3428 572 3468 dignitatem.
