2170 3808
661 201 860 252 QUAEST.
891 199 1047 252 LXVII,
1078 199 1195 242 ART.
1228 198 1267 240 tt
1293 199 1358 240 ET
1387 198 1457 240 111.
1931 192 2012 237 579

112 282 340 340 quantum
361 281 421 325 ad
445 280 775 338 perfectionem
798 285 909 324 sunt
944 278 1158 335 quaedam
1174 277 1262 323 alia
1282 277 1474 334 potiora,
1492 286 1599 332 quae
1616 273 1848 331 episcopis
1862 284 2007 318 reser-

114 350 299 388 vamur·
364 405 707 447 ARTICULUS
733 404 819 447 111.
844 425 898 435 -—
928 415 1064 445 ursum
1094 413 1239 444 ancus
1269 412 1410 443 rossu-
1441 397 1668 443 mannan
1691 398 1763 454 (1).

115 473 163 508 De
180 472 235 509 hie
250 472 352 507 ctiam
366 473 389 507 2
413 472 446 515 2,
464 477 579 514 quoest.
599 478 634 513 c,
652 475 718 507 art.
742 471 766 507 2
786 470 828 506 ad
843 469 878 514 ἱ,
902 475 938 506 et
959 479 1011 512 w,
1035 469 1111 504 dist.
1133 470 1167 510 ὅ,
1185 471 1303 510 quoest.
1327 476 1368 509 u,
1389 471 1457 502 art.
1471 467 1504 508 4,
1525 470 1643 508 quaest.
1662 474 1675 500 Ι
1697 469 1730 502 et
1755 474 1812 508 ιιι,
1826 467 1862 501 ot
1875 462 1955 501 dist.
1971 464 2011 507 6,
2065 467 2067 470 “

776 523 895 562 quaest.
911 527 939 560 ¹,
956 524 1021 554 art.
1037 519 1070 559 5,
1083 521 1201 559 quaest.
1215 525 1242 551 11
1256 520 1292 550 et
1309 524 1364 551 ιιι.

165 576 235 622 Λᾶ
256 576 439 620 tertium
467 574 536 618 sic
557 575 838 630 proceditur.
862 578 906 619 1.
932 573 1120 618 Videtur
1141 571 1267 628 quod
1299 570 1448 614 laicus
1468 568 1703 626 baptizare
1722 581 1818 613 non
1843 567 2006 626 possit.

114 637 344 695 Baptizare
365 637 508 692 enim,
530 636 651 680 sicut
670 637 846 682 dictum
875 640 946 681 est
968 639 1071 690 (art.
1090 635 1268 690 praee),
1292 630 1476 689 proprie
1490 631 1691 687 pertinet
1712 631 1773 675 ad
1797 631 2005 680 ordinem

113 698 463 744 sacerdotalem.
500 698 587 742 Sed
610 710 665 742 ea
694 710 799 755 quae
829 702 941 742 sunt
964 696 1158 751 ordinis,
1178 707 1273 739 non
1305 698 1505 750 possunt
1539 692 1764 737 committi
1804 704 1900 736 non
1926 692 2008 739 ha-

114 758 242 804 benti
260 759 486 803 ordinem.
511 761 630 814 Ergo
645 758 827 803 videtur
842 757 965 816 quod
987 757 1151 812 laicUS,
1174 756 1254 814 qui
1271 767 1367 800 non
1380 752 1521 799 habet
1534 754 1761 811 ordinem,
1778 752 2008 810 baptizare

116 831 212 867 non
232 820 396 876 possit.

169 883 214 927 2.
235 884 475 938 Praeterea,
495 881 650 937 majus
671 885 742 927 est
762 881 998 937 baptizare
1023 879 1164 937 quam
1187 878 1278 923 alia
1299 875 1650 922 sacramentalia
1668 875 1884 932 baptismi
1902 887 2010 932 per·

115 943 270 1000 ficere,
291 944 411 988 sicut
441 943 726 988 catechizare
755 950 802 988 et
819 943 1097 997 exorcizare,
1118 946 1163 986 et
1183 952 1356 997 aquam
1375 938 1699 995 baptismalem
1717 937 2006 984 benedicere.

115 1005 203 1051 Sed
218 1007 318 1051 haec
343 1019 435 1049 non
457 1011 654 1062 possunt
676 1005 774 1050 fieri
793 1005 820 1049 a
838 1005 984 1061 laicis,
1006 1004 1090 1048 sed
1110 1003 1263 1047 solum
1285 1003 1312 1046 a
1332 1000 1668 1047 sacerdotibus.
1690 1002 1808 1057 Ergo
1824 999 2012 1047 videtur

116 1067 239 1124 quod
271 1068 419 1112 multo
438 1068 595 1113 minus
616 1067 722 1112 laici
740 1067 922 1123 possint
941 1066 1193 1124 baptizare.

170 1131 214 1174 3.
235 1131 476 1185 Praeterea,
497 1130 619 1175 sicut
648 1128 912 1185 baptismus
944 1132 1016 1172 est
1053 1130 1400 1171 sacramentum
1423 1124 1731 1178 necessitatis,
1758 1123 1823 1169 ita
1839 1127 1886 1169 et
1907 1135 2012 1181 poe-

116 1189 327 1235 nitentia.
350 1192 435 1234 Sed
458 1191 605 1236 laicus
632 1202 728 1235 non
751 1193 904 1247 potest
921 1187 1164 1234 absolvere
1182 1188 1232 1231 in
1248 1186 1350 1230 foro
1369 1185 1696 1243 poenitentiali.
1713 1188 1833 1243 Ergo
1855 1196 2014 1244 neque

181 1255 268 1296 test
288 1251 538 1308 baptizare.

116 1263 257 1358 poSed
278 1317 438 1357 contra
453 1318 524 1357 est
546 1312 670 1369 quod
694 1312 931 1357 Gelasiusl
945 1323 1068 1368 papa
1084 1309 1237 1368 (epist.
1258 1311 1303 1366 9,
1321 1321 1425 1367 cap.
1448 1310 1492 1363 7)
1519 1312 1566 1354 et
1591 1308 1753 1353 Isidor.
1778 1310 1856 1364 (De
1883 1308 2011 1356 offic.

114 1375 194 1420 lib.
214 1388 262 1428 ιι,
279 1388 381 1430 cap.
401 1377 473 1432 24,
506 1375 567 1420 ad
598 1374 698 1430 fin.)
729 1374 903 1430 dicunt,
928 1373 1055 1430 quod
1083 1390 1104 1411 «
1131 1371 1381 1429 baptizare,
1413 1370 1689 1416 necessitate
1720 1370 2007 1429 imminente,

115 1435 244 1481 laicis
264 1436 531 1481 christianis
553 1436 829 1494 plerumque
850 1435 1134 1480 conceditur.
1154 1453 1174 1474 υ
1477 1456 1478 1459 =

162 1503 456 1543 CONCLthlo.
477 1527 524 1532 —
542 1504 602 1543 Ne
629 1508 790 1555 propter
822 1503 1024 1543 detectum
1054 1501 1271 1553 baptismi,
1305 1502 1429 1541 homo
1454 1500 1601 1540 salutis
1630 1510 1716 1539 suae
1742 1499 2010 1551 dispendium

115 1557 310 1652 Efflatur,
327 1558 474 1597 merito
496 1558 772 1598 constitutum
789 1561 851 1598 est
876 1562 926 1598 ut
940 1557 1131 1597 minister
1158 1556 1354 1608 baptismi
1372 1555 1427 1596 sit
1445 1554 1635 1637 quilibet.
1651 1553 1776 1595 etiam
1801 1566 1884 1595 non
1901 1554 2009 1595 ordi-

171 1668 443 1724 Respondeo
460 1667 710 1714 dicendum
731 1669 858 1727 quod
878 1669 939 1714 ad
959 1668 1324 1714 misericordiam
1343 1667 1447 1724 ejus
1460 1666 1541 1724 qui
1554 1666 1655 1712 vult
1675 1678 1839 1711 omnes
1858 1667 2009 1715 homi—

118 1741 203 1775 nes
220 1729 374 1774 salvos
395 1729 511 1786 fieri,
534 1731 734 1786 pertinet
750 1736 804 1775 ut
841 1731 890 1774 in
926 1730 1000 1775 his
1022 1743 1127 1788 quae
1155 1734 1265 1774 sunt
1282 1729 1341 1774 de
1376 1728 1651 1774 necessitate
1673 1728 1851 1784 salutis,
1870 1730 2009 1774 homo

101 1791 175 1837 ‘de
205 1791 327 1835 facili
363 1792 622 1836 remedium
656 1793 878 1838 inveniat.
920 1796 1044 1838 Inter
1078 1793 1236 1837 omnia
1275 1796 1432 1836 autem
1462 1796 1755 1835 sacramenta
1794 1792 2009 1836 maximae

117 1853 407 1899 necessitatis
425 1861 494 1898 est
507 1854 785 1912 baptismUS,
808 1855 888 1912 qui
907 1861 980 1901 est
996 1854 1288 1913 regeneratio
1311 1854 1515 1900 hominis
1536 1853 1584 1898 in
1614 1853 1755 1898 vitam
1792 1854 2010 1910 spiritua-

116 1916 224 1973 lem,
247 1917 357 1973 quia
372 1918 529 1973 pueris
549 1917 681 1961 aliter
699 1917 889 1962 omnino
905 1917 1142 1963 subveniri
1166 1930 1258 1961 non
1280 1921 1447 1974 potest,
1467 1920 1514 1961 et
1531 1915 1677 1960 adulti
1697 1929 1791 1959 non
1811 1922 2012 1973 possunt

117 1977 249 2022 aliter
269 1978 410 2034 quam
449 1990 532 2034 per
573 1978 857 2035 baptismum
888 1979 1076 2035 plenam
1100 1978 1421 2023 remissionem
1453 1977 1675 2035 consequi
1711 1983 1757 2022 et
1779 1981 2009 2034 quantum

117 2038 178 2084 ad
197 2039 381 2095 culpam
405 2044 452 2083 et
474 2041 701 2096 quantum
734 2041 794 2085 ad
824 2053 1029 2097 poenam.
1060 2043 1113 2084 Et
1135 2040 1239 2084 ideo
1256 2044 1310 2083 ut
1331 2041 1470 2084 homo
1492 2040 1615 2083 circa
1634 2039 1892 2084 remedium
1913 2045 2009 2085 tam

115 2102 433 2145 necessarium
457 2101 689 2146 defectum
721 2102 815 2159 pati
849 2115 943 2146 non
967 2103 1130 2160 possit,
1154 2102 1419 2147 institutum
1442 2106 1513 2146 est
1534 2105 1648 2145 utet
1670 2101 1862 2146 materia
1895 2101 2009 2161 bap-

117 2161 240 2206 tismi
262 2162 323 2207 sit
341 2163 621 2219 communis,
642 2163 818 2208 scilicet
838 2176 974 2221 aqua,
1001 2176 1107 2221 quae
1126 2162 1154 2207 a
1175 2163 1383 2221 quolibet
1415 2163 1474 2208 de
1507 2163 1629 2207 facili
1656 2163 1814 2207 haberi
1836 2167 2006 2222 potest,

117 2228 164 2268 et
179 2223 387 2268 minister
410 2225 625 2280 baptismi
650 2225 791 2270 etiam
821 2226 881 2271 sit
918 2226 1201 2283 quicumque
1231 2238 1326 2269 non
1361 2224 1619 2283 ordinatus,
1642 2237 1702 2269 ne
1727 2230 1915 2282 propter
1933 2225 2008 2271 de-

115 2284 286 2330 fectum
312 2284 530 2342 baptismi
552 2287 692 2332 homo
712 2287 878 2332 salutis
895 2300 994 2333 suae
1012 2287 1308 2344 dispendium
1327 2287 1528 2343 patiatur
1544 2290 1621 2339 (2).

174 2346 235 2391 Ad
263 2350 463 2403 primum
494 2360 606 2405 ergo
629 2349 896 2405 dicendum,
914 2349 1038 2406 quod
1067 2349 1301 2406 baptizare
1318 2348 1520 2405 pertinet
1538 2348 1597 2393 ad
1620 2347 1831 2395 ordinem
1852 2360 2007 2394 sacer-

118 2407 318 2453 dotalem
338 2410 595 2455 secundum
616 2412 866 2468 quamdam
885 2412 1259 2456 convenientiam
1278 2415 1326 2455 et
1343 2410 1708 2466 solemnitatem,
1733 2422 1827 2454 non
1851 2415 2007 2458 autem

117 2469 204 2514 hoc
225 2474 295 2514 est
314 2469 372 2514 de
392 2471 665 2516 necessitate
693 2472 993 2527 sacramenti3
1020 2472 1146 2517 unde
1165 2471 1344 2517 etiamsi
1376 2476 1507 2516 extra
1535 2471 1825 2516 necessitatis
1842 2471 2003 2517 articu-

115 2529 214 2575 lum
245 2530 392 2574 laicus
424 2530 641 2587 baptizet,
665 2537 828 2588 peccat
851 2532 1059 2589 quidem,
1085 2540 1239 2577 tamen
1278 2536 1624 2577 sacramentum
1652 2532 1873 2588 baptismi
1898 2545 2006 2578 con-

116 2591 230 2646 fert3
251 2604 338 2636 nec
351 2597 424 2636 est
445 2593 807 2649 rebaptizandus
826 2593 905 2638 ille
920 2594 1000 2651 qui
1024 2594 1092 2638 sic
1110 2599 1183 2639 est
1205 2594 1482 2650 baptizatus.

170 2652 238 2696 Ad
258 2654 500 2696 secundum
523 2654 788 2712 dicendum,
819 2655 945 2712 quod
973 2655 1051 2700 illa
1074 2655 1425 2700 sacramentalia
1449 2654 1666 2710 baptismi
1682 2654 1917 2710 pertinent
1947 2655 2005 2702 ad

116 2713 474 2767 solemnitatem,
511 2728 605 2759 non
645 2722 802 2762 autem
839 2717 898 2763 ad
937 2719 1262 2763 necessitatem
1300 2717 1534 2774 baptismi.
1560 2720 1613 2760 Et
1647 2716 1751 2761 ideo
1783 2717 1881 2762 fieri
1911 2730 2006 2765 non

117 2774 305 2882 gebent,
322 2787 408 2819 nec
423 2781 622 2831 possunt
642 2776 671 2822 a
689 2779 824 2836 laico,
843 2779 928 2824 sed
944 2779 1097 2825 solum
1135 2780 1162 2823 a
1200 2779 1458 2838 sacerdote,
1484 2778 1620 2836 cujus
1642 2782 1714 2823 est
1739 2778 2005 2826 solemniter

150 2849 176 2880 a
209 2842 360 2881 tizare.

169 2849 238 2943 {d
259 2899 443 2968 tertiam
473 2897 738 2968 dicendum,
758 2880 901 2958 quod,
925 2902 1048 2965 sicut
1084 2914 1228 2957 supra
1250 2902 1426 2948 dictum
1449 2909 1520 2948 est
1537 2906 1717 2960 (quaest.
1744 2918 1843 2961 mxv,
1867 2909 1953 2950 art.
1977 2908 2005 2951 3

114 2962 162 3003 et
178 2959 241 3016 4),
261 2963 535 3016 poenitentia
557 2971 650 3004 non
677 2965 749 3006 est
767 2966 909 3007 tantae
933 2963 1223 3008 necessitatis
1247 2964 1368 3009 sicut
1386 2964 1671 3021 baptismus,
1699 2970 1853 3022 potest
1878 2966 2004 3013 enim

115 3033 198 3076 per
229 3020 554 3065 contritionem
595 3022 801 3078 suppleri
838 3024 1048 3070 desectus
1087 3026 1387 3071 sacerdotalis
1420 3027 1741 3081 absolutionis,
1762 3039 1866 3085 quae
1907 3041 2003 3074 non

115 3082 280 3128 liberat
301 3083 328 3126 a
348 3088 443 3127 tota
461 3095 614 3139 poena,
641 3097 727 3129 nec
742 3085 879 3131 etiam
902 3088 1060 3143 pueris
1077 3088 1337 3133 adhibetur.
1362 3091 1416 3133 Et
1433 3089 1537 3133 ideo
1550 3101 1644 3133 non
1673 3094 1745 3134 est
1776 3090 1928 3136 simile
1945 3092 2003 3137 de

114 3143 360 3201 baptismO,
382 3145 518 3202 cujus
536 3146 729 3191 effectus
747 3159 830 3204 per
850 3149 964 3193 nihil
986 3150 1113 3195 aliud
1137 3151 1342 3207 suppleri
1364 3155 1530 3207 potest.

157 3239 201 3281 (4)
220 3239 267 3273 De
285 3239 351 3274 fide
366 3246 416 3275 est
435 3241 559 3276 laicum
593 3253 688 3282 posse
699 3240 872 3283 baptizare
895 3247 1014 3279 contra
1097 3255 1188 3280 casu
1214 3246 1466 3288 necessitatis,
1498 3256 1576 3280 ποπ
1601 3246 1722 3282 solam
1746 3247 1920 3283 sacerdos
1943 3249 2001 3285 vel

116 3286 292 3323 Calvinum
319 3288 377 3328 qui
407 3289 493 3324 hauc
530 3290 686 3324 Ecclesiae
720 3290 910 3326 doctrinam
947 3292 1012 3326 im·
1098 3293 1291 3334 diaconus,
1308 3293 1371 3329 sed
1389 3294 1500 3328 etiam
1516 3294 1638 3328 laicus
1657 3299 1690 3329 et
1705 3295 1860 3335 mulier,
1877 3299 1911 3330 et
1924 3297 2000 3333 imd

115 3339 320 3376 pugnaverat
351 3347 360 3369 ι
398 3336 681 3371 Sacramentum
707 3335 917 3380 Baptismi,
962 3339 1011 3373 ait
1098 3341 1209 3374 etiam
1224 3350 1392 3384 paqamts
1405 3344 1439 3375 et
1454 3341 1645 3378 haereticus
1661 3342 1853 3385 baptizare
1869 3346 1999 3386 potest.

113 3381 233 3417 concil.
254 3383 410 3418 Lateran.
429 3385 452 3418 ὰ
474 3394 700 3429 quocumque
724 3388 805 3419 ritu
822 3386 1011 3428 collatum,
1138 3387 1181 3429 (2)
1202 3389 1247 3422 Ea
1270 3389 1310 3424 de
1338 3400 1376 3423 re
1402 3388 1518 3425 confer
1546 3390 1790 3425 catechismum
1819 3402 1996 3427 romanum

112 3431 262 3472 proficit
288 3431 336 3465 ad
354 3432 524 3469 salutem.
544 3433 587 3467 Et
612 3433 735 3469 concil.
756 3434 945 3469 Florentin.
966 3435 1013 3470 Iu
1098 3435 1197 3476 (part.
1217 3436 1262 3476 Π,
1280 3446 1322 3471 n0
1336 3436 1379 3472 22
1397 3441 1432 3472 et
1447 3438 1545 3480 sem).
