2170 3808
183 244 266 288 208
837 245 1036 295 QUAEST.
1068 245 1208 303 XXIV,
1238 246 1356 289 ΛΒΤ.
1386 246 1439 288 Π.

181 327 529 371 ARTICULUS
547 329 607 371 11.
640 349 693 358 —-
716 339 856 370 urium
877 339 968 370 mac
990 339 1052 370 sn·
1077 339 1205 369 FALSA
1223 341 1234 370 :
1260 340 1474 384 canimus,
1494 340 1710 371 secunaum
1731 340 1838 377 ouon
1860 339 1989 383 nomo,
2010 341 2083 372 ns'r

766 400 1110 432 PRAEDESTINATUS
1130 400 1231 431 ESSE
1250 401 1384 432 FILIUS
1401 402 1485 434 DEI.

305 458 353 493 De
370 457 423 492 his
441 456 545 492 etiam
559 457 655 492 Sent.
673 466 728 498 ιιι,
749 456 826 492 dist.
842 458 897 499 1¹0,
911 462 1029 500 quaest.
1050 465 1075 499 1,
1094 460 1159 492 art.
1175 459 1210 499 ⁴,
1227 463 1347 500 quoest.
1361 466 1402 500 ιι,
1419 463 1454 493 et
1469 460 1567 494 Cont.
1585 461 1676 499 gent.
1692 457 1756 493 lib.
1773 466 1822 499 lv,
1842 469 1914 499 cap.
1935 458 1970 493 9.

238 511 302 556 Ad
321 512 583 557 secundum
601 511 670 556 sic
688 512 971 569 proceditur.
995 516 1039 556 1.
1066 511 1252 557 Videtur
1273 512 1400 569 quod
1420 513 1521 559 haec
1534 513 1595 558 sit
1607 514 1753 557 falsa:
1787 513 2009 567 Christus,
2025 525 2083 556 se-

184 573 379 617 cundum
395 574 515 629 quod
536 574 684 630 homo,
703 577 770 618 est
787 575 1148 630 praedestinatus
1171 587 1263 618 esse
1291 574 1440 618 Filius
1463 579 1563 619 Dei.
1579 577 1673 619 Hoc
1694 574 1817 619 enim
1843 578 1915 618 est
1940 585 2085 619 unus-

184 636 383 692 quisque
402 636 662 681 secundum
684 636 873 694 aliquod
895 641 1099 692 tempus,
1120 637 1247 694 quod
1271 640 1342 682 est
1359 637 1715 693 praedestinatus
1734 649 1863 691 esse3
1884 636 1940 681 εό
1962 635 2084 693 quod
2132 686 2138 688 ,

183 697 526 753 praedestinatio
546 698 625 743 Dei
651 711 743 742 non
765 698 954 742 fallitur.
975 698 1017 741 Si
1041 709 1153 754 ergo
1175 698 1399 753 Christus,
1419 700 1677 743 secundum
1693 698 1816 755 quod
1839 698 1994 752 hom0,
2017 709 2084 742 es:

183 760 539 815 praedestinatus
556 772 660 805 esse
678 760 818 805 Filius
838 761 930 816 Dei,
953 760 1138 805 videtur
1169 762 1301 818 sequi
1320 760 1446 818 qudd
1475 761 1533 806 sit
1551 761 1689 805 Filius
1712 760 1808 810 Dei..
1829 759 2084 805 secundum
2143 767 2149 771 ’

183 822 308 877 quod
323 822 477 868 homo.
496 826 589 867 Hoc
611 828 768 866 autem
790 827 862 866 est
885 821 1072 866 falsum.
1094 824 1211 878 Ergo
1232 827 1279 867 et
1303 822 1518 877 primum.

237 885 280 928 2.
308 887 548 940 Praeterea‚
569 883 682 928 illud
705 884 829 941 quod
844 884 1065 928 convenit
1076 883 1255 928 Christo
1270 884 1530 929 secundum
1548 884 1673 942 quod
1688 885 1847 939 homo,
1869 881 2086 927 convenit
2151 887 2155 889 ’

182 944 372 990 cuilibet
391 945 581 1001 homini,
604 945 661 989 εὸ
679 945 803 1000 quod
824 945 925 1002 ipse
944 951 1015 989 est
1030 945 1172 990 unius
1188 946 1358 1002 speciei
1373 958 1482 991 cum
1497 946 1598 990 aliis
1613 945 1897 990 hominibus.
1916 943 1960 988 Si
1975 955 2087 999 ergo
2158 982 2165 996 t,

182 1006 406 1064 Christus,
431 1008 690 1053 secundum
710 1007 836 1063 quod
858 1009 1011 1065 homo,
1037 1012 1108 1052 est
1133 1007 1491 1064 praedestinatus
1515 1020 1620 1053 esse
1641 1008 1781 1052 Filius
1800 1007 1897 1063 Dei,
1925 1017 2087 1063 seque-

182 1073 311 1114 retur
331 1070 456 1126 quod
477 1069 665 1114 cuilibet
686 1068 861 1112 homini
887 1070 975 1114 hoc
1000 1070 1263 1114 conveniat.
1292 1071 1387 1114 Hoc
1409 1075 1566 1114 autem
1587 1075 1659 1114 est
1689 1070 1877 1114 falsum.
1901 1070 2019 1124 Ergo
2041 1075 2086 1113 et
2163 1126 2166 1132 ἢ

183 1143 540 1250 ΡΓΞἾἚιῖὶεέιεΥεε,
555 1193 645 1238 hoc
660 1193 718 1237 ab
733 1198 906 1238 aeterno
923 1194 1281 1251 praedestinatur
1303 1193 1429 1251 quod
1451 1198 1523 1239 est
1543 1192 1794 1250 aliquando
1814 1191 2020 1237 fiendum
2039 1192 2084 1237 in

183 1259 406 1313 tempore.
428 1257 514 1301 Sed
534 1257 684 1312 magis
703 1257 805 1301 haec
826 1261 898 1301 est
929 1268 1065 1300 vera:
1095 1257 1244 1300 Fili-us
1266 1260 1350 1300 Dei
1371 1259 1519 1311 sactus
1542 1261 1609 1299 est
1634 1257 1782 1313 homo,
1807 1255 1948 1311 quam
1967 1253 2090 1307 istat,
2160 1279 2170 1319 21

180 1321 323 1362 Homo
348 1322 498 1373 lactus
519 1324 586 1361 est
614 1319 767 1362 Filias
789 1321 885 1374 Dei,
918 1322 970 1362 ut
992 1330 1135 1375 supra
1159 1318 1371 1363 habitum
1394 1323 1465 1362 est
1483 1320 1663 1375 (quaest.
1689 1331 1773 1375 xv1,
1801 1321 1888 1361 art.
1907 1319 1934 1361 6
1954 1319 2000 1360 et
2022 1317 2083 1370 7).

180 1381 300 1437 Ergo
322 1382 473 1437 magis
491 1381 592 1425 haec
615 1386 688 1426 est
701 1393 837 1425 vera:
866 1381 1090 1437 Christus,
1109 1382 1355 1424 secundum
1374 1381 1493 1437 quod
1512 1384 1577 1424 est
1599 1380 1749 1424 Filius
1762 1383 1864 1435 Dei,
1888 1379 2086 1436 praedes-

182 1446 359 1488 tinatus
373 1447 440 1487 est
458 1457 552 1487 esse
569 1443 716 1497 homo,
738 1442 882 1500 quam
905 1442 932 1487 e
949 1454 1202 1488 converso:
1223 1443 1448 1499 Christus,
1462 1443 1708 1487 secundam
1721 1442 1839 1500 quod
1854 1445 1919 1484 est
1935 1440 2082 1497 homo,
2155 1426 2170 1474 3⁴

181 1510 244 1550 est
255 1507 610 1563 praedestz'natus
627 1518 719 1548 esse
731 1505 882 1548 Filius
902 1507 1003 1550 Dei.
2154 1534 2170 1563 4

237 1567 325 1612 Sed
345 1570 508 1611 contra
531 1572 603 1612 est
616 1566 742 1624 quod
763 1566 1052 1622 Augustinus
1072 1565 1184 1611 dicit
1202 1566 1265 1621 (in
1288 1565 1369 1610 lib.
1388 1569 1450 1611 De
1473 1565 1688 1623 praedest.
1715 1568 1866 1610 sanct.
1890 1577 1991 1621 cap.
2012 1567 2081 1620 15,

180 1629 290 1674 circ.
324 1629 496 1685 med.):
539 1631 735 1686 «Ipsum
773 1628 1016 1673 Dominum
1041 1628 1217 1686 gloriae,
1253 1628 1536 1686 inquantum
1564 1629 1704 1673 homo
1727 1627 1876 1672 sactus
1906 1631 1978 1672 est
2005 1628 2082 1671 Dei

179 1690 336 1747 Filius,
362 1690 747 1748 praedestinatum
767 1702 870 1734 esse
894 1690 1109 1735 dicimus.
1128 1708 1149 1730 »

228 1759 525 1801 CONCLUSIO.
553 1782 600 1789 —
627 1760 733 1799 Cum
753 1757 938 1799 humana
958 1761 1109 1798 natura
1141 1770 1226 1799 non
1249 1769 1407 1812 semper
1431 1759 1555 1799 verbo
1584 1758 1655 1798 Dei
1680 1758 1806 1797 fuerit
1824 1757 1965 1805 unita,
1987 1757 2084 1797 etei

181 1813 258 1855 hoc
291 1826 360 1866 per
383 1815 560 1865 gratiam
586 1814 788 1854 collatum
816 1814 968 1854 fuerit:
994 1814 1076 1853 fuit
1097 1814 1228 1854 Filius
1250 1813 1322 1854 Dei
1358 1813 1587 1853 secundum
1610 1811 1729 1852 illam
1754 1811 2083 1865 praedestinatus.

235 1878 507 1934 Respondeo
527 1877 779 1923 dicendum
795 1876 921 1933 qued
945 1876 994 1920 in
1013 1876 1419 1934 praedestinatione
1437 1876 1531 1922 duo
1551 1880 1749 1934 possunt
1769 1874 2082 1920 considerari:
2159 1892 2163 1894 *

179 1951 329 1985 unum
355 1940 545 1997 quidem
567 1952 625 1984 ex
644 1943 775 1996 parte
797 1939 944 1996 ipsius
967 1939 1390 1995 praedestInationis
1415 1945 1618 1996 aeternae,
1644 1944 1690 1984 et
1715 1938 1975 1984 secundum
1995 1939 2085 1984 hoc

178 2001 396 2058 importat
416 2001 784 2046 antecessionem
805 2001 1055 2058 quamdam
1070 2007 1283 2059 respectu
1305 2001 1407 2059 ejus
1429 2001 1556 2058 quod
1574 2001 1663 2046 sub
1679 2001 2084 2058 praedestinatione

179 2063 327 2120 cadit3
366 2063 455 2108 alio
478 2064 616 2109 modo
646 2069 797 2121 potest
825 2063 1109 2108 considerari
1130 2064 1391 2109 secundum
1414 2065 1630 2109 effectum
1659 2063 1978 2120 temporalem,
2002 2064 2083 2120 qui

179 2126 367 2181 quidem
385 2130 456 2170 est
472 2125 660 2183 aliquod
680 2126 933 2182 gratuitum
953 2125 1031 2170 Dei
1049 2125 1241 2171 donum.
1262 2126 1517 2170 Dicendum
1536 2131 1607 2170 est
1629 2137 1740 2181 ergo
1761 2124 1886 2181 quod
1916 2138 2084 2170 secun-

180 2188 292 2234 dum
313 2195 564 2246 utrumque
584 2188 779 2232 istorum
801 2187 1066 2233 attribuitur
1087 2188 1431 2244 praedestinatio
1452 2187 1630 2232 Christo
1643 2187 1822 2231 ratione
1837 2187 1983 2232 solius
2001 2187 2085 2232 hu·
2160 2189 2170 2237 ἶ

179 2262 333 2296 manae
366 2256 558 2295 naturae.
584 2252 696 2294 Nam
730 2250 936 2294 humana
973 2254 1139 2294 natura
1168 2262 1263 2294 non
1293 2262 1476 2306 semper
1505 2249 1591 2294 suit
1620 2249 1768 2294 Verbo
1791 2249 1945 2305 unita;
1973 2254 2020 2295 et
2040 2252 2083 2296 ei
2158 2263 2162 2266 ⁴

180 2313 318 2358 etiam
347 2313 436 2356 hoc
467 2325 550 2369 per
569 2314 765 2368 gratiam
789 2317 860 2356 est
887 2311 1124 2369 collatum,
1156 2319 1209 2356 ut
1236 2310 1346 2356 Filio
1365 2311 1442 2356 Dei
1465 2312 1512 2356 in
1545 2323 1748 2369 persona
1777 2311 2007 2357 uniretur.
2030 2315 2084 2358 Et

180 2373 284 2419 ideo
306 2374 459 2419 solum
488 2374 667 2418 ratione
686 2375 905 2417 humanae
930 2378 1109 2417 naturae
1129 2373 1474 2430 praedestinatio
1499 2374 1716 2431 competit
1739 2373 1931 2418 ChristO.
1954 2375 2084 2421 Unde

180 2436 466 2492 Augustinus
486 2435 597 2480 dicit
614 2436 676 2489 (in
697 2436 815 2479 libro
834 2438 896 2479 De
920 2434 1136 2491 praedest.
1162 2440 1311 2479 sanct.
1336 2435 1425 2479 loc.
1451 2435 1575 2489 cit.):
1602 2453 1621 2472 «ι
1657 2435 1986 2480 praedestinata
2013 2441 2084 2482 est

180 2498 269 2543 ista
285 2498 503 2542 humanae
522 2502 700 2541 naturae
724 2501 851 2540 tanta
865 2503 911 2541 et
927 2501 1022 2540 tam
1037 2496 1221 2540 excelsa
1239 2500 1285 2540 et
1298 2508 1482 2540 summa
1498 2495 1755 2550 subvectio,
1771 2504 1824 2542 ut
1838 2498 1930 2554 quo
1948 2498 2083 2543 attol-

180 2560 351 2606 leretur
369 2559 508 2604 altius
530 2572 622 2603 non
641 2559 843 2607 haberet.
862 2578 882 2598 ι»
900 2561 994 2603 Hoc
1008 2562 1164 2603 autem
1176 2557 1374 2603 dicimus
1388 2559 1637 2604 convenire
1652 2559 1806 2616 alicui,
1823 2561 2083 2605 secundum

181 2623 305 2680 quod
334 2623 490 2677 homo,
515 2621 640 2678 quod
663 2622 704 2666 ei
734 2620 953 2666 convenit
972 2620 1152 2666 ratione
1173 2621 1393 2665 humanae
1411 2627 1606 2666 naturae.
1633 2625 1686 2666 Et
1708 2622 1811 2668 ideo
1831 2622 2083 2668 dicendum

181 2685 306 2742 qued
318 2704 339 2724 ιι
352 2685 576 2741 Christus,
592 2684 852 2735 secundum
869 2684 994 2742 qued
1008 2684 1165 2741 homQ
1177 2688 1249 2728 est
1262 2684 1615 2740 praedestinatus
1627 2697 1730 2731 esse
1741 2685 1881 2730 Filius
1891 2686 1968 2730 Dei
1979 2687 2078 2740 (1).»

235 2748 302 2793 Ad
317 2752 517 2805 primum
538 2759 650 2803 ergo
669 2747 936 2802 dicendum,
961 2746 1088 2804 quod
1109 2747 1217 2791 cum
1236 2746 1432 2791 dicitur:
1459 2747 1686 2804 Christus,
1703 2749 1948 2791 secundam
1962 2748 2083 2803 quod

180 2810 327 2866 homo,
354 2813 419 2853 est
436 2809 782 2864 praedestinatus
805 2822 899 2852 esse
914 2809 1064 2852 Filius
1088 2810 1186 2864 Dei,
1217 2808 1317 2852 haec
1339 2807 1678 2863 determinatio,
1697 2810 1941 2853 secundum
1963 2811 2082 2866 quod

180 2871 329 2929 homo,
353 2877 504 2929 potest
536 2871 694 2916 referri
731 2871 791 2916 ad
821 2875 976 2916 actum
1015 2870 1328 2926 significatum
1363 2884 1446 2927 per
1471 2870 1781 2928 participium,
1808 2872 2078 2928 dupliciter:

181 2946 276 2978 uno
298 2934 437 2979 modo
467 2946 523 2978 ex
551 2938 677 2990 parte
706 2934 808 2991 ejus
841 2933 968 2990 quod
995 2932 1294 2978 materialiter
1315 2934 1438 2978 cadit
1470 2933 1558 2978 sub
1583 2934 2004 2992 praedestinatione‚
2035 2940 2083 2980 et

181 2996 268 3041 hoc
286 2997 424 3041 modo
443 3002 515 3041 est
534 2996 674 3051 falsa3
696 3001 767 3041 est
793 2996 918 3042 enim
945 3007 1131 3052 sensus,
1152 2995 1278 3052 quod
1290 2996 1679 3052 praedestinatum
1701 2996 1763 3040 sit
1784 3002 1837 3041 ut
1855 2997 2077 3054 Christus,

182 3059 439 3103 secundum
469 3058 594 3115 quod
615 3058 770 3115 homo5
803 3058 863 3102 sit
880 3058 1021 3103 Filius
1046 3056 1154 3102 Dei:
1192 3061 1237 3102 et
1266 3057 1315 3101 in
1340 3058 1428 3102 hoc
1451 3071 1594 3103 sensu
1620 3059 1824 3115 procedit
1851 3059 2080 3117 objectio;

182 3119 271 3164 alio
303 3121 443 3165 modo
468 3125 621 3176 potest
644 3120 804 3165 referri
825 3121 883 3164 ad
912 3121 1062 3177 ipsam
1080 3120 1316 3177 propriam
1334 3120 1557 3165 rationem
1577 3125 1726 3176 actus,
1751 3126 1886 3178 prout
1908 3122 2082 3167 scilicet

182 3181 523 3238 praedestinatio
542 3183 825 3239 importatin
840 3183 913 3228 sui
934 3182 1112 3227 ratione
1129 3182 1496 3227 antecessionem
1513 3190 1558 3228 et
1573 3184 1788 3228 effectum
1809 3184 2078 3240 gratuitum.

183 3246 234 3288 Et
255 3243 342 3287 hoc
368 3243 507 3287 modo
540 3244 758 3288 convenit
779 3244 958 3289 Christo
976 3243 1155 3289 ratione
1186 3243 1404 3288 humanae
1437 3250 1614 3289 naturae
1637 3247 1716 3302 (Ξ),
1739 3249 1790 3289 ut
1813 3245 1989 3290 dictum
2011 3248 2081 3290 est

222 3354 266 3395 (l)
293 3353 381 3388 Hinc
404 3351 589 3387 concilium
615 3351 815 3388 Toletanum
838 3363 864 3389 u
893 3354 929 3389 in
952 3354 1089 3396 profes-
1175 3358 1233 3391 tus
1258 3359 1312 3391 est
1340 3359 1373 3391 et
1395 3360 1506 3391 natas
1529 3360 1562 3392 et
1579 3356 1700 3398 sactus
1728 3359 1760 3391 et
1785 3356 2075 3399 praedescinams

181 3402 274 3436 sione
309 3400 389 3435 fidei
421 3399 523 3442 babet
555 3400 729 3434 Christum
765 3414 826 3436 nec
852 3402 993 3441 factum,
1028 3415 1089 3438 nec
1176 3414 1250 3439 esse
1269 3405 1488 3441 credendus.

181 3449 460 3491 praedestinatum
477 3459 556 3492 esse,
570 3453 610 3482 ut
625 3449 724 3491 Deus,
744 3451 801 3483 scd
818 3450 932 3484 statim
947 3450 1063 3485 subdit
1080 3463 1089 3486 :
1218 3453 1263 3494 (2)
1285 3453 1370 3495 Quia
1388 3452 1492 3488 solum
1509 3456 1664 3488 naturam
1681 3453 1780 3488 istam
1801 3452 1975 3490 antecessit
1997 3455 2031 3487 et
2046 3452 2078 3487 ei

185 3498 258 3533 Per
278 3499 354 3540 Ιιοσ,
371 3500 492 3533 lamen
517 3495 612 3540 quiid
639 3496 683 3532 de
700 3497 830 3532 Maria
855 3498 1002 3542 Virgine
1023 3508 1091 3534 ma·
1178 3500 1242 3536 soli
1256 3500 1360 3542 gratis
1376 3505 1447 3543 ejus
1462 3500 1603 3536 effectus
1620 3507 1670 3538 est
1684 3512 1869 3537 concessus.
