2170 3808
180 249 263 292 273
725 247 923 299 QUAEST.
949 247 1128 299 xxxin,
1155 247 1273 290 ART.
1304 248 1358 290 111
1382 249 1447 291 ET
1474 248 1541 292 lv.

181 331 306 374 esset
327 326 567 384 conceptio
587 326 740 372 carnis
759 327 901 384 quam
920 327 1023 385 ejus
1041 328 1316 384 assumptio,
1340 329 1427 374 Sed
1446 329 1555 387 quia
1575 328 1795 386 ponimus
1812 327 2075 386 conceptio-

180 390 358 436 nemin
387 388 585 433 instanti
608 400 713 434 esse
732 389 1003 447 perfectam,
1024 402 1322 448 consequens
1344 394 1417 436 est
1438 391 1564 448 quod
1591 391 1637 436 in
1675 391 1754 436 illa
1780 402 1921 436 carne
1939 389 2079 436 simul

156 448 269 501 {fuit
285 450 468 508 concipi
489 455 536 496 et
557 457 838 509 conceptum
855 465 985 510 esse3
1006 458 1069 510 et,
1090 453 1212 498 sicut
1225 453 1515 510 Augustinus
1531 453 1834 511 (Fulgentius)
1851 453 1963 499 dicit
1979 452 2076 509 (lib.

178 517 244 561 De
260 513 352 559 fide
381 513 443 559 ad
470 515 675 571 Petrum,
697 527 801 572 cap.
822 517 912 575 18),
932 533 954 554 «
975 515 1175 561 dicimus
1194 515 1349 572 ipsum
1371 515 1452 561 Dei
1471 516 1673 561 Verbum
1699 528 1798 561 suae
1824 514 1981 561 carnis
1998 526 2079 561 ac-

179 574 393 632 ceptione
413 580 709 634 conceptum‚
730 577 975 635 ipsamque
997 589 1187 623 carnem
1215 576 1351 622 Verbi
1378 576 1695 624 incarnatione
1721 582 2009 635 conceptam.
2027 595 2049 616 n

174 644 188 676 .“
235 639 290 682 Et
306 649 390 695 per
411 638 500 683 hoc
523 642 651 696 patet
671 638 812 683 etiam
842 639 1087 696 responsio
1110 638 1171 685 ad
1191 641 1434 684 secundum
1463 655 1476 685 ε
1506 652 1617 685 nam
1656 640 1797 686 simul
1830 640 1943 685 dum
1970 650 2080 685 caro

181 699 262 745 illa
285 700 562 758 concipitur,
582 705 807 758 concepta
826 705 962 746 estet
982 701 1229 747 animatur.

236 761 304 808 Ad
325 766 509 808 tertium
528 762 796 821 dicendum,
817 761 945 820 quod
961 762 1010 807 in
1033 763 1261 822 mysterio
1282 763 1620 811 incarnationis
1638 776 1734 809 non
1758 763 2080 810 consideratur

182 836 424 880 ascensuS,
448 824 582 882 quasi
601 824 800 882 alicujUs
815 825 1160 882 praeexistentis
1182 825 1466 883 proficientis
1486 839 1638 884 usque
1656 827 1716 872 ad
1732 826 1921 872 unionis
1934 824 2081 881 digni-

183 890 344 945 tatem,
356 886 477 931 sicut
493 886 651 943 posuit
666 887 892 932 Photinus
909 887 1155 933 haereticus
1172 888 1260 944 (1);
1279 887 1363 933 sed
1381 888 1535 945 potitis
1551 888 1873 934 consideratur
1889 885 1955 933 ibi
1970 886 2080 932 des-

183 961 355 995 census
371 982 384 1006 ,
407 949 667 995 secundum
692 949 818 1007 quod
851 949 1109 1007 perfectum
1140 949 1219 996 Dei
1246 949 1447 996 Verbum
1472 951 1868 1008 imperfectionem
1899 953 2082 996 naturae

183 1015 356 1058 nostrae
374 1010 462 1056 sibi
482 1013 753 1071 assumpsit,
775 1013 1037 1059 secundum
1060 1012 1173 1058 illud
1191 1013 1337 1068 (Joan.
1359 1027 1421 1071 w,
1444 1015 1515 1069 38)
1539 1028 1550 1058 :
1575 1015 1815 1058 Descendit
1837 1014 1893 1057 de
1915 1012 2042 1058 coelo·

309 1076 657 1120 ARTICULUS
681 1078 762 1120 lV.
784 1099 841 1107 -
862 1089 1004 1119 urium
1026 1088 1254 1120 concerno
1276 1088 1439 1121 cnms'n
1461 1089 1610 1120 runmr
1628 1089 1852 1121 NArunaus
1875 1089 1956 1120 vm.

997 1150 1273 1182 uissicutosi.

194 1205 246 1240 De
260 1204 429 1241 his-etiam
445 1208 541 1243 Scnt.
559 1216 615 1250 ιιι,
633 1207 710 1243 dist.
724 1208 759 1250 5,
774 1211 892 1250 quaest.
904 1217 944 1252 11,
957 1211 1024 1243 art.
1038 1208 1072 1249 2,
1086 1212 1121 1243 et
1138 1209 1235 1243 Cont.
1256 1210 1346 1248 gent.
1360 1206 1423 1243 lib.
1438 1216 1488 1251 lv,
1501 1219 1574 1249 cap.
1585 1208 1641 1251 45,
1657 1211 1692 1242 et
1708 1207 1824 1250 quodi.
1842 1215 1893 1251 vl,
1905 1209 2022 1249 quast.
2033 1214 2057 1242 x
2067 1231 2081 1249 ,

640 1260 675 1292 et
692 1257 816 1298 opusc.
833 1266 872 1299 11,
892 1268 966 1299 cap.
982 1257 1059 1299 225,
1074 1268 1179 1299 usque
1193 1256 1269 1297 252,
1287 1259 1322 1291 et
1336 1255 1476 1298 1sa.vu,
1493 1256 1571 1290 lect.
1590 1255 1623 1291 2.

239 1308 307 1354 Ad
328 1313 548 1366 quartum
566 1310 635 1355 sic
653 1306 937 1368 proceditur.
955 1315 998 1357 1.
1019 1311 1208 1357 Videtur
1229 1310 1353 1368 quod
1375 1310 1618 1368 conceptio
1636 1309 1803 1355 Christi
1832 1309 1973 1358 fuerit
1998 1321 2081 1354 na-

184 1371 368 1417 turalis.
389 1372 656 1418 Secundum
674 1374 800 1419 enim
821 1374 1178 1432 conceptionem
1197 1373 1352 1418 carnis
1370 1373 1577 1422 Christus
1596 1372 1765 1419 dicitur
1787 1371 1912 1417 filius
1928 1371 2083 1417 homi-

184 1433 274 1478 nis.
311 1436 391 1480 Est
424 1439 583 1480 autem
611 1447 754 1481 verus
778 1439 827 1481 et
843 1435 1070 1481 naturalis
1092 1435 1217 1480 filius
1249 1434 1470 1497 hominiS,
1490 1435 1612 1482 sicut
1633 1446 1772 1481 verus
1790 1438 1838 1481 et
1856 1432 2084 1480 naturalis

185 1496 264 1541 Dei
288 1495 449 1543 Filius.
471 1497 590 1554 Ergo
610 1496 714 1555 ejus
732 1497 976 1555 conceptio
996 1498 1085 1542 fuit
1101 1496 1343 1542 naturaliS.

241 1560 283 1603 2.
319 1560 546 1604 Praeterea
565 1593 578 1616 ,
611 1559 741 1603 nulla
776 1563 991 1605 creatura
1022 1558 1237 1617 producit
1272 1558 1589 1617 operationem
1616 1557 1962 1604 miraculosam.
1993 1557 2084 1604 Sed

185 1619 428 1678 conceptio
454 1620 619 1665 Christi
650 1620 918 1666 attribuitur
945 1623 995 1666 B.
1031 1620 1234 1678 Virgini,
1263 1633 1369 1679 quae
1401 1625 1474 1667 est
1503 1624 1862 1678 puracreatura
1882 1635 1895 1666 ι
1915 1618 2085 1667 dicitur

185 1681 309 1727 enim
326 1681 451 1739 quod
464 1682 607 1728 verbo
627 1683 859 1728 Christum
871 1683 1083 1740 concepit
1104 1685 1181 1739 (2).
1201 1685 1320 1740 Ergo
1338 1682 1523 1729 videtur
1544 1682 1670 1740 quod
1685 1695 1780 1728 non
1796 1681 1858 1728 sit
1877 1681 2086 1728 miracu-

184 1742 287 1791 losa
305 1745 563 1804 concepti0,
587 1746 671 1791 sed
690 1745 933 1791 naturaliS.

241 1809 286 1853 3.
317 1808 556 1865 Praeterea,
582 1808 642 1853 ad
661 1808 750 1852 hoc
769 1806 894 1865 quod
913 1806 1070 1863 aliqua
1088 1806 1417 1853 transmutatio
1435 1805 1497 1851 sit
1516 1805 1759 1863 naturalis,
1774 1804 1945 1852 sufficit
1958 1803 2085 1863 quod

186 1869 470 1928 principium
489 1869 729 1927 passivum
748 1870 808 1914 sit
823 1869 1053 1926 naturale,
1070 1872 1125 1914 ut
1142 1881 1287 1926 supra
1299 1868 1511 1921 habitum
1531 1872 1604 1914 est
1624 1869 1808 1925 (quaest.
1833 1879 1976 1925 praec.
1996 1871 2083 1914 art.

186 1932 248 1987 4).
272 1931 359 1977 Sed
377 1931 661 1990 principium
685 1932 928 1989 passivum
958 1944 1018 1977 ex
1046 1935 1177 1989 parte
1205 1930 1370 1976 matris
1398 1930 1447 1975 in
1465 1931 1782 1988 ‘conceptione
1811 1929 1975 1975 Christi
1997 1928 2087 1976 fuit

187 1993 419 2052 naturale,
438 2000 493 2040 ut
510 2007 566 2040 ex
587 1994 723 2041 dictis
737 1998 865 2051 patet
882 1993 1051 2050 (ibid.).
1067 1995 1187 2052 Ergo
1206 1993 1450 2051 conceptio
1471 1993 1636 2039 Christi
1654 1992 1740 2038 fuit
1757 1990 1984 2037 naturalis

246 2056 334 2102 Sed
353 2059 515 2101 contra
533 2057 747 2115 estquod
772 2056 1025 2115 Dionysius
1043 2056 1156 2102 dicit
1183 2056 1247 2112 (in
1281 2055 1415 2113 epist.
1447 2055 1508 2101 ad
1533 2055 1692 2101 Caium
1709 2054 1993 2100 monachum
2006 2086 2020 2113 ,
2039 2058 2083 2112 4,

190 2119 300 2164 circ.
323 2119 495 2175 med.):
517 2137 537 2158 «
553 2122 699 2177 Super
715 2119 953 2164 hominem
981 2117 1261 2176 operabatur
1281 2117 1490 2163 Christus
1515 2129 1570 2162 ea
1588 2129 1695 2175 quae
1725 2119 1837 2163 sunt
1859 2115 2083 2173 hominis3

191 2184 238 2226 et
251 2181 341 2226 hoc
361 2185 592 2227 monstrat
609 2181 747 2240 Virgo
766 2181 1186 2238 supernaturaliter
1203 2180 1490 2237 concipiens.
1511 2198 1532 2218 ι»
1970 2220 1978 2247 ἱ,

238 2249 527 2290 CONCLUSIO.
555 2272 603 2279 -
628 2250 876 2302 Quanquam
902 2260 951 2289 cx
973 2251 1086 2301 parte
1103 2248 1287 2290 materiae
1312 2248 1438 2289 fuerit
1459 2246 1612 2288 Christi
1629 2247 1837 2299 conceptio
1861 2244 2088 2297 naturalis,

190 2303 434 2344 miraculosa
457 2308 593 2345 tamen
609 2307 650 2345 et
670 2304 997 2357 supernaturalis
1013 2304 1256 2357 simpliciter
1271 2303 1352 2344 fuit
1373 2314 1421 2344 ex
1439 2307 1551 2355 parte
1567 2302 1639 2343 Dei
1657 2302 1879 2354 operantis.

237 2367 522 2425 -Respondeo
540 2368 790 2414 dicendum
808 2367 951 2425 quod,
984 2368 1108 2413 sicut
1129 2366 1403 2413 Ambrosius
1423 2366 1533 2412 dicit
1552 2366 1617 2422 (in
1636 2365 1756 2410 libro
1783 2368 1846 2411 De
1871 2365 2088 2411 incarna-

193 2430 334 2487 tione,
350 2442 452 2487 cap.
470 2432 513 2487 6,
531 2430 642 2475 circ.
659 2429 821 2486 med.),
840 2428 1023 2473 «multa
1043 2428 1092 2473 in
1109 2429 1199 2474 hoc
1213 2427 1437 2488 mysterio
1453 2431 1500 2473 et
1514 2427 1777 2473 secundum
1791 2429 2009 2472 naturam
2021 2425 2088 2472 in-

195 2492 354 2539 venies
372 2496 420 2538 et
437 2491 559 2537 ultra
575 2495 808 2537 naturam.
825 2510 846 2531 »
874 2491 918 2536 Si
937 2491 1064 2535 enim
1087 2490 1440 2537 consideremus
1462 2489 1511 2536 id
1531 2489 1659 2547 quod
1673 2493 1745 2535 est
1766 2501 1827 2535 ex
1842 2492 1972 2547 parte
1985 2500 2089 2534 ma-

194 2556 322 2602 teriae
341 2558 615 2612 conceptuS,
640 2566 782 2612 quam
799 2557 949 2598 mater
964 2553 1259 2612 ministravit,
1282 2556 1432 2598 totum
1452 2555 1525 2598 est
1543 2550 1772 2598 naturale.
1794 2550 1968 2597 sivero
1981 2563 2089 2596 con·

193 2618 453 2664 sideramus
472 2617 520 2663 id
539 2617 666 2675 quod
689 2621 849 2662 est-ex
869 2622 1002 2674 parte
1031 2615 1217 2662 virtutis
1246 2614 1426 2668 activae,
1459 2617 1610 2660 totum
1636 2617 1709 2659 est
1736 2613 2086 2661 miraculosum.

195 2680 284 2727 Sed
306 2680 417 2739 quia
436 2680 810 2738 unumquodque
834 2679 986 2738 magis
1002 2678 1245 2736 ,iudicatur
1264 2676 1522 2723 secundum
1539 2676 1737 2721 formam
1760 2675 1902 2733 quam
1920 2687 2088 2721 secun-

194 2742 307 2789 dum
335 2741 596 2798 materiam,
631 2746 679 2788 et
712 2741 924 2787 similiter
957 2740 1217 2787 secundum
1241 2751 1389 2797 agens
1410 2738 1551 2797 quam
1586 2738 1845 2784 secundum
1873 2737 2056 2796 patiens
2072 2773 2087 2795 ‚

193 2805 304 2851 inde
322 2809 396 2851 est
417 2804 543 2864 quod
562 2803 804 2862 conceptio
820 2803 985 2849 Christi
1005 2802 1144 2849 debet
1159 2802 1250 2848 dici
1271 2800 1543 2859 simpliciter
1563 2799 1847 2845 miraculosa
1861 2803 1909 2845 et
1928 2811 2088 2858 super-

194 2866 439 2926 naturalis,
464 2867 549 2914 sed
571 2867 833 2914 secundum
857 2866 1036 2925 aliquid
1060 2863 1301 2911 naturalis».

250 2930 317 2976 Ad
337 2934 537 2988 primum
555 2942 669 2987 ergo
691 2929 960 2985 dicendum,
984 2926 1110 2987 quod
1132 2926 1341 2973 Christus
1361 2924 1531 2971 dicitur
1549 2922 1778 2969 naturalis
1798 2922 1925 2970 filius
1945 2923 2088 2969 homi·
2144 2944 2149 2948 ·

195 2991 286 3049 nie,
310 2993 591 3050 inquantum
612 2992 754 3038 habet
772 2997 990 3038 naturam
1017 2991 1280 3036 humanam,
1300 2999 1461 3034 veram
1496 2989 1570 3044 (3),
1596 2998 1679 3045 per
1706 2997 1850 3044 quam
1871 2989 1944 3031 est
1963 2985 2088 3031 filius

236 3115 281 3158 (1)
299 3116 397 3158 Quod
417 3116 469 3150 his
483 3117 598 3152 verbis
623 3117 797 3152 damnavit
817 3117 940 3153 concil.
961 3117 1097 3152 Floren-

197 3164 310 3200 tinum
329 3165 604 3199 :sacrosancta
630 3176 788 3201 romana
814 3167 979 3202 Ecclesia
997 3167 1098 3201 dam·

197 3216 265 3248 nat
282 3214 468 3252 Ebionem,
489 3213 721 3254 cerinthum,
738 3215 982 3256 Marcionem,
998 3215 1099 3249 Paa-

199 3261 277 3296 lum
287 3261 535 3302 Samosatam,
559 3261 772 3305 Photinum,
789 3273 979 3307 omnesque
1000 3263 1102 3298 simi·

199 3308 287 3345 liter
316 3309 631 3353 blasphemantes,
660 3311 723 3352 qui
755 3312 884 3346 Jesum
912 3311 1101 3346 Christum

198 3367 273 3393 esse
291 3368 418 3393 verum
436 3358 553 3392 Deum
567 3363 806 3401 neyaverant‚
825 3360 948 3402 ipsam
964 3370 1102 3402 purum

197 3406 382 3440 hominem
397 3406 625 3449 confitentes:
641 3407 704 3448 qui
717 3407 850 3441 dioinoe
864 3408 997 3450 pratioe
1013 3418 1102 3449 par-

200 3454 417 3498 ticipatione
453 3453 593 3497 majori
635 3454 745 3498 quam
784 3456 983 3489 sanctioris
1021 3456 1104 3489 vitoe

200 3504 329 3538 merito
341 3504 572 3547 suscepisset,
600 3502 749 3537 divinus
771 3503 875 3538 homo
890 3503 1087 3538 diceretw·⁴

1225 3115 1269 3157 ‹2›
1282 3116 1322 3150 In
1337 3114 1451 3149 officio
1463 3112 1633 3155 Ecclesiae,
1652 3111 1723 3148 sive
1738 3111 1774 3146 in
1792 3111 1918 3154 hymno
1932 3109 2086 3147 Laudum

1184 3163 1276 3198 infra
1303 3163 1522 3198 Nativitatem
1541 3160 1680 3202 Christi,
1701 3164 1798 3199 cujus
1819 3163 1868 3195 cst
1891 3162 2008 3194 auctor
2028 3158 2085 3192 Se-

1184 3211 1296 3247 dulius
1313 3211 1381 3246 :ibi
1397 3210 1490 3246 enim
1500 3210 1547 3244 sic
1561 3208 1708 3243 Ecclesia
1725 3209 1897 3248 :Intacta
1919 3205 2090 3243 nesciens

1183 3262 1305 3295 virum
1325 3259 1439 3296 Verbo
1464 3258 1629 3300 concepit
1650 3257 1794 3291 Filium
1815 3268 1828 3291 .·
1845 3254 2026 3291 alludendo
2042 3251 2084 3288 ad

1185 3309 1273 3343 iilud
1292 3308 1385 3351 (Luc.
1406 3316 1430 3349 1,
1447 3306 1530 3350 58):
1551 3306 1642 3340 Fiat
1663 3305 1759 3340 mihi
1779 3303 1978 3340 secundstm
1997 3301 2082 3338 Ver-

1186 3357 1270 3393 bum
1286 3361 1403 3393 tuum.

1228 3408 1272 3448 (5)
1286 3405 1324 3440 Id
1339 3409 1400 3445 est,
1417 3403 1617 3445 inquantum
1625 3401 1726 3436 habet
1739 3403 1896 3436 naturam
1904 3399 2084 3434 humanam

1187 3455 1251 3490 sibi
1275 3451 1557 3488 communicatam
1586 3461 1647 3492 per
1677 3450 1766 3484 viam
1792 3446 2022 3490 conceptionis
2050 3449 2084 3480 et

1189 3500 1413 3542 generationis
1438 3500 1612 3542 humanae,
1629 3501 1668 3533 ut
1683 3495 1923 3533 animadvertit
1938 3493 2080 3537 Sylvius«
