2170 3808
791 228 988 280 QuAEsT.
1021 228 1073 283 x,
1104 227 1219 269 ΛΒΤ.
1251 225 1300 268 11.
1908 225 1989 267 103

115 314 586 370 omnia,'inquantum
605 310 646 355 ei
668 309 876 366 subjecta
899 313 1011 353 sunt
1038 308 1209 351 omnia.
1231 308 1334 362 lpse
1363 304 1502 350 etiam
1522 308 1594 349 est
1620 303 1827 349 omnium
1844 300 1988 372 Judex

117 377 394 422 constitutus
415 375 440 417 a
463 375 569 427 Dec,
593 373 699 427 quia
722 371 838 425 filius
860 371 1052 414 hominis
1074 372 1155 425 est,
1171 373 1224 412 ut
1237 367 1403 412 dicitur
1425 368 1569 419 (Joan.
1585 379 1627 422 v,
1644 368 1714 420 27)
1728 367 1809 419 (1);
1826 369 1871 408 et
1886 362 1988 406 1deo

114 439 269 482 anima
291 434 452 481 Christi
471 434 520 478 in
534 432 680 477 Verbo
693 431 928 488 cognoscit
944 429 1100 475 omnia
1113 427 1370 484 existentia,
1388 427 1646 472 secundum
1665 426 1990 484 quodcumque

117 504 315 555 tempus,
343 505 390 542 et
405 496 541 541 etiam
557 495 795 539 hominum
813 493 1055 550 cogitatus,
1075 502 1272 548 quorum
1295 494 1366 534 est
1379 490 1526 546 judex
1542 504 1553 533 ι
1571 490 1634 534 ita
1654 494 1705 533 ut
1724 487 1847 545 quod
1859 487 1917 532 de
1929 497 1990 555 ‘eo

115 560 284 605 dicitur
311 561 455 613 (loan.
470 570 516 611 ιι,
536 559 608 609 25)
629 571 640 599 z
661 559 762 612 Ipse
780 558 897 598 enim
914 554 1079 596 sciebat
1093 553 1202 609 quid
1220 557 1330 595 esset
1347 554 1395 593 in
1411 552 1604 605 homine,
1623 550 1768 606 possit
1798 547 1989 604 intelligi

117 633 209 665 non
238 621 386 665 solum
404 621 629 676 quantum
654 617 712 662 ad
731 615 969 661 scientiam
989 611 1208 669 divina'm,
1227 612 1309 657 sed
1337 611 1474 656 etiam
1501 612 1727 667 quantum
1753 611 1810 655 ad
1845 609 1984 654 scien-

117 682 227 726 tiam
277 681 440 725 animae
471 680 588 736 ejus5
626 689 765 735 quam
807 677 944 722 habet
973 675 1020 719 in
1056 675 1217 719 Verb0.
1250 673 1344 718 Alio
1381 672 1520 716 modo
1565 672 1611 729 ly
1647 675 1799 715 omnia
1841 676 1987 727 potest

114 741 264 798 accipi
293 741 441 797 magis
458 738 601 794 large,
618 744 670 783 ut
687 738 960 783 extendatur
986 748 1080 780 non
1104 735 1255 780 solum
1275 734 1332 778 ad
1356 732 1514 778 omnia
1531 744 1636 789 quae
1657 737 1768 777 sunt
1784 738 1892 776 actu
1913 743 1978 776 se-

116 802 320 847 cundum
358 801 682 858 quodcumque
715 807 913 856 tempus,
945 798 1028 843 sed
1050 798 1187 842 etiam
1216 796 1275 841 ad
1302 795 1457 840 omnia
1479 806 1785 851 quaecumque
1807 799 1916 837 sunt
1940 793 1987 837 in

114 864 335 920 potentia,
353 875 589 919 nunquam
612 862 876 907 reducenda
892 861 964 906 vel
985 859 1173 905 reducta
1192 859 1251 904 ad
1289 862 1461 902 actum.
1490 859 1660 901 Horum
1683 862 1838 900 autem
1863 868 1986 912 quae-

116 925 220 970 dam
248 925 421 970 suntin
443 925 541 969 sola
560 924 762 981 potentia
780 923 967 968 divina:
998 927 1043 967 et
1066 919 1332 978 hujusmodi
1362 931 1454 963 non
1489 917 1646 962 omnia
1674 917 1912 973 cognoscit
1938 917 1986 961 in

114 987 259 1032 Verbo
287 987 438 1031 anima
458 987 636 1031 Christi.
658 989 749 1031 Hoc
770 985 892 1030 enim
914 990 1038 1029 esset
1059 981 1448 1039 comprehendere
1462 980 1618 1025 omnia
1640 991 1746 1036 quae
1764 982 1885 1024 Deus
1903 991 1987 1036 po—

117 1051 206 1093 test
224 1047 389 1103 facere,
420 1048 545 1104 quod
581 1053 704 1093 esset
737 1045 1127 1103 comprehendere
1151 1044 1353 1088 divinam
1377 1043 1609 1097 virtutem,
1636 1046 1682 1086 et
1710 1053 1791 1097 per
1824 1053 1987 1085 conse-

115 1120 262 1165 quens
285 1109 488 1154 divinam
510 1109 772 1154 essentiam.
795 1107 946 1151 Virtus
967 1106 1090 1151 enim
1114 1104 1329 1162 quaelibet
1348 1102 1641 1159 cognoscitur
1662 1114 1744 1158 per
1761 1101 1989 1158 cognitio·

114 1182 220 1214 nem
249 1171 456 1214 omnium
473 1171 520 1214 in
542 1183 647 1227 quae
663 1174 828 1227 potest.
860 1169 1077 1222 Quaedam
1110 1168 1219 1212 vero
1247 1171 1358 1210 sunt
1390 1178 1484 1210 non
1513 1164 1664 1209 solum
1701 1164 1748 1208 in
1784 1165 1987 1221 potentia

113 1231 292 1287 divina,
315 1232 399 1277 sed
427 1233 565 1276 etiam
599 1232 645 1276 in
680 1231 880 1288 potentia
901 1237 1123 1275 creaturae
1151 1244 1162 1273 z
1187 1234 1234 1273 et
1252 1227 1515 1284 huiusmodi
1535 1226 1690 1271 omnia
1723 1226 1809 1270 scit
1834 1226 1987 1270 anima

112 1293 274 1338 Christi
308 1293 358 1337 in
391 1294 536 1357 Verbo
553 1325 567 1350 ,
596 1292 942 1349 comprehendit
973 1292 1097 1336 enim
1127 1292 1173 1334 in
1208 1289 1353 1334 Verbo
1387 1289 1539 1333 omnis
1566 1293 1787 1332 creaturae
1825 1300 1987 1333 essen-

112 1353 239 1410 tiam,
274 1359 319 1399 et
332 1367 412 1411 per
431 1367 722 1411 consequens
754 1354 1004 1411 potentiam
1028 1358 1075 1398 et
1094 1352 1312 1396 virtutem
1333 1355 1380 1395 et
1401 1350 1557 1395 omnia
1575 1361 1679 1406 quae
1699 1354 1811 1394 sunt
1832 1348 1879 1393 in
1902 1361 1987 1406 po-

111 1416 252 1460 tentia
274 1423 508 1461 creaturae.

175 1477 239 1521 Ad
253 1481 453 1534 primum
474 1490 585 1534 ergo
605 1477 871 1533 dicendum,
894 1476 1018 1534 quod
1045 1476 1160 1521 illud
1193 1475 1386 1519 verbum
1420 1473 1748 1518 intellexerunt
1774 1473 1908 1519 Arius
1941 1479 1987 1520 et

112 1538 362 1583 Eunomius
399 1551 493 1582 uon
512 1538 736 1595 quantum
765 1539 824 1583 ad
842 1538 1083 1583 scientiam
1107 1538 1274 1581 animae
1297 1547 1438 1592 quam
1457 1536 1505 1580 in
1527 1536 1703 1580 Christo
1724 1548 1816 1579 non
1845 1548 1986 1592 pone-

111 1598 241 1658 bant,
268 1607 478 1657 utsupra
495 1601 667 1645 dictum
689 1606 759 1645 est
775 1603 954 1656 (quaest.
980 1614 1038 1653 ix,
1067 1605 1151 1644 art.
1172 1600 1235 1655 1),
1261 1599 1343 1643 sed
1372 1599 1598 1655 quantum
1617 1598 1675 1643 ad
1694 1598 1894 1643 divinam
1915 1612 1988 1644 co-

113 1662 365 1716 gnitionem
401 1662 512 1719 Filii,
534 1674 672 1718 quem
699 1662 933 1719 ponebant
961 1673 1063 1707 esse
1095 1661 1322 1706 minorem
1350 1663 1480 1705 Patre
1510 1660 1734 1717 quantum
1765 1660 1823 1705 ad
1842 1661 1986 1706 scien·

113 1721 240 1766 tiam.
269 1723 354 1767 Sed
377 1723 500 1768 istud
539 1730 660 1768 stare
683 1736 775 1768 non
802 1728 954 1780 potest
974 1739 984 1767 ε
1003 1722 1110 1780 quia
1126 1735 1208 1779 per
1228 1722 1425 1767 Verbum
1445 1722 1521 1767 Dei
1542 1722 1664 1766 facta
1683 1729 1795 1766 sunt
1812 1723 1983 1780 omnia,

115 1787 169 1825 ut
192 1782 355 1827 dicitur
373 1784 516 1836 (Joan.
537 1786 584 1839 ι),
606 1790 651 1828 et
665 1784 783 1829 inter
803 1785 892 1829 alia
909 1785 1029 1829 facta
1050 1790 1160 1829 sunt
1173 1784 1309 1829 etiam
1325 1784 1571 1840 peripsum
1592 1784 1748 1828 omnia
1763 1788 1983 1840 tempora.

114 1842 231 1887 Nihil
258 1849 413 1889 autem
438 1845 684 1901 peripsum
703 1846 873 1890 factum
897 1851 968 1890 est
991 1846 1116 1903 quod
1138 1845 1196 1890 ab
1219 1858 1273 1890 eo
1296 1847 1551 1900 ignoretur.
1576 1845 1746 1890 Dicitur
1763 1858 1875 1901 ergo
1903 1860 1987 1892 ne-

114 1903 233 1949 scire
259 1905 377 1949 diem
402 1911 448 1949 et
467 1906 624 1950 horam
643 1906 821 1962 JudiciI,
840 1907 948 1963 quia
971 1920 1064 1951 non
1083 1907 1188 1951 facit
1206 1907 1322 1951 scire
1345 1921 1355 1950 :
1374 1906 1682 1961 interrogatus
1704 1907 1825 1951 enim
1846 1920 1987 1965 super

112 1964 199 2008 hoc
215 1964 274 2008 ab
292 1965 515 2022 Apostolis
533 1969 644 2021 (Act.
660 1970 706 2025 ι),
727 1968 812 2012 hoc
827 1968 894 2012 eis
909 1969 1056 2012 noluit
1069 1968 1273 2013 revelare
1293 1970 1350 2021 (2)
1370 1982 1383 2023 ς
1400 1967 1519 2011 sicut
1532 1968 1559 2011 e
1576 1969 1803 2012 contrario
1817 1969 1987 2026 legitur

114 2025 319 2076 (Genesis
348 2040 444 2078 xxu,
461 2030 529 2079 12)
553 2032 710 2072 :Nunc
743 2032 926 2084 coquom·
959 2031 1076 2084 quod
1103 2031 1264 2073 timeas
1296 2033 1455 2084 Deum,
1486 2028 1533 2072 id
1552 2033 1623 2073 est
1646 2042 1771 2074 nunc
1789 2043 1986 2086 cognos-

111 2096 216 2129 cere
242 2091 286 2129 te
307 2086 409 2129 feci.
430 2087 601 2131 Dicitur
613 2094 765 2133 autem
785 2092 915 2134 Pater
925 2091 1041 2134 scire
1058 2091 1191 2146 :quia
1206 2089 1470 2146 hujusmodi
1483 2090 1787 2144 cognitionem
1802 2092 1986 2137 tradidit

112 2146 240 2191 Filio.
260 2148 388 2192 Unde
407 2146 454 2191 in
473 2149 560 2192 hoc
586 2149 686 2205 ipso
704 2150 827 2206 quod
848 2151 1013 2195 dicitur
1033 2154 1123 2194 πίει·
1150 2155 1301 2206 Pater,
1333 2151 1468 2195 datur
1488 2151 1682 2207 intelligi
1701 2152 1824 2208 quod
1847 2154 1985 2200 Filius

110 2209 369 2264 cognoscit,
389 2214 433 2254 et
451 2222 543 2254 non
565 2211 714 2254 solum
735 2214 958 2268 quantum
974 2213 1032 2258 ad
1048 2212 1250 2258 divinam
1271 2218 1500 2268 naturam,
1517 2213 1597 2258 sed
1612 2215 1747 2258 etiam
1761 2217 1983 2271 quantum

112 2270 169 2313 ad
203 2271 449 2315 humanam
474 2272 684 2329 :quia,ut
698 2273 1047 2330 chrysostomus
1066 2280 1417 2331 argumentatur
1431 2276 1571 2330 (hom.
1591 2288 1745 2319 Lxxvm
1765 2277 1811 2320 in
1830 2279 1980 2324 Matth.

110 2330 330 2385 aliquant.
359 2331 387 2376 a
406 2333 583 2389 princ.),
604 2334 642 2377 si
672 2335 846 2380 Christo
866 2337 1038 2380 homini
1058 2336 1216 2381 datum
1240 2342 1310 2381 est
1342 2341 1393 2380 ut
1419 2336 1534 2380 sciat
1567 2337 1754 2393 qualiter
1775 2346 1984 2396 oporteat

109 2391 335 2449 judicare,
358 2394 480 2448 quod
503 2400 573 2438 est
591 2395 757 2452 majus,
778 2397 924 2441 multo
941 2398 1090 2452 magis
1105 2398 1263 2442 datum
1283 2402 1354 2442 est
1377 2397 1418 2442 ei
1441 2397 1559 2443 scire
1578 2399 1701 2455 quod
1721 2399 1878 2445 minus
1894 2407 1980 2459 est,

111 2453 285 2497 scilicet
309 2458 491 2510 tempus
501 2456 678 2511 Judicii.
697 2458 915 2514 Origenes
938 2465 1087 2504 tamen
1109 2462 1257 2514 (tract.
1287 2462 1342 2504 30
1361 2460 1408 2503 in
1436 2460 1588 2505 Matth.
1614 2472 1735 2505 vers.
1760 2461 1875 2519 fin.),
1895 2463 1982 2508 hoc

110 2514 298 2569 exponit
319 2514 374 2559 de
395 2516 571 2560 Christo
583 2520 836 2565 secundum
856 2534 1024 2578 corpus
1042 2521 1160 2578 ejus,
1183 2522 1307 2578 quod
1319 2526 1389 2566 est
1403 2521 1621 2578 Ecclesia,
1641 2534 1744 2579 quae
1763 2524 1850 2567 hoc
1872 2530 1985 2570 tem-

110 2587 198 2644 pus
216 2575 412 2631 ignorat.
430 2578 621 2630 Quidam
637 2586 794 2626 autem
816 2583 978 2628 dicunt
991 2584 1078 2629 hoc
1097 2595 1201 2628 esse
1216 2584 1563 2639 intelligendum
1577 2584 1635 2629 de
1652 2585 1745 2629 filio
1760 2586 1834 2630 Dei
1847 2587 1982 2644 adop-

111 2640 219 2687 tivo,
236 2649 326 2681 non
351 2637 408 2682 de
426 2639 519 2683 filio
539 2642 750 2687 naturali.
1116 2644 1121 2650 ’

164 2697 229 2742 Ad
248 2701 487 2769 secundum
511 2701 772 2759 dicendum,
791 2705 916 2762 quod
938 2709 1058 2750 Deus
1088 2705 1317 2750 intantum
1335 2705 1581 2762 perfectius
1597 2708 1835 2763 cognoscit
1847 2721 1979 2754 suam

110 2766 352 2827 essentiam
384 2764 523 2818 quam
557 2765 709 2809 anima
726 2767 903 2825 Christi,
930 2768 1055 2825 quod
1085 2780 1185 2813 eam
1206 2768 1569 2825 comprehendit.
1592 2771 1646 2813 Et
1660 2769 1763 2815 ideo
1782 2783 1983 2827 cognos-

112 2826 173 2862 cit
193 2822 360 2890 omnia,
382 2835 474 2867 non
495 2825 646 2870 solum
669 2840 773 2883 quae
794 2835 904 2875 sunt
928 2830 975 2874 in
996 2835 1102 2875 actu
1132 2830 1388 2875 secundum
1421 2830 1746 2888 quodcumque
1779 2837 1976 2891 tempus,

111 2889 215 2948 quae
250 2880 412 2925 dicitur
446 2895 722 2940 cognoscere
758 2890 949 2935 scientia
974 2891 1195 2947 visionis3
1220 2891 1303 2935 sed
1328 2890 1465 2935 etiam
1489 2892 1645 2935 omnia
1674 2903 1980 2951 quaecumque

111 2951 211 3009 ipse
231 2940 377 2985 facere
394 2949 560 3002 potest,
578 2959 682 3003 quae
699 2950 865 2996 dicitur
884 2964 1166 3008 cognoscere
1184 2964 1265 3008 per
1281 2951 1535 3008 simplicem
1551 2952 1916 3010 intelligentiam,
1928 2960 1981 3000 ut

110 3000 314 3070 habitum
332 3006 541 3072 est(part.
561 3009 593 3062 l,
612 3016 775 3064 quaest.
798 3025 885 3068 xiv,
913 3019 1001 3056 art.
1027 3015 1082 3067 9).
1100 3013 1190 3056 Scit
1209 3024 1320 3067 ergo
1340 3012 1493 3056 anima
1511 3014 1674 3058 Christi
1701 3015 1854 3059 omnia
1876 3029 1980 3073 quae

110 3063 228 3106 Deus
250 3073 294 3104 in
320 3074 472 3119 seipso
500 3070 735 3122 cognoscit
758 3085 839 3128 per
868 3074 1106 3119 scientiam
1140 3074 1359 3129 visionis,
1382 3086 1475 3118 non
1506 3079 1658 3119 tamen
1691 3078 1846 3121 omnia
1873 3091 1980 3135 quae

159 3197 197 3243 (1)
226 3202 281 3231 Sic
311 3204 400 3231 enim
428 3202 476 3232 ibi
499 3202 699 3240 (vers-27)=
729 3201 832 3234 Dedit
859 3202 891 3234 0²⁶
907 3203 1019 3236 Pater
1119 3208 1162 3249 (2)
1195 3209 1277 3242 Puta
1309 3210 1384 3243 cum
1417 3209 1501 3243 dixit
1529 3213 1626 3246 (vers.
1663 3211 1696 3253 6)
1732 3211 1979 3252 postulantibus

109 3251 313 3289 potestatem
333 3247 498 3298 judieium
519 3247 645 3289 facere,
669 3248 748 3289 qnia
768 3248 879 3281 Fili&
903 3250 1017 3283 'mmi-
1078 3256 1234 3297 apostolis
1255 3257 1387 3297 quando
1408 3258 1597 3293 restitueret
1608 3271 1747 3300 regnum
1761 3260 1861 3294 lsrael
1874 3273 1881 3292 ε
1896 3260 1977 3295 Non

116 3297 166 3327 nis
192 3299 254 3331 685,
275 3300 309 3327 et
339 3298 424 3340 (Act-
444 3305 480 3333 x,
501 3294 551 3338 42)
574 3308 582 3327 ²
613 3297 801 3338 Postquam
829 3299 1020 3331 resurreaeit
1079 3307 1132 3338 est
1147 3309 1304 3339 vestrum
1324 3314 1427 3338 nosse
1444 3309 1606 3348 tempora
1628 3307 1683 3341 vel
1699 3311 1877 3342 momenta
1898 3315 1978 3350 quoe

117 3344 138 3374 ἁ
155 3344 307 3380 mortuis,
332 3344 491 3384 praeeepz't
520 3343 614 3375 nobis
639 3344 816 3384 testificari
837 3346 916 3386 quia
949 3346 1020 3386 ipse
1079 3353 1193 3388 Pater
1211 3356 1333 3396 posuit
1349 3356 1390 3387 in
1407 3364 1475 3388 gua
1487 3358 1676 3398 potestate,

117 3391 314 3422 constitutas
345 3394 395 3423 est
413 3392 435 3422 ὰ
459 3391 531 3423 Deo
561 3391 672 3434 Judex
695 3394 841 3425 vivorum
870 3396 903 3424 et
922 3403 1019 3425 mor-

119 3438 260 3468 tuorum.
