2170 3808
154 239 238 282 526
804 232 1005 285 QUAEST.
1036 230 1160 274 LXIII
1178 261 1190 285 ‚
1219 230 1337 273 ART.
1367 231 1402 274 1.

154 318 421 376 positivum,
439 315 520 373 qui
536 317 608 359 est
622 312 774 358 facere
797 313 990 370 dignum
1010 312 1104 356 vita
1128 311 1326 367 aeterna3
1349 323 1443 355 non
1460 315 1617 356 tamen
1640 311 1866 369 quantum
1886 312 1946 357 ad
1963 312 2051 359 hoc

156 380 282 437 quod
302 384 372 423 est
384 376 636 433 reprimere
657 374 1085 431 concupiscentiam
1103 372 1420 429 impellentem
1442 373 1502 419 ad
1531 373 1839 430 peccandum,
1859 374 1986 430 quod
2005 379 2052 420 et

155 440 407 499 aliquando
429 438 542 483 mihi
565 437 719 482 visum
752 441 824 482 est
856 439 996 492 (Sent.
1020 449 1079 490 w,
1103 435 1211 480 dist.
1237 438 1281 490 1,
1319 438 1484 491 quaest.
1510 447 1558 493 11,
1583 438 1671 481 art.
1694 440 1739 493 4,
1756 440 1924 493 quaest.
1968 440 2047 491 111).

156 503 244 549 Sed
265 500 535 557 diligentius
556 498 871 544 consideranti
889 501 1081 555 apparet
1108 497 1197 541 hoc
1220 495 1360 541 etiam
1380 508 1475 541 non
1492 509 1597 543 esse
1614 508 1796 554 verum,
1817 497 1928 554 quia
1961 497 2054 542 mi-

156 563 281 609 nima
301 562 450 619 gratia
469 565 622 619 potest
637 561 856 607 resistere
874 559 1064 605 cuilibet
1085 557 1493 616 concupiscentiae,
1514 562 1561 603 et
1577 559 1744 604 mereri
1762 558 1904 604 vitam
1917 563 2052 604 aeter-

157 638 280 670 nam.
314 627 368 670 Et
399 624 503 669 ideo
536 623 706 668 melius
739 623 992 669 dicendum
1021 620 1208 665 videtur
1240 619 1366 678 quod
1398 619 1705 678 circumcisi0‚
1737 620 1859 666 sicut
1890 625 1936 667 et
1963 620 2052 666 alia

154 691 447 732 sacramenta
459 685 629 731 veteris
651 685 787 742 legiS‚
811 689 910 730 erat
931 683 1083 729 solum
1108 682 1295 739 signum
1316 682 1425 727 fidei
1435 682 1747 740 justificantis.
1765 682 1894 728 Unde
1909 685 2052 740 Apos-

155 749 278 794 tolus
319 749 430 794 dicit
468 750 609 803 (Rom.
633 761 694 804 iv,
718 748 807 804 11),
832 746 958 803 quod
987 745 1216 789 Abraham
1253 747 1430 801 accepit
1464 747 1641 802 siqnum
1682 746 2050 801 circumcisionis,

152 812 438 867 siquae-ulum
451 812 643 867 justitiae
657 809 779 863 fidei.
803 811 857 853 Et
871 807 975 853 ideo
997 807 1045 851 in
1066 805 1422 852 circumcisione
1443 806 1771 862 conferebatur
1792 805 1958 863 gratia,
1977 806 2053 850 in·-

154 878 384 930 quantum
422 878 521 918 erat
553 871 744 928 signum
781 870 1013 928 passionis
1045 869 1208 914 Christi
1232 868 1418 926 futurae,
1451 873 1504 914 ut
1525 869 1646 914 infra
1666 869 1844 928 patebit
1866 871 2050 928 (quaest.

153 948 251 993 Lxx,
276 940 365 981 art.
382 937 440 991 4).

847 1018 1151 1083 QUAESTIO
1191 1017 1371 1072 LXIII.

182 1141 244 1176 DE
274 1139 489 1176 EFFECTU
523 1138 961 1188 SACRAMENTORUM,
998 1137 1077 1180 QUI
1111 1138 1198 1174 EST
1233 1135 1531 1187 CHARACTER,
1568 1135 1616 1174 m
1645 1135 1738 1173 SEX
1771 1136 2033 1176 ARTICULOS

1022 1208 1187 1244 DIVISA.

202 1299 355 1341 Deinde
381 1299 727 1341 considerandum
752 1302 812 1340 est
833 1298 884 1339 de
904 1297 986 1338 alio
1008 1298 1152 1340 effectu
1184 1301 1557 1348 sacramentorum,
1577 1297 1649 1350 qui
1679 1300 1739 1338 est
1763 1297 1998 1348 character3
2014 1301 2055 1339 et

150 1355 257 1395 circa
286 1355 362 1395 hoc
381 1359 625 1407 quaeruntur
645 1366 715 1395 sex
740 1368 751 1395 :
783 1359 819 1395 1⁰
843 1354 993 1394 Utrum
1014 1365 1063 1394 ex
1088 1355 1356 1394 sacramentis
1380 1357 1569 1394 causetur
1590 1353 1798 1394 character
1822 1353 1978 1406 aliquis
2008 1353 2052 1394 in

151 1411 309 1451 anima.
328 1433 377 1440 —-
391 1418 430 1450 2⁰
445 1410 554 1459 Quid
580 1411 635 1450 sit
662 1410 734 1450 ille
753 1409 972 1450 character.
998 1431 1046 1438 -
1072 1413 1111 1448 3⁰
1135 1409 1264 1459 Cujus
1287 1409 1343 1449 sit
1363 1408 1582 1450 character.
1599 1431 1647 1438 —-
1669 1409 1766 1448 4⁰1n
1782 1420 1865 1460 quo
1878 1408 1933 1449 sit
1947 1407 2055 1450 sicut

150 1465 196 1504 in
216 1465 410 1516 subjecto.
429 1487 475 1495 -
493 1471 532 1504 5⁰
557 1464 707 1506 Utrum
731 1464 836 1505 insit
857 1463 1153 1505 indelebiliter.
1174 1485 1223 1494 -—
1241 1471 1280 1504 6⁰
1302 1464 1450 1505 Utrum
1469 1465 1610 1505 omnia
1632 1467 1886 1504 sacramenta
1908 1463 2055 1516 impri-

149 1523 268 1560 mant
289 1520 578 1561 characterem.

205 1584 551 1627 ARTICULUS
571 1586 609 1627 1.
627 1606 684 1615 -
707 1596 849 1626 urhun
865 1588 1163 1625 sAcRAMEN‘mM
1188 1594 1389 1624 lupinum·
1416 1593 1595 1630 meum:
1627 1593 1929 1624 annAc'rEREu
1957 1594 1999 1625 ιι(

986 1656 1111 1686 amm
1142 1644 1216 1698 (1).

569 1722 618 1756 De
632 1720 685 1755 his
699 1721 803 1756 etiam
818 1721 910 1756 Sent.
927 1727 976 1762 lv,
994 1719 1073 1755 dist.
1090 1720 1123 1761 4,
1142 1722 1257 1761 quaest.
1278 1727 1304 1760 1,
1323 1722 1391 1754 nrt.
1410 1720 1442 1760 4,
1455 1722 1573 1761 quaest.
1589 1726 1617 1754 Ι.

205 1781 272 1826 Ad
293 1782 497 1838 primum
517 1782 585 1827 sic
601 1781 882 1838 proceditur.
903 1784 944 1826 1.
964 1780 1152 1825 Videtur
1171 1779 1297 1837 quod
1327 1785 1673 1826 sacramentum
1700 1791 1796 1825 non
1817 1779 2054 1838 imprimat

149 1843 354 1901 aliquem
377 1845 693 1889 characterem
716 1844 764 1888 in
799 1843 970 1888 anima.
993 1844 1237 1888 Character
1255 1843 1380 1887 enim
1417 1842 1682 1899 significare
1706 1841 1891 1888 videtur
1908 1842 2055 1899 quod·

149 1905 257 1950 dam
299 1906 489 1962 signum
513 1905 849 1950 distinctivum.
872 1903 960 1949 Sed
997 1903 1233 1948 distinctio
1252 1903 1568 1948 membrorum
1588 1903 1752 1949 Christi
1770 1902 1830 1948 ab
1863 1903 1965 1949 aliis
2003 1904 2054 1949 fit

147 1979 232 2023 per
256 1971 477 2012 aeternam
510 1966 984 2024 praedestinationem,
1015 1978 1121 2023 quae
1144 1977 1239 2010 non
1267 1965 1399 2023 ponit
1436 1965 1610 2023 aliquid
1630 1966 1677 2011 in
1706 1965 2048 2023 praedestinate,

148 2029 233 2075 sed
254 2029 404 2074 solum
428 2029 475 2073 in
498 2032 590 2074 Deo
609 2028 986 2086 praedestinante,
1010 2034 1063 2073 ut
1099 2028 1147 2072 in
1182 2027 1332 2086 prima
1364 2032 1496 2084 parte
1536 2027 1749 2074 habitum
1773 2033 1846 2074 est
1867 2029 2049 2086 (quaest.

147 2104 267 2147 xxiii,
288 2096 375 2136 art.
396 2092 465 2147 2);
494 2090 663 2136 dicitur
681 2091 808 2137 enim
843 2092 911 2146 (ΙΙ.
935 2090 1128 2135 Timoth.
1155 2104 1202 2144 11,
1223 2092 1294 2146 19)
1315 2105 1326 2134 z
1362 2093 1572 2134 Firmum
1591 2091 1938 2146 fundamentum
1966 2093 2051 2135 Dei

147 2156 255 2209 stat,
275 2153 442 2196 habens
454 2153 740 2209 siquae-ulum
760 2153 847 2196 hoc
866 2168 881 2194 .·
897 2155 1032 2197 Novit
1051 2152 1267 2196 Dominus
1286 2155 1476 2209 quisunt
1494 2153 1603 2209 eJ’uS.
1623 2154 1742 2210 Ergo
1758 2157 2051 2198 sacramenta

147 2227 241 2259 non
261 2214 535 2271 imprimunt
557 2215 876 2260 characterem
895 2213 946 2258 in
972 2214 1141 2259 anima.

203 2279 245 2322 2.
282 2278 522 2332 Praeterea,
556 2277 795 2321 character
814 2276 1004 2333 signum
1023 2280 1096 2322 est
1114 2276 1450 2321 distinctivum·
1472 2275 1667 2333 Signum
1688 2280 1862 2331 autem,
1882 2280 1936 2322 ut
1955 2279 2050 2321 Au-

148 2338 369 2394 gustinus
393 2339 502 2383 dicit
530 2339 608 2393 (De
634 2338 846 2383 doctrina
870 2338 1029 2383 christ.
1052 2338 1132 2382 lib.
1161 2351 1207 2394 11,
1231 2337 1355 2383 circa
1384 2337 1570 2398 princ),
1594 2342 1667 2384 est
1689 2355 1713 2378 α
1735 2338 1862 2397 quod
1884 2344 2051 2396 praeter

147 2400 350 2456 speciem
396 2412 536 2457 quam
579 2400 751 2456 ingerit
789 2400 1008 2445 sensibus
1028 2434 1041 2457 ,
1078 2399 1189 2445 facit
1234 2400 1411 2457 aliquid
1467 2399 1592 2445 aliud
1636 2400 1687 2446 in
1734 2400 2048 2458 cognitionem

146 2462 326 2507 venire.
348 2481 368 2501 »
409 2462 528 2506 Nihil
556 2466 712 2506 autem
731 2466 803 2506 est
824 2461 872 2506 in
894 2462 1050 2506 anima
1069 2462 1195 2519 quod
1214 2462 1419 2519 aliquam
1442 2463 1645 2519 speciem
1675 2463 1893 2509 sensibus
1916 2463 2049 2521 inge-

147 2528 235 2568 rat.
258 2523 377 2581 Ergo
396 2524 579 2569 videtur
610 2523 736 2581 quod
767 2522 816 2567 in
851 2523 1007 2568 anima
1036 2536 1131 2569 non
1170 2524 1464 2581 imprimatur
1491 2524 1661 2582 aliquis
1694 2526 1932 2571 character
1965 2538 2048 2583 per

147 2591 460 2631 sacramenta.

202 2653 244 2694 3.
277 2652 516 2707 Praeterea,
538 2649 659 2694 sicut
690 2661 773 2707 per
795 2654 1087 2695 sacramenta
1107 2661 1238 2694 novae
1262 2649 1382 2706 legis
1401 2649 1707 2707 distinguitur
1724 2650 1877 2696 fidelis
1891 2651 1952 2696 ab
1974 2651 2045 2696 in-

145 2711 287 2768 fideli,
313 2712 377 2758 ita
398 2712 537 2757 etiam
552 2723 637 2769 per
656 2720 950 2757 sacramenta
969 2712 1139 2757 veteris
1157 2712 1292 2769 legis,
1316 2712 1403 2757 Sed
1420 2717 1713 2758 sacramenta
1735 2713 1905 2759 veteris
1926 2713 2047 2771 legis

145 2786 242 2818 non
261 2773 592 2831 imprimebant
616 2774 819 2831 aliquem
835 2774 1151 2819 characterem
1169 2774 1215 2819 in
1243 2773 1424 2832 anima3
1463 2775 1590 2820 unde
1614 2779 1661 2820 et
1680 2775 2045 2834 dicunturjusti‘

145 2837 222 2879 tiae
241 2838 413 2892 carnis,
446 2835 707 2880 secundum
736 2836 1006 2893 Apostolum
1031 2836 1179 2889 (Hebr.
1201 2838 1275 2891 ix).
1299 2837 1419 2894 Ergo
1437 2835 1622 2882 videtur
1647 2836 1774 2895 quod
1793 2849 1948 2896 neque
1964 2849 2044 2883 sa-

145 2902 383 2943 cramenta
408 2910 543 2942 novae
571 2897 688 2955 legis
710 2897 981 2955 imprimant
999 2899 1331 2943 characterem.

201 2960 288 3006 Sed
314 2965 475 3004 contra
494 2965 565 3006 est
588 2960 712 3018 quod
730 2962 973 3018 Apostolus
1003 2962 1115 3007 dicit
1134 2964 1198 3017 (li.
1225 2961 1426 3006 Corinth.
1453 2975 1484 3016 ι,
1504 2963 1606 3017 21):
1646 2965 1734 3019 Qui
1770 2965 1903 3007 unxit
1942 2975 2037 3020 nos,

144 3024 264 3065 Deus
285 3026 371 3080 est,
396 3026 441 3066 et
476 3025 552 3079 qui
574 3025 773 3080 signavit
793 3037 875 3066 nos
899 3027 942 3068 et
981 3024 1109 3068 dedit
1137 3027 1301 3080 piqnus
1331 3026 1533 3081 Spiritus
1556 3027 1606 3067 in
1626 3025 1835 3068 cordibus
1854 3027 2037 3068 nostris.

145 3083 233 3128 Sed
266 3084 380 3128 nihil
402 3085 530 3129 aliud
552 3085 772 3142 importat
788 3085 1029 3131 character
1047 3086 1189 3143 quam
1215 3086 1467 3143 quamdam
1488 3085 1817 3142 signationem.
1836 3089 1954 3143 Ergo
1970 3087 2040 3131 vi-

145 3145 280 3191 detur
301 3146 427 3203 quod
446 3150 566 3192 Deus
588 3159 671 3204 per
692 3153 981 3193 sacramenta
1006 3148 1140 3193 nobis
1162 3160 1300 3193 suum
1319 3149 1632 3194 characterem
1653 3148 1904 3205 imprimat.

193 3213 486 3256 CONCLUSIO.
511 3237 559 3244 —
581 3215 686 3255 Cum
705 3215 854 3257 Christi
882 3215 1021 3257 fideles
1039 3228 1109 3269 per
1128 3220 1381 3257 sacramenta
1404 3215 1456 3256 ad
1480 3215 1641 3268 aliquid
1670 3215 1863 3257 divinum
1891 3219 1943 3259 ad
1965 3220 2037 3262 Dei

189 3331 231 3373 (Ι)
251 3332 298 3365 De
314 3331 381 3367 fide
398 3337 445 3367 est
461 3333 611 3374 quaedam
631 3339 839 3369 sacramenta
858 3346 953 3371 novae
968 3336 1050 3375 legis
1134 3340 1166 3370 et
1178 3335 1367 3370 calvinistes
1386 3335 1443 3376 qui
1461 3334 1612 3369 absolute
1627 3340 1750 3373 negant
1767 3335 1877 3371 ullum
1892 3337 2034 3373 charac-

144 3379 372 3414 charaeterem
406 3381 587 3425 conferre3
620 3382 710 3423 quod
744 3382 922 3418 definitum
955 3387 1004 3418 est
1031 3384 1048 3418 a
1134 3388 1239 3419 teram
1266 3395 1324 3425 per
1345 3388 1552 3418 sacramenta
1571 3383 2033 3427 imprimi,c0ntenduntque

144 3438 238 3461 conc.
265 3428 453 3463 Florentin.
477 3429 511 3462 in
537 3428 673 3463 decreto
696 3429 832 3463 unionis
855 3437 887 3464 et
911 3433 927 3464 a
951 3430 1048 3466 Trid.
1134 3433 1309 3467 innocent.
1325 3432 1373 3466 111
1396 3432 1452 3472 qui
1476 3430 1562 3466 obiit
1586 3442 1673 3465 anno
1689 3431 1773 3466 ⁴216
1791 3443 1860 3467 esse
1882 3433 2034 3475 primum

144 3477 231 3516 (sess.
255 3485 319 3519 vu,
340 3489 413 3512 can.
428 3478 461 3519 9)
480 3483 597 3512 contra
610 3476 816 3514 wicieffistas
829 3506 836 3520 ‚
852 3479 1050 3514 lutheranus
1132 3481 1226 3516 illius
1247 3481 1472 3515 inventorem.
