2170 3808
232 259 317 304 630

231 340 339 380 ΑΒΤ.
367 352 407 380 v.
439 340 585 380 Utrum
612 338 742 378 Filius
770 338 843 378 Dei
874 340 1066 378 naturam

280 395 511 435 humanam
552 404 759 434 assumere
796 393 980 434 debuerit
1022 394 1066 432 in

263 450 476 491 -omnibus
503 450 750 490 individuis.

234 505 339 545 ΛΒΤ.
378 515 437 542 vr.
482 504 626 542 Utrum
664 503 912 543 conveniens
946 501 1069 542 fuerit

279 557 391 609 quud
419 559 551 598 Filius
579 560 648 598 Dei
684 558 914 597 humanam
944 560 1065 598 natu-

279 623 369 654 ram
384 616 608 653 assumeret
628 625 676 653 ex
696 614 822 665 stirpe
843 613 954 653 Adae.

546 701 773 749 QUAESTIO
797 702 846 741 V.

231 775 286 813 Dc
302 776 408 811 modo
432 778 586 813 unionis
607 789 654 813 ex
678 780 787 822 parte
813 779 982 822 partium
1006 777 1080 812 hu-

271 834 394 860 manoe
410 830 569 866 naturoe,
593 827 635 860 in
654 829 813 870 quatuor
831 826 1014 860 articulos
1024 825 1080 860 do·-

270 882 366 908 vua.

232 944 336 988 ΔΒΤ.
350 957 379 984 1.
402 946 548 985 Utrum
569 947 636 986 Dei
655 947 787 986 Filius
804 947 988 987 debuerit
1006 958 1071 986 as-

279 1011 439 1039 sumere
455 1013 597 1041 verum
621 1014 781 1053 corpus.

231 1055 393 1095 ΑΒΤ.ιι.
412 1056 558 1095 Utrum
578 1058 648 1097 Dei
666 1058 794 1098 Filius
808 1057 992 1098 debuerit
1008 1069 1069 1096 as-

278 1121 438 1149 sumere
469 1123 616 1163 corpus
652 1115 877 1162 terrenum,
913 1112 1067 1154 scilicet

279 1176 443 1205 carnem
456 1171 495 1207 et
510 1169 770 1219 sanguinem.

230 1219 335 1259 ΑΒΤ.
355 1233 418 1261 ιιι.
438 1222 586 1262 Utrum
601 1223 733 1265 Filius
747 1225 820 1265 Dei
833 1235 1065 1277 assumpse-

279 1275 333 1314 rit
350 1276 550 1317 animam.

234 1329 335 1369 ΛΒΤ.
364 1342 421 1370 ιν.
442 1334 592 1373 Utrum
615 1334 748 1375 Filius
766 1335 842 1376 Dei
857 1347 1067 1376 assumere

278 1383 462 1427 debuerit
481 1388 757 1431 intellectum.

519 1468 554 1517 Q
563 1471 751 1512 UAESTIO
782 1472 849 1512 vl.

234 1531 285 1572 De
299 1535 406 1570 modo
426 1539 692 1586 assomptionis
710 1540 892 1582 quantam
907 1541 958 1576 ad
968 1542 1078 1577 ordi-

388 1595 485 1628 nem,
507 1590 549 1622 in
561 1596 630 1622 σθω
649 1588 829 1623 articulos
843 1587 977 1624 divisa.

231 1650 338 1692 ΑΒΤ.
365 1664 395 1692 ι.
423 1655 570 1696 Utrum
590 1655 722 1695 Filius
746 1657 819 1697 Dei
836 1667 1067 1709 assumpse-

279 1707 334 1747 rit
352 1719 516 1749 carnem
534 1711 740 1752 mediante
760 1713 917 1752 anima.

230 1762 336 1802 ΑΒΤ.
362 1776 406 1803 ιι.
432 1766 577 1806 Utrum
590 1766 720 1809 Filius
741 1773 815 1811 Dei
833 1779 1064 1820 assumpse-

279 1818 336 1856 rit
352 1819 551 1869 animam,
566 1821 771 1863 mediante
792 1823 960 1874 spiritu,
977 1824 1064 1865 sive

278 1878 429 1914 mente.

229 1926 335 1968 ΛΒΤ.
365 1941 429 1969 ιιι.
454 1931 602 1971 Utrum
629 1943 773 1973 amma
805 1939 831 1974 a
857 1934 929 1974 Dei
958 1937 1064 1977 Filio

277 1984 393 2034 prius
407 1985 527 2025 fuerit
551 1993 762 2039 assumpta
779 1989 906 2039 quam
928 2002 1036 2032 earo.

228 2037 335 2078 ΛΒΤ.
368 2052 426 2081 lv.
459 2042 605 2082 Utrum
638 2053 731 2083 caro
754 2044 907 2085 Christi
936 2046 1063 2087 fuerit

276 2094 391 2145 prius
404 2097 430 2136 a
447 2097 576 2138 Verbo
594 2105 807 2150 assumpta
821 2101 949 2152 quum
970 2103 1063 2142 ani-

274 2160 355 2189 mae
371 2153 504 2193 unita.

226 2204 333 2246 ΑΒΤ.
367 2218 410 2246 v.
437 2208 584 2247 Utrum
604 2211 687 2249 tota
708 2209 894 2252 humana
915 2215 1062 2253 natura

274 2259 329 2300 sit
346 2268 559 2313 assumpta
568 2264 851 2307 mediantibus
860 2268 1060 2318 partibus.

226 2316 333 2356 ΛΒΤ.
362 2327 421 2357 vi.
448 2319 595 2358 Utrum
618 2318 803 2361 humana
833 2326 983 2364 natura
1005 2325 1063 2365 sit

275 2375 488 2424 assumpta
503 2375 710 2415 mediante
730 2378 878 2427 gratia.

524 2457 751 2505 QUAESTIO
776 2459 860 2502 vn.

227 2529 280 2566 Dc
293 2531 423 2574 qratia
439 2531 593 2574 Christi,
620 2538 734 2577 prout
748 2538 806 2572 est
823 2537 977 2579 quidam
997 2539 1073 2574 cin-

266 2579 415 2636 qularis
431 2580 535 2616 homo
551 2609 562 2624 ,
574 2583 616 2617 in
632 2584 806 2619 tredecim
822 2586 1001 2621 articulos
1019 2586 1076 2621 de·-

268 2637 361 2662 vua.

226 2702 332 2743 ΔΒΤ.
349 2715 379 2743 ι.
395 2702 542 2743 Utrum
557 2705 600 2744 in
617 2705 758 2746 anima
773 2706 927 2749 Christi
937 2708 1064 2749 tuerit

273 2758 413 2810 aliqua
436 2760 566 2809 gratia
585 2761 823 2804 habitualis.

227 2815 329 2858 ΑΒΤ.
347 2828 393 2855 ιι.
414 2817 558 2856 Utrum
573 2818 619 2858 in
634 2818 797 2860 Christo
811 2819 967 2860 fuerint
978 2820 1062 2862 vir-

273 2874 395 2911 tutes.

230 2926 330 2966 ΑΒΤ.
341 2938 404 2966 ιιι.
419 2927 564 2967 Utrum
577 2928 621 2967 in
633 2928 796 2970 Christo
804 2929 929 2971 fuerit
943 2929 1059 2971 fides.

229 2983 333 3024 ΑΒΤ.
344 2993 402 3022 1v.
421 2984 571 3022 Utrum
581 2984 627 3022 in
639 2983 802 3024 Christo
813 2985 938 3025 fuerit
952 2997 1058 3038 spes.

226 3036 330 3077 Amr.
346 3048 387 3076 v.
410 3038 552 3077 Utrum
564 3037 771 3078 inChristo
783 3039 938 3080 fuerint
947 3039 1069 3093 dona„

225 3092 330 3131 ΑΒΤ.
357 3103 416 3131 vl.
438 3093 586 3132 Utrum
608 3092 653 3132 in
674 3093 836 3134 Christo
855 3094 979 3135 fuerit
994 3094 1062 3135 do-

274 3157 376 3185 num
395 3148 572 3188 timoris.

223 3202 329 3242 ΑΒΤ.
358 3214 432 3242 vn.
467 3203 615 3243 Utrum
646 3204 691 3243 in
718 3203 880 3245 Christo
904 3203 1062 3245 fuerint

271 3258 412 3308 gratiae
434 3259 561 3308 gratis
582 3260 702 3300 datoe.

226 3314 331 3354 ΛΒΤ.
357 3324 452 3352 vm.
485 3314 631 3354 Utrum
661 3315 707 3355 in
740 3314 905 3357 Christo
935 3315 1060 3356 fuerit

273 3368 499 3420 prophetia.

225 3423 331 3464 ΛΒΤ.
351 3434 408 3463 ix.
429 3423 579 3464 Utrum
597 3425 642 3465 in
663 3425 826 3466 Christo
845 3426 967 3467 fuerit
981 3426 1062 3478 ple-

273 3478 420 3519 nitudo
439 3478 592 3530 gratiae.

991 259 1150 301 INDEX
1181 259 1381 302 RERUM.

1117 453 1164 486 50

1118 614 1179 658 51,

1117 1007 1163 1042 53

1117 1173 1162 1209 54

1116 1285 1162 1319 55

1115 1396 1161 1436 ⁵7

1120 1592 1164 1627 59

1115 1721 1161 1759 59.

1114 1889 1155 1922 61

1113 2000 1158 2034 62

1113 2165 1159 2200 63

1114 2276 1159 2310 64

1113 2389 1158 2423 66

1758 0 1831 23 -τ“““
1839 0 1942 17 ·““,Ψ-τῑρ’
1952 0 2139 22 ’ᾗκζπαῐῦιγῃῇιζ-

2163 167 2170 198 ἓ

1888 236 1894 244 l
2164 209 2170 237 ι’

1211 338 1314 376 Amr.
1342 349 1384 377 x.
1411 337 1559 377 Utrum
1585 336 1800 389 plenitudo
1826 336 1967 387 gratiae
1990 338 2044 376 sit
2163 329 2170 383 ἔ

1260 392 1421 443 propria
1441 391 1608 432 Christi.
2090 395 2136 432 78
2164 390 2170 419 '-

1212 446 1393 507 Ama-xi.
1418 446 1563 510 Utrum
1580 446 1732 487 Christi
1749 447 1881 497 gratia
1902 445 1957 486 sit
1980 447 2040 486 in·

1211 499 1408 618 Αιῗτιῖιὲῗὲ.
1423 555 1570 597 Utrum
1577 558 1708 607 gratia
1714 556 1861 598 Christi
1874 559 2052 608 potuerit

1211 621 1430 706 Alffiggii.
1447 667 1630 714 Qualiter
1648 668 1779 718 gratia
1799 666 1950 707 Christi
1966 667 2044 708 ha*

1257 719 1428 762 bitualis
1449 733 1492 762 se
1513 721 1657 763 habeat
1683 723 1734 764 ad
1754 724 1964 763 unionem.

1497 797 1723 845 QUAESTIO
1743 799 1846 838 VIII.

1213 853 1261 890 De
1280 859 1406 898 qratia
1421 858 1573 901 Chr-isti,
1589 861 1791 896 secundum
1811 861 1907 906 quod
1919 864 1971 896 est
1989 871 2055 896 co-

1266 906 1536 947 pellicatum,
1557 908 1599 942 in
1618 913 1696 943 octo
1715 910 1897 945 articulos
1918 909 2052 945 divisa.

1211 972 1314 1065 ΛΒΤ.
1333 984 1363 1013 ι.
1377 974 1527 1014 Utrum
1541 974 1729 1016 Christus
1749 977 1805 1017 sit
1818 979 1942 1027 eaput
1963 977 2041 1016 Eo-

1257 1037 1279 1066 c
1296 1038 1402 1069 es1ae.

1210 1081 1314 1121 ΑΒΤ.
1331 1095 1379 1123 ιι.
1396 1085 1542 1125 Utrum
1557 1086 1743 1127 Christus
1763 1087 1817 1127 sit
1830 1090 1956 1139 eaput
1970 1086 2039 1126 ho·
2161 1132 2164 1133 ⁷

1255 1139 1423 1180 minum
1445 1143 1650 1194 quantum
1678 1142 1729 1182 ad
1762 1154 1944 1196 corpora,
1976 1142 2041 1183 vel
2163 1136 2170 1190 ³,

1256 1194 1392 1235 solum
1411 1197 1618 1248 quantum
1642 1197 1694 1238 ad
1716 1197 1892 1238 animas.
2087 1200 2137 1239 ⁸5
2162 1197 2170 1255 ξ

1207 1249 1312 1290 Aur.
1340 1264 1405 1293 111.
1440 1253 1588 1293 Utrum
1621 1254 1808 1294 Christus
1836 1254 1893 1294 sit
1919 1256 2051 1306 caput*
2162 1256 2170 1270 ·’

1255 1308 1447 1348 omnium
1463 1308 1699 1349 hominum.

1206 1362 1294 1401 Art.
1316 1375 1375 1404 lv.
1392 1365 1543 1404 Utrum
1556 1363 1746 1404 Christus
1759 1364 1814 1405 sit
1831 1367 1955 1416 caput
1971 1375 2044 1405 an·

1254 1417 1455 1467 gelorum.

1206 1470 1312 1511 ΑΒΤ.
1333 1484 1375 1512 v.
1393 1473 1545 1515 Utrum
1562 1474 1691 1525 gratia
1707 1474 1875 1523 Christi,
1891 1486 2040 1515 seeun-

1254 1526 1358 1566 dum
1377 1539 1505 1579 quam
1534 1533 1596 1569 est
1622 1532 1745 1581 caput
1770 1529 1972 1579 Ecclesiae,
1986 1529 2042 1575 sit

1255 1582 1396 1622 eadem
1421 1595 1518 1623 cum
1537 1585 1669 1634 gratia
1696 1583 1901 1624 habituali
1930 1583 2038 1636 ejus,
2166 1620 2170 1626 .

1255 1637 1483 1677 secundum
1502 1638 1618 1690 quud
1643 1642 1704 1679 est
1719 1638 1890 1691 quidam
1919 1637 2042 1681 homo
2163 1630 2170 1670 Ι

1256 1691 1495 1743 singularis.

1207 1749 1312 1787 ΑΒΤ.
1336 1760 1398 1788 w.
1427 1749 1574 1788 Utrum
1599 1760 1683 1789 esse
1708 1751 1832 1800 caput
1855 1748 2043 1789 Ecclesiae

1254 1805 1309 1842 sit
1323 1804 1537 1855 proprium
1551 1804 1719 1844 Christi.

1204 1858 1312 1898 ΑΒΤ.
1333 1869 1410 1899 νιι.
1442 1859 1592 1900 Utrum
1617 1857 1808 1899 diabolus
1833 1859 1892 1899 sit
1918 1861 2045 1912 caput

1249 1913 1447 1952 omnium
1470 1915 1694 1954 malorum.

1205 1969 1310 2007 ΑΒΤ.
1334 1979 1431 2008 vm.
1452 1969 1600 2009 Utrum
1622 1967 1894 2009 antichristus
1914 1967 2043 2020 possit

1251 2023 1376 2064 etiam
1385 2023 1468 2065 dici
1483 2028 1606 2076 caput
1619 2025 1812 2064 omnium
1823 2023 2046 2065 malorum.

1519 2099 1746 2147 QUAESTIO
1761 2099 1831 2139 IX.

1206 2167 1258 2201 De
1281 2167 1442 2203 scicntia
1461 2165 1606 2203 Christi
1624 2168 1666 2203 in
1681 2169 1881 2210 communi,
1904 2168 1948 2203 tu
1962 2176 2055 2214 qua·

1455 2218 1544 2251 tuor
1560 2217 1744 2252 articulos
1762 2217 1896 2252 divisa.

1204 2281 1310 2321 ΑΒΤ.
1334 2292 1364 2321 ι.
1384 2283 1532 2322 Utrum
1546 2283 1736 2323 Christus
1756 2283 1947 2324 habuerit
1964 2284 2044 2326 ali·

1251 2348 1381 2389 quam
1398 2339 1614 2379 seientiam
1640 2343 1784 2390 praeter
1806 2340 2015 2381 divinam.

1203 2392 1309 2433 ΛΒΤ.
1344 2405 1392 2434 ιι.
1433 2394 1582 2434 Utrum
1619 2394 1807 2435 Christus
1849 2394 2041 2437 habuerit

1251 2449 1466 2490 scientiam
1499 2462 1624 2502 quam
1654 2450 1807 2491 habent
1835 2450 1944 2492 beati
1975 2452 2040 2493 vel

1251 2505 1621 2556 comprehensores.

1203 2559 1309 2599 ΑΒΤ.
1338 2571 1406 2600 ιιι.
1441 2561 1590 2600 Utrum
1627 2561 1814 2601 Christus
1854 2560 2046 2603 habuerit

1252 2614 1467 2654 scientiam
1485 2614 1668 2654 inditam
1684 2615 1748 2654 vel
1768 2614 1964 2657 infusam.

1203 2669 1309 2709 ΑΒΤ.
1347 2680 1406 2709 iv.
1443 2670 1592 2710 Utrum
1629 2670 1819 2710 Christus
1852 2670 2042 2713 habuerit

1250 2724 1436 2776 aliquam
1452 2725 1668 2766 seientiam
1689 2724 1948 2775 acquisitam.

1513 2799 1744 2849 QUAESTIO
1766 2800 1817 2840 X.

1205 2871 1256 2907 De
1274 2870 1431 2906 :matta
1451 2867 1559 2905 beata
1576 2869 1712 2904 anima»
1729 2869 1871 2905 Christi·
1879 2894 1894 2912 ,
1906 2869 1952 2907 in
1966 2880 2054 2917 que·
2138 2892 2140 2898 ι

1448 2920 1536 2954 taor
1557 2918 1739 2953 articulos
1749 2918 1883 2954 divisa.
2073 2920 2088 2957 Ι

1203 2989 1310 3028 Am.
1334 2999 1361 3027 ι.
1388 2989 1539 3029 Utrum
1569 2987 1710 3026 anima
1741 2986 1892 3027 Christi
1927 2998 2041 3028 com·

1249 3042 1506 3095 prehenderit
1529 3041 1725 3091 Verbum,
1739 3041 1826 3082 sive
1852 3040 2040 3084 divinam

1251 3102 1482 3138 essentiam.
1699 3134 1701 3136 .

1202 3152 1307 3192 ΑΒΤ.
1320 3163 1368 3192 ιι.
1384 3152 1533 3192 Utrum
1547 3151 1688 3190 anima
1698 3150 1849 3191 Christi
1864 3150 2041 3192 inverbo

2089 495 2170 575 79}

2090 617 2134 653 81

2090 726 2139 764 ετ
2168 780 2170 784 ,

2165 887 2170 894 κ

2164 989 2170 1019 2

2087 1033 2133 1071 8⁴
2161 1021 2170 1067 ἶ

2162 1081 2170 1110 ς

2089 2345 2150 2384 ⁹5-

2088 2486 2150 2549 sd

2087 2620 2145 2677 91

2091 2731 2140 2770 99

2066 3101 2110 3138 10

1251 3206 1485 3257 cognoverit
1503 3206 1659 3245 omnia.
2065 3209 2081 3246 1

1202 3261 1308 3302 ΑΒΤ.
1347 3272 1411 3300 ιιι.
1449 3259 1598 3300 Utrum
1631 3259 1772 3299 anima
1802 3258 1956 3299 Christi
1993 3260 2040 3300 in
2106 3294 2127 3311 .,.

1250 3315 1376 3356 Verbo
1396 3315 1628 3365 cognoverit
1649 3314 1833 3354 infinita.
2059 3319 2076 3354 1

1203 3373 1306 3411 ΑΒΤ.
1324 3382 1383 3411 iv.
1405 3369 1555 3409 'Utrum
1570 3370 1710 3409 anima
1730 3369 1886 3409 Christi
1902 3369 2042 3409 videat

1251 3425 1444 3474 Verbum,
1472 3425 1558 3464 sive
1588 3424 1777 3464 divinam
1804 3425 2039 3475 essentiam,
2120 3474 2125 3477 μ

1252 3480 1400 3523 clarius
1429 3479 1611 3532 qualibet
1638 3481 1720 3521 alia
1742 3482 1936 3522 creatura.
2062 3482 2081 3519 1
