2170 3808
785 228 982 279 QUAEST.
1013 229 1096 278 LX,
1127 227 1246 270 ART.
1277 227 1344 271 111.
1925 222 2008 266 503

123 315 169 358 et
184 323 268 369 per
288 321 581 367 consequens
602 307 791 354 fallendi
822 307 1019 365 occasio,
1051 307 1173 353 sicut
1207 311 1334 364 patet
1364 307 1421 353 de
1444 304 1711 351 nominibus
1740 299 2005 372 aequivociS.
2048 301 2067 310 ”

123 373 209 418 Sed
237 372 389 417 omnis
419 370 598 416 fallacia
617 369 753 415 dehet
775 369 1003 415 removeri
1025 368 1053 413 ὲ
1073 367 1325 414 christiana
1347 368 1586 424 reiigione,
1615 363 1875 412 secundum
1892 361 2005 407 1llud
2029 421 2031 423 v

125 433 313 489 (Coloss.
333 446 379 490 11,
404 435 447 488 8)
465 448 477 477 :
498 431 659 475 Videte
685 443 742 474 ne
760 433 859 487 quis
880 444 957 475 vos
973 430 1163 475 seducat
1181 431 1240 484 (1)
1263 443 1348 486 per
1361 428 1704 487 philosophiam
1722 459 1736 486 ,
1757 429 1800 470 et
1825 427 2006 469 inanem
2030 432 2035 450 s

121 494 378 550 fallaciam.
419 495 536 549 Ergo
575 491 759 537 videtur
801 492 926 550 quod
965 495 1311 538 sacramentum
1346 503 1441 535 non
1479 490 1540 535 sit
1576 490 1765 546 signum
1801 485 2032 544 plurium*

121 567 295 601 rerum.
2040 566 2043 574 ²

175 619 219 662 2.
248 619 484 671 Praeterea,
507 615 627 660 sicut
658 614 834 660 dictum
867 618 942 660 est
963 615 1067 670 (art.
1087 614 1262 671 praee),
1287 616 1633 658 sacramentum
1655 610 1885 669 significat
1905 621 2005 654 rem

121 689 319 734 sacram,
349 677 627 735 inquantum
660 681 732 722 est
765 677 982 722 humanae
1004 674 1385 721 sanctificationis
1403 686 1562 719 causa.
1588 673 1675 718 Sed
1695 685 1791 717 una
1817 671 1916 718 sola
1933 675 2006 717 est

120 752 264 786 eausa
291 740 508 786 humanae
530 739 903 784 sanctificationis
919 772 931 793 ,
956 738 1131 783 scilicet
1164 737 1357 794 sanguis
1386 736 1576 792 Christi,
1596 734 1854 781 secundum
1888 731 2004 778 illud

121 802 273 856 (Hebr.
292 801 376 848 ult.
398 803 468 857 12)
483 815 495 846 :
511 804 658 860 Jesus,
673 805 725 845 ut
742 802 1057 855 sanctificaret
1072 813 1158 857 per
1176 813 1304 845 suum
1322 801 1585 856 sanquinem
1605 797 1823 855 populum
1833 815 1850 852 ‚·
1869 799 2004 839 extra

118 868 299 922 portam
339 877 503 922 passus
551 867 632 909 est.
682 865 802 922 Ergo
845 862 1030 908 videtur
1077 862 1203 920 quod
1245 866 1590 907 sacramentum
1639 871 1734 904 non
1778 857 2004 915 significet

121 925 271 983 plura.

175 989 219 1033 3.
242 990 493 1044 Praeterea,
518 987 696 1032 dictum
727 991 798 1032 est
820 989 923 1040 (art.
959 999 1096 1043 praec.
1132 986 1193 1033 ad
1223 989 1266 1042 3)
1294 985 1420 1043 quod
1444 986 1785 1030 sacramentum
1820 981 2004 1040 proprie

120 1047 350 1106 signifieat
370 1049 525 1107 ipsum
558 1046 701 1094 finem
738 1044 1130 1094 sanctificationis.
1163 1048 1250 1093 Sed
1278 1049 1384 1092 finis
1407 1042 1783 1092 sanctificationis
1806 1046 1878 1089 est
1910 1042 2003 1088 vita

120 1115 318 1167 aeterna,
340 1110 598 1157 sec-undum
633 1110 749 1156 illud
771 1112 915 1166 (Rom.
941 1123 1000 1166 w,
1024 1111 1094 1164 22)
1117 1122 1129 1153 ε
1155 1110 1341 1153 Habetis:
1367 1111 1571 1164 fructum
1597 1110 1794 1151 vestrum
1809 1107 1857 1149 in
1867 1117 2004 1148 sanc-

122 1174 368 1229 tificatione
384 1175 442 1229 (2)
457 1187 469 1228 3
482 1175 617 1228 finem
637 1172 744 1215 vero
760 1173 904 1215 vitam
916 1174 1150 1215 aeternam.
1171 1172 1289 1226 Ergo
1310 1170 1494 1215 videtur
1516 1169 1643 1227 quod
1660 1170 2001 1214 sacramentum

121 1246 214 1279 non
230 1235 458 1292 significet
478 1234 565 1279 nisi
580 1245 722 1278 unam
748 1244 863 1289 rem,
884 1231 1058 1277 scilicet
1085 1230 1230 1276 vitam
1251 1237 1491 1277 aeternam.

174 1297 261 1342 Sed
282 1300 440 1341 contra
473 1300 543 1341 est
575 1293 700 1351 quod
731 1293 779 1338 in
802 1296 1093 1339 sacramento
1125 1293 1283 1338 altaris
1318 1298 1388 1338 est
1422 1292 1592 1349 duplex
1623 1303 1700 1336 res
1726 1289 1999 1348 significata,

118 1356 296 1402 scilicet
327 1368 498 1414 corpus
521 1355 686 1401 Christi
718 1367 883 1400 verum
915 1359 961 1399 et
995 1355 1262 1413 mysticum,
1298 1360 1350 1400 ut
1381 1353 1667 1411 Augustinus
1700 1351 1811 1397 dicit
1830 1351 1896 1407 (in
1919 1350 2000 1397 lib.

117 1417 457 1463 Sententiarum
479 1417 706 1473 prosperi,
732 1416 830 1462 sive
852 1419 1064 1473 Prosper,
1095 1416 1142 1459 in
1166 1416 1245 1462 lib.
1284 1419 1410 1462 Sent.
1444 1413 1706 1473 Augustini,
1728 1418 1782 1459 ut
1808 1413 2004 1458 refertur

118 1492 218 1536 cap.
239 1483 335 1524 Hoc
351 1483 435 1534 est,
451 1482 520 1537 ‚De
539 1482 798 1524 consecrat.
819 1478 923 1524 dist.
949 1481 1007 1532 2).

163 1554 448 1595 CONCLUSIO.
471 1575 517 1583 -
542 1555 850 1594 Sacramentum
865 1555 924 1594 est
951 1554 1120 1605 signum
1140 1553 1502 1594 rememorativum
1528 1551 1728 1603 passionis
1760 1550 1938 1602 Christi,
1962 1553 2002 1593 et
2047 1572 2050 1577 ·

119 1608 272 1650 divinae
285 1609 427 1659 gratiae
449 1609 837 1658 demonstrativum,
859 1619 906 1648 ac
920 1608 1069 1648 futurae
1085 1606 1224 1658 gloriae
1247 1609 1566 1660 prognosticum.

172 1678 446 1736 Respondeo
467 1678 716 1724 dicendum
734 1677 877 1735 quod,
902 1678 1024 1722 sicut
1046 1677 1221 1723 dictum
1239 1683 1312 1723 est
1334 1679 1437 1732 (art.
1462 1677 1638 1735 praec.),
1660 1681 2002 1721 sacramentum

117 1739 302 1797 proprie
316 1740 484 1786 dicitur
502 1740 627 1797 quod
646 1739 887 1784 ordinatur
901 1739 960 1784 ad
974 1738 1328 1795 significandam
1345 1744 1551 1784 nostram
1567 1734 2001 1794 sanctificationem,

118 1799 166 1845 in
185 1813 279 1858 qua
301 1801 387 1847 tria
404 1806 603 1859 possunt
623 1799 938 1847 considerari:
959 1800 1173 1846 videlicet
1197 1801 1298 1856 ipsa
1320 1813 1462 1845 eausa
1485 1798 1861 1846 sanctIficationis
1888 1811 2002 1843 nos—

118 1866 216 1919 trae,
237 1875 342 1921 quae
357 1868 428 1909 est
448 1863 605 1920 passio
624 1862 789 1908 Christi
805 1877 819 1919 ς
839 1867 887 1908 et
904 1862 1053 1908 forma
1067 1867 1239 1907 nostrae
1255 1862 1648 1918 sanctificationiS‚
1671 1873 1775 1919 quae
1789 1859 2002 1907 consistit

116 1923 165 1969 in
187 1925 335 1982 gratia
358 1929 403 1970 et
420 1924 687 1979 virtutibuS,
706 1929 754 1969 et
768 1923 962 1969 ultimus
979 1924 1087 1969 finis
1105 1923 1481 1970 sanctificationis
1503 1927 1688 1978 nostrae,
1713 1921 1794 1979 qui
1814 1926 1888 1967 est
1907 1922 2002 1968 vita

116 1990 307 2032 aeterna.
340 1989 395 2032 Et
429 1988 529 2032 haec
548 1986 703 2031 omnia
724 1997 807 2043 per
826 1989 1119 2031 sacramenta
1139 1984 1476 2042 significantur.
1509 1985 1638 2030 Unde
1656 1990 2001 2030 sacramentum

116 2053 188 2094 est
221 2053 271 2094 et
304 2047 493 2105 signum
532 2046 938 2093 rememorativum
973 2046 1077 2105 ejus
1107 2048 1234 2104 quod
1274 2047 1524 2105 praecessit,
1560 2046 1736 2092 scilicet
1770 2044 2001 2102 passionis

116 2109 300 2166 Christi,
331 2114 378 2155 et
408 2109 827 2155 demonstrativum
858 2107 961 2165 eJ'us
995 2108 1119 2165 quod
1150 2109 1199 2152 in
1229 2108 1365 2153 nobis
1383 2109 1582 2154 efficitur
1603 2121 1686 2165 per
1706 2107 1868 2153 christi
1889 2119 2001 2165 pas-

116 2171 321 2228 sionem,
345 2172 521 2218 scilicet
551 2171 726 2228 gratiae,
751 2175 797 2215 et
827 2170 1191 2227 prognosticum,
1212 2171 1260 2216 id
1287 2176 1372 2225 est,
1397 2170 1806 2228 praenuntiativum
1833 2169 2000 2216 futurae

117 2233 277 2290 gloriae
301 2235 380 2288 (3).

171 2294 239 2340 Ad
254 2299 454 2351 prim-um
473 2306 587 2351 ergo
617 2294 866 2344 dicendum
882 2327 895 2349 ,
918 2293 1045 2350 qued
1064 2298 1173 2338 tuno
1193 2299 1266 2338 est
1283 2294 1471 2350 signum
1492 2294 1763 2351 ambiguum
1785 2293 1999 2351 praebens

116 2355 408 2402 occasionem
426 2355 630 2412 fallendi,
650 2355 839 2412 quando
860 2355 1090 2410 significat
1107 2355 1254 2399 multa
1271 2368 1471 2413 quorum
1488 2368 1638 2401 unum
1652 2368 1747 2401 non
1757 2356 1998 2403 ordinatur

115 2415 176 2463 ad
196 2416 353 2472 aliud3
376 2417 459 2462 sed
496 2417 684 2474 quando
721 2416 953 2474 significat
989 2416 1137 2461 multa
1169 2418 1429 2463 secundum
1463 2417 1589 2475 quod
1616 2429 1676 2464 ex
1695 2417 1764 2464 eis
1793 2418 1998 2476 quodam

115 2477 276 2524 ordine
297 2478 496 2524 efficitur
513 2490 678 2534 unum,
699 2483 812 2523 tunc
836 2490 930 2523 non
948 2482 1020 2523 est
1037 2477 1225 2535 signum
1243 2480 1532 2535 ambiguum,
1552 2480 1637 2525 sed
1654 2484 1860 2538 certum3
1878 2480 1999 2526 sicut

115 2540 205 2586 hoc
225 2552 396 2586 nomen
416 2541 547 2604 Ιιοτηρ
576 2540 808 2597 significat
835 2540 1038 2585 animam
1056 2544 1104 2585 et
1136 2553 1322 2598 corpuS,
1358 2547 1494 2598 prout
1522 2548 1581 2587 ex
1611 2542 1681 2588 eis
1702 2542 2001 2587 constituitur

114 2601 321 2648 humana
334 2607 513 2648 natura.
535 2605 588 2647 Et
601 2603 690 2648 hoc
702 2603 841 2648 modo
861 2608 1206 2648 sacramentum
1222 2603 1452 2660 significat
1468 2604 1556 2650 tria
1568 2603 1805 2662 praedicta,
1823 2616 1989 2649 secun·

117 2663 228 2709 dum
256 2665 381 2722 quod
399 2665 603 2722 quodam
624 2665 787 2710 ordine
809 2668 921 2710 sunt
946 2677 1112 2709 unum.

169 2725 237 2770 Ad
253 2727 495 2769 secundum
521 2725 787 2783 dicendum,
805 2726 930 2784 quod
951 2730 1295 2771 sacramentum
1323 2727 1372 2772 in
1394 2727 1482 2773 hoc
1501 2726 1626 2784 quod
1646 2725 1876 2783 significat
1897 2740 1995 2775 rem

115 2785 495 2844 sanctificantem,
517 2792 699 2844 oportet
732 2788 858 2846 quod
890 2787 1121 2844 significet
1142 2788 1377 2844 effectum,
1411 2789 1490 2847 qui
1513 2789 1786 2846 intelligitur
1814 2789 1861 2835 in
1894 2789 1996 2847 ipsa

115 2859 258 2893 causa
278 2848 610 2905 sanctificante,
627 2852 767 2905 prout
789 2854 860 2895 est
880 2848 1194 2894 sanctificans.

169 2908 237 2955 Ad
267 2911 453 2954 tertium
485 2909 749 2968 dicendum,
780 2910 905 2969 quod
930 2909 1105 2956 sufficit
1134 2911 1194 2956 ad
1222 2911 1452 2958 rationem
1475 2911 1753 2958 sacramenti
1780 2911 1907 2971 quod
1926 2912 1996 2959 si-

115 2969 304 3027 gnificet
320 2970 665 3029 perfectionem,
682 2983 788 3029 quae
804 2976 878 3018 est
893 2971 1043 3017 forma
1060 2974 1138 3028 (4),
1156 2985 1244 3018 nec
1258 2978 1442 3031 oportet
1455 2973 1581 3032 quod
1596 2973 1750 3020 solum
1766 2974 1996 3032 significet

114 3032 471 3091 perfectionem,
487 3045 594 3091 quae
614 3037 687 3078 est
702 3030 827 3079 finis.
864 3060 880 3069 s

154 3176 367 3220 fflvmgata,
382 3178 556 3220 decipiat.
1134 3180 1179 3219 (4)
1200 3181 1360 3223 Quamvis
1385 3193 1454 3216 non
1476 3181 1522 3216 sit
1551 3180 1593 3217 de
1617 3181 1760 3216 essentia
1791 3184 1994 3220 sacramenti

157 3223 201 3267 (2)
228 3225 295 3259 Seu
329 3226 373 3259 in
403 3226 741 3268 sanctificationem,
769 3231 809 3261 ut
836 3227 873 3261 iu
891 3224 1010 3262 bibliis
1094 3227 1181 3269 quod
1196 3227 1252 3263 ills
1265 3230 1329 3268 tria
1339 3229 1518 3270 significet,
1530 3229 1679 3264 intentio
1691 3230 1995 3267 tnmenB.Thomae

114 3271 300 3307 emendatis
312 3271 427 3307 videre
442 3277 504 3307 est.
1094 3280 1155 3315 est,
1178 3275 1225 3310 ait
1249 3276 1391 3317 Sylvius,
1413 3275 1481 3312 haec
1507 3276 1695 3312 attribuere
1713 3276 1870 3311 omnibus
1884 3288 1993 3312 sacra-

156 3319 308 3361 (fflsicut
323 3320 415 3354 enim
435 3320 476 3355 de
492 3320 702 3356 Eucharistia
717 3320 852 3355 canitur
865 3321 953 3362 quod
970 3323 1012 3356 in
1095 3324 1219 3358 mentis
1232 3335 1325 3359 novoe
1341 3324 1434 3367 legis,
1452 3324 1576 3365 quibus
1590 3324 1696 3359 etiam
1710 3324 1852 3365 singulis
1870 3324 1993 3360 tribuit

117 3376 161 3402 sa
170 3366 350 3403 recolitur
359 3369 534 3404 memoria
545 3370 735 3413 passionis
747 3369 902 3410 christa-
912 3379 1011 3405 mem
1095 3371 1312 3407 catechismus
1328 3385 1486 3408 romanus
1496 3375 1596 3415 (part.
1614 3373 1660 3414 ΙΙ,
1674 3377 1790 3415 quaest.
1803 3381 1851 3415 vr,
1864 3384 1933 3415 cap.
1945 3373 1991 3417 4).

115 3415 294 3458 impletur
323 3417 448 3460 qratia
462 3443 472 3456 ‚
509 3421 543 3451 et
568 3417 712 3459 futuro
745 3418 873 3461 qloriae
907 3418 1011 3454 uobis

115 3463 251 3508 pignus
265 3464 394 3500 datur.
758 3490 761 3494 .
