<?xml version="1.0" encoding="UTF-8"?>
<!DOCTYPE html PUBLIC "-//W3C//DTD XHTML 1.0 Transitional//EN"
    "http://www.w3.org/TR/xhtml1/DTD/xhtml1-transitional.dtd">
<html xmlns="http://www.w3.org/1999/xhtml" xml:lang="en" lang="en">
 <head>
  <title>
</title>
<meta http-equiv="Content-Type" content="text/html;charset=utf-8" />
  <meta name='ocr-system' content='tesseract 3.04.00' />
  <meta name='ocr-capabilities' content='ocr_page ocr_carea ocr_par ocr_line ocrx_word'/>
</head>
<body>
  <div class='ocr_page' id='page_1' title='image "./summatheologica06thomuoft_0132.png"; bbox 0 0 2170 3808; ppageno 0'>
   <div class='ocr_carea' id='block_1_1' title="bbox 173 211 1458 263">
    <p class='ocr_par' dir='ltr' id='par_1_1' title="bbox 173 211 1458 263">
     <span class='ocr_line' id='line_1_1' title="bbox 173 211 1458 263; baseline -0.005 -4"><span class='ocrx_word' id='word_1_1' title='bbox 173 216 226 259; x_wconf 82' lang='lat'>96</span> <span class='ocrx_word' id='word_1_2' title='bbox 781 211 980 263; x_wconf 82' lang='lat' dir='ltr'>QUAEST.</span> <span class='ocrx_word' id='word_1_3' title='bbox 1011 211 1088 263; x_wconf 86' lang='lat' dir='ltr'>lX,</span> <span class='ocrx_word' id='word_1_4' title='bbox 1119 211 1238 253; x_wconf 79' lang='lat' dir='ltr'>ART.</span> <span class='ocrx_word' id='word_1_5' title='bbox 1271 212 1286 253; x_wconf 86' lang='lat' dir='ltr'>l</span> <span class='ocrx_word' id='word_1_6' title='bbox 1315 211 1379 254; x_wconf 87' lang='lat' dir='ltr'>ET</span> <span class='ocrx_word' id='word_1_7' title='bbox 1406 211 1458 254; x_wconf 89' lang='grc' dir='ltr'>ΙΙ.</span> 
     </span>
    </p>
   </div>
   <div class='ocr_carea' id='block_1_2' title="bbox 228 279 2162 350">
    <p class='ocr_par' dir='ltr' id='par_1_2' title="bbox 228 279 2162 350">
     <span class='ocr_line' id='line_1_2' title="bbox 228 279 2162 350; baseline -0.002 -12"><span class='ocrx_word' id='word_1_8' title='bbox 228 294 295 339; x_wconf 90' lang='lat' dir='ltr'>Ad</span> <span class='ocrx_word' id='word_1_9' title='bbox 312 295 512 350; x_wconf 82' lang='lat' dir='ltr'>primum</span> <span class='ocrx_word' id='word_1_10' title='bbox 527 304 641 349; x_wconf 86' lang='lat' dir='ltr'>ergo</span> <span class='ocrx_word' id='word_1_11' title='bbox 659 291 931 347; x_wconf 73' lang='lat' dir='ltr'>dicendum,</span> <span class='ocrx_word' id='word_1_12' title='bbox 956 289 1081 347; x_wconf 80' lang='lat' dir='ltr'>quod</span> <span class='ocrx_word' id='word_1_13' title='bbox 1098 291 1303 334; x_wconf 86' lang='lat' dir='ltr'>Christus</span> <span class='ocrx_word' id='word_1_14' title='bbox 1322 288 1539 347; x_wconf 85' lang='lat' dir='ltr'>cognovit</span> <span class='ocrx_word' id='word_1_15' title='bbox 1556 289 1711 335; x_wconf 91' lang='lat' dir='ltr'>omnia</span> <span class='ocrx_word' id='word_1_16' title='bbox 1728 300 1812 346; x_wconf 91' lang='lat' dir='ltr'>per</span> <span class='ocrx_word' id='word_1_17' title='bbox 1831 288 2072 334; x_wconf 87' lang='lat' dir='ltr'>scientiam</span> <span class='ocrx_word' id='word_1_18' title='bbox 2124 279 2139 295; x_wconf 71' lang='grc'><strong>”</strong></span> <span class='ocrx_word' id='word_1_19' title='bbox 2160 279 2162 282; x_wconf 60' lang='grc'><strong>’</strong></span> 
     </span>
    </p>
   </div>
   <div class='ocr_carea' id='block_1_3' title="bbox 174 350 2075 474">
    <p class='ocr_par' dir='ltr' id='par_1_3' title="bbox 174 350 2075 474">
     <span class='ocr_line' id='line_1_3' title="bbox 174 350 2075 411; baseline -0.003 -12"><span class='ocrx_word' id='word_1_20' title='bbox 174 354 379 400; x_wconf 88' lang='lat' dir='ltr'>divinam</span> <span class='ocrx_word' id='word_1_21' title='bbox 400 354 668 410; x_wconf 81' lang='lat' dir='ltr'>operatione</span> <span class='ocrx_word' id='word_1_22' title='bbox 690 352 916 411; x_wconf 76' lang='lat' dir='ltr'>increata,</span> <span class='ocrx_word' id='word_1_23' title='bbox 941 365 1044 408; x_wconf 83' lang='lat' dir='ltr'>quae</span> <span class='ocrx_word' id='word_1_24' title='bbox 1066 357 1137 396; x_wconf 88' lang='lat' dir='ltr'>est</span> <span class='ocrx_word' id='word_1_25' title='bbox 1156 352 1256 408; x_wconf 89' lang='lat' dir='ltr'>ipsa</span> <span class='ocrx_word' id='word_1_26' title='bbox 1294 352 1373 396; x_wconf 90' lang='lat' dir='ltr'>Dei</span> <span class='ocrx_word' id='word_1_27' title='bbox 1397 351 1628 397; x_wconf 78' lang='lat' dir='ltr'>essentia:</span> <span class='ocrx_word' id='word_1_28' title='bbox 1662 350 1740 395; x_wconf 90' lang='lat' dir='ltr'>Dei</span> <span class='ocrx_word' id='word_1_29' title='bbox 1763 350 1889 395; x_wconf 90' lang='lat' dir='ltr'>enim</span> <span class='ocrx_word' id='word_1_30' title='bbox 1911 350 2075 395; x_wconf 90' lang='lat' dir='ltr'>intelli-</span> 
     </span>
     <span class='ocr_line' id='line_1_4' title="bbox 174 412 2072 474; baseline -0.003 -12"><span class='ocrx_word' id='word_1_31' title='bbox 174 429 283 474; x_wconf 84' lang='lat' dir='ltr'>gere</span> <span class='ocrx_word' id='word_1_32' title='bbox 305 421 376 461; x_wconf 87' lang='lat' dir='ltr'>est</span> <span class='ocrx_word' id='word_1_33' title='bbox 399 427 485 459; x_wconf 90' lang='lat' dir='ltr'>sua</span> <span class='ocrx_word' id='word_1_34' title='bbox 507 414 793 470; x_wconf 77' lang='lat' dir='ltr'>substantia,</span> <span class='ocrx_word' id='word_1_35' title='bbox 812 418 864 458; x_wconf 91' lang='lat' dir='ltr'>ut</span> <span class='ocrx_word' id='word_1_36' title='bbox 886 414 1052 471; x_wconf 85' lang='lat' dir='ltr'>probat</span> <span class='ocrx_word' id='word_1_37' title='bbox 1072 413 1375 470; x_wconf 82' lang='lat' dir='ltr'>Philosophus</span> <span class='ocrx_word' id='word_1_38' title='bbox 1402 413 1610 470; x_wconf 88' lang='lat' dir='ltr'>(Metaph.</span> <span class='ocrx_word' id='word_1_39' title='bbox 1636 412 1717 457; x_wconf 89' lang='lat' dir='ltr'>lib.</span> <span class='ocrx_word' id='word_1_40' title='bbox 1742 425 1824 471; x_wconf 81' lang='lat' dir='ltr'>xn,</span> <span class='ocrx_word' id='word_1_41' title='bbox 1848 416 1962 457; x_wconf 84' lang='lat' dir='ltr'>text.</span> <span class='ocrx_word' id='word_1_42' title='bbox 1984 413 2072 468; x_wconf 83' lang='lat'>39).</span> 
     </span>
    </p>
   </div>
   <div class='ocr_carea' id='block_1_4' title="bbox 174 470 2163 620">
    <p class='ocr_par' dir='ltr' id='par_1_4' title="bbox 174 468 2167 620">
     <span class='ocr_line' id='line_1_5' title="bbox 174 470 2160 533; baseline -0.004 -8"><span class='ocrx_word' id='word_1_43' title='bbox 174 479 303 525; x_wconf 88' lang='lat' dir='ltr'>Unde</span> <span class='ocrx_word' id='word_1_44' title='bbox 331 476 406 521; x_wconf 90' lang='lat' dir='ltr'>hic</span> <span class='ocrx_word' id='word_1_45' title='bbox 427 489 481 520; x_wconf 84' lang='lat' dir='ltr'>a(</span> <span class='ocrx_word' id='word_1_46' title='bbox 483 480 560 521; x_wconf 89' lang='lat' dir='ltr'>tus</span> <span class='ocrx_word' id='word_1_47' title='bbox 580 489 675 521; x_wconf 90' lang='lat' dir='ltr'>non</span> <span class='ocrx_word' id='word_1_48' title='bbox 698 475 847 533; x_wconf 92' lang='lat' dir='ltr'>potuit</span> <span class='ocrx_word' id='word_1_49' title='bbox 869 488 973 520; x_wconf 89' lang='lat' dir='ltr'>esse</span> <span class='ocrx_word' id='word_1_50' title='bbox 994 475 1163 519; x_wconf 85' lang='lat' dir='ltr'>animae</span> <span class='ocrx_word' id='word_1_51' title='bbox 1187 476 1407 520; x_wconf 83' lang='lat' dir='ltr'>humanae</span> <span class='ocrx_word' id='word_1_52' title='bbox 1435 474 1623 530; x_wconf 81' lang='lat' dir='ltr'>Christi,</span> <span class='ocrx_word' id='word_1_53' title='bbox 1657 477 1766 519; x_wconf 89' lang='lat' dir='ltr'>cum</span> <span class='ocrx_word' id='word_1_54' title='bbox 1794 473 1854 518; x_wconf 86' lang='lat' dir='ltr'>sit</span> <span class='ocrx_word' id='word_1_55' title='bbox 1885 473 2074 518; x_wconf 86' lang='lat' dir='ltr'>alterius</span> <span class='ocrx_word' id='word_1_56' title='bbox 2134 470 2160 518; x_wconf 69' lang='lat'>⁷.</span> 
     </span>
     <span class='ocr_line' id='line_1_6' title="bbox 175 535 2163 620; baseline -0.004 -35"><span class='ocrx_word' id='word_1_57' title='bbox 175 545 368 586; x_wconf 85' lang='lat' dir='ltr'>naturae.</span> <span class='ocrx_word' id='word_1_58' title='bbox 392 538 436 582; x_wconf 92' lang='lat' dir='ltr'>Si</span> <span class='ocrx_word' id='word_1_59' title='bbox 458 539 600 595; x_wconf 89' lang='lat' dir='ltr'>igitur</span> <span class='ocrx_word' id='word_1_60' title='bbox 630 551 724 583; x_wconf 92' lang='lat' dir='ltr'>non</span> <span class='ocrx_word' id='word_1_61' title='bbox 746 537 941 583; x_wconf 75' lang='lat' dir='ltr'>fuisset*</span> <span class='ocrx_word' id='word_1_62' title='bbox 930 550 978 582; x_wconf 85' lang='grc' dir='ltr'>ιιι</span> <span class='ocrx_word' id='word_1_63' title='bbox 1010 537 1167 582; x_wconf 88' lang='lat' dir='ltr'>anima</span> <span class='ocrx_word' id='word_1_64' title='bbox 1194 537 1358 582; x_wconf 79' lang='lat' dir='ltr'>Christi</span> <span class='ocrx_word' id='word_1_65' title='bbox 1392 536 1549 595; x_wconf 90' lang='lat' dir='ltr'>aliqua</span> <span class='ocrx_word' id='word_1_66' title='bbox 1582 536 1672 582; x_wconf 90' lang='lat' dir='ltr'>alia</span> <span class='ocrx_word' id='word_1_67' title='bbox 1694 535 1887 581; x_wconf 91' lang='lat' dir='ltr'>scientia</span> <span class='ocrx_word' id='word_1_68' title='bbox 1909 541 2074 606; x_wconf 81' lang='lat' dir='ltr'>praeter</span> <span class='ocrx_word' id='word_1_69' title='bbox 2157 604 2163 620; x_wconf 32' lang='grc' dir='ltr'>ἱ</span> 
     </span>
    </p>
   </div>
   <div class='ocr_carea' id='block_1_5' title="bbox 172 596 2074 795">
    <p class='ocr_par' dir='ltr' id='par_1_5' title="bbox 172 596 2074 782">
     <span class='ocr_line' id='line_1_7' title="bbox 173 596 2073 658; baseline -0.003 -11"><span class='ocrx_word' id='word_1_70' title='bbox 173 601 402 658; x_wconf 86' lang='lat' dir='ltr'>divinam,</span> <span class='ocrx_word' id='word_1_71' title='bbox 427 599 542 644; x_wconf 87' lang='lat' dir='ltr'>nihil</span> <span class='ocrx_word' id='word_1_72' title='bbox 575 601 898 658; x_wconf 84' lang='lat' dir='ltr'>cognovisset.</span> <span class='ocrx_word' id='word_1_73' title='bbox 934 604 981 644; x_wconf 93' lang='lat' dir='ltr'>et</span> <span class='ocrx_word' id='word_1_74' title='bbox 1011 599 1076 644; x_wconf 91' lang='lat' dir='ltr'>ita</span> <span class='ocrx_word' id='word_1_75' title='bbox 1104 599 1269 644; x_wconf 86' lang='lat' dir='ltr'>fuisset</span> <span class='ocrx_word' id='word_1_76' title='bbox 1295 599 1468 644; x_wconf 82' lang='lat' dir='ltr'>frustra</span> <span class='ocrx_word' id='word_1_77' title='bbox 1491 602 1761 656; x_wconf 70' lang='lat' dir='ltr'>assumptat,</span> <span class='ocrx_word' id='word_1_78' title='bbox 1785 600 1893 642; x_wconf 79' lang='lat' dir='ltr'>cum</span> <span class='ocrx_word' id='word_1_79' title='bbox 1923 596 2073 642; x_wconf 81' lang='lat' dir='ltr'>omnis</span> 
     </span>
     <span class='ocr_line' id='line_1_8' title="bbox 172 662 1050 720; baseline -0.002 -12"><span class='ocrx_word' id='word_1_80' title='bbox 172 675 247 708; x_wconf 87' lang='lat' dir='ltr'>res</span> <span class='ocrx_word' id='word_1_81' title='bbox 276 662 337 707; x_wconf 90' lang='lat' dir='ltr'>sit</span> <span class='ocrx_word' id='word_1_82' title='bbox 358 668 547 720; x_wconf 88' lang='lat' dir='ltr'>propter</span> <span class='ocrx_word' id='word_1_83' title='bbox 564 675 699 708; x_wconf 86' lang='lat' dir='ltr'>suam</span> <span class='ocrx_word' id='word_1_84' title='bbox 717 662 1050 719; x_wconf 83' lang='lat' dir='ltr'>operationem.</span> 
     </span>
     <span class='ocr_line' id='line_1_9' title="bbox 225 719 2074 795; baseline -0.003 -24"><span class='ocrx_word' id='word_1_85' title='bbox 225 725 294 771; x_wconf 87' lang='lat' dir='ltr'>Ad</span> <span class='ocrx_word' id='word_1_86' title='bbox 316 726 561 769; x_wconf 81' lang='lat' dir='ltr'>secundum</span> <span class='ocrx_word' id='word_1_87' title='bbox 586 725 859 781; x_wconf 85' lang='lat' dir='ltr'>dicendum,</span> <span class='ocrx_word' id='word_1_88' title='bbox 884 724 1009 795; x_wconf 78' lang='lat' dir='ltr'>quod</span> <span class='ocrx_word' id='word_1_89' title='bbox 1028 724 1067 770; x_wconf 87' lang='lat' dir='ltr'>si</span> <span class='ocrx_word' id='word_1_90' title='bbox 1087 723 1181 769; x_wconf 91' lang='lat' dir='ltr'>duo</span> <span class='ocrx_word' id='word_1_91' title='bbox 1199 723 1379 769; x_wconf 89' lang='lat' dir='ltr'>lumina</span> <span class='ocrx_word' id='word_1_92' title='bbox 1401 724 1690 782; x_wconf 83' lang='lat' dir='ltr'>accipiantur</span> <span class='ocrx_word' id='word_1_93' title='bbox 1712 719 1924 780; x_wconf 88' lang='lat' dir='ltr'>ejusdem</span> <span class='ocrx_word' id='word_1_94' title='bbox 1949 732 1995 765; x_wconf 84' lang='lat'>01</span> <span class='ocrx_word' id='word_1_95' title='bbox 2004 720 2074 766; x_wconf 75' lang='lat' dir='ltr'>di-</span> 
     </span>
    </p>
   </div>
   <div class='ocr_carea' id='block_1_6' title="bbox 171 782 2163 1213">
    <p class='ocr_par' dir='ltr' id='par_1_6' title="bbox 171 782 2170 1222">
     <span class='ocr_line' id='line_1_10' title="bbox 173 782 2161 844; baseline -0.003 -12"><span class='ocrx_word' id='word_1_96' title='bbox 173 786 270 844; x_wconf 81' lang='lat' dir='ltr'>niS‚</span> <span class='ocrx_word' id='word_1_97' title='bbox 290 785 446 832; x_wconf 86' lang='lat' dir='ltr'>minus</span> <span class='ocrx_word' id='word_1_98' title='bbox 461 788 718 832; x_wconf 88' lang='lat' dir='ltr'>offuscatur</span> <span class='ocrx_word' id='word_1_99' title='bbox 727 799 811 844; x_wconf 90' lang='lat' dir='ltr'>per</span> <span class='ocrx_word' id='word_1_100' title='bbox 821 786 996 843; x_wconf 82' lang='lat' dir='ltr'>majus3</span> <span class='ocrx_word' id='word_1_101' title='bbox 1020 787 1141 832; x_wconf 87' lang='lat' dir='ltr'>sicut</span> <span class='ocrx_word' id='word_1_102' title='bbox 1160 787 1320 831; x_wconf 90' lang='lat' dir='ltr'>lumen</span> <span class='ocrx_word' id='word_1_103' title='bbox 1334 785 1447 831; x_wconf 86' lang='lat' dir='ltr'>solis</span> <span class='ocrx_word' id='word_1_104' title='bbox 1462 787 1659 832; x_wconf 85' lang='lat' dir='ltr'>offuscat</span> <span class='ocrx_word' id='word_1_105' title='bbox 1671 786 1832 831; x_wconf 85' lang='lat' dir='ltr'>lumen</span> <span class='ocrx_word' id='word_1_106' title='bbox 1850 782 2072 840; x_wconf 76' lang='lat' dir='ltr'>candelae,</span> <span class='ocrx_word' id='word_1_107' title='bbox 2134 832 2135 838; x_wconf 9' lang='grc' dir='ltr'>ἵ</span> <span class='ocrx_word' id='word_1_108' title='bbox 2152 791 2161 826; x_wconf 75' lang='lat'><em>1</em></span> 
     </span>
     <span class='ocr_line' id='line_1_11' title="bbox 172 845 2074 919; baseline -0.002 -25"><span class='ocrx_word' id='word_1_109' title='bbox 172 860 373 907; x_wconf 86' lang='lat' dir='ltr'>quorum</span> <span class='ocrx_word' id='word_1_110' title='bbox 399 854 649 906; x_wconf 84' lang='lat' dir='ltr'>utrumque</span> <span class='ocrx_word' id='word_1_111' title='bbox 668 849 951 919; x_wconf 38' lang='lat' dir='ltr'>accipitur-in</span> <span class='ocrx_word' id='word_1_112' title='bbox 965 849 1127 893; x_wconf 81' lang='lat' dir='ltr'>ordine</span> <span class='ocrx_word' id='word_1_113' title='bbox 1144 847 1466 893; x_wconf 90' lang='lat' dir='ltr'>illuminantis.</span> <span class='ocrx_word' id='word_1_114' title='bbox 1489 849 1533 894; x_wconf 91' lang='lat' dir='ltr'>Si</span> <span class='ocrx_word' id='word_1_115' title='bbox 1549 849 1660 894; x_wconf 78' lang='lat' dir='ltr'>vero</span> <span class='ocrx_word' id='word_1_116' title='bbox 1679 845 1964 904; x_wconf 84' lang='lat' dir='ltr'>accipiantur</span> <span class='ocrx_word' id='word_1_117' title='bbox 1982 845 2074 891; x_wconf 89' lang='lat' dir='ltr'>duo</span> 
     </span>
     <span class='ocr_line' id='line_1_12' title="bbox 173 906 2076 968; baseline -0.002 -14"><span class='ocrx_word' id='word_1_118' title='bbox 173 909 374 967; x_wconf 84' lang='lat' dir='ltr'>lumina,</span> <span class='ocrx_word' id='word_1_119' title='bbox 399 911 462 955; x_wconf 90' lang='lat' dir='ltr'>ita</span> <span class='ocrx_word' id='word_1_120' title='bbox 485 911 612 967; x_wconf 79' lang='lat' dir='ltr'>quod</span> <span class='ocrx_word' id='word_1_121' title='bbox 632 910 787 968; x_wconf 86' lang='lat' dir='ltr'>majus</span> <span class='ocrx_word' id='word_1_122' title='bbox 809 909 935 955; x_wconf 87' lang='lat' dir='ltr'>sitin</span> <span class='ocrx_word' id='word_1_123' title='bbox 960 910 1124 955; x_wconf 88' lang='lat' dir='ltr'>ordine</span> <span class='ocrx_word' id='word_1_124' title='bbox 1144 909 1473 966; x_wconf 86' lang='lat' dir='ltr'>illuminantis,</span> <span class='ocrx_word' id='word_1_125' title='bbox 1493 914 1541 956; x_wconf 92' lang='lat' dir='ltr'>et</span> <span class='ocrx_word' id='word_1_126' title='bbox 1561 910 1718 955; x_wconf 88' lang='lat' dir='ltr'>minus</span> <span class='ocrx_word' id='word_1_127' title='bbox 1733 909 1782 953; x_wconf 90' lang='lat' dir='ltr'>in</span> <span class='ocrx_word' id='word_1_128' title='bbox 1797 907 1960 954; x_wconf 86' lang='lat' dir='ltr'>ordine</span> <span class='ocrx_word' id='word_1_129' title='bbox 1976 906 2076 951; x_wconf 87' lang='lat' dir='ltr'>illu-</span> 
     </span>
     <span class='ocr_line' id='line_1_13' title="bbox 172 970 2074 1031; baseline -0.001 -15"><span class='ocrx_word' id='word_1_130' title='bbox 172 972 360 1029; x_wconf 87' lang='lat' dir='ltr'>minati,</span> <span class='ocrx_word' id='word_1_131' title='bbox 384 973 543 1018; x_wconf 87' lang='lat' dir='ltr'>minus</span> <span class='ocrx_word' id='word_1_132' title='bbox 565 973 724 1018; x_wconf 90' lang='lat' dir='ltr'>lumen</span> <span class='ocrx_word' id='word_1_133' title='bbox 745 986 838 1018; x_wconf 87' lang='lat' dir='ltr'>non</span> <span class='ocrx_word' id='word_1_134' title='bbox 860 973 1116 1018; x_wconf 82' lang='lat' dir='ltr'>offuscatur</span> <span class='ocrx_word' id='word_1_135' title='bbox 1138 986 1220 1030; x_wconf 90' lang='lat' dir='ltr'>per</span> <span class='ocrx_word' id='word_1_136' title='bbox 1238 973 1414 1031; x_wconf 60' lang='lat' dir='ltr'>majus,</span> <span class='ocrx_word' id='word_1_137' title='bbox 1435 973 1518 1018; x_wconf 90' lang='lat' dir='ltr'>sed</span> <span class='ocrx_word' id='word_1_138' title='bbox 1539 973 1690 1030; x_wconf 85' lang='lat' dir='ltr'>magis</span> <span class='ocrx_word' id='word_1_139' title='bbox 1712 975 1928 1029; x_wconf 68' lang='lat' dir='ltr'>augetur,</span> <span class='ocrx_word' id='word_1_140' title='bbox 1953 970 2074 1016; x_wconf 88' lang='lat' dir='ltr'>sicut</span> 
     </span>
     <span class='ocr_line' id='line_1_14' title="bbox 172 1033 2074 1092; baseline -0.002 -13"><span class='ocrx_word' id='word_1_141' title='bbox 172 1033 330 1080; x_wconf 89' lang='lat' dir='ltr'>lumen</span> <span class='ocrx_word' id='word_1_142' title='bbox 348 1036 467 1080; x_wconf 86' lang='lat' dir='ltr'>aeris</span> <span class='ocrx_word' id='word_1_143' title='bbox 491 1048 574 1092; x_wconf 89' lang='lat' dir='ltr'>per</span> <span class='ocrx_word' id='word_1_144' title='bbox 595 1036 755 1080; x_wconf 90' lang='lat' dir='ltr'>lumen</span> <span class='ocrx_word' id='word_1_145' title='bbox 778 1036 907 1080; x_wconf 89' lang='lat' dir='ltr'>solis.</span> <span class='ocrx_word' id='word_1_146' title='bbox 928 1039 981 1080; x_wconf 85' lang='lat' dir='ltr'>Et</span> <span class='ocrx_word' id='word_1_147' title='bbox 1003 1037 1091 1081; x_wconf 90' lang='lat' dir='ltr'>hoc</span> <span class='ocrx_word' id='word_1_148' title='bbox 1116 1036 1254 1081; x_wconf 90' lang='lat' dir='ltr'>modo</span> <span class='ocrx_word' id='word_1_149' title='bbox 1274 1036 1430 1081; x_wconf 88' lang='lat' dir='ltr'>lumen</span> <span class='ocrx_word' id='word_1_150' title='bbox 1453 1035 1658 1080; x_wconf 87' lang='lat' dir='ltr'>scientiae</span> <span class='ocrx_word' id='word_1_151' title='bbox 1683 1047 1778 1080; x_wconf 87' lang='lat' dir='ltr'>non</span> <span class='ocrx_word' id='word_1_152' title='bbox 1802 1033 2074 1089; x_wconf 80' lang='lat' dir='ltr'>offuscatur,</span> 
     </span>
     <span class='ocr_line' id='line_1_15' title="bbox 171 1096 2163 1161; baseline 0.001 -21"><span class='ocrx_word' id='word_1_153' title='bbox 171 1096 256 1141; x_wconf 91' lang='lat' dir='ltr'>sed</span> <span class='ocrx_word' id='word_1_154' title='bbox 281 1098 431 1152; x_wconf 80' lang='lat' dir='ltr'>magis</span> <span class='ocrx_word' id='word_1_155' title='bbox 460 1097 708 1142; x_wconf 82' lang='lat' dir='ltr'>clarescit</span> <span class='ocrx_word' id='word_1_156' title='bbox 696 1111 745 1141; x_wconf 87' lang='lat' dir='ltr'>m</span> <span class='ocrx_word' id='word_1_157' title='bbox 775 1098 929 1142; x_wconf 90' lang='lat' dir='ltr'>anima</span> <span class='ocrx_word' id='word_1_158' title='bbox 951 1098 1114 1142; x_wconf 84' lang='lat' dir='ltr'>Christi</span> <span class='ocrx_word' id='word_1_159' title='bbox 1144 1111 1225 1155; x_wconf 91' lang='lat' dir='ltr'>per</span> <span class='ocrx_word' id='word_1_160' title='bbox 1247 1098 1405 1142; x_wconf 88' lang='lat' dir='ltr'>lumen</span> <span class='ocrx_word' id='word_1_161' title='bbox 1429 1097 1636 1142; x_wconf 83' lang='lat' dir='ltr'>scientiae</span> <span class='ocrx_word' id='word_1_162' title='bbox 1659 1096 1851 1153; x_wconf 86' lang='lat' dir='ltr'>divinae,</span> <span class='ocrx_word' id='word_1_163' title='bbox 1878 1107 1983 1152; x_wconf 88' lang='lat' dir='ltr'>quae</span> <span class='ocrx_word' id='word_1_164' title='bbox 2004 1098 2080 1139; x_wconf 87' lang='lat' dir='ltr'>est</span> <span class='ocrx_word' id='word_1_165' title='bbox 2132 1118 2163 1161; x_wconf 72' lang='lat'>·&#39;.2·</span> 
     </span>
     <span class='ocr_line' id='line_1_16' title="bbox 171 1156 2074 1213; baseline 0.003 -13"><span class='ocrx_word' id='word_1_166' title='bbox 171 1156 253 1201; x_wconf 78' lang='lat' dir='ltr'>lux</span> <span class='ocrx_word' id='word_1_167' title='bbox 274 1173 383 1202; x_wconf 83' lang='lat' dir='ltr'>vera</span> <span class='ocrx_word' id='word_1_168' title='bbox 407 1159 676 1203; x_wconf 79' lang='lat' dir='ltr'>illuminans</span> <span class='ocrx_word' id='word_1_169' title='bbox 701 1172 874 1203; x_wconf 82' lang='lat' dir='ltr'>omnem</span> <span class='ocrx_word' id='word_1_170' title='bbox 894 1160 1119 1203; x_wconf 78' lang='lat' dir='ltr'>hominem</span> <span class='ocrx_word' id='word_1_171' title='bbox 1143 1163 1389 1204; x_wconf 74' lang='lat' dir='ltr'>venientem</span> <span class='ocrx_word' id='word_1_172' title='bbox 1418 1163 1466 1203; x_wconf 84' lang='lat' dir='ltr'>in</span> <span class='ocrx_word' id='word_1_173' title='bbox 1484 1159 1604 1203; x_wconf 76' lang='lat' dir='ltr'>hunc</span> <span class='ocrx_word' id='word_1_174' title='bbox 1622 1159 1865 1213; x_wconf 78' lang='lat' dir='ltr'>mundum,</span> <span class='ocrx_word' id='word_1_175' title='bbox 1886 1161 1941 1202; x_wconf 92' lang='lat' dir='ltr'>ut</span> <span class='ocrx_word' id='word_1_176' title='bbox 1961 1156 2074 1202; x_wconf 81' lang='lat' dir='ltr'>dici·</span> 
     </span>
    </p>
   </div>
   <div class='ocr_carea' id='block_1_7' title="bbox 172 1220 560 1276">
    <p class='ocr_par' dir='ltr' id='par_1_7' title="bbox 172 1220 560 1276">
     <span class='ocr_line' id='line_1_17' title="bbox 172 1220 560 1276; baseline 0.005 -14"><span class='ocrx_word' id='word_1_177' title='bbox 172 1220 248 1263; x_wconf 87' lang='lat' dir='ltr'>tur</span> <span class='ocrx_word' id='word_1_178' title='bbox 268 1221 305 1273; x_wconf 86' lang='lat' dir='ltr'>(J</span> <span class='ocrx_word' id='word_1_179' title='bbox 308 1233 414 1265; x_wconf 88' lang='lat' dir='ltr'>oan</span> <span class='ocrx_word' id='word_1_180' title='bbox 442 1234 479 1276; x_wconf 81' lang='grc' dir='ltr'>ι,</span> <span class='ocrx_word' id='word_1_181' title='bbox 504 1223 560 1274; x_wconf 84' lang='grc'>9).</span> 
     </span>
    </p>
   </div>
   <div class='ocr_carea' id='block_1_8' title="bbox 167 1279 2170 1523">
    <p class='ocr_par' dir='ltr' id='par_1_8' title="bbox 167 1279 2170 1523">
     <span class='ocr_line' id='line_1_18' title="bbox 224 1279 2075 1340; baseline 0 -16"><span class='ocrx_word' id='word_1_182' title='bbox 224 1282 292 1326; x_wconf 90' lang='lat' dir='ltr'>Ad</span> <span class='ocrx_word' id='word_1_183' title='bbox 313 1285 498 1326; x_wconf 80' lang='lat' dir='ltr'>tertium</span> <span class='ocrx_word' id='word_1_184' title='bbox 519 1281 792 1338; x_wconf 71' lang='lat' dir='ltr'>dicendum,</span> <span class='ocrx_word' id='word_1_185' title='bbox 810 1282 932 1339; x_wconf 79' lang='lat' dir='ltr'>quod</span> <span class='ocrx_word' id='word_1_186' title='bbox 947 1294 1004 1327; x_wconf 85' lang='lat' dir='ltr'>ex</span> <span class='ocrx_word' id='word_1_187' title='bbox 1022 1288 1154 1339; x_wconf 89' lang='lat' dir='ltr'>parte</span> <span class='ocrx_word' id='word_1_188' title='bbox 1168 1282 1406 1328; x_wconf 88' lang='lat' dir='ltr'>unitorum</span> <span class='ocrx_word' id='word_1_189' title='bbox 1424 1282 1614 1340; x_wconf 89' lang='lat' dir='ltr'>ponitur</span> <span class='ocrx_word' id='word_1_190' title='bbox 1631 1279 1850 1326; x_wconf 87' lang='lat' dir='ltr'>scientia</span> <span class='ocrx_word' id='word_1_191' title='bbox 1839 1293 1887 1324; x_wconf 88' lang='grc' dir='ltr'>ιιι</span> <span class='ocrx_word' id='word_1_192' title='bbox 1898 1279 2075 1325; x_wconf 89' lang='lat' dir='ltr'>Christo</span> 
     </span>
     <span class='ocr_line' id='line_1_19' title="bbox 177 1341 2167 1406; baseline 0.002 -21"><span class='ocrx_word' id='word_1_193' title='bbox 177 1346 221 1386; x_wconf 83' lang='lat' dir='ltr'>et</span> <span class='ocrx_word' id='word_1_194' title='bbox 251 1344 480 1398; x_wconf 87' lang='lat' dir='ltr'>quantum</span> <span class='ocrx_word' id='word_1_195' title='bbox 515 1343 573 1387; x_wconf 88' lang='lat' dir='ltr'>ad</span> <span class='ocrx_word' id='word_1_196' title='bbox 597 1347 811 1387; x_wconf 89' lang='lat' dir='ltr'>naturam</span> <span class='ocrx_word' id='word_1_197' title='bbox 844 1342 1075 1399; x_wconf 82' lang='lat' dir='ltr'>divinam,</span> <span class='ocrx_word' id='word_1_198' title='bbox 1110 1347 1156 1388; x_wconf 89' lang='lat' dir='ltr'>et</span> <span class='ocrx_word' id='word_1_199' title='bbox 1187 1347 1417 1400; x_wconf 76' lang='lat' dir='ltr'>quantum</span> <span class='ocrx_word' id='word_1_200' title='bbox 1440 1343 1499 1388; x_wconf 90' lang='lat' dir='ltr'>ad</span> <span class='ocrx_word' id='word_1_201' title='bbox 1536 1344 1813 1397; x_wconf 73' lang='lat' dir='ltr'>humanam3</span> <span class='ocrx_word' id='word_1_202' title='bbox 1847 1341 1915 1387; x_wconf 88' lang='lat' dir='ltr'>ita</span> <span class='ocrx_word' id='word_1_203' title='bbox 1950 1341 2075 1399; x_wconf 80' lang='lat' dir='ltr'>quod</span> <span class='ocrx_word' id='word_1_204' title='bbox 2100 1399 2102 1406; x_wconf 21' lang='lat' dir='ltr'><strong><em>s</em></strong></span> <span class='ocrx_word' id='word_1_205' title='bbox 2132 1387 2134 1389; x_wconf 84' lang='lat'>.</span> <span class='ocrx_word' id='word_1_206' title='bbox 2161 1358 2167 1396; x_wconf 64' lang='grc' dir='ltr'><strong>ζ</strong></span> 
     </span>
     <span class='ocr_line' id='line_1_20' title="bbox 167 1402 2170 1464; baseline 0.001 -18"><span class='ocrx_word' id='word_1_207' title='bbox 167 1408 358 1460; x_wconf 88' lang='lat' dir='ltr'>propter</span> <span class='ocrx_word' id='word_1_208' title='bbox 378 1404 599 1448; x_wconf 87' lang='lat' dir='ltr'>unionem</span> <span class='ocrx_word' id='word_1_209' title='bbox 621 1404 881 1448; x_wconf 81' lang='lat' dir='ltr'>secundum</span> <span class='ocrx_word' id='word_1_210' title='bbox 905 1417 1046 1460; x_wconf 91' lang='lat' dir='ltr'>quam</span> <span class='ocrx_word' id='word_1_211' title='bbox 1063 1411 1135 1450; x_wconf 90' lang='lat' dir='ltr'>est</span> <span class='ocrx_word' id='word_1_212' title='bbox 1150 1405 1313 1449; x_wconf 87' lang='lat' dir='ltr'>eadem</span> <span class='ocrx_word' id='word_1_213' title='bbox 1338 1404 1604 1464; x_wconf 85' lang='lat' dir='ltr'>hypostasis</span> <span class='ocrx_word' id='word_1_214' title='bbox 1621 1405 1699 1449; x_wconf 91' lang='lat' dir='ltr'>Dei</span> <span class='ocrx_word' id='word_1_215' title='bbox 1722 1409 1769 1449; x_wconf 92' lang='lat' dir='ltr'>et</span> <span class='ocrx_word' id='word_1_216' title='bbox 1787 1403 2012 1458; x_wconf 69' lang='lat' dir='ltr'>hominis,</span> <span class='ocrx_word' id='word_1_217' title='bbox 2028 1402 2076 1449; x_wconf 89' lang='lat' dir='ltr'>id</span> <span class='ocrx_word' id='word_1_218' title='bbox 2136 1406 2139 1411; x_wconf 90' lang='lat'>&#39;</span> <span class='ocrx_word' id='word_1_219' title='bbox 2165 1421 2170 1429; x_wconf 86' lang='grc'>·</span> 
     </span>
     <span class='ocr_line' id='line_1_21' title="bbox 168 1464 2141 1523; baseline 0.002 -16"><span class='ocrx_word' id='word_1_220' title='bbox 168 1464 295 1520; x_wconf 88' lang='lat' dir='ltr'>quod</span> <span class='ocrx_word' id='word_1_221' title='bbox 319 1470 390 1510; x_wconf 90' lang='lat' dir='ltr'>est</span> <span class='ocrx_word' id='word_1_222' title='bbox 408 1466 486 1510; x_wconf 91' lang='lat' dir='ltr'>Dei</span> <span class='ocrx_word' id='word_1_223' title='bbox 506 1465 775 1509; x_wconf 86' lang='lat' dir='ltr'>attribuitur</span> <span class='ocrx_word' id='word_1_224' title='bbox 794 1466 969 1510; x_wconf 87' lang='lat' dir='ltr'>homini</span> <span class='ocrx_word' id='word_1_225' title='bbox 982 1499 994 1521; x_wconf 83' lang='grc'><em>,</em></span> <span class='ocrx_word' id='word_1_226' title='bbox 1019 1473 1066 1511; x_wconf 90' lang='lat' dir='ltr'>et</span> <span class='ocrx_word' id='word_1_227' title='bbox 1084 1466 1130 1510; x_wconf 90' lang='lat' dir='ltr'>id</span> <span class='ocrx_word' id='word_1_228' title='bbox 1154 1467 1279 1523; x_wconf 89' lang='lat' dir='ltr'>quod</span> <span class='ocrx_word' id='word_1_229' title='bbox 1295 1471 1367 1511; x_wconf 90' lang='lat' dir='ltr'>est</span> <span class='ocrx_word' id='word_1_230' title='bbox 1386 1466 1586 1510; x_wconf 85' lang='lat' dir='ltr'>hominis</span> <span class='ocrx_word' id='word_1_231' title='bbox 1602 1465 1868 1511; x_wconf 89' lang='lat' dir='ltr'>attribuitur</span> <span class='ocrx_word' id='word_1_232' title='bbox 1884 1468 1999 1520; x_wconf 89' lang='lat' dir='ltr'>Deo,</span> <span class='ocrx_word' id='word_1_233' title='bbox 2022 1469 2076 1510; x_wconf 88' lang='lat' dir='ltr'>ut</span> <span class='ocrx_word' id='word_1_234' title='bbox 2139 1500 2141 1502; x_wconf 81' lang='grc'>-</span> 
     </span>
    </p>
   </div>
   <div class='ocr_carea' id='block_1_9' title="bbox 167 1527 2074 2081">
    <p class='ocr_par' dir='ltr' id='par_1_9' title="bbox 167 1527 2074 1770">
     <span class='ocr_line' id='line_1_22' title="bbox 168 1527 2070 1586; baseline 0.001 -18"><span class='ocrx_word' id='word_1_235' title='bbox 168 1537 310 1582; x_wconf 90' lang='lat' dir='ltr'>supra</span> <span class='ocrx_word' id='word_1_236' title='bbox 325 1527 502 1572; x_wconf 89' lang='lat' dir='ltr'>dictum</span> <span class='ocrx_word' id='word_1_237' title='bbox 525 1533 596 1572; x_wconf 89' lang='lat' dir='ltr'>est</span> <span class='ocrx_word' id='word_1_238' title='bbox 610 1530 792 1584; x_wconf 76' lang='lat' dir='ltr'>(quaest.</span> <span class='ocrx_word' id='word_1_239' title='bbox 816 1542 885 1585; x_wconf 77' lang='grc' dir='ltr'>ιιι,</span> <span class='ocrx_word' id='word_1_240' title='bbox 901 1533 987 1572; x_wconf 88' lang='lat' dir='ltr'>art.</span> <span class='ocrx_word' id='word_1_241' title='bbox 1011 1532 1032 1573; x_wconf 83' lang='lat'><strong>1</strong></span> <span class='ocrx_word' id='word_1_242' title='bbox 1047 1562 1060 1583; x_wconf 84' lang='lat'><strong>‚</strong></span> <span class='ocrx_word' id='word_1_243' title='bbox 1080 1529 1127 1573; x_wconf 90' lang='lat' dir='ltr'>in</span> <span class='ocrx_word' id='word_1_244' title='bbox 1144 1541 1242 1586; x_wconf 82' lang='lat' dir='ltr'>arg.</span> <span class='ocrx_word' id='word_1_245' title='bbox 1268 1534 1315 1575; x_wconf 90' lang='lat' dir='ltr'>et</span> <span class='ocrx_word' id='word_1_246' title='bbox 1338 1528 1680 1586; x_wconf 90' lang='lat' dir='ltr'>responsionib.</span> <span class='ocrx_word' id='word_1_247' title='bbox 1694 1562 1707 1584; x_wconf 84' lang='grc'><em>,</em></span> <span class='ocrx_word' id='word_1_248' title='bbox 1724 1531 1772 1574; x_wconf 88' lang='lat' dir='ltr'>et</span> <span class='ocrx_word' id='word_1_249' title='bbox 1786 1531 1874 1573; x_wconf 89' lang='lat' dir='ltr'>art.</span> <span class='ocrx_word' id='word_1_250' title='bbox 1890 1530 1916 1573; x_wconf 89' lang='lat'>6</span> <span class='ocrx_word' id='word_1_251' title='bbox 1936 1529 2070 1584; x_wconf 87' lang='lat' dir='ltr'>arg.).</span> 
     </span>
     <span class='ocr_line' id='line_1_23' title="bbox 169 1588 2074 1648; baseline 0.002 -17"><span class='ocrx_word' id='word_1_252' title='bbox 169 1588 258 1632; x_wconf 90' lang='lat' dir='ltr'>Sed</span> <span class='ocrx_word' id='word_1_253' title='bbox 277 1601 334 1633; x_wconf 85' lang='lat' dir='ltr'>ex</span> <span class='ocrx_word' id='word_1_254' title='bbox 354 1595 484 1646; x_wconf 88' lang='lat' dir='ltr'>parte</span> <span class='ocrx_word' id='word_1_255' title='bbox 507 1590 656 1645; x_wconf 89' lang='lat' dir='ltr'>ipsius</span> <span class='ocrx_word' id='word_1_256' title='bbox 676 1589 866 1634; x_wconf 88' lang='lat' dir='ltr'>unionis</span> <span class='ocrx_word' id='word_1_257' title='bbox 885 1603 981 1635; x_wconf 89' lang='lat' dir='ltr'>non</span> <span class='ocrx_word' id='word_1_258' title='bbox 1001 1596 1153 1647; x_wconf 84' lang='lat' dir='ltr'>potest</span> <span class='ocrx_word' id='word_1_259' title='bbox 1172 1591 1282 1647; x_wconf 88' lang='lat' dir='ltr'>poni</span> <span class='ocrx_word' id='word_1_260' title='bbox 1302 1592 1351 1635; x_wconf 91' lang='lat' dir='ltr'>in</span> <span class='ocrx_word' id='word_1_261' title='bbox 1371 1592 1549 1636; x_wconf 85' lang='lat' dir='ltr'>Christo</span> <span class='ocrx_word' id='word_1_262' title='bbox 1564 1591 1720 1648; x_wconf 88' lang='lat' dir='ltr'>aliqua</span> <span class='ocrx_word' id='word_1_263' title='bbox 1734 1589 1944 1635; x_wconf 88' lang='lat' dir='ltr'>scientia.</span> <span class='ocrx_word' id='word_1_264' title='bbox 1960 1592 2074 1634; x_wconf 84' lang='lat' dir='ltr'>Nam</span> 
     </span>
     <span class='ocr_line' id='line_1_24' title="bbox 168 1650 2072 1709; baseline 0.002 -17"><span class='ocrx_word' id='word_1_265' title='bbox 168 1650 279 1693; x_wconf 91' lang='lat' dir='ltr'>unio</span> <span class='ocrx_word' id='word_1_266' title='bbox 305 1650 380 1694; x_wconf 89' lang='lat' dir='ltr'>illa</span> <span class='ocrx_word' id='word_1_267' title='bbox 400 1656 471 1695; x_wconf 80' lang='lat' dir='ltr'>est</span> <span class='ocrx_word' id='word_1_268' title='bbox 493 1651 553 1696; x_wconf 91' lang='lat' dir='ltr'>ad</span> <span class='ocrx_word' id='word_1_269' title='bbox 571 1663 674 1695; x_wconf 85' lang='lat' dir='ltr'>esse</span> <span class='ocrx_word' id='word_1_270' title='bbox 695 1652 963 1708; x_wconf 81' lang='lat' dir='ltr'>personale3</span> <span class='ocrx_word' id='word_1_271' title='bbox 991 1653 1184 1697; x_wconf 89' lang='lat' dir='ltr'>scientia</span> <span class='ocrx_word' id='word_1_272' title='bbox 1206 1658 1362 1697; x_wconf 91' lang='lat' dir='ltr'>autem</span> <span class='ocrx_word' id='word_1_273' title='bbox 1385 1665 1480 1697; x_wconf 92' lang='lat' dir='ltr'>non</span> <span class='ocrx_word' id='word_1_274' title='bbox 1508 1651 1727 1698; x_wconf 89' lang='lat' dir='ltr'>convenit</span> <span class='ocrx_word' id='word_1_275' title='bbox 1748 1664 1962 1709; x_wconf 75' lang='lat' dir='ltr'>personae</span> <span class='ocrx_word' id='word_1_276' title='bbox 1984 1650 2072 1696; x_wconf 88' lang='lat' dir='ltr'>nisi</span> 
     </span>
     <span class='ocr_line' id='line_1_25' title="bbox 167 1711 788 1770; baseline 0.007 -17"><span class='ocrx_word' id='word_1_277' title='bbox 167 1711 347 1757; x_wconf 84' lang='lat' dir='ltr'>ratione</span> <span class='ocrx_word' id='word_1_278' title='bbox 372 1713 572 1770; x_wconf 88' lang='lat' dir='ltr'>alicujus</span> <span class='ocrx_word' id='word_1_279' title='bbox 595 1717 788 1757; x_wconf 87' lang='lat' dir='ltr'>naturae.</span> 
     </span>
    </p>

    <p class='ocr_par' dir='ltr' id='par_1_10' title="bbox 223 1775 2016 1826">
     <span class='ocr_line' id='line_1_26' title="bbox 223 1775 2016 1826; baseline 0.002 -10"><span class='ocrx_word' id='word_1_280' title='bbox 223 1775 570 1819; x_wconf 83' lang='lat' dir='ltr'>ARTICULUS</span> <span class='ocrx_word' id='word_1_281' title='bbox 590 1778 649 1819; x_wconf 92' lang='lat'>11.</span> <span class='ocrx_word' id='word_1_282' title='bbox 670 1799 726 1806; x_wconf 92' lang='lat'>--</span> <span class='ocrx_word' id='word_1_283' title='bbox 746 1788 882 1818; x_wconf 73' lang='grc' dir='ltr'>ιιιιιυιι</span> <span class='ocrx_word' id='word_1_284' title='bbox 903 1787 1099 1819; x_wconf 79' lang='lat' dir='ltr'>cnmsws</span> <span class='ocrx_word' id='word_1_285' title='bbox 1117 1789 1319 1819; x_wconf 70' lang='lat' dir='ltr'>metimur</span> <span class='ocrx_word' id='word_1_286' title='bbox 1337 1789 1552 1820; x_wconf 66' lang='lat' dir='ltr'>somnum</span> <span class='ocrx_word' id='word_1_287' title='bbox 1571 1789 1681 1826; x_wconf 69' lang='lat' dir='ltr'>Qum</span> <span class='ocrx_word' id='word_1_288' title='bbox 1700 1788 1865 1819; x_wconf 57' lang='lat' dir='ltr'>usnam·</span> <span class='ocrx_word' id='word_1_289' title='bbox 1891 1788 2016 1820; x_wconf 68' lang='lat' dir='ltr'>aaut</span> 
     </span>
    </p>

    <p class='ocr_par' dir='ltr' id='par_1_11' title="bbox 598 1840 1641 1951">
     <span class='ocr_line' id='line_1_27' title="bbox 829 1840 1408 1893; baseline 0.009 -15"><span class='ocrx_word' id='word_1_290' title='bbox 829 1849 910 1879; x_wconf 72' lang='lat' dir='ltr'>vm.</span> <span class='ocrx_word' id='word_1_291' title='bbox 934 1849 1314 1882; x_wconf 68' lang='lat' dir='ltr'>compsanmsonsss</span> <span class='ocrx_word' id='word_1_292' title='bbox 1336 1842 1348 1889; x_wconf 77' lang='lat'><em>&lt;</em></span> <span class='ocrx_word' id='word_1_293' title='bbox 1353 1840 1408 1893; x_wconf 90' lang='lat'>1)</span> 
     </span>
     <span class='ocr_line' id='line_1_28' title="bbox 598 1904 1641 1971; baseline 0.004 -33"><span class='ocrx_word' id='word_1_294' title='bbox 598 1905 645 1939; x_wconf 85' lang='lat' dir='ltr'>De</span> <span class='ocrx_word' id='word_1_295' title='bbox 663 1905 717 1939; x_wconf 87' lang='lat' dir='ltr'>his</span> <span class='ocrx_word' id='word_1_296' title='bbox 737 1905 839 1939; x_wconf 79' lang='lat' dir='ltr'>etiam</span> <span class='ocrx_word' id='word_1_297' title='bbox 857 1904 960 1945; x_wconf 83' lang='lat' dir='ltr'>infra.</span> <span class='ocrx_word' id='word_1_298' title='bbox 985 1911 1051 1940; x_wconf 80' lang='lat' dir='ltr'>art.</span> <span class='ocrx_word' id='word_1_299' title='bbox 1067 1907 1090 1941; x_wconf 78' lang='lat'>5</span> <span class='ocrx_word' id='word_1_300' title='bbox 1107 1919 1200 1948; x_wconf 83' lang='lat' dir='ltr'>corp.</span> <span class='ocrx_word' id='word_1_301' title='bbox 1218 1911 1253 1943; x_wconf 76' lang='lat' dir='ltr'>et</span> <span class='ocrx_word' id='word_1_302' title='bbox 1270 1908 1396 1951; x_wconf 82' lang='lat' dir='ltr'>Opusc.</span> <span class='ocrx_word' id='word_1_303' title='bbox 1414 1916 1451 1948; x_wconf 84' lang='lat' dir='ltr'>n.</span> <span class='ocrx_word' id='word_1_304' title='bbox 1477 1918 1549 1971; x_wconf 61' lang='lat' dir='ltr'>cap.</span> <span class='ocrx_word' id='word_1_305' title='bbox 1564 1906 1641 1942; x_wconf 65' lang='lat'>217.</span> 
     </span>
    </p>

    <p class='ocr_par' dir='ltr' id='par_1_12' title="bbox 220 1958 2070 2019">
     <span class='ocr_line' id='line_1_29' title="bbox 220 1958 2070 2019; baseline 0.004 -16"><span class='ocrx_word' id='word_1_306' title='bbox 220 1958 289 2004; x_wconf 91' lang='lat' dir='ltr'>Ad</span> <span class='ocrx_word' id='word_1_307' title='bbox 323 1959 583 2004; x_wconf 88' lang='lat' dir='ltr'>secundum</span> <span class='ocrx_word' id='word_1_308' title='bbox 617 1960 686 2005; x_wconf 92' lang='lat' dir='ltr'>sic</span> <span class='ocrx_word' id='word_1_309' title='bbox 725 1959 1006 2017; x_wconf 86' lang='lat' dir='ltr'>proceditur.</span> <span class='ocrx_word' id='word_1_310' title='bbox 1046 1964 1089 2006; x_wconf 86' lang='lat'>1.</span> <span class='ocrx_word' id='word_1_311' title='bbox 1117 1962 1304 2006; x_wconf 87' lang='lat' dir='ltr'>Videtur</span> <span class='ocrx_word' id='word_1_312' title='bbox 1332 1961 1457 2019; x_wconf 80' lang='lat' dir='ltr'>quod</span> <span class='ocrx_word' id='word_1_313' title='bbox 1493 1961 1542 2006; x_wconf 89' lang='lat' dir='ltr'>in</span> <span class='ocrx_word' id='word_1_314' title='bbox 1580 1960 1760 2006; x_wconf 84' lang='lat' dir='ltr'>Christo</span> <span class='ocrx_word' id='word_1_315' title='bbox 1801 1974 1896 2006; x_wconf 82' lang='lat' dir='ltr'>non</span> <span class='ocrx_word' id='word_1_316' title='bbox 1936 1961 2070 2010; x_wconf 73' lang='lat' dir='ltr'>fuerit</span> 
     </span>
    </p>

    <p class='ocr_par' dir='ltr' id='par_1_13' title="bbox 168 2019 2074 2081">
     <span class='ocr_line' id='line_1_30' title="bbox 168 2019 2074 2081; baseline 0.003 -17"><span class='ocrx_word' id='word_1_317' title='bbox 168 2019 361 2065; x_wconf 86' lang='lat' dir='ltr'>scientia</span> <span class='ocrx_word' id='word_1_318' title='bbox 384 2021 628 2066; x_wconf 84' lang='lat' dir='ltr'>beatorum</span> <span class='ocrx_word' id='word_1_319' title='bbox 651 2022 724 2067; x_wconf 88' lang='lat' dir='ltr'>vel</span> <span class='ocrx_word' id='word_1_320' title='bbox 748 2023 1211 2079; x_wconf 89' lang='lat' dir='ltr'>comprehensorum.</span> <span class='ocrx_word' id='word_1_321' title='bbox 1237 2024 1436 2069; x_wconf 80' lang='lat' dir='ltr'>scientia</span> <span class='ocrx_word' id='word_1_322' title='bbox 1467 2024 1593 2069; x_wconf 92' lang='lat' dir='ltr'>enim</span> <span class='ocrx_word' id='word_1_323' title='bbox 1621 2023 1865 2068; x_wconf 85' lang='lat' dir='ltr'>beatorum</span> <span class='ocrx_word' id='word_1_324' title='bbox 1897 2030 1965 2068; x_wconf 91' lang='lat' dir='ltr'>est</span> <span class='ocrx_word' id='word_1_325' title='bbox 1991 2037 2074 2081; x_wconf 88' lang='lat' dir='ltr'>per</span> 
     </span>
    </p>
   </div>
   <div class='ocr_carea' id='block_1_10' title="bbox 163 2080 2093 2141">
    <p class='ocr_par' dir='ltr' id='par_1_14' title="bbox 163 2080 2093 2141">
     <span class='ocr_line' id='line_1_31' title="bbox 163 2080 2093 2141; baseline 0.003 -17"><span class='ocrx_word' id='word_1_326' title='bbox 163 2080 562 2138; x_wconf 83' lang='lat' dir='ltr'>participationem</span> <span class='ocrx_word' id='word_1_327' title='bbox 584 2082 1241 2138; x_wconf 77' lang='lat' dir='ltr'>d1v1n11um1n1ssecundum</span> <span class='ocrx_word' id='word_1_328' title='bbox 1265 2085 1379 2129; x_wconf 88' lang='lat' dir='ltr'>illud</span> <span class='ocrx_word' id='word_1_329' title='bbox 1403 2084 1539 2139; x_wconf 87' lang='lat' dir='ltr'>(Psal.</span> <span class='ocrx_word' id='word_1_330' title='bbox 1562 2086 1812 2141; x_wconf 77' lang='lat' dir='ltr'>xxxv‚:10)</span> <span class='ocrx_word' id='word_1_331' title='bbox 1837 2089 1890 2128; x_wconf 84' lang='grc' dir='ltr'>1η</span> <span class='ocrx_word' id='word_1_332' title='bbox 1906 2085 2093 2130; x_wconf 70' lang='lat' dir='ltr'>lumine</span> 
     </span>
    </p>
   </div>
   <div class='ocr_carea' id='block_1_11' title="bbox 165 2145 2069 2204">
    <p class='ocr_par' dir='ltr' id='par_1_15' title="bbox 165 2145 2069 2204">
     <span class='ocr_line' id='line_1_32' title="bbox 165 2145 2069 2204; baseline 0.003 -19"><span class='ocrx_word' id='word_1_333' title='bbox 165 2147 241 2186; x_wconf 80' lang='lat' dir='ltr'>tuo</span> <span class='ocrx_word' id='word_1_334' title='bbox 268 2146 517 2187; x_wconf 81' lang='lat' dir='ltr'>videbimus</span> <span class='ocrx_word' id='word_1_335' title='bbox 541 2145 711 2190; x_wconf 81' lang='lat' dir='ltr'>lumen.</span> <span class='ocrx_word' id='word_1_336' title='bbox 748 2146 835 2190; x_wconf 88' lang='lat' dir='ltr'>Sed</span> <span class='ocrx_word' id='word_1_337' title='bbox 867 2145 1077 2190; x_wconf 88' lang='lat' dir='ltr'>Christus</span> <span class='ocrx_word' id='word_1_338' title='bbox 1112 2159 1205 2190; x_wconf 90' lang='lat' dir='ltr'>non</span> <span class='ocrx_word' id='word_1_339' title='bbox 1234 2146 1396 2190; x_wconf 88' lang='lat' dir='ltr'>habuit</span> <span class='ocrx_word' id='word_1_340' title='bbox 1416 2147 1578 2191; x_wconf 89' lang='lat' dir='ltr'>lumen</span> <span class='ocrx_word' id='word_1_341' title='bbox 1609 2146 1822 2191; x_wconf 88' lang='lat' dir='ltr'>divinum</span> <span class='ocrx_word' id='word_1_342' title='bbox 1850 2152 2069 2204; x_wconf 88' lang='lat' dir='ltr'>tanquam</span> 
     </span>
    </p>
   </div>
   <div class='ocr_carea' id='block_1_12' title="bbox 164 2204 2157 2263">
    <p class='ocr_par' dir='ltr' id='par_1_16' title="bbox 164 2204 2157 2263">
     <span class='ocr_line' id='line_1_33' title="bbox 164 2204 2157 2263; baseline 0.004 -17"><span class='ocrx_word' id='word_1_343' title='bbox 164 2204 512 2261; x_wconf 78' lang='lat' dir='ltr'>participatum,</span> <span class='ocrx_word' id='word_1_344' title='bbox 539 2205 620 2250; x_wconf 90' lang='lat' dir='ltr'>sed</span> <span class='ocrx_word' id='word_1_345' title='bbox 653 2205 803 2263; x_wconf 87' lang='lat' dir='ltr'>ipsam</span> <span class='ocrx_word' id='word_1_346' title='bbox 827 2207 1119 2251; x_wconf 85' lang='lat' dir='ltr'>Divinitatem</span> <span class='ocrx_word' id='word_1_347' title='bbox 1144 2208 1192 2251; x_wconf 91' lang='lat' dir='ltr'>in</span> <span class='ocrx_word' id='word_1_348' title='bbox 1215 2220 1266 2253; x_wconf 90' lang='lat' dir='ltr'>se</span> <span class='ocrx_word' id='word_1_349' title='bbox 1296 2207 1459 2252; x_wconf 89' lang='lat' dir='ltr'>habuit</span> <span class='ocrx_word' id='word_1_350' title='bbox 1481 2207 1853 2253; x_wconf 86' lang='lat' dir='ltr'>substantialiter</span> <span class='ocrx_word' id='word_1_351' title='bbox 1871 2220 2069 2255; x_wconf 86' lang='lat' dir='ltr'>manen-</span> <span class='ocrx_word' id='word_1_352' title='bbox 2142 2206 2157 2249; x_wconf 47' lang='grc' dir='ltr'><strong><em>ἶ</em></strong></span> 
     </span>
    </p>
   </div>
   <div class='ocr_carea' id='block_1_13' title="bbox 164 2267 2071 2514">
    <p class='ocr_par' dir='ltr' id='par_1_17' title="bbox 165 2267 2071 2387">
     <span class='ocr_line' id='line_1_34' title="bbox 166 2267 2071 2327; baseline 0.005 -18"><span class='ocrx_word' id='word_1_353' title='bbox 166 2269 285 2324; x_wconf 76' lang='lat' dir='ltr'>tem,</span> <span class='ocrx_word' id='word_1_354' title='bbox 311 2267 573 2312; x_wconf 79' lang='lat' dir='ltr'>secundum</span> <span class='ocrx_word' id='word_1_355' title='bbox 597 2267 712 2312; x_wconf 91' lang='lat' dir='ltr'>illud</span> <span class='ocrx_word' id='word_1_356' title='bbox 736 2267 924 2322; x_wconf 88' lang='lat' dir='ltr'>(Coloss.</span> <span class='ocrx_word' id='word_1_357' title='bbox 952 2282 1003 2322; x_wconf 86' lang='lat'>11,</span> <span class='ocrx_word' id='word_1_358' title='bbox 1030 2271 1098 2322; x_wconf 85' lang='lat'>9):</span> <span class='ocrx_word' id='word_1_359' title='bbox 1134 2273 1189 2312; x_wconf 81' lang='lat' dir='ltr'>In</span> <span class='ocrx_word' id='word_1_360' title='bbox 1208 2270 1393 2313; x_wconf 79' lang='lat' dir='ltr'>Christo</span> <span class='ocrx_word' id='word_1_361' title='bbox 1414 2270 1646 2314; x_wconf 75' lang='lat' dir='ltr'>inhabitat</span> <span class='ocrx_word' id='word_1_362' title='bbox 1672 2273 1816 2314; x_wconf 78' lang='lat' dir='ltr'>omnis</span> <span class='ocrx_word' id='word_1_363' title='bbox 1836 2271 2071 2327; x_wconf 72' lang='lat' dir='ltr'>plenitudo</span> 
     </span>
     <span class='ocr_line' id='line_1_35' title="bbox 165 2329 1902 2387; baseline 0.005 -18"><span class='ocrx_word' id='word_1_364' title='bbox 165 2329 430 2371; x_wconf 79' lang='lat' dir='ltr'>Divinitatis</span> <span class='ocrx_word' id='word_1_365' title='bbox 453 2330 773 2386; x_wconf 79' lang='lat' dir='ltr'>corporaliter.</span> <span class='ocrx_word' id='word_1_366' title='bbox 790 2331 909 2387; x_wconf 87' lang='lat' dir='ltr'>Ergo</span> <span class='ocrx_word' id='word_1_367' title='bbox 926 2329 975 2373; x_wconf 91' lang='lat' dir='ltr'>in</span> <span class='ocrx_word' id='word_1_368' title='bbox 1000 2330 1178 2375; x_wconf 88' lang='lat' dir='ltr'>Christo</span> <span class='ocrx_word' id='word_1_369' title='bbox 1200 2343 1291 2375; x_wconf 89' lang='lat' dir='ltr'>non</span> <span class='ocrx_word' id='word_1_370' title='bbox 1315 2331 1402 2376; x_wconf 85' lang='lat' dir='ltr'>fuit</span> <span class='ocrx_word' id='word_1_371' title='bbox 1423 2332 1619 2378; x_wconf 87' lang='lat' dir='ltr'>scientia</span> <span class='ocrx_word' id='word_1_372' title='bbox 1641 2332 1902 2378; x_wconf 89' lang='lat' dir='ltr'>beatorum.</span> 
     </span>
    </p>

    <p class='ocr_par' dir='ltr' id='par_1_18' title="bbox 164 2391 2071 2514">
     <span class='ocr_line' id='line_1_36' title="bbox 219 2391 2068 2451; baseline 0.005 -18"><span class='ocrx_word' id='word_1_373' title='bbox 219 2392 260 2433; x_wconf 76' lang='lat'>2.</span> <span class='ocrx_word' id='word_1_374' title='bbox 293 2391 535 2447; x_wconf 80' lang='lat' dir='ltr'>Praeterea,</span> <span class='ocrx_word' id='word_1_375' title='bbox 567 2391 762 2436; x_wconf 88' lang='lat' dir='ltr'>scientia</span> <span class='ocrx_word' id='word_1_376' title='bbox 784 2391 1024 2436; x_wconf 86' lang='lat' dir='ltr'>beatorum</span> <span class='ocrx_word' id='word_1_377' title='bbox 1049 2405 1129 2437; x_wconf 90' lang='lat' dir='ltr'>eos</span> <span class='ocrx_word' id='word_1_378' title='bbox 1152 2393 1312 2438; x_wconf 87' lang='lat' dir='ltr'>beatos</span> <span class='ocrx_word' id='word_1_379' title='bbox 1337 2395 1462 2451; x_wconf 79' lang='lat' dir='ltr'>facit,</span> <span class='ocrx_word' id='word_1_380' title='bbox 1492 2394 1752 2440; x_wconf 76' lang='lat' dir='ltr'>secundum</span> <span class='ocrx_word' id='word_1_381' title='bbox 1779 2394 1897 2441; x_wconf 90' lang='lat' dir='ltr'>illud</span> <span class='ocrx_word' id='word_1_382' title='bbox 1923 2397 2068 2451; x_wconf 85' lang='lat' dir='ltr'>(Joan.</span> 
     </span>
     <span class='ocr_line' id='line_1_37' title="bbox 164 2453 2071 2514; baseline 0.004 -21"><span class='ocrx_word' id='word_1_383' title='bbox 164 2463 262 2507; x_wconf 87' lang='lat' dir='ltr'>xvn,</span> <span class='ocrx_word' id='word_1_384' title='bbox 291 2453 362 2504; x_wconf 85' lang='lat'>3):</span> <span class='ocrx_word' id='word_1_385' title='bbox 383 2455 490 2496; x_wconf 82' lang='lat' dir='ltr'>Haec</span> <span class='ocrx_word' id='word_1_386' title='bbox 506 2455 572 2495; x_wconf 78' lang='lat' dir='ltr'>est</span> <span class='ocrx_word' id='word_1_387' title='bbox 594 2455 692 2496; x_wconf 83' lang='lat' dir='ltr'>vita</span> <span class='ocrx_word' id='word_1_388' title='bbox 709 2455 899 2509; x_wconf 79' lang='lat' dir='ltr'>aetermz,</span> <span class='ocrx_word' id='word_1_389' title='bbox 922 2457 973 2496; x_wconf 76' lang='lat' dir='ltr'>ut</span> <span class='ocrx_word' id='word_1_390' title='bbox 989 2459 1263 2510; x_wconf 61' lang='lat' dir='ltr'>cognoscant</span> <span class='ocrx_word' id='word_1_391' title='bbox 1284 2459 1327 2498; x_wconf 80' lang='lat' dir='ltr'>ie</span> <span class='ocrx_word' id='word_1_392' title='bbox 1348 2456 1492 2500; x_wconf 81' lang='lat' dir='ltr'>solum</span> <span class='ocrx_word' id='word_1_393' title='bbox 1511 2469 1666 2500; x_wconf 82' lang='lat' dir='ltr'>verum</span> <span class='ocrx_word' id='word_1_394' title='bbox 1687 2460 1848 2514; x_wconf 85' lang='lat' dir='ltr'>Deum,</span> <span class='ocrx_word' id='word_1_395' title='bbox 1871 2462 1916 2501; x_wconf 81' lang='lat' dir='ltr'>et</span> <span class='ocrx_word' id='word_1_396' title='bbox 1941 2472 2071 2514; x_wconf 81' lang='lat' dir='ltr'>quem</span> 
     </span>
    </p>
   </div>
   <div class='ocr_carea' id='block_1_14' title="bbox 2043 0 2170 269">
    <p class='ocr_par' dir='ltr' id='par_1_19' title="bbox 2043 0 2170 269">
     <span class='ocr_line' id='line_1_38' title="bbox 2043 0 2170 269; baseline 0 3539"><span class='ocrx_word' id='word_1_397' title='bbox 2043 0 2170 269; x_wconf 95' lang='lat' dir='ltr'> </span> 
     </span>
    </p>
   </div>
   <div class='ocr_carea' id='block_1_15' title="bbox 2125 519 2170 1729">
    <p class='ocr_par' dir='ltr' id='par_1_20' title="bbox 2125 519 2170 1729">
     <span class='ocr_line' id='line_1_39' title="bbox 2125 519 2170 1729; baseline 0 0"><span class='ocrx_word' id='word_1_398' title='bbox 2125 519 2170 1729; x_wconf 95' lang='lat' dir='ltr'> </span> 
     </span>
    </p>
   </div>
   <div class='ocr_carea' id='block_1_16' title="bbox 2126 1567 2157 2182">
    <p class='ocr_par' dir='ltr' id='par_1_21' title="bbox 2126 1567 2157 2182">
     <span class='ocr_line' id='line_1_40' title="bbox 2126 1567 2157 2182; textangle 90"><span class='ocrx_word' id='word_1_399' title='bbox 2126 2024 2157 2182; x_wconf 54' lang='lat'>-⁴›-3&#39;÷&#39;÷‘⁵⁵³7&#39;·&#39;</span> <span class='ocrx_word' id='word_1_400' title='bbox 2131 1856 2142 1871; x_wconf 92' lang='lat'>·-</span> <span class='ocrx_word' id='word_1_401' title='bbox 2130 1727 2153 1831; x_wconf 42' lang='lat' dir='ltr'>...angi</span> <span class='ocrx_word' id='word_1_402' title='bbox 2153 1682 2155 1686; x_wconf 54' lang='grc'><strong>,</strong></span> <span class='ocrx_word' id='word_1_403' title='bbox 2134 1639 2157 1655; x_wconf 55' lang='lat' dir='ltr'>s</span> <span class='ocrx_word' id='word_1_404' title='bbox 2132 1598 2135 1605; x_wconf 57' lang='lat'><strong><em>‘</em></strong></span> <span class='ocrx_word' id='word_1_405' title='bbox 2131 1567 2135 1574; x_wconf 90' lang='lat'><strong>·</strong></span> 
     </span>
    </p>
   </div>
   <div class='ocr_carea' id='block_1_17' title="bbox 163 2514 2139 2577">
    <p class='ocr_par' dir='ltr' id='par_1_22' title="bbox 163 2514 2139 2577">
     <span class='ocr_line' id='line_1_41' title="bbox 163 2514 2139 2577; baseline 0.005 -22"><span class='ocrx_word' id='word_1_406' title='bbox 163 2515 329 2556; x_wconf 73' lang='lat' dir='ltr'>misisti</span> <span class='ocrx_word' id='word_1_407' title='bbox 340 2516 494 2557; x_wconf 84' lang='lat' dir='ltr'>Jesum</span> <span class='ocrx_word' id='word_1_408' title='bbox 518 2514 768 2558; x_wconf 82' lang='lat' dir='ltr'>Christum.</span> <span class='ocrx_word' id='word_1_409' title='bbox 790 2515 877 2559; x_wconf 90' lang='lat' dir='ltr'>Sed</span> <span class='ocrx_word' id='word_1_410' title='bbox 892 2515 1031 2559; x_wconf 90' lang='lat' dir='ltr'>homo</span> <span class='ocrx_word' id='word_1_411' title='bbox 1048 2516 1124 2561; x_wconf 90' lang='lat' dir='ltr'>ille</span> <span class='ocrx_word' id='word_1_412' title='bbox 1143 2516 1230 2561; x_wconf 90' lang='lat' dir='ltr'>fuit</span> <span class='ocrx_word' id='word_1_413' title='bbox 1250 2517 1414 2563; x_wconf 90' lang='lat' dir='ltr'>beatus</span> <span class='ocrx_word' id='word_1_414' title='bbox 1433 2531 1492 2563; x_wconf 86' lang='lat' dir='ltr'>ex</span> <span class='ocrx_word' id='word_1_415' title='bbox 1510 2518 1630 2564; x_wconf 93' lang='lat' dir='ltr'>hoc</span> <span class='ocrx_word' id='word_1_416' title='bbox 1618 2531 1720 2577; x_wconf 91' lang='lat' dir='ltr'>1pso</span> <span class='ocrx_word' id='word_1_417' title='bbox 1739 2518 1864 2577; x_wconf 79' lang='lat' dir='ltr'>quod</span> <span class='ocrx_word' id='word_1_418' title='bbox 1879 2519 1965 2564; x_wconf 90' lang='lat' dir='ltr'>fuit</span> <span class='ocrx_word' id='word_1_419' title='bbox 1980 2523 2069 2566; x_wconf 88' lang='lat' dir='ltr'>Deo</span> <span class='ocrx_word' id='word_1_420' title='bbox 2112 2514 2115 2518; x_wconf 65' lang='grc'><em>’</em></span> <span class='ocrx_word' id='word_1_421' title='bbox 2137 2523 2139 2526; x_wconf 85' lang='grc'><strong>’</strong></span> 
     </span>
    </p>
   </div>
   <div class='ocr_carea' id='block_1_18' title="bbox 165 2574 2118 2639">
    <p class='ocr_par' dir='ltr' id='par_1_23' title="bbox 165 2574 2118 2639">
     <span class='ocr_line' id='line_1_42' title="bbox 165 2574 2118 2639; baseline 0.004 -21"><span class='ocrx_word' id='word_1_422' title='bbox 165 2574 325 2619; x_wconf 89' lang='lat' dir='ltr'>unitus</span> <span class='ocrx_word' id='word_1_423' title='bbox 343 2575 393 2619; x_wconf 91' lang='lat' dir='ltr'>in</span> <span class='ocrx_word' id='word_1_424' title='bbox 417 2588 635 2632; x_wconf 75' lang='lat' dir='ltr'>persona,</span> <span class='ocrx_word' id='word_1_425' title='bbox 657 2576 916 2620; x_wconf 89' lang='lat' dir='ltr'>secundum</span> <span class='ocrx_word' id='word_1_426' title='bbox 940 2576 1055 2620; x_wconf 90' lang='lat' dir='ltr'>illud</span> <span class='ocrx_word' id='word_1_427' title='bbox 1081 2578 1355 2636; x_wconf 81' lang='lat' dir='ltr'>(Psal.1.x1v‚</span> <span class='ocrx_word' id='word_1_428' title='bbox 1379 2583 1450 2633; x_wconf 78' lang='grc'>5);</span> <span class='ocrx_word' id='word_1_429' title='bbox 1483 2583 1650 2624; x_wconf 82' lang='lat' dir='ltr'>Beatus</span> <span class='ocrx_word' id='word_1_430' title='bbox 1673 2594 1801 2638; x_wconf 82' lang='lat' dir='ltr'>quem</span> <span class='ocrx_word' id='word_1_431' title='bbox 1825 2581 2007 2639; x_wconf 68' lang='lat' dir='ltr'>eleqisti</span> <span class='ocrx_word' id='word_1_432' title='bbox 2026 2587 2073 2626; x_wconf 85' lang='lat' dir='ltr'>et</span> <span class='ocrx_word' id='word_1_433' title='bbox 2115 2618 2118 2619; x_wconf 12' lang='grc' dir='ltr'><em>γ</em></span> 
     </span>
    </p>
   </div>
   <div class='ocr_carea' id='block_1_19' title="bbox 163 2640 2069 3006">
    <p class='ocr_par' dir='ltr' id='par_1_24' title="bbox 163 2640 1845 2697">
     <span class='ocr_line' id='line_1_43' title="bbox 163 2640 1845 2697; baseline 0.005 -17"><span class='ocrx_word' id='word_1_434' title='bbox 163 2640 458 2693; x_wconf 80' lang='lat' dir='ltr'>assumpsisti.</span> <span class='ocrx_word' id='word_1_435' title='bbox 483 2640 583 2682; x_wconf 90' lang='lat' dir='ltr'>Non</span> <span class='ocrx_word' id='word_1_436' title='bbox 610 2650 722 2694; x_wconf 88' lang='lat' dir='ltr'>ergo</span> <span class='ocrx_word' id='word_1_437' title='bbox 737 2643 921 2695; x_wconf 87' lang='lat' dir='ltr'>oportet</span> <span class='ocrx_word' id='word_1_438' title='bbox 940 2651 1115 2695; x_wconf 87' lang='lat' dir='ltr'>ponere</span> <span class='ocrx_word' id='word_1_439' title='bbox 1131 2640 1177 2684; x_wconf 91' lang='lat' dir='ltr'>in</span> <span class='ocrx_word' id='word_1_440' title='bbox 1198 2640 1299 2697; x_wconf 90' lang='lat' dir='ltr'>ipso</span> <span class='ocrx_word' id='word_1_441' title='bbox 1320 2642 1564 2687; x_wconf 88' lang='lat' dir='ltr'>scientiam</span> <span class='ocrx_word' id='word_1_442' title='bbox 1584 2642 1845 2688; x_wconf 86' lang='lat' dir='ltr'>beatorum.</span> 
     </span>
    </p>

    <p class='ocr_par' dir='ltr' id='par_1_25' title="bbox 163 2700 2069 3006">
     <span class='ocr_line' id='line_1_44' title="bbox 218 2700 2069 2760; baseline 0.004 -16"><span class='ocrx_word' id='word_1_443' title='bbox 218 2701 260 2744; x_wconf 88' lang='grc'>3.</span> <span class='ocrx_word' id='word_1_444' title='bbox 294 2701 533 2758; x_wconf 78' lang='lat' dir='ltr'>Praeterea,</span> <span class='ocrx_word' id='word_1_445' title='bbox 557 2700 747 2745; x_wconf 89' lang='lat' dir='ltr'>scientia</span> <span class='ocrx_word' id='word_1_446' title='bbox 770 2700 943 2758; x_wconf 84' lang='lat' dir='ltr'>duplex</span> <span class='ocrx_word' id='word_1_447' title='bbox 957 2701 1132 2745; x_wconf 89' lang='lat' dir='ltr'>homini</span> <span class='ocrx_word' id='word_1_448' title='bbox 1152 2703 1400 2760; x_wconf 84' lang='lat' dir='ltr'>competit:</span> <span class='ocrx_word' id='word_1_449' title='bbox 1426 2717 1522 2749; x_wconf 90' lang='lat' dir='ltr'>una</span> <span class='ocrx_word' id='word_1_450' title='bbox 1540 2705 1801 2750; x_wconf 79' lang='lat' dir='ltr'>secundum</span> <span class='ocrx_word' id='word_1_451' title='bbox 1823 2717 1957 2750; x_wconf 83' lang='lat' dir='ltr'>suam</span> <span class='ocrx_word' id='word_1_452' title='bbox 1981 2719 2069 2755; x_wconf 68' lang='grc' dir='ltr'>ιιιι-Ι</span> 
     </span>
     <span class='ocr_line' id='line_1_45' title="bbox 164 2762 2067 2825; baseline 0.006 -20"><span class='ocrx_word' id='word_1_453' title='bbox 164 2764 332 2816; x_wconf 87' lang='lat' dir='ltr'>turam,</span> <span class='ocrx_word' id='word_1_454' title='bbox 348 2762 437 2807; x_wconf 89' lang='lat' dir='ltr'>alia</span> <span class='ocrx_word' id='word_1_455' title='bbox 454 2775 596 2820; x_wconf 88' lang='lat' dir='ltr'>supra</span> <span class='ocrx_word' id='word_1_456' title='bbox 615 2768 847 2808; x_wconf 91' lang='lat' dir='ltr'>naturam.</span> <span class='ocrx_word' id='word_1_457' title='bbox 871 2764 1070 2808; x_wconf 79' lang='lat' dir='ltr'>scientia</span> <span class='ocrx_word' id='word_1_458' title='bbox 1081 2769 1234 2809; x_wconf 91' lang='lat' dir='ltr'>autem</span> <span class='ocrx_word' id='word_1_459' title='bbox 1255 2765 1515 2824; x_wconf 90' lang='lat' dir='ltr'>beatorum,</span> <span class='ocrx_word' id='word_1_460' title='bbox 1532 2780 1636 2825; x_wconf 90' lang='lat' dir='ltr'>quae</span> <span class='ocrx_word' id='word_1_461' title='bbox 1650 2767 1699 2812; x_wconf 90' lang='lat' dir='ltr'>in</span> <span class='ocrx_word' id='word_1_462' title='bbox 1720 2767 1876 2813; x_wconf 87' lang='lat' dir='ltr'>divina</span> <span class='ocrx_word' id='word_1_463' title='bbox 1887 2768 2067 2816; x_wconf 80' lang='lat' dir='ltr'>visione</span> 
     </span>
     <span class='ocr_line' id='line_1_46' title="bbox 163 2823 2067 2887; baseline 0.004 -20"><span class='ocrx_word' id='word_1_464' title='bbox 163 2823 389 2881; x_wconf 75' lang='lat' dir='ltr'>consistit,</span> <span class='ocrx_word' id='word_1_465' title='bbox 415 2837 511 2869; x_wconf 89' lang='lat' dir='ltr'>non</span> <span class='ocrx_word' id='word_1_466' title='bbox 534 2830 604 2870; x_wconf 90' lang='lat' dir='ltr'>est</span> <span class='ocrx_word' id='word_1_467' title='bbox 618 2825 878 2871; x_wconf 81' lang='lat' dir='ltr'>secundum</span> <span class='ocrx_word' id='word_1_468' title='bbox 904 2832 1117 2871; x_wconf 90' lang='lat' dir='ltr'>naturam</span> <span class='ocrx_word' id='word_1_469' title='bbox 1141 2827 1358 2886; x_wconf 80' lang='lat' dir='ltr'>hominis,</span> <span class='ocrx_word' id='word_1_470' title='bbox 1376 2830 1460 2874; x_wconf 89' lang='lat' dir='ltr'>sed</span> <span class='ocrx_word' id='word_1_471' title='bbox 1481 2842 1625 2887; x_wconf 88' lang='lat' dir='ltr'>supra</span> <span class='ocrx_word' id='word_1_472' title='bbox 1643 2829 1747 2887; x_wconf 82' lang='lat' dir='ltr'>ers</span> <span class='ocrx_word' id='word_1_473' title='bbox 1768 2835 2000 2876; x_wconf 89' lang='lat' dir='ltr'>naturam.</span> <span class='ocrx_word' id='word_1_474' title='bbox 2015 2834 2067 2878; x_wconf 85' lang='lat' dir='ltr'>In</span> 
     </span>
     <span class='ocr_line' id='line_1_47' title="bbox 163 2885 2069 2949; baseline 0.005 -20"><span class='ocrx_word' id='word_1_475' title='bbox 163 2885 339 2930; x_wconf 87' lang='lat' dir='ltr'>Ch1isto</span> <span class='ocrx_word' id='word_1_476' title='bbox 380 2891 537 2931; x_wconf 87' lang='lat' dir='ltr'>autem</span> <span class='ocrx_word' id='word_1_477' title='bbox 582 2888 671 2931; x_wconf 89' lang='lat' dir='ltr'>fuit</span> <span class='ocrx_word' id='word_1_478' title='bbox 720 2888 809 2932; x_wconf 90' lang='lat' dir='ltr'>alia</span> <span class='ocrx_word' id='word_1_479' title='bbox 854 2889 1224 2944; x_wconf 86' lang='lat' dir='ltr'>supernaturalis</span> <span class='ocrx_word' id='word_1_480' title='bbox 1269 2891 1463 2936; x_wconf 88' lang='lat' dir='ltr'>scientia</span> <span class='ocrx_word' id='word_1_481' title='bbox 1510 2891 1659 2937; x_wconf 76' lang='lat' dir='ltr'>multo</span> <span class='ocrx_word' id='word_1_482' title='bbox 1700 2892 1850 2949; x_wconf 73' lang='lat' dir='ltr'>altior,</span> <span class='ocrx_word' id='word_1_483' title='bbox 1891 2892 2069 2939; x_wconf 88' lang='lat' dir='ltr'>scilicet</span> 
     </span>
     <span class='ocr_line' id='line_1_48' title="bbox 163 2947 1979 3006; baseline 0.006 -17"><span class='ocrx_word' id='word_1_484' title='bbox 163 2947 357 2991; x_wconf 86' lang='lat' dir='ltr'>scientia</span> <span class='ocrx_word' id='word_1_485' title='bbox 376 2948 549 2993; x_wconf 89' lang='lat' dir='ltr'>divina.</span> <span class='ocrx_word' id='word_1_486' title='bbox 573 2951 673 2993; x_wconf 89' lang='lat' dir='ltr'>Non</span> <span class='ocrx_word' id='word_1_487' title='bbox 694 2960 805 3005; x_wconf 85' lang='lat' dir='ltr'>ergo</span> <span class='ocrx_word' id='word_1_488' title='bbox 827 2951 1032 3006; x_wconf 89' lang='lat' dir='ltr'>oportuit</span> <span class='ocrx_word' id='word_1_489' title='bbox 1056 2951 1102 2994; x_wconf 91' lang='lat' dir='ltr'>in</span> <span class='ocrx_word' id='word_1_490' title='bbox 1125 2951 1303 2996; x_wconf 88' lang='lat' dir='ltr'>Christo</span> <span class='ocrx_word' id='word_1_491' title='bbox 1335 2964 1440 2997; x_wconf 89' lang='lat' dir='ltr'>esse</span> <span class='ocrx_word' id='word_1_492' title='bbox 1459 2952 1701 2998; x_wconf 89' lang='lat' dir='ltr'>scientiam</span> <span class='ocrx_word' id='word_1_493' title='bbox 1720 2953 1979 2999; x_wconf 88' lang='lat' dir='ltr'>beatorum.</span> 
     </span>
    </p>
   </div>
   <div class='ocr_carea' id='block_1_20' title="bbox 220 3009 2159 3075">
    <p class='ocr_par' dir='ltr' id='par_1_26' title="bbox 220 3009 2159 3075">
     <span class='ocr_line' id='line_1_49' title="bbox 220 3009 2159 3075; baseline 0.006 -23"><span class='ocrx_word' id='word_1_494' title='bbox 220 3009 306 3054; x_wconf 90' lang='lat' dir='ltr'>Sed</span> <span class='ocrx_word' id='word_1_495' title='bbox 325 3014 500 3067; x_wconf 78' lang='lat' dir='ltr'>contra,</span> <span class='ocrx_word' id='word_1_496' title='bbox 521 3011 714 3056; x_wconf 84' lang='lat' dir='ltr'>scientia</span> <span class='ocrx_word' id='word_1_497' title='bbox 729 3011 1005 3056; x_wconf 88' lang='lat' dir='ltr'>beatorum’</span> <span class='ocrx_word' id='word_1_498' title='bbox 994 3025 1041 3056; x_wconf 92' lang='lat' dir='ltr'>1n</span> <span class='ocrx_word' id='word_1_499' title='bbox 1059 3013 1136 3057; x_wconf 90' lang='lat' dir='ltr'>Dei</span> <span class='ocrx_word' id='word_1_500' title='bbox 1157 3014 1421 3071; x_wconf 81' lang='lat' dir='ltr'>cognitione</span> <span class='ocrx_word' id='word_1_501' title='bbox 1444 3015 1674 3061; x_wconf 86' lang='lat' dir='ltr'>consistit.</span> <span class='ocrx_word' id='word_1_502' title='bbox 1700 3016 1818 3062; x_wconf 72' lang='lat' dir='ltr'>Sed·</span> <span class='ocrx_word' id='word_1_503' title='bbox 1806 3028 1906 3075; x_wconf 84' lang='lat' dir='ltr'>lpse</span> <span class='ocrx_word' id='word_1_504' title='bbox 1927 3016 2063 3073; x_wconf 71' lang='lat' dir='ltr'>plene</span> <span class='ocrx_word' id='word_1_505' title='bbox 2118 3068 2120 3070; x_wconf 51' lang='grc'>,</span> <span class='ocrx_word' id='word_1_506' title='bbox 2157 3045 2159 3049; x_wconf 40' lang='lat'><em>⁴</em></span> 
     </span>
    </p>
   </div>
   <div class='ocr_carea' id='block_1_21' title="bbox 161 3071 2062 3194">
    <p class='ocr_par' dir='ltr' id='par_1_27' title="bbox 161 3071 2062 3194">
     <span class='ocr_line' id='line_1_50' title="bbox 161 3071 2062 3134; baseline 0.006 -21"><span class='ocrx_word' id='word_1_507' title='bbox 161 3071 551 3128; x_wconf 86' lang='lat' dir='ltr'>cognovitDeum,</span> <span class='ocrx_word' id='word_1_508' title='bbox 573 3073 712 3117; x_wconf 86' lang='lat' dir='ltr'>etiam</span> <span class='ocrx_word' id='word_1_509' title='bbox 725 3074 982 3119; x_wconf 80' lang='lat' dir='ltr'>secundum</span> <span class='ocrx_word' id='word_1_510' title='bbox 1000 3074 1123 3132; x_wconf 82' lang='lat' dir='ltr'>quod</span> <span class='ocrx_word' id='word_1_511' title='bbox 1136 3076 1291 3129; x_wconf 91' lang='lat' dir='ltr'>homo</span> <span class='ocrx_word' id='word_1_512' title='bbox 1296 3077 1956 3134; x_wconf 77' lang='lat' dir='ltr'>secundumlllud(10anv111</span> <span class='ocrx_word' id='word_1_513' title='bbox 1974 3081 2062 3132; x_wconf 80' lang='lat'>55)-</span> 
     </span>
     <span class='ocr_line' id='line_1_51' title="bbox 161 3132 2060 3194; baseline 0.006 -20"><span class='ocrx_word' id='word_1_514' title='bbox 161 3132 263 3175; x_wconf 87' lang='lat' dir='ltr'>Scio</span> <span class='ocrx_word' id='word_1_515' title='bbox 281 3145 396 3189; x_wconf 82' lang='lat' dir='ltr'>eum,</span> <span class='ocrx_word' id='word_1_516' title='bbox 421 3138 464 3177; x_wconf 77' lang='lat' dir='ltr'>et</span> <span class='ocrx_word' id='word_1_517' title='bbox 491 3147 740 3179; x_wconf 83' lang='lat' dir='ltr'>sermonem</span> <span class='ocrx_word' id='word_1_518' title='bbox 759 3137 854 3192; x_wconf 68' lang='lat' dir='ltr'>effus</span> <span class='ocrx_word' id='word_1_519' title='bbox 873 3150 1015 3180; x_wconf 86' lang='lat' dir='ltr'>servo.</span> <span class='ocrx_word' id='word_1_520' title='bbox 1048 3140 1167 3194; x_wconf 79' lang='lat' dir='ltr'>Ergo</span> <span class='ocrx_word' id='word_1_521' title='bbox 1191 3138 1239 3182; x_wconf 89' lang='lat' dir='ltr'>in</span> <span class='ocrx_word' id='word_1_522' title='bbox 1266 3139 1444 3184; x_wconf 89' lang='lat' dir='ltr'>Christo</span> <span class='ocrx_word' id='word_1_523' title='bbox 1465 3140 1553 3185; x_wconf 87' lang='lat' dir='ltr'>fuit</span> <span class='ocrx_word' id='word_1_524' title='bbox 1582 3140 1775 3186; x_wconf 90' lang='lat' dir='ltr'>scientia</span> <span class='ocrx_word' id='word_1_525' title='bbox 1803 3140 2060 3185; x_wconf 85' lang='lat' dir='ltr'>beatorum.</span> 
     </span>
    </p>
   </div>
   <div class='ocr_carea' id='block_1_22' title="bbox 160 3252 2068 3399">
    <p class='ocr_par' dir='ltr' id='par_1_28' title="bbox 160 3252 2068 3399">
     <span class='ocr_line' id='line_1_52' title="bbox 160 3252 2068 3303; baseline 0.005 -17"><span class='ocrx_word' id='word_1_526' title='bbox 160 3262 329 3294; x_wconf 79' lang='lat' dir='ltr'>quamque</span> <span class='ocrx_word' id='word_1_527' title='bbox 357 3252 581 3294; x_wconf 84' lang='lat' dir='ltr'>proprietates</span> <span class='ocrx_word' id='word_1_528' title='bbox 609 3255 782 3290; x_wconf 80' lang='lat' dir='ltr'>naturales</span> <span class='ocrx_word' id='word_1_529' title='bbox 805 3255 929 3292; x_wconf 85' lang='lat' dir='ltr'>habere</span> <span class='ocrx_word' id='word_1_530' title='bbox 954 3258 1065 3294; x_wconf 81' lang='lat' dir='ltr'>confi·</span> <span class='ocrx_word' id='word_1_531' title='bbox 1150 3260 1326 3295; x_wconf 86' lang='lat' dir='ltr'>scientiam</span> <span class='ocrx_word' id='word_1_532' title='bbox 1347 3274 1446 3302; x_wconf 86' lang='lat' dir='ltr'>quam</span> <span class='ocrx_word' id='word_1_533' title='bbox 1472 3261 1596 3296; x_wconf 84' lang='lat' dir='ltr'>habent</span> <span class='ocrx_word' id='word_1_534' title='bbox 1613 3261 1717 3303; x_wconf 86' lang='lat' dir='ltr'>beati,</span> <span class='ocrx_word' id='word_1_535' title='bbox 1739 3261 1906 3303; x_wconf 83' lang='lat' dir='ltr'>siquidem</span> <span class='ocrx_word' id='word_1_536' title='bbox 1935 3259 2068 3296; x_wconf 77' lang='lat' dir='ltr'>dicitur.</span> 
     </span>
     <span class='ocr_line' id='line_1_53' title="bbox 161 3300 2067 3353; baseline 0.005 -20"><span class='ocrx_word' id='word_1_537' title='bbox 161 3303 290 3342; x_wconf 79' lang='lat' dir='ltr'>temur3</span> <span class='ocrx_word' id='word_1_538' title='bbox 300 3303 335 3334; x_wconf 85' lang='lat' dir='ltr'>et</span> <span class='ocrx_word' id='word_1_539' title='bbox 348 3300 629 3336; x_wconf 83' lang='lat' dir='ltr'>haberedivinam</span> <span class='ocrx_word' id='word_1_540' title='bbox 642 3304 756 3336; x_wconf 80' lang='lat' dir='ltr'>omnia</span> <span class='ocrx_word' id='word_1_541' title='bbox 767 3304 961 3344; x_wconf 76' lang='lat' dir='ltr'>quaedivina</span> <span class='ocrx_word' id='word_1_542' title='bbox 975 3312 1064 3347; x_wconf 89' lang='lat' dir='ltr'>sunt</span> <span class='ocrx_word' id='word_1_543' title='bbox 1155 3309 1270 3346; x_wconf 81' lang='lat' dir='ltr'>(Marc.</span> <span class='ocrx_word' id='word_1_544' title='bbox 1292 3317 1326 3351; x_wconf 87' lang='lat' dir='ltr'>v,</span> <span class='ocrx_word' id='word_1_545' title='bbox 1347 3309 1399 3351; x_wconf 72' lang='lat'>⁴9)</span> <span class='ocrx_word' id='word_1_546' title='bbox 1425 3321 1432 3343; x_wconf 90' lang='lat'><strong>:</strong></span> <span class='ocrx_word' id='word_1_547' title='bbox 1458 3309 1635 3344; x_wconf 75' lang='lat' dir='ltr'>Dominus</span> <span class='ocrx_word' id='word_1_548' title='bbox 1661 3309 1808 3353; x_wconf 79' lang='lat' dir='ltr'>quidem</span> <span class='ocrx_word' id='word_1_549' title='bbox 1828 3309 1977 3344; x_wconf 70' lang='lat' dir='ltr'>Jews...</span> <span class='ocrx_word' id='word_1_550' title='bbox 2005 3311 2067 3343; x_wconf 54' lang='lat' dir='ltr'>as&gt;</span> 
     </span>
     <span class='ocr_line' id='line_1_54' title="bbox 161 3347 2057 3399; baseline 0.005 -18"><span class='ocrx_word' id='word_1_551' title='bbox 161 3353 196 3382; x_wconf 87' lang='lat' dir='ltr'>et</span> <span class='ocrx_word' id='word_1_552' title='bbox 211 3347 393 3383; x_wconf 86' lang='lat' dir='ltr'>humanam</span> <span class='ocrx_word' id='word_1_553' title='bbox 417 3349 532 3384; x_wconf 78' lang='lat' dir='ltr'>omnia</span> <span class='ocrx_word' id='word_1_554' title='bbox 556 3361 631 3391; x_wconf 76' lang='lat' dir='ltr'>quae</span> <span class='ocrx_word' id='word_1_555' title='bbox 649 3350 798 3386; x_wconf 80' lang='lat' dir='ltr'>humana</span> <span class='ocrx_word' id='word_1_556' title='bbox 819 3357 911 3395; x_wconf 86' lang='lat' dir='ltr'>sunt,</span> <span class='ocrx_word' id='word_1_557' title='bbox 941 3354 1067 3396; x_wconf 83' lang='lat' dir='ltr'>absque</span> <span class='ocrx_word' id='word_1_558' title='bbox 1152 3360 1319 3399; x_wconf 76' lang='lat' dir='ltr'>sumptus</span> <span class='ocrx_word' id='word_1_559' title='bbox 1328 3360 1382 3391; x_wconf 83' lang='lat' dir='ltr'>est</span> <span class='ocrx_word' id='word_1_560' title='bbox 1397 3357 1439 3391; x_wconf 75' lang='lat' dir='ltr'>in</span> <span class='ocrx_word' id='word_1_561' title='bbox 1456 3356 1587 3391; x_wconf 81' lang='lat' dir='ltr'>coelum</span> <span class='ocrx_word' id='word_1_562' title='bbox 1602 3360 1635 3392; x_wconf 82' lang='lat' dir='ltr'>et</span> <span class='ocrx_word' id='word_1_563' title='bbox 1653 3357 1752 3391; x_wconf 75' lang='lat' dir='ltr'>sedet</span> <span class='ocrx_word' id='word_1_564' title='bbox 1769 3358 1793 3391; x_wconf 77' lang='grc' dir='ltr'>ὰ</span> <span class='ocrx_word' id='word_1_565' title='bbox 1817 3357 1960 3391; x_wconf 77' lang='lat' dir='ltr'>dextris</span> <span class='ocrx_word' id='word_1_566' title='bbox 1976 3355 2057 3390; x_wconf 70' lang='lat' dir='ltr'>Dei.</span> 
     </span>
    </p>
   </div>
   <div class='ocr_carea' id='block_1_23' title="bbox 160 3395 2058 3487">
    <p class='ocr_par' dir='ltr' id='par_1_29' title="bbox 160 3395 2058 3487">
     <span class='ocr_line' id='line_1_55' title="bbox 160 3395 2058 3446; baseline -0.001 -8"><span class='ocrx_word' id='word_1_567' title='bbox 160 3395 232 3432; x_wconf 60' lang='lat'><strong>&#39;⁶¹¹⁰</strong></span> <span class='ocrx_word' id='word_1_568' title='bbox 243 3402 391 3438; x_wconf 63' lang='lat' dir='ltr'>peccam·</span> <span class='ocrx_word' id='word_1_569' title='bbox 407 3406 422 3426; x_wconf 83' lang='lat'>¹‘</span> <span class='ocrx_word' id='word_1_570' title='bbox 1153 3404 1216 3438; x_wconf 88' lang='lat' dir='ltr'>Sed</span> <span class='ocrx_word' id='word_1_571' title='bbox 1231 3404 1285 3438; x_wconf 87' lang='lat' dir='ltr'>hic</span> <span class='ocrx_word' id='word_1_572' title='bbox 1300 3405 1335 3439; x_wconf 92' lang='lat' dir='ltr'>S.</span> <span class='ocrx_word' id='word_1_573' title='bbox 1359 3405 1482 3439; x_wconf 84' lang='lat' dir='ltr'>Doctor</span> <span class='ocrx_word' id='word_1_574' title='bbox 1499 3404 1621 3446; x_wconf 82' lang='lat' dir='ltr'>quaerit</span> <span class='ocrx_word' id='word_1_575' title='bbox 1640 3405 1759 3440; x_wconf 78' lang='lat' dir='ltr'>utrum</span> <span class='ocrx_word' id='word_1_576' title='bbox 1774 3404 1860 3439; x_wconf 84' lang='lat' dir='ltr'>hanc</span> <span class='ocrx_word' id='word_1_577' title='bbox 1884 3404 2058 3439; x_wconf 81' lang='lat' dir='ltr'>scientiam</span> 
     </span>
     <span class='ocr_line' id='line_1_56' title="bbox 205 3445 1544 3487; baseline 0.006 -9"><span class='ocrx_word' id='word_1_578' title='bbox 205 3445 247 3487; x_wconf 78' lang='lat' dir='ltr'>(i)</span> <span class='ocrx_word' id='word_1_579' title='bbox 264 3445 318 3479; x_wconf 89' lang='lat' dir='ltr'>De</span> <span class='ocrx_word' id='word_1_580' title='bbox 329 3445 394 3480; x_wconf 72' lang='lat' dir='ltr'>tide</span> <span class='ocrx_word' id='word_1_581' title='bbox 417 3449 466 3480; x_wconf 81' lang='lat' dir='ltr'>est</span> <span class='ocrx_word' id='word_1_582' title='bbox 482 3445 653 3481; x_wconf 80' lang='lat' dir='ltr'>Christum</span> <span class='ocrx_word' id='word_1_583' title='bbox 680 3458 769 3480; x_wconf 85' lang='lat' dir='ltr'>nunc</span> <span class='ocrx_word' id='word_1_584' title='bbox 785 3447 934 3483; x_wconf 80' lang='lat' dir='ltr'>habere·</span> <span class='ocrx_word' id='word_1_585' title='bbox 924 3461 960 3483; x_wconf 85' lang='grc' dir='ltr'>ιιι</span> <span class='ocrx_word' id='word_1_586' title='bbox 987 3450 1068 3484; x_wconf 82' lang='lat' dir='ltr'>coelo</span> <span class='ocrx_word' id='word_1_587' title='bbox 1155 3452 1190 3484; x_wconf 85' lang='lat' dir='ltr'>in</span> <span class='ocrx_word' id='word_1_588' title='bbox 1211 3452 1271 3485; x_wconf 81' lang='lat' dir='ltr'>hac</span> <span class='ocrx_word' id='word_1_589' title='bbox 1291 3452 1360 3486; x_wconf 82' lang='lat' dir='ltr'>vita</span> <span class='ocrx_word' id='word_1_590' title='bbox 1375 3452 1544 3486; x_wconf 79' lang='lat' dir='ltr'>habuerit.</span> 
     </span>
    </p>
   </div>
   <div class='ocr_carea' id='block_1_24' title="bbox 2140 2714 2170 3808">
    <p class='ocr_par' dir='ltr' id='par_1_30' title="bbox 2140 2714 2170 3808">
     <span class='ocr_line' id='line_1_57' title="bbox 2140 2714 2170 3808; baseline 0 0"><span class='ocrx_word' id='word_1_591' title='bbox 2140 2714 2170 3808; x_wconf 95' lang='lat' dir='ltr'> </span> 
     </span>
    </p>
   </div>
   <div class='ocr_carea' id='block_1_25' title="bbox 2152 2846 2163 3383">
    <p class='ocr_par' dir='ltr' id='par_1_31' title="bbox 2152 2846 2163 3383">
     <span class='ocr_line' id='line_1_58' title="bbox 2152 2846 2163 3383; baseline 0 0"><span class='ocrx_word' id='word_1_592' title='bbox 2152 2846 2163 3383; x_wconf 95' lang='lat' dir='ltr'> </span> 
     </span>
    </p>
   </div>
  </div>
 </body>
</html>
