2170 3808
734 199 931 263 QUAEST.
963 211 1098 264 mx,
1129 211 1246 254 ART.
1279 211 1327 252 v.
1885 208 1966 250 609

88 297 425 341 ARTICULUS
444 297 503 338 V.
534 317 589 326 —
611 306 749 336 υτιιιιιι
780 305 1089 337 couvemssumn
1110 303 1420 334 ATTRlBUANTUR
1442 302 1635 334 Birrisuo
1658 299 1812 339 omnm
1836 300 1966 332 Aci-us

913 366 1132 398 vmruwm.

86 426 135 461 De
159 425 213 460 liis
239 425 341 460 etiam
357 426 451 459 Sent.
477 432 527 465 IV,
544 423 623 458 dist.
641 424 673 463 5.
701 426 818 465 quaest.
833 431 871 463 ιι,
888 425 953 458 art.
981 421 1015 461 2,
1032 423 1147 463 quaest.
1163 428 1217 461 ln,
1235 428 1270 454 lv
1291 422 1326 454 et
1353 427 1387 460 v,
1409 423 1444 454 et
1466 418 1544 453 dist.
1563 419 1596 460 5,
1617 420 1730 460 quaest.
1758 425 1812 459 ιιι,
1842 419 1908 452 art.
1934 416 1966 457 t,

125 478 242 563 3153.
261 483 298 556 v':
325 476 467 556 {ii-{plia
483 471 525 505 ad
549 472 580 511 1,
598 475 633 506 et
649 475 715 506 art.
742 473 774 512 5,
795 474 913 512 quaest.
936 478 961 510 ι,
990 480 1083 510 corp.
1107 472 1143 503 et
1161 468 1239 502 dist.
1258 467 1313 508 ⁴8,
1339 471 1455 509 quoest.
1474 475 1500 506 ι,
1514 470 1581 501 art.
1600 466 1633 508 1,
1656 467 1770 507 quaest.
1786 473 1799 499 1
1816 464 1858 500 ad
1877 465 1909 505 l,
1934 471 1969 499 et

139 575 205 620 Ad
223 575 437 631 quintum
457 574 525 619 sic
540 574 818 630 proceditur.
842 576 886 618 1.
909 572 1096 617 Videtur
1113 569 1236 626 quod
1258 569 1640 614 inconvenienter
1659 568 1968 612 attribuantur

87 636 316 693 baptismo
345 650 429 693 pro
451 636 691 680 effectibus
714 635 903 692 quidam
934 638 1065 678 actus
1089 632 1312 676 virtutum
1329 666 1340 687 ,
1371 631 1546 675 scilicet
1563 630 1884 686 *incorporatio
1907 629 1964 675 ad

87 699 344 754 Christum,
368 698 645 742 illuminatio
669 703 714 741 et
737 695 1018 741 fecundatio.
1049 696 1146 737 Non
1170 694 1295 738 enim
1327 692 1587 749 baptismus
1617 692 1751 736 datur
1781 691 1964 749 adulto,

87 761 175 804 nisi
197 760 348 817 fideli,
374 759 631 804 secundum
655 759 768 803 illud
799 757 949 813 (Marci
969 757 1055 801 ult.
1087 758 1156 808 16)
1187 768 1199 799 :
1233 757 1320 812 Qui
1352 755 1599 798 crediderit
1635 757 1677 796 ei
1711 754 1966 808 baptizatus

85 824 241 879 suerit,
263 821 416 865 salvus
439 824 542 865 erit.
571 821 659 866 Sed
688 832 769 876 per
787 816 927 864 fidem
950 817 1117 873 aliquis
1138 816 1458 873 incorporatur
1482 815 1685 870 Christo,
1708 815 1965 859 secundum

85 883 201 930 illud
217 886 396 941 (Ephes.
418 898 481 939 ιιι,
506 887 576 937 17)
598 900 609 928 z
634 884 854 927 Habitare
871 881 1104 927 Christ-um
1115 894 1201 936 per
1215 881 1351 934 fidem
1372 882 1421 922 in
1435 879 1645 922 cordibus
1659 880 1832 921 vestris.
1848 880 1967 934 Ergo

87 947 246 991 nullus
261 947 516 1004 baptizatur
532 946 621 990 nisi
639 946 738 1002 jam
752 945 931 990 Christo
949 943 1287 999 incorporatus
1306 943 1404 985 Non
1428 952 1538 996 ergo
1557 945 1629 985 est
1647 940 1840 985 effectus
1853 939 1967 997 bap-

87 1007 214 1052 tismi
233 1008 516 1064 incorporari
542 1008 735 1051 ChristO.

140 1073 183 1114 2.
215 1072 464 1125 Praeterea,
490 1067 764 1112 illuminatio
784 1067 835 1111 fit
858 1078 940 1122 per
962 1065 1246 1121 doctrinam,
1274 1064 1532 1109 secundum
1555 1063 1667 1108 illud
1692 1063 1870 1119 (Ephes.
1897 1076 1964 1121 ιιι,

89 1133 133 1187 8)
151 1146 162 1172 t
187 1134 302 1176 Mihi
329 1135 528 1175 omnium
549 1134 808 1174 sanctorum
830 1131 1015 1171 minimo
1046 1129 1162 1171 data
1182 1130 1248 1170 est
1269 1129 1424 1182 qratia
1445 1127 1559 1181 haec,
1590 1125 1850 1169 illuminare
1871 1138 1968 1168 om-

89 1207 167 1239 nes
186 1196 264 1251 (1),
280 1199 368 1240 etc.
393 1195 480 1239 Sed
499 1193 706 1239 doctrina
732 1190 951 1248 praecedit
965 1190 1250 1246 baptismum
1265 1188 1314 1231 in
1334 1189 1632 1233 catechismo.
1650 1190 1749 1232 Non
1768 1192 1840 1232 est
1856 1199 1968 1244 ergo

90 1256 284 1302 effectus
308 1255 541 1312 baptismi.

144 1321 188 1365 3.
220 1321 456 1372 Praeterea,
479 1315 739 1360 fecunditas
759 1314 958 1371 pertinet
974 1312 1034 1356 ad
1054 1311 1401 1367 generationem
1416 1310 1631 1355 activam.
1652 1310 1738 1355 Sed
1757 1323 1840 1367 per
1854 1310 1969 1368 bap-

90 1379 280 1424 tismum
301 1378 468 1435 aliquis
490 1380 793 1432 regeneratur
816 1374 1127 1431 spiritualiter.
1148 1375 1268 1429 Ergo
1289 1372 1549 1417 fecunditas
1574 1383 1667 1416 non
1686 1375 1758 1417 est
1777 1372 1970 1417 effectus

88 1440 320 1497 baptismi.
1339 1459 1341 1461 ·

146 1503 231 1547 Sed
255 1507 416 1546 contra
437 1505 509 1557 est
531 1500 656 1557 quod
676 1499 964 1555 Augustinus
986 1498 1096 1543 dicit
1116 1499 1193 1553 (De
1215 1497 1450 1554 Baptismo
1478 1496 1801 1552 parvulorum,
1833 1496 1913 1541 lib.
1937 1511 1966 1554 1,

90 1566 179 1611 loc.
200 1565 277 1609 cit.
301 1568 385 1608 art.
410 1565 567 1619 praec.)
583 1595 596 1617 .,
651 1561 743 1606 uod
768 1560 827 1605 ad
849 1561 935 1604 hoc
956 1561 1079 1604 valet
1099 1559 1360 1616 baptismus
1383 1563 1436 1602 ut
1457 1558 1672 1615 baptizati
1699 1558 1874 1602 Christo
1896 1558 1970 1602 in-

92 1632 409 1683 corporentur.
434 1623 679 1681 Dionysius
702 1623 838 1667 etiam
859 1623 992 1676 (Eccl.
1018 1622 1132 1666 hier.
1152 1634 1255 1677 cap.
1279 1623 1333 1676 2,
1356 1624 1521 1678 parum
1553 1620 1580 1663 a
1601 1621 1767 1676 princ.)
1796 1620 1971 1664 illumi-

92 1689 327 1734 nationem
349 1686 556 1732 attribuit
578 1685 824 1741 baptismo.
845 1687 897 1729 Et
911 1696 1050 1741 super
1072 1683 1187 1729 illud
1200 1683 1318 1727 Psal.
1344 1696 1429 1725 xxn
1449 1698 1460 1725 ε
1481 1685 1626 1738 Super
1643 1695 1808 1737 aquam
1826 1684 1970 1736 resec-

93 1754 242 1804 tionis,
266 1749 375 1795 dicit
396 1749 555 1793 Glossa
576 1747 730 1792 interl.
750 1746 874 1803 quod
892 1747 1047 1789 anima
1065 1749 1361 1802 peccatorum
1384 1744 1593 1788 ariditate
1614 1743 1783 1788 sterilis
1807 1743 1969 1788 fecun-

91 1813 227 1858 datur
248 1824 329 1867 per
349 1809 651 1866 baptismum.

139 1879 430 1921 CONCLUSIO.
456 1900 504 1906 —-
530 1877 632 1917 Cum
647 1887 715 1927 per
733 1875 985 1927 baptismum
999 1874 1187 1914 homines
1201 1874 1359 1915 Christo
1372 1873 1695 1924 incorporentur,
1711 1875 1969 1925 perspicuum

82 1935 151 1978 'est
164 1935 391 1987 baptizatos
408 1933 432 1972 a
450 1932 579 1984 capite
597 1942 670 1971 suo
687 1929 863 1980 Christo,
880 1933 919 1970 et
940 1940 1106 1970 sensum
1130 1928 1353 1980 quemdam
1374 1927 1646 1979 spiritualem,
1668 1932 1708 1967 et
1725 1932 1888 1968 motum
1906 1939 1970 1970 ae-

91 1991 220 2043 cipere
232 2005 242 2039 ;
255 1989 380 2029 illum
392 1987 560 2040 quidem
575 2016 587 2035 ,
601 1986 705 2025 dum
719 1985 824 2025 circa
834 1983 1017 2025 veritatis
1032 1983 1308 2034 cognitionem
1318 1982 1629 2032 illuminantur,
1645 1981 1759 2022 hunc
1770 1983 1864 2023 vero
1875 1982 1972 2023 cum

90 2057 161 2098 per
173 2045 313 2096 gratiae
332 2041 583 2082 infusionem
600 2040 801 2081 bonorum
815 2050 986 2092 operum
1000 2038 1246 2080 fecunditate
1260 2038 1481 2078 donantur.

146 2108 416 2164 Respondeo
437 2105 687 2150 dicendum
707 2103 831 2161 quod
849 2115 930 2159 per
953 2102 1238 2159 baptismum
1257 2101 1424 2160 aliquis
1443 2103 1747 2157 regeneratur
1767 2100 1813 2144 in
1837 2100 1971 2157 spiri-

91 2171 262 2215 tualem
286 2168 453 2223 vitam,
473 2179 577 2224 quae
605 2170 677 2210 est
705 2176 789 2221 per
811 2162 949 2210 fidem
974 2164 1135 2208 Christi
1152 2196 1164 2218 ,
1186 2164 1308 2208 sicut
1329 2163 1574 2220 Apostolus
1597 2161 1706 2206 dicit
1727 2161 1887 2215 (Galat.
1912 2175 1968 2217 ιι,

92 2234 190 2287 20):
215 2231 345 2287 Quod
363 2233 513 2272 autem
534 2242 651 2271 nunc
673 2230 775 2270 vivo
794 2230 841 2270 in
862 2240 1023 2283 carne,
1043 2229 1092 2270 in
1113 2227 1204 2281 fide
1226 2229 1322 2269 vivo
1343 2226 1455 2268 Filii
1475 2226 1567 2268 Dei.
1588 2224 1687 2267 Vita
1705 2228 1857 2267 autem
1876 2235 1970 2269 non

93 2297 164 2338 est
196 2292 285 2336 nisi
314 2291 628 2335 membrorum
665 2287 801 2346 capiti
830 2288 1068 2331 unitorum
1087 2320 1099 2343 ‚
1131 2287 1158 2330 a
1191 2299 1283 2343 quo
1309 2297 1502 2331 sensum
1533 2291 1581 2330 et
1617 2290 1794 2329 motum
1823 2285 1971 2330 susci-

92 2355 238 2412 piunt.
255 2357 308 2398 Et
323 2352 425 2398 ideo
444 2364 633 2396 necesse
647 2355 717 2395 est
733 2349 855 2406 quod
875 2361 954 2405 per
973 2348 1253 2405 baptismum
1274 2347 1441 2404 aliquis
1460 2347 1778 2402 incorporetur
1794 2345 1971 2390 Christo

92 2417 226 2473 quasi
244 2415 506 2460 membrum
519 2413 682 2469 ipsius.
701 2412 827 2456 Sicut
843 2415 999 2455 autem
1017 2409 1044 2453 a
1063 2410 1212 2465 capite
1232 2409 1431 2454 naturali
1449 2408 1682 2454 derivatur
1694 2408 1751 2452 ad
1765 2407 1971 2453 membra

92 2489 261 2522 sensus
285 2481 330 2521 et
351 2480 535 2530 motus3
569 2475 633 2518 ita
651 2474 678 2517 a
703 2473 850 2529 capite
886 2472 1111 2528 spirituali
1127 2506 1138 2527 ,
1165 2472 1289 2528 quod
1313 2476 1384 2517 est
1405 2471 1634 2526 Chr1stus‚
1655 2470 1892 2515 derivatur
1912 2471 1972 2516 ad

90 2538 298 2583 membra
322 2536 423 2592 ers
449 2548 617 2580 sensus
648 2534 927 2591 spiritualis,
961 2534 1040 2590 qui
1073 2534 1286 2578 consistit
1315 2534 1363 2577 in
1397 2533 1660 2590 cognitione
1688 2532 1896 2576 veritatis
1924 2536 1971 2576 et

89 2603 244 2645 motus
263 2597 531 2655 spiritualis,
554 2597 632 2653 qui
654 2602 726 2640 est
747 2609 829 2652 per
848 2595 1008 2651 gratiae
1027 2595 1273 2639 influxum.
1312 2595 1438 2639 Unde
1462 2597 1605 2648 (Joan.
1627 2608 1656 2650 ι,
1681 2596 1750 2646 14)
1770 2592 1967 2637 dicitur:

92 2664 300 2707 Vidimus
320 2673 419 2703 eum
437 2659 619 2716 plenum
642 2663 803 2715 qratiae
834 2662 876 2701 et
906 2659 1142 2713 v'eritaiis3
1165 2660 1211 2701 et
1232 2657 1358 2711 (ibid.
1384 2659 1454 2711 16)
1480 2671 1491 2699 :
1513 2659 1575 2698 Et
1603 2657 1660 2698 de
1686 2655 1971 2711 plenitudine

90 2725 187 2780 eJus
208 2735 288 2765 nos
319 2733 468 2763 omnes
491 2723 756 2774 accepimus.
785 2721 840 2763 Et
861 2718 964 2770 ideo
989 2729 1285 2774 consequens
1312 2721 1384 2762 est
1408 2717 1534 2774 quod
1554 2715 1769 2773 baptizati
1793 2716 1967 2760 illumi-

90 2789 260 2829 nentur
278 2781 305 2826 ἐι
324 2782 500 2826 Christo
521 2781 645 2825 circa
665 2781 976 2837 cognitionem
1000 2780 1221 2838 veritatis,
1252 2784 1300 2823 et
1320 2779 1628 2824 fecundentur
1649 2778 1708 2822 ab
1732 2790 1787 2822 eo
1808 2778 1970 2822 fecun-

91 2846 231 2892 ditate
252 2845 482 2889 bonorum
505 2854 699 2898 operum
720 2855 802 2898 per
824 2842 983 2899 gratiae
1007 2842 1286 2886 infusionem
1304 2843 1375 2895 (2).

144 2907 210 2952 Ad
229 2910 428 2963 primum
449 2916 560 2960 ergo
585 2904 858 2960 dicendum,
890 2904 1013 2961 quod
1046 2903 1190 2948 adulti
1223 2903 1353 2959 prius
1387 2903 1631 2947 credentes
1660 2901 1709 2945 in
1739 2901 1969 2947 Christum

91 2973 202 3014 sunt
219 2968 262 3012 ei
284 2965 562 3022 incorporati
585 2966 870 3021 mentaliter3
901 2966 983 3010 sed
1013 2965 1307 3022 postmodum
1322 2998 1334 3020 ‚
1359 2965 1467 3008 cum
1489 2964 1793 3020 baptizantur,
1816 2964 1970 3009 incor-

90 3034 314 3089 porantur
337 3029 377 3073 ei
400 3027 738 3084 quodammodo
766 3028 1062 3084 corporaliter
1076 3060 1088 3082 ,
1113 3027 1288 3070 scilicet
1308 3038 1392 3082 per
1412 3026 1591 3071 visibile
1613 3030 1967 3084 sacramentum,

90 3093 192 3136 sine
215 3091 351 3147 cujus
377 3088 610 3145 proposito
634 3100 722 3132 nec
741 3090 1002 3133 mentaliter
1024 3088 1307 3144 incorporari
1327 3089 1599 3144 potuissent.

144 3152 210 3197 Ad
240 3151 480 3195 secundum
505 3149 780 3205 dicendum,
815 3150 940 3206 quod
970 3149 1130 3194 doctor
1162 3149 1392 3193 illuminat
1418 3151 1621 3193 exterius
1650 3161 1733 3206 per
1760 3149 1969 3194 ministe-

132 3245 174 3286 (1)
187 3246 236 3279 De
254 3246 382 3281 divitiis
398 3237 690 3284 investigabilibus
707 3244 831 3279 Christi
847 3248 882 3279 et
895 3257 987 3286 mys·
1070 3245 1327 3288 incorporatio
1345 3256 1407 3286 per
1420 3244 1556 3279 visibile
1573 3249 1817 3281 sacramentum
1835 3250 1969 3286 ejusque

91 3294 178 3328 terio
193 3298 264 3332 eius
279 3293 484 3334 abscondito,
501 3298 540 3328 ut
558 3293 779 3335 praemittitur
800 3297 833 3327 et
845 3292 985 3334 subjun·
1072 3294 1299 3327 characterem
1329 3298 1363 3327 et
1388 3293 1552 3335 gratiam
1582 3293 1729 3328 secunda
1754 3298 1803 3329 est
1826 3294 1969 3327 illumi-

92 3341 181 3380 gitur
199 3341 259 3375 ibi.
1069 3342 1172 3375 natio
1207 3352 1281 3382 quoe
1308 3340 1349 3375 fit
1379 3352 1439 3381 per
1469 3341 1571 3375 fidem
1585 3368 1593 3381 .
1620 3346 1691 3380 eius
1717 3341 1900 3381 baptismus
1919 3346 1971 3377 est

134 3389 175 3429 (2)
196 3389 283 3422 Hinc
306 3388 560 3429 distinguuntur
589 3393 657 3423 tres
686 3388 834 3422 actiones
863 3389 984 3428 quibus
1067 3393 1311 3422 sacramentum
1328 3392 1362 3422 et
1372 3388 1552 3430 professio;
1571 3389 1674 3423 tertia
1686 3394 1732 3422 est
1748 3388 1969 3429 soectmdatio

91 3435 274 3476 significari
302 3436 411 3470 solent
434 3435 570 3471 effectus
595 3435 779 3479 baptismi3
799 3435 908 3476 prima
934 3440 985 3470 est
1069 3435 1110 3470 ad
1131 3436 1219 3470 bona
1236 3447 1339 3477 opera
1358 3436 1555 3471 exercenda.

293 3501 330 3530 Vl
1529 3526 1540 3535 .,
1735 3492 1790 3533 ‘20
