2170 3808
717 281 916 333 QUAEST.
944 281 1102 336 xxvn,
1133 281 1248 325 ΛΒΤ.
1281 282 1332 325 11.
1891 284 1976 329 225

0 362 1 378 ¹
80 366 188 409 ante
208 361 554 418 animationem,
564 360 690 418 quia,
706 368 759 405 ut
778 361 953 406 dictum
966 367 1037 407 est
1051 363 1152 417 (art.
1173 364 1348 421 praec.),
1358 361 1467 419 plus
1485 363 1645 419 gratiae
1662 368 1734 408 est
1751 363 1973 409 collatum

81 423 253 479 Virgini
289 423 424 468 matri
455 421 532 468 Dei
562 421 702 479 quam
733 421 871 466 alicui
903 426 1189 467 sanctorum.
1224 422 1312 468 Sed
1340 423 1620 480 quibusdam
1655 424 1839 470 videtur
1869 436 1975 470 esse

78 496 357 532 concessum
396 483 521 542 quod
564 483 964 529 sanctificarentur
1001 488 1109 529 ante
1151 483 1511 530 animationem:
1548 486 1672 543 quia,
1713 491 1766 531 ut
1805 485 1975 532 dicitur

78 545 263 604 (Jerem.
287 561 319 603 ι,
338 548 410 602 5):
433 548 704 601 Priusquam
727 549 769 588 te
785 549 1033 599 formarem
1052 548 1102 589 in
1123 549 1271 602 utero,
1299 548 1403 589 novi
1432 549 1501 603 te,·
1521 560 1614 591 non
1638 549 1791 593 autem
1815 547 1975 593 infun-

77 606 204 654 ditur
218 607 372 654 anima
392 611 500 652 ante
518 608 725 664 corporis
746 607 1093 663 formationem;
1119 607 1329 652 similiter
1346 608 1485 652 etiam
1504 608 1561 653 de
1579 611 1754 656 Joanne
1772 609 1974 667 Baptista

77 668 189 716 dicit
215 669 483 716 Ambrosius
507 671 670 726 (Super
693 671 803 714 Luc.
835 680 937 725 cap.
969 672 1013 725 1,
1047 681 1151 726 sup.
1176 667 1320 714 illud:
1352 673 1412 713 Et
1436 671 1609 726 Spiritu
1639 675 1796 716 sancto
1823 670 1974 729 reple-

79 731 230 789 bitur),
252 731 376 790 qued
397 749 418 770 «
443 731 651 776 nondum
670 731 820 776 inerat
837 730 880 776 ei
901 730 1092 788 spiritus
1110 730 1233 787 vitae,
1252 735 1298 775 et
1309 730 1408 787 jam
1430 730 1581 775 inerat
1604 731 1645 776 ei
1669 732 1859 788 spiritus
1872 745 1974 790 gra-

78 791 171 839 tiae.
195 812 215 832 »
237 794 354 850 Ergo
376 791 524 836 multo
545 792 696 848 magis
718 793 768 836 B.
792 790 927 848 Virgo
943 796 1053 837 ante
1075 791 1405 836 animationem
1427 792 1701 837 sanctificari
1721 794 1886 850 potuit.

133 855 176 898 2.
212 857 450 911 Praeterea,
480 854 766 899 conveniens
794 854 898 910 fuit,
917 853 1039 899 sicut
1055 853 1301 898 Anselmus
1330 852 1441 898 dicit
1465 853 1528 909 (in
1550 853 1629 898 lib.
1661 856 1723 899 De
1744 861 1972 912 conceptu

79 913 309 973 virginali,
329 928 431 974 cap.
465 918 535 969 18,
555 927 723 972 parum
755 915 783 959 a
803 915 989 972 princ.).,
1015 935 1035 954 u
1056 922 1107 960 ut
1131 915 1209 960 illa
1226 914 1361 972 Virgo
1380 915 1435 959 ea
1456 915 1654 972 puritate
1686 915 1854 961 niteret
1879 919 1972 974 qua

77 977 228 1034 major
241 977 330 1023 sub
346 981 438 1023 Deo
456 978 617 1035 nequit
631 976 826 1033 intelligi
844 991 858 1023 z
882 997 902 1016 »
920 977 1045 1022 unde
1062 981 1110 1022 et
1128 978 1271 1032 (Cant.
1296 990 1356 1033 iv,
1378 979 1420 1030 7)
1437 977 1628 1022 dicitur:
1654 981 1764 1021 Tota
1771 978 1973 1034 pulchra

78 1048 142 1095 es,
163 1043 311 1084 amica
330 1053 447 1096 mea,
463 1042 507 1083 et
530 1039 712 1083 macula
731 1051 820 1081 non
837 1040 968 1082 estin
980 1045 1039 1083 te.
1058 1038 1144 1085 Sed
1160 1038 1309 1096 major
1324 1037 1501 1095 puritas
1516 1038 1681 1083 suisset
1694 1040 1742 1082 B.
1755 1037 1970 1095 Virginis,

78 1096 120 1143 si
143 1111 384 1157 uunquam
407 1101 564 1145 anima
583 1099 685 1157 eJus
706 1099 873 1145 fuisset
893 1099 1136 1157 inquinata
1157 1099 1371 1155 contagio
1394 1099 1630 1155 originalis
1645 1100 1835 1156 peccati.
1854 1103 1971 1158 Ergo

77 1157 167 1204 hoc
188 1159 231 1206 ei
258 1162 515 1218 praestitum
536 1162 623 1207 fuit
643 1166 695 1206 ut
715 1166 963 1218 antequam
983 1160 1264 1206 animaretur
1285 1172 1392 1205 caro
1412 1160 1515 1218 ejus
1536 1161 1914 1207 sanctificaretur.

133 1223 176 1266 3.
200 1224 438 1279 Praeterea,
464 1224 584 1268 siout
604 1223 778 1268 dictum
800 1226 872 1268 est
887 1224 989 1276 (art.
1015 1234 1172 1279 praec.,
1193 1233 1293 1278 arg.
1311 1223 1402 1266 Sed
1423 1225 1577 1280 cona),
1598 1235 1692 1267 non
1711 1223 1973 1270 celebratur

77 1280 248 1329 festum
273 1286 361 1331 nisi
381 1286 438 1331 de
459 1285 614 1343 aliquo
629 1289 806 1330 sancto.
824 1284 909 1329 Sed
930 1283 1117 1340 quidam
1140 1284 1375 1329 celebrant
1392 1284 1564 1329 festum
1584 1283 1902 1342 Conc'eptionis
1920 1288 1968 1331 B.

76 1343 291 1400 virginis.
321 1349 438 1404 Ergo
458 1347 641 1398 videtur
673 1345 797 1404 quod
833 1345 881 1390 in
903 1346 1003 1401 ipsa
1022 1358 1109 1390 sua
1141 1346 1446 1402 conceptione
1467 1346 1605 1390 fuerit
1626 1351 1808 1403 sancta3
1833 1354 1879 1393 et
1907 1346 1971 1392 ita

77 1404 329 1462 quodante
351 1408 682 1453 animationem
701 1407 840 1452 fuerit
861 1407 1160 1452 sanctificata.

132 1470 176 1512 4.
199 1469 440 1526 Praeoerea,
460 1469 706 1526 Apostolus
729 1469 837 1514 dicit
862 1471 1007 1523 (Rom.
1033 1483 1079 1523 11,
1103 1472 1173 1524 16)
1194 1485 1205 1513 ι
1228 1472 1277 1512 Si
1297 1469 1439 1511 radix
1458 1472 1634 1524 sancta,
1660 1472 1705 1512 et
1724 1472 1860 1514 rami.
1881 1471 1971 1514 Ra-

79 1527 155 1575 dix
184 1536 337 1576 autcm
365 1532 564 1576 filiorum
595 1538 707 1576 sunt
722 1536 941 1588 parentes
960 1543 1136 1576 eorum.
1163 1530 1315 1575 Potuit
1332 1542 1443 1587 ergo
1462 1533 1508 1574 B.
1532 1530 1668 1587 Virgo
1692 1528 1968 1576 sanctificari
2004 1545 2006 1547 ·

79 1591 217 1637 etiam
237 1592 285 1637 in
309 1594 408 1638 suis
428 1594 701 1651 parentibus
723 1597 828 1637 ante
850 1593 1194 1638 animationem.

135 1653 222 1698 Sed
254 1658 413 1698 contra
436 1659 508 1700 est
534 1655 658 1712 quod
678 1667 734 1700 ea
762 1667 866 1711 quae
889 1654 1078 1699 suerunt
1110 1654 1157 1698 in
1181 1653 1325 1698 veteri
1352 1654 1660 1709 Testamenta,
1691 1659 1800 1699 sunt
1821 1654 1971 1710 figura

81 1714 206 1772 novi,
226 1716 483 1762 secundum
507 1716 623 1762 illud
643 1718 691 1768 (Ι.
708 1718 808 1760 Cor.
829 1730 871 1771 x,
888 1718 982 1765 12):
1005 1719 1169 1760 Omnia
1186 1718 1234 1758 in
1248 1717 1398 1771 fiqura
1418 1715 1733 1771 continqebant
1753 1715 1858 1760 illis.
1882 1716 1971 1761 Sed

82 1783 164 1830 per
181 1778 587 1823 sanctificationem
607 1776 890 1822 tabernaculi
919 1777 977 1822 de
994 1789 1086 1834 qua
1108 1777 1275 1821 dicitur
1290 1776 1423 1830 (Psal.
1442 1790 1542 1830 xiv,
1561 1777 1604 1832 5)
1625 1789 1636 1819 ε
1658 1779 1972 1832 sanctificavit

63 1883 73 1889 Q
84 1836 424 1882 tabernaculum
444 1852 574 1883 suum
597 1841 877 1895 Altissz'mus,
901 1838 1086 1883 videtur
1107 1837 1358 1895 significari
1382 1837 1686 1882 sanctificatio
1707 1839 1871 1883 matris
1893 1841 1968 1885 Dei

83 1900 189 1953 quae
214 1898 563 1945 tabernaculum
582 1900 660 1944 Dei
683 1900 864 1953 dicitur,
884 1899 1143 1944 secundum
1160 1899 1274 1944 illud
1297 1901 1383 1953 (Ps.
1401 1913 1522 1955 xvm,
1543 1901 1585 1953 6)
1603 1915 1614 1942 ε
1641 1903 1696 1942 ln
1713 1901 1806 1944 sole
1821 1907 1971 1958 posuit

84 1959 422 2005 tabernaculum
448 1974 607 2005 suum.-
631 1961 688 2005 de
714 1960 1009 2005 tabernaculo
1035 1967 1190 2005 autem
1221 1960 1388 2004 dicitur
1415 1959 1573 2014 (Exod.
1604 1958 1686 2004 ult.
1710 1962 1810 2016 31):
1844 1966 1970 2006 Post-

82 2032 218 2074 quam
235 2026 397 2066 cuncta
415 2026 618 2079 perfecta
628 2026 748 2078 sunt,
766 2025 940 2079 operuit
962 2023 1095 2066 nubes
1118 2022 1457 2066 tabernaculum
1476 2023 1733 2075 testimonii,
1758 2026 1802 2065 et
1820 2024 1969 2079 qloricz

80 2084 261 2126 Domini
287 2085 489 2140 implevit
510 2085 644 2128 illud.
680 2086 798 2139 Ergo
819 2083 958 2129 etiam
986 2084 1120 2129 beata
1147 2083 1283 2139 Virgo
1316 2095 1409 2127 non
1438 2083 1526 2126 fuit
1554 2083 1855 2143 sanctificata,
1880 2086 1967 2132 nisi

45 2180 48 2187 .
80 2147 324 2200 postquam
339 2150 507 2189 cuncta
522 2145 624 2202 ejus
644 2145 846 2201 perfecta
865 2150 990 2200 sunt,
1008 2145 1184 2189 seilicet
1202 2149 1246 2188 ct
1265 2156 1434 2200 corpus
1447 2147 1493 2187 et
1509 2143 1680 2188 anima.

39 2226 42 2229 ⁴
126 2217 416 2259 CONCLUSIO.
433 2242 482 2248 -
497 2218 600 2260 Οὺηι
616 2219 730 2259 beata
749 2219 871 2269 Virgo
887 2219 1162 2271 redemptione
1177 2223 1216 2259 et
1229 2219 1375 2268 salute,
1391 2229 1483 2269 quae
1500 2229 1570 2269 per
1587 2217 1798 2259 Christum
1811 2222 1887 2269 est,
1906 2220 1968 2261 in-

81 2270 277 2323 diguerit3
298 2274 464 2314 nonnisi
480 2279 568 2326 post
587 2274 884 2314 animationem
908 2274 1160 2314 sanctificata
1177 2273 1271 2313 fuit.

137 2336 402 2393 Respondeo
424 2337 671 2382 dicendum
689 2336 814 2393 quod
834 2337 1136 2382 sanctificatio
1158 2336 1305 2380 beatae
1325 2334 1525 2390 Virginis
1548 2346 1642 2378 non
1661 2339 1814 2391 potest
1827 2335 1968 2381 intel-

81 2394 159 2453 ligi
188 2401 296 2443 ante
318 2398 420 2455 eJus
453 2397 782 2443 animationem
803 2398 973 2455 duplici
997 2398 1171 2442 ratione
1191 2412 1202 2440 ε
1227 2396 1376 2454 primo
1398 2395 1602 2452 quidem,
1635 2396 1743 2452 qula
1762 2397 1968 2443 sanctifi-

81 2457 198 2503 catio
226 2459 284 2504 de
302 2472 393 2516 qua
415 2460 650 2517 loquimur
680 2472 773 2504 non
794 2464 868 2505 est
896 2459 984 2504 nisi
1015 2458 1283 2504 emundatio
1309 2458 1337 2502 a
1358 2463 1548 2514 peccato
1569 2458 1805 2515 originali3
1829 2472 1969 2505 sancm

81 2519 187 2565 titas
203 2521 327 2566 enim
349 2527 421 2566 est
440 2522 641 2579 perfecta
655 2522 898 2577 munditia,
930 2525 983 2566 ut
997 2521 1243 2579 Dionysius
1265 2520 1375 2566 dicit
1394 2523 1470 2574 (De
1491 2519 1659 2564 divinis
1683 2521 1964 2579 nominibus,

80 2593 181 2638 cap.
200 2585 273 2642 12,
300 2595 464 2639 parum
486 2583 514 2627 a
534 2583 716 2640 princ.).
740 2584 883 2641 Culpa
902 2588 1057 2628 autem
1086 2595 1181 2627 non
1201 2587 1354 2640 potest
1382 2581 1622 2627 emundari
1648 2581 1735 2626 nisi
1758 2595 1840 2638 per
1859 2595 1968 2640 gra-

81 2642 214 2700 tiam,
238 2644 374 2700 cujus
389 2645 647 2701 subjectum
668 2650 739 2690 est
757 2645 855 2690 sola
875 2649 1088 2690 creatura
1102 2644 1354 2689 rationalis.
1372 2646 1426 2688 Et
1444 2644 1546 2688 ideo
1562 2647 1667 2687 ante
1685 2644 1965 2690 infusionem

81 2703 246 2749 animae
266 2705 500 2751 rationalis
517 2706 651 2750 beata
670 2706 805 2762 Virgo
828 2706 1113 2751 sanctificata
1135 2717 1229 2749 non
1247 2705 1350 2749 fuit.
1371 2704 1597 2759 Secundo,
1618 2704 1728 2760 quia
1746 2705 1853 2749 cum
1868 2707 1967 2751 sola

81 2771 287 2810 creatura
308 2766 544 2812 rationalis
561 2767 622 2812 sit
639 2768 904 2825 susceptiva
924 2768 1091 2824 culpae,
1115 2772 1224 2811 ante
1243 2766 1523 2810 infusionem
1546 2766 1713 2809 animae
1730 2766 1964 2814 rationalis

82 2824 232 2879 proles
252 2832 472 2884 concepta
495 2840 590 2873 non
608 2833 680 2874 est
701 2828 850 2886 culpae
865 2828 1083 2873 obnoxia.
1106 2830 1159 2872 Et
1179 2827 1219 2872 si
1238 2838 1534 2883 quocumque
1569 2826 1709 2871 modo
1740 2830 1848 2872 ante
1867 2828 1964 2872 ani—

81 2885 328 2931 mationem
358 2889 492 2933 beata
510 2889 645 2947 Virgo
663 2890 946 2934 sanctificata
968 2890 1149 2946 fuisset,
1174 2899 1418 2944 nunquam
1442 2887 1713 2932 incurrisset
1736 2889 1965 2934 maculam

81 2946 317 3002 originalis
335 2948 501 3006 culpae,
523 2951 650 2996 etita
673 2963 767 2997 non
789 2951 1066 3008 indiguisset
1079 2950 1396 3006 redemptione
1418 2953 1464 2993 et
1487 2949 1653 3005 salute,
1675 2960 1780 3005 quae
1798 2954 1869 2994 est
1885 2963 1965 3007 per

79 3007 324 3064 Christum,
341 3009 400 3054 de
427 3021 519 3066 quo
540 3010 706 3056 dicitur
730 3013 899 3069 (Matth.
931 3027 960 3069 1,
985 3015 1056 3067 21)
1076 3028 1088 3057 ι
1121 3015 1222 3068 Ipse
1243 3010 1417 3054 salvum
1439 3011 1579 3064 saciet
1598 3010 1816 3066 populum
1836 3024 1965 3056 suum

78 3069 110 3111 ὰ
119 3071 318 3124 peccatis
333 3083 499 3114 eorum.
513 3073 605 3115 Hoc
618 3078 772 3117 autem
786 3074 1121 3119 inconveniens
1130 3077 1202 3118 est
1217 3071 1342 3129 quod
1357 3071 1562 3116 Christus
1577 3083 1671 3115 non
1684 3072 1744 3116 sit
1762 3072 1966 3120 Salvator

80 3130 289 3177 omnium
324 3132 580 3188 hominum,
610 3139 664 3177 ut
691 3133 858 3179 dicitur
887 3137 936 3190 (1.
965 3135 1159 3180 Timoth.
1192 3136 1267 3189 ιν).
1293 3156 1348 3166 -
1376 3132 1504 3177 Unde
1531 3132 1808 3190 relinquitur
1839 3134 1964 3192 quod

79 3193 381 3238 sanctificatio
398 3196 446 3239 B.
467 3194 665 3251 Virginis
682 3196 819 3240 fuerit
836 3202 943 3253 post
960 3197 1062 3254 eJus
1084 3195 1431 3241 animationem.

133 3255 201 3300 Ad
232 3259 433 3312 primum
455 3268 566 3312 ergo
589 3256 853 3313 dicendum,
881 3259 1006 3314 qued
1028 3258 1247 3302 Dominus
1276 3257 1403 3311 dicit„
1427 3261 1534 3302 ante
1559 3257 1883 3302 formationem
1915 3258 1963 3301 in

78 3318 209 3360 utero
238 3328 288 3361 se
307 3316 546 3362 Jeremiam
569 3316 771 3374 novisse,
793 3318 955 3362 notitia
985 3319 1159 3364 scilicet
1187 3317 1628 3375 praedestinationis3
1661 3318 1745 3363 sed
1766 3316 1965 3363 sanctifi-

79 3451 119 3487 B.
134 3451 305 3493 Virgini„
327 3453 345 3486 a
362 3459 455 3495 parte
477 3454 661 3493 posteriore
680 3454 765 3489 hanc
780 3454 972 3495 inscriptio·
1058 3462 1134 3489 Plvs
1161 3462 1205 3489 1¹.
1232 3463 1265 3489 Ρ.
1282 3463 1315 3489 u.
1330 3463 1374 3489 Ex
1387 3463 1467 3490 Avu.
1484 3462 1684 3489 AVSTRAMAE
1704 3459 1873 3487 mumi‘rus
1893 3458 1962 3486 8181

0 3534 7 3539 ,
81 3509 159 3534 nem
189 3499 322 3534 exhibet
357 3513 364 3534 :
398 3508 519 3535 mmm
552 3510 627 3536 ειη
664 3510 751 3536 uni:
781 3509 974 3537 concerni
1058 3510 1206 3538 oatms
1219 3511 1301 3538 cvm
1320 3511 1436 3538 svssn·
1456 3505 1962 3537 stx'r01nvsnnc.mncoe1.=v.

298 3564 367 3596 νε.
1702 3559 1726 3597 8
