2170 3808
642 159 841 210 QUAEST.
872 158 1014 208 LXVI,
1041 157 1159 200 ART.
1189 156 1244 198 111
1273 155 1338 197 ΕΤ
1374 155 1439 198 lv.
1910 154 1985 196 561

100 245 238 300 med.)
262 258 273 286 ε
301 262 320 282 ιι
344 246 453 297 Quae
476 242 533 287 de
553 241 801 285 Salvatoris
820 240 1098 296 baptismate
1117 235 1377 287 benedictio
1404 234 1555 290 fluxit,
1577 232 1799 290 tanquam
1821 232 1990 277 fluvius

102 305 349 362 spiritualis
367 338 379 362 ,
403 303 613 348 omnium
643 301 880 358 gurgitum
904 306 1105 352 tractus,
1139 298 1467 342 universorum
1503 295 1702 340 fontium
1729 307 1873 339 venas
1900 293 1991 338 im-

135 367 257 412 levit.
281 386 300 405 »

101 379 132 423 p
156 428 446 484 Adqm'ntum
473 424 722 470 dicendum
739 458 750 479 ,
783 423 907 481 qued
929 422 1006 467 illa
1028 420 1288 466 benedictio
1310 432 1416 476 quae
1437 418 1683 464 adhibetur
1710 430 1869 474 aquae,
1895 430 1985 462 non

101 492 175 532 est
193 488 250 533 de
272 488 547 533 necessitate
567 485 804 542 baptismi,
831 484 914 529 sed
938 484 1136 540 pertinet
1162 481 1222 526 ad
1241 481 1493 537 quamdam
1521 479 1863 524 solemnitatem
1877 511 1889 535 ,
1908 490 1989 535 per

102 560 241 605 quam
261 550 487 594 excitatur
507 547 692 592 devotio
715 546 936 600 fidelium,
966 550 1010 588 et
1028 542 1279 599 impeditur
1301 542 1470 585 astutia
1489 541 1732 600 daemonis,
1756 553 1816 585 ne
1839 541 1988 598 impe-

103 610 197 656 diat
212 611 428 667 baptismi
451 610 669 654 effectum
684 611 757 664 (1).

202 673 540 716 ARTlcULUS
566 673 648 714 IV.
672 695 726 701 —
745 683 881 714 uranu
898 682 950 712 an
972 679 1198 711 mensuum
1218 678 1475 715 anemurum
1491 666 1599 714 AQuA
1623 678 1796 708 smrnnx
1817 666 1891 720 (2).

309 741 357 774 De
374 739 427 774 his
444 738 545 773 etiam
563 739 656 772 Sent.
673 746 722 777 lv.
745 737 823 772 dist.
835 739 869 780 5,
882 741 947 771 art.
961 737 995 778 5,
1012 738 1130 776 quaest.
1147 742 1188 775 n,
1203 737 1237 768 et
1252 734 1349 768 Cont.
1371 737 1462 774 gent.
1482 732 1546 767 lib.
1566 740 1615 774 lv,
1635 744 1707 774 cap.
1725 733 1780 768 58.

156 794 222 839 Ad
244 798 460 850 quartum
485 794 553 838 sic
572 792 850 849 proceditur.
873 795 914 835 1.
938 790 1124 835 Videtur
1143 788 1268 846 quod
1284 788 1344 833 ad
1362 787 1646 844 baptismum
1666 799 1758 831 non
1778 787 1985 844 requira-

105 860 184 900 tur
202 868 323 912 aqua
346 855 558 911 simplex.
579 857 708 911 Aqua
731 854 856 898 enim
876 863 982 909 quae
1000 851 1125 908 apud
1143 863 1230 894 nos
1249 855 1335 906 est,
1359 862 1453 893 non
1474 854 1546 893 est
1563 862 1684 906 aqua
1703 862 1844 906 pura,
1864 848 1988 905 quod

101 918 334 974 praecipue
350 922 542 973 apparet
561 916 624 961 de·
641 928 761 972 aqua
784 915 943 968 maris,
967 914 1015 957 in
1038 926 1131 969 qua
1152 912 1406 969 plurimum
1429 911 1712 955 admiscetur
1733 910 1790 955 de
1819 915 1988 954 terres-

102 979 177 1034 tri,
202 983 256 1024 ut
273 983 398 1034 patet
417 991 499 1034 per
520 978 845 1033 Philosophum
866 979 1062 1030 (Meteor.
1086 974 1165 1018 lib.
1185 989 1230 1029 ιι,
1253 986 1355 1028 cap.
1381 976 1437 1027 3).
1461 976 1514 1017 Et
1530 979 1684 1017 tamen
1704 973 1751 1016 in
1771 972 1848 1016 tali
1867 985 1987 1029 aqua

102 1045 255 1098 potest
272 1041 371 1085 fieri
395 1040 672 1096 baptismus.
698 1041 815 1095 Ergo
834 1050 927 1082 non
946 1036 1199 1094 requiritur
1219 1047 1341 1091 aqua
1361 1035 1558 1091 simplex
1586 1040 1633 1079 et
1652 1047 1770 1091 pura
1791 1035 1850 1078 ad
1873 1034 1988 1091 bap-

102 1101 309 1146 tisinum.

157 1167 200 1208 2.
229 1166 468 1221 Praeterea,
491 1162 539 1206 in
560 1161 756 1206 solemni
776 1160 1087 1205 celebratione
1109 1157 1327 1214 baptismi
1346 1170 1481 1212 aquae
1499 1157 1760 1201 infunditur
1769 1157 1985 1202 chrisma.

104 1225 191 1270 Sed
222 1226 310 1270 hoc
342 1224 525 1269 videtur
545 1223 768 1279 impedire
800 1221 1049 1277 puritatem
1085 1223 1132 1263 et
1165 1218 1508 1274 simplicitatem
1536 1230 1687 1274 aquae.
1720 1220 1839 1274 Ergo
1866 1231 1988 1275 aqua

102 1298 219 1342 pura
239 1291 284 1330 et
301 1285 496 1341 simplex
520 1296 612 1327 non
635 1282 884 1339 requiritur
903 1282 962 1326 ad
980 1281 1280 1337 baptismum.

156 1349 201 1392 3.
231 1349 469 1401 Praeterea‚
486 1357 607 1401 aqua
622 1344 774 1388 fluens
789 1343 846 1388 de
867 1343 1010 1387 latere
1027 1341 1191 1386 Christi
1210 1341 1458 1397 pendentis
1477 1340 1524 1383 in
1541 1351 1680 1384 cruce
1695 1339 1783 1383 fuit
1800 1341 1987 1396 signum

102 1407 336 1465 baptismi,
358 1412 412 1452 ut
430 1407 604 1451 dictum
625 1411 696 1450 est
724 1408 824 1460 (art.
853 1418 989 1461 praec.
1018 1404 1075 1448 ad
1095 1407 1155 1459 3).
1181 1403 1264 1447 Sed
1287 1415 1407 1458 aqua
1430 1402 1508 1445 illa
1531 1414 1623 1445 non
1644 1401 1827 1445 videtur
1845 1403 1987 1448 fuisse

104 1483 224 1528 aqua
243 1483 373 1527 pura,
396 1469 449 1514 θὸ
469 1468 593 1525 quod
613 1468 659 1512 in
687 1481 880 1523 corpore
899 1467 1072 1524 mixto,
1097 1464 1361 1523 quusmodi
1381 1464 1468 1508 fuit
1492 1477 1661 1520 corpus
1682 1464 1866 1518 Christi,
1892 1477 1985 1510 non

104 1537 215 1578 sunt
238 1522 465 1578 elementa
488 1532 535 1575 in
561 1535 684 1575 actu.
712 1533 830 1586 Ergo
850 1529 1033 1574 videtur
1062 1528 1187 1586 quod
1210 1540 1304 1571 non
1335 1526 1599 1583 requiratur
1628 1538 1748 1583 aqua
1775 1539 1893 1583 pura
1913 1530 1987 1573 vel

105 1594 302 1651 simplex
326 1594 384 1639 ad
403 1594 702 1648 baptismum.

160 1660 203 1702 4.
235 1659 478 1711 Praeterea,
497 1655 707 1699 lixivium
729 1667 823 1698 non
845 1654 1031 1699 videtur
1047 1665 1152 1698 esse
1172 1665 1294 1709 aqua
1320 1664 1437 1709 pura
1457 1666 1470 1695 ε
1494 1650 1630 1694 habet
1653 1650 1777 1696 enim
1800 1655 1987 1696 contra-

107 1717 201 1764 rias
224 1718 529 1774 proprietates
561 1719 619 1771 (3)
645 1729 801 1772 aquae,
832 1716 1008 1760 scilicet
1036 1714 1336 1759 calefaciendi
1365 1717 1411 1757 et
1438 1712 1718 1758 desiccandi.
1751 1715 1802 1758 Et
1830 1718 1984 1759 tamen

107 1780 155 1824 in
175 1780 335 1824 lixivio
353 1779 535 1824 videtur
557 1790 694 1834 posse
713 1778 811 1821 fieri
830 1777 1091 1833 baptismus
1105 1810 1117 1831 ,
1141 1776 1262 1820 sicut
1281 1779 1326 1819 et
1349 1773 1397 1818 in
1418 1773 1552 1830 aquis
1572 1773 1861 1829 balneorum,
1882 1787 1986 1832 quae

107 1845 348 1886 transeunt
370 1852 454 1896 per
472 1852 614 1885 venas
635 1838 926 1894 sulphureas,
943 1839 1060 1882 sicut
1079 1842 1124 1882 et
1138 1837 1348 1881 lixivium
1363 1835 1539 1880 colatur
1553 1847 1636 1891 per
1652 1835 1847 1881 cineres.
1868 1839 1989 1894 Ergo

107 1902 291 1947 videtur
312 1901 436 1959 quod
455 1914 577 1958 aqua
596 1901 789 1957 simplex
811 1913 904 1943 non
927 1900 1189 1956 requiratur
1211 1899 1270 1943 ad
1289 1898 1587 1954 baptismum.

161 1967 205 2009 5.
237 1966 475 2021 Praeterea,
497 1976 554 2020 aq
562 1975 618 2007 ua
637 1974 827 2007 rosacea
847 1963 899 2006 fit
916 1975 999 2019 per
1022 1960 1396 2006 sublimationem
1421 1961 1479 2013 (4)
1499 1958 1526 2001 a
1545 1958 1687 2018 rosis,
1705 1958 1828 2004 sicut
1847 1958 1985 2004 etiam

105 2036 239 2081 aquae
266 2025 517 2084 alchimicae
535 2027 816 2080 generantur
840 2036 923 2079 per
948 2022 1321 2067 sublimationem
1345 2020 1404 2064 ab
1432 2019 1666 2076 aliquibus
1697 2020 1984 2076 corporibus.

107 2086 191 2131 Sed
216 2086 263 2129 in
281 2086 354 2130 his
375 2085 525 2142 aquis,
543 2089 597 2129 ut
613 2085 812 2141 videtur,
836 2089 987 2141 potest
1007 2083 1105 2128 fieri
1132 2082 1411 2139 baptismus,
1441 2081 1562 2125 sicut
1591 2085 1637 2125 et
1655 2080 1703 2124 in
1723 2080 1857 2138 aquis
1880 2081 1986 2138 plu-

109 2147 306 2191 vialibus
327 2159 431 2203 quae
453 2158 536 2202 per
557 2145 932 2190 sublimationem
955 2157 1180 2202 vaporum
1200 2146 1499 2200 generantur.
1519 2144 1631 2186 Gum
1660 2141 1802 2198 igitur
1819 2142 1986 2199 hujus-

107 2208 232 2253 modi
255 2220 388 2264 aquae
406 2219 498 2250 non
520 2207 614 2250 sint
631 2219 761 2262 purae
779 2211 824 2250 et
842 2205 1092 2263 simplices,
1118 2205 1294 2249 videtur
1312 2202 1437 2260 quod
1455 2215 1575 2259 aqua
1593 2215 1709 2260 pura
1726 2208 1773 2248 et
1790 2204 1984 2261 simplex

108 2281 203 2314 non
224 2269 484 2326 requiratur
504 2269 563 2314 ad
583 2269 880 2324 baptismum.

163 2331 249 2376 Sed
271 2334 429 2374 contra
457 2330 670 2387 estquod
694 2331 878 2386 propria
899 2329 1094 2375 materia
1127 2327 1345 2385 baptismi
1377 2330 1447 2371 est
1468 2338 1590 2383 aqua
1604 2359 1617 2383 ,
1637 2330 1692 2371 ut
1713 2326 1888 2372 dictum
1914 2333 1984 2374 est

109 2395 212 2448 (art.
231 2394 407 2450 praec.).
438 2392 525 2437 Sed
557 2392 915 2449 speciemxaquae
944 2404 1037 2436 non
1070 2390 1208 2435 habet
1235 2389 1322 2434 nisi
1347 2400 1467 2445 aqua
1488 2388 1699 2445 simplex.
1722 2391 1842 2446 Ergo
1863 2402 1984 2449 aqua

107 2465 227 2511 pura
246 2457 293 2497 et
314 2452 509 2510 simplex
529 2452 588 2498 de
606 2452 881 2497 necessitate
902 2452 1153 2509 requiritur
1175 2451 1234 2495 ad
1254 2450 1554 2506 baptismum.

155 2521 445 2563 OONCLUSIO.
470 2542 517 2550 —
546 2521 593 2560 ln
613 2531 871 2571 quacumque
898 2532 1003 2572 aqua
1034 2518 1413 2571 quomodocumque
1434 2520 1732 2567 transmutata,
1759 2517 1985 2559 dummodo

109 2585 194 2616 non
205 2574 387 2616 solvatur
398 2575 548 2626 species
562 2578 832 2627 aquae,potest
845 2576 933 2615 fieri
944 2575 1188 2627 baptismus.
1965 2600 1968 2604 -

165 2637 432 2694 Respondeo
451 2637 698 2682 dicendum
717 2636 841 2694 quod
862 2650 981 2694 aqua
997 2648 1131 2681 suam
1149 2634 1395 2692 puritatem
1410 2638 1457 2678 et
1474 2633 1813 2690 simplicitatem
1831 2638 1983 2691 potest

112 2699 321 2744 amittere
341 2698 611 2754 dupliciter:
631 2711 727 2742 uno
745 2699 884 2743 modo
903 2711 984 2754 per
999 2698 1268 2742 mixtionem
1287 2695 1474 2739 alterius
1490 2695 1717 2751 corporis3
1741 2694 1831 2739 alio
1843 2696 1982 2740 modo

100 2772 194 2818 ,per
213 2759 544 2805 alterationem.
569 2761 822 2817 Utrumque
841 2765 997 2805 autem
1025 2760 1190 2804 horum
1215 2756 1441 2813 contingit
1459 2756 1558 2800 fieri
1577 2756 1836 2813 dupliciter,
1855 2756 1983 2801 scili-

112 2826 187 2867 cet
202 2835 286 2879 per
302 2826 447 2866 artem
466 2826 512 2866 et
527 2833 610 2877 per
627 2826 858 2868 naturam.
874 2826 957 2867 Ars
972 2826 1128 2866 autem
1144 2819 1296 2865 deficit
1309 2819 1368 2863 ab
1386 2818 1651 2876 operatione
1664 2822 1856 2874 naturae,
1872 2818 1982 2875 quia

112 2889 278 2929 natura
298 2884 377 2928 dat
394 2883 588 2927 formam
606 2882 975 2942 substantialem,
995 2882 1120 2940 quod
1139 2894 1216 2926 ars
1235 2881 1386 2925 facere
1405 2892 1500 2924 non
1520 2884 1693 2936 potest3
1712 2878 1797 2924 sed
1817 2891 1981 2925 omnes

113 2945 270 2992 formae
287 2944 545 2989 artificiales
567 2951 678 2989 sunt
696 2945 1017 3001 accidentales,
1039 2943 1129 2989 nisi
1146 2943 1264 2988 forte
1282 2941 1556 3000 apponendo
1578 2941 1814 2998 proprium
1836 2953 1981 2998 agens

114 3007 172 3052 ad
199 3006 429 3064 propriam
460 3006 726 3062 materiam,
756 3007 877 3051 sicut
906 3007 1061 3064 ignem
1091 3004 1426 3059 combustibili3
1452 3015 1534 3060 per
1564 3014 1705 3060 quem
1736 3002 1924 3047 modum
1953 3004 1981 3047 a

112 3069 389 3126 quibusdam
404 3067 618 3125 quaedam
637 3067 852 3112 animalia
867 3081 950 3125 per
964 3067 1345 3125 putrefactionem
1361 3069 1656 3122 generantur.
1672 3066 1981 3122 Quaecumque

153 3196 198 3238 (4)
211 3197 302 3231 Hanc
313 3195 467 3230 Ecclesia
480 3195 610 3237 praxim
622 3194 772 3236 etlegem
787 3195 906 3230 utendi
916 3201 1002 3238 aqua
1125 3196 1168 3238 (2)
1185 3196 1280 3237 Aqua
1293 3194 1433 3236 simplex
1447 3205 1486 3229 ea
1502 3196 1551 3229 est
1561 3205 1634 3235 quoe
1652 3196 1807 3229 naturam
1824 3204 1883 3228 seu
1899 3203 1979 3234 spe·

114 3243 290 3279 Benedicta
314 3247 348 3277 et
368 3246 560 3277 consecrata
581 3242 617 3275 in
631 3242 797 3284 baptismo
817 3255 854 3277 ex
872 3248 1003 3285 aposto-
1085 3242 1171 3278 ciem
1187 3254 1279 3284 aquae
1294 3243 1508 3277 elementaris
1526 3242 1637 3276 habet.

113 3289 224 3326 lorum
259 3290 440 3325 traditione
468 3289 667 3325 descendere
697 3290 868 3332 colligitur
896 3303 933 3327 ex
964 3302 1004 3326 eo
1127 3292 1168 3332 (5)
1189 3289 1370 3329 Nicolaiuffi
1385 3290 1632 3335 pr⁰prietate⁸
1651 3289 1877 3324 contrarfl'as·

114 3339 203 3381 quod
221 3338 314 3374 illius
327 3338 466 3373 initium
489 3349 557 3373 non
573 3338 776 3374 inveniatur.
1127 3339 1171 3380 (14)
1189 3338 1238 3372 lta
1257 3338 1333 3373 Mss.
1349 3338 1500 3379 Terrae„
1521 3338 1651 3381 Alcan„
1667 3337 1790 3380 aliique
1803 3335 1886 3371 editi
1907 3346 1974 3377 pas-

1087 3385 1165 3422 sim.
1179 3385 1245 3428 AL,
1259 3385 1560 3422 subtiliationem.
