2170 3808
181 197 267 242 260
827 195 1024 248 QUAEST.
1053 193 1198 246 XXXI,
1226 192 1346 236 ART.
1375 191 1444 236 lv.

183 278 371 336 pientiae
392 292 467 335 vn,
491 280 589 333 25):
614 275 744 321 Nihil
774 277 1062 330 inquinatum
1095 276 1144 316 in
1176 272 1312 315 illam
1347 275 1560 317 incurrit.
1597 274 1718 329 Ergo
1740 271 1926 317 videtur
1958 273 2080 329 quod

185 352 281 385 non
301 339 512 387 debuerit
533 350 724 383 carnem
744 348 986 381 assumere
1000 335 1059 381 de
1080 334 1277 380 femina.

182 401 509 506 exsggcffizzra
529 403 601 444 est
615 398 739 456 quod
764 399 933 444 dicitur
951 398 1112 453 (Galat.
1134 410 1193 451 1v,
1218 398 1261 451 4)
1279 408 1291 439 t
1309 398 1436 440 Misit
1459 399 1579 440 Deus
1596 396 1743 452 filium
1763 408 1894 439 suum
1911 396 2083 448 sactum

229 537 516 579 CONCLUSIO.
533 557 581 565 —-
595 536 844 587 Quanquam
858 534 991 574 Filius
1011 533 1084 573 Dei
1105 532 1336 571 humanam
1351 531 1549 582 potuisset
1562 543 1725 573 sumere
1739 541 1903 578 carnem
1920 541 1968 570 ex
1983 540 2084 582 qua·

181 603 359 643 cumque
373 592 572 633 voluisset
586 591 772 640 materia,
799 590 939 631 decuit
959 594 1094 628 tamen
1126 591 1173 627 ut
1198 587 1248 627 de
1265 587 1422 626 femina
1440 588 1675 640 susciperet,
1698 587 1750 627 ad
1777 584 2082 626 nobilitandam

182 644 259 686 hoc
279 646 402 687 modo
427 650 556 687 totam
582 645 813 686 humanam
838 647 1058 692 naturam,
1087 645 1126 682 et
1154 642 1452 682 incarnationis
1474 643 1688 683 veritatem
1711 641 1874 682 firmius
1897 643 2083 681 astruen-

180 700 293 741 dam.

232 770 506 826 Respondeo
527 767 778 813 dicendum
811 766 937 823 qudd
959 766 1066 810 licet
1089 766 1232 810 Fifius
1248 766 1325 810 Dei
1348 778 1535 810 carnem
1559 767 1813 811 humanam
1840 776 2082 810 assumere

178 833 383 890 potuerit
405 833 463 878 de
495 842 791 889 quacumque
813 829 1010 874 materia
1032 828 1272 885 voluisset,
1296 829 1789 874 convenientissimum
1812 834 1970 873 tamen
1993 827 2081 874 fuit

178 898 232 939 ut
254 895 312 940 de
329 894 504 939 semina
525 904 714 938 carnem
734 892 981 948 acciperet.
1005 890 1156 935 Primo
1176 890 1380 948 quidem,
1407 890 1516 949 quia
1538 904 1621 948 per
1642 892 1731 936 hoc
1754 895 1851 936 tota
1872 891 2080 935 humana

178 960 348 1001 natura
359 954 601 1000 nobilitata
616 957 705 999 est.
721 953 851 998 Unde
862 953 1152 1010 Augustinus
1165 953 1277 998 dicit
1294 952 1358 1008 (in
1370 952 1451 997 lib.
1465 955 1519 998 83
1535 956 1726 1010 Quaest.,
1740 965 1821 1010 qu.
1836 954 1907 1007 11)
1920 965 1932 996 :
1953 969 1973 990 α
1989 954 2081 996 Ho-

176 1017 319 1062 minis
341 1016 553 1062 liberatio
575 1016 623 1060 in
642 1020 844 1073 utroque
866 1028 983 1061 sexu
1002 1014 1162 1060 debuit
1183 1027 1422 1072 apparere.
1446 1018 1566 1071 Ergo
1589 1015 1699 1073 quia
1720 1015 1874 1060 virum
1894 1018 2079 1070 oporte-

177 1074 259 1123 bat
280 1079 549 1136 suscipere,
588 1078 669 1135 qui
702 1089 845 1122 sexus
874 1076 1191 1121 honorabilior
1223 1080 1325 1133 est,
1358 1076 1646 1122 conveniens
1670 1082 1769 1121 erat
1803 1082 1858 1121 ut
1887 1075 2076 1120 feminei

176 1144 319 1185 sexus
341 1140 550 1186 liberatio
581 1140 690 1185 hinc
721 1143 988 1197 appareret,
1007 1139 1142 1195 lquod
1171 1138 1247 1184 ille
1276 1138 1349 1183 vir
1377 1138 1436 1184 de
1467 1139 1642 1183 semina
1674 1147 1815 1183 natus
1844 1142 1933 1184 est.
1955 1156 1975 1176 n
2000 1139 2078 1182 Se·

175 1201 347 1259 cundo,
369 1202 478 1260 quia
499 1214 583 1259 per
604 1203 694 1247 hoc
714 1202 886 1247 veritas
909 1201 1246 1246 incarnationis
1265 1200 1537 1246 adstruitur.
1566 1200 1696 1246 Unde
1715 1199 1987 1244 Ambrosius
2005 1198 2079 1244 di-

173 1263 237 1309 cit
254 1265 318 1321 (in
340 1265 425 1311 lib.
442 1268 505 1310 De
524 1264 754 1309 incarnat.
781 1276 884 1321 cap.
906 1267 962 1319 5,
986 1262 1110 1308 circa
1135 1263 1277 1319 med.)
1299 1275 1310 1307 ε
1338 1281 1357 1301 «
1379 1263 1517 1308 Multa
1539 1263 1587 1307 in
1615 1263 1795 1307 Christo
1816 1261 2077 1307 secundum

173 1330 391 1371 naturam
411 1326 625 1372 invenies
651 1331 697 1371 et
718 1326 841 1371 ultra
864 1329 1107 1379 naturam3
1133 1325 1396 1371 secundum
1415 1324 1728 1370 conditionem
1753 1324 1925 1369 etenim
1942 1327 2075 1368 natu-

173 1401 243 1434 rae
263 1388 314 1433 in
339 1393 472 1435 utero
488 1422 501 1445 ,
533 1388 721 1434 feminei
742 1388 919 1433 scilicet
940 1386 1148 1445 corporis
1162 1420 1175 1441 ,
1195 1387 1306 1443 fuit,
1329 1386 1414 1432 sed
1444 1399 1588 1443 supra
1610 1386 1925 1432 conditionem
1945 1385 2077 1442 virgo

172 1451 404 1508 concepit,
428 1451 561 1507 virgo
585 1450 855 1508 generavitz,
876 1454 929 1495 ut
950 1450 1165 1495 crederes
1187 1449 1298 1506 quia
1323 1453 1444 1494 Deus
1466 1453 1591 1506 erat,
1621 1449 1702 1506 qui
1724 1448 1977 1493 innovabat
1995 1461 2077 1492 na·

174 1514 343 1569 turam,
366 1517 412 1557 et
438 1513 578 1557 homo
601 1517 718 1569 erat,
740 1511 821 1569 qui
847 1511 1108 1556 secundum
1133 1517 1349 1556 naturam
1373 1511 1656 1555 nascebatur
1676 1522 1734 1554 ex
1755 1509 1960 1554 homine.
1980 1527 2001 1548 »
2023 1511 2077 1554 Et

170 1575 462 1630 Augustinus
492 1575 604 1620 dicit
635 1575 686 1619 in
710 1574 844 1631 epist.
870 1574 929 1619 ad
950 1573 1250 1619 Volusianum
1270 1575 1387 1630 (137,
1413 1574 1473 1618 al.
1499 1576 1525 1618 3
1542 1609 1553 1628 ‚
1579 1576 1748 1630 parum
1769 1575 1879 1617 ante
1897 1572 2073 1628 med.):

175 1653 195 1673 «
218 1637 262 1681 Si
294 1637 591 1694 omnipotens
619 1641 741 1683 Deus
765 1636 1001 1681 hominem
1035 1637 1323 1694 ubicumque
1359 1636 1611 1681 formatum
1641 1647 1737 1679 non
1770 1646 1828 1680 ex
1862 1638 2076 1680 materno

171 1702 306 1743 utero
346 1703 554 1756 crearet,
596 1699 679 1744 sed
711 1698 1008 1756 repentinum
1041 1698 1230 1743 inferret
1273 1697 1542 1755 aspectibus
1561 1733 1571 1751 ‚
1607 1708 1765 1741 nonne
1807 1695 2073 1753 opinionem

169 1760 469 1805 confirmaret
486 1761 683 1817 erroris,
700 1773 788 1806 nec
820 1761 1058 1805 hominem
1088 1772 1253 1804 verum
1284 1759 1551 1817 suscepisse
1575 1758 1668 1803 ullo
1699 1758 1840 1803 modo
1862 1758 2077 1804 credere-

170 1822 277 1867 tur?
315 1827 362 1867 et
382 1822 497 1867 dum
531 1823 690 1867 omnia
711 1823 986 1868 mirabiliter
1015 1822 1141 1878 facit,
1165 1822 1370 1867 auferret
1397 1821 1523 1879 quod
1551 1819 1912 1866 misericorditer
1939 1820 2076 1866 fecit?

167 1885 299 1930 Nunc
331 1885 443 1929 vero
473 1883 537 1929 ita
566 1884 688 1929 inter
716 1888 861 1929 Deum
896 1889 943 1929 et
973 1884 1210 1929 hominem
1239 1884 1466 1928 mediator
1489 1882 1721 1940 apparuit,
1756 1887 1808 1926 ut
1826 1881 1877 1927 in
1898 1881 2077 1928 unitate

104 1980 107 1983 .
168 1957 383 2001 personae
401 1945 628 2002 copulans
646 1949 895 2001 utramque
913 1950 1129 1989 naturam
1140 1977 1154 2001 ,
1172 1949 1219 1990 et
1237 1944 1374 1990 solita
1402 1943 1676 1989 sublimaret
1695 1942 1913 1998 insolitis,
1933 1947 1982 1989 et
2004 1944 2074 1988 in-

169 2007 303 2052 solita
325 2006 474 2051 solitis
501 2010 796 2063 temperaret.
822 2025 842 2045 »
865 2007 1030 2063 Tertio,
1049 2008 1160 2064 quia
1180 2020 1262 2064 per
1280 2007 1407 2051 hune
1430 2006 1623 2051 modum
1645 2004 1908 2062 completur
1921 2006 2076 2051 omnis

168 2069 414 2114 diversitas
431 2069 747 2126 generationis
767 2069 1001 2113 humanae.
1021 2072 1134 2113 Nam
1155 2070 1340 2126 primus
1355 2070 1496 2114 homo
1516 2067 1770 2125 productus
1794 2072 1942 2114 estex
1962 2068 2074 2113 limo

167 2135 304 2176 terrae
334 2131 437 2175 sine
466 2131 567 2175 viro
598 2135 644 2176 et
664 2131 865 2187 femina,
896 2134 991 2175 Eva
1013 2132 1373 2189 vero‘producta
1404 2139 1476 2176 est
1503 2142 1563 2175 ex
1600 2130 1700 2174 viro
1740 2130 1843 2175 sine
1883 2130 2071 2176 femina.

167 2191 253 2236 Alii
277 2192 389 2236 vero
410 2192 627 2237 homines
653 2196 914 2236 nascuntur
943 2204 1003 2237 ex
1021 2193 1122 2236 viro
1148 2198 1193 2237 et
1223 2191 1411 2237 femina.
1440 2191 1570 2236 Unde
1598 2191 1687 2237 hoc
1702 2196 1921 2249 quartum
1939 2193 2073 2249 quasi

166 2253 344 2298 Christo
367 2253 608 2310 proprium
642 2253 1019 2311 relinquebatur,
1042 2262 1095 2298 ut
1129 2254 1466 2311 produceretur
1495 2266 1554 2299 ex
1586 2253 1761 2298 femina
1780 2253 1886 2299 sine
1910 2253 2027 2299 viro.

221 2316 290 2362 Ad
307 2319 507 2372 primum
531 2328 645 2373 ergo
678 2316 948 2373 dicendum,
988 2316 1114 2373 qued
1136 2317 1247 2373 quia
1281 2329 1423 2362 sexus
1458 2316 1750 2361 masculinus
1773 2320 1844 2361 est
1876 2315 2076 2362 nobilior

165 2377 310 2434 quam
330 2377 578 2433 femineus,
601 2378 706 2423 ideo
727 2378 981 2422 humanam
1006 2385 1220 2423 naturam
1239 2378 1289 2422 in
1314 2378 1575 2423 masculino
1591 2390 1709 2423 sexu
1724 2378 1993 2435 assumpsit.
2011 2381 2074 2424 Ne

164 2445 320 2484 tamen
342 2451 484 2484 sexus
517 2439 751 2485 femineus
785 2444 1179 2493 contemneretur,
1214 2453 1478 2498 congruum
1514 2441 1603 2485 fuit
1636 2444 1691 2485 ut
1713 2451 1903 2485 carnem
1940 2452 2074 2490 assu?

164 2505 314 2547 meret
342 2501 401 2547 de
440 2503 630 2547 femina.
670 2502 800 2548 Unde
829 2504 1118 2559 Augustinus
1150 2503 1262 2549 dicit
1298 2504 1357 2559 [in
1395 2504 1477 2549 lib.
1516 2507 1580 2548 De
1614 2515 1765 2559 agone
1802 2502 2071 2558 christiane,

165 2575 268 2620 cap.
306 2566 377 2620 11,
425 2563 549 2608 circa
588 2563 732 2619 med.)
775 2577 787 2607 t
831 2565 1008 2610 «Nolite
1047 2565 1262 2622 vosipsos
1301 2571 1618 2620 contemnere,
1649 2564 1735 2609 viri
1779 2578 1792 2609 ε
1820 2564 1963 2609 Filius
1995 2565 2072 2610 Dei

164 2624 318 2669 virum
337 2626 558 2682 suscepit.
585 2627 731 2671 Nolite
752 2626 967 2683 vosipsas
990 2627 1515 2684 contemnere,.feminae
1545 2642 1556 2671 ε
1580 2627 1720 2672 Filius
1739 2627 1817 2672 Dei
1838 2631 1980 2672 natus
2002 2632 2074 2672 est

164 2698 223 2731 ΘΧ
248 2687 438 2731 femina.
457 2706 476 2726 »

218 2748 287 2794 Ad
305 2749 547 2792 secundum
570 2749 838 2805 dicendum,
858 2749 1001 2806 quod,
1020 2749 1142 2794 sicut
1161 2749 1452 2806 Augustinus
1473 2749 1586 2795 dicit
1604 2751 1789 2804 (Contra
1810 2752 1964 2794 Faust.
1989 2749 2072 2793 lib.

164 2824 281 2867 xxm,
296 2823 399 2867 cap.
414 2812 485 2867 10,
502 2814 610 2855 ante
624 2810 786 2866 med.),
799 2810 880 2867 qui
891 2810 978 2855 hac
991 2811 1252 2867 objectione
1261 2811 1501 2856 utebatur:
1523 2828 1543 2849 «
1555 2813 1654 2856 Non
1665 2810 1821 2868 plane,
1834 2809 1987 2868 inquit
1995 2812 2071 2866 (1),
2103 2815 2107 2819 '

164 2872 388 2917 catholica
410 2871 544 2930 fideS,
564 2885 670 2930 quae
701 2872 933 2917 Christum
955 2873 1031 2917 Dei
1051 2874 1215 2918 Filium
1239 2877 1402 2919 natum
1433 2872 1693 2918 secundum
1715 2884 1906 2918 carnem
1926 2873 2074 2919 credit

163 2946 218 2979 ex
253 2935 449 2991 virgine,
473 2934 571 2979 ullo
589 2934 729 2980 mo'do
751 2935 970 2980 eumdem
997 2935 1074 2980 Dei
1115 2936 1278 2980 Filium
1301 2935 1370 2981 sic
1400 2935 1450 2980 in
1477 2939 1611 2981 utero
1632 2935 1844 2981 mulieris
1876 2934 2074 2980 includit

163 2998 297 3054 quasi
320 3003 451 3041 extra
475 3009 568 3042 non
592 2998 669 3053 sit,
686 2997 821 3054 quasi
839 2997 947 3042 coeli
963 3002 1009 3043 et
1022 3002 1157 3042 terrae
1175 2998 1627 3045 administrationem
1647 2997 1919 3056 deseruerit,
1940 2997 2073 3054 quasi

163 3058 192 3102 a
216 3061 346 3103 Patre
377 3060 638 3105 recesserit.
678 3060 766 3105 Sed
803 3073 903 3116 vos,
938 3060 1188 3115 Manichaei,
1220 3061 1359 3106 corde
1379 3061 1458 3105 illo
1493 3073 1587 3117 quo
1617 3060 1731 3105 nihil
1763 3060 1959 3117 potestis
1981 3059 2072 3104 nisi

161 3119 417 3176 corporalia
441 3121 765 3177 phantasmata
794 3122 1014 3178 cogitare,
1040 3122 1129 3166 ista
1150 3123 1344 3167 omnino
1368 3135 1461 3167 non
1484 3121 1664 3179 eapitis.
1682 3140 1702 3159 »ι
1732 3123 1789 3166 Ut
1813 3120 1940 3165 enim
1961 3120 2073 3165 dicit

162 3183 223 3237 (in
247 3194 320 3238 ep.
354 3182 413 3226 ad
447 3183 680 3227 volusian.
708 3186 808 3239 137,
833 3184 943 3241 aliq.
971 3185 998 3227 a
1016 3185 1203 3241 princ),
1232 3184 1509 3229 «hominum
1528 3184 1616 3228 iste
1649 3194 1820 3228 sensus
1842 3186 1933 3238 est,
1957 3180 2072 3227 nihil

161 3244 253 3288 nisi
274 3255 468 3300 corpora
486 3244 744 3290 valentium
757 3246 978 3302 cogitare,
1003 3259 1204 3303 quorum
1221 3247 1403 3291 nullum
1425 3250 1698 3303 potestesse
1712 3245 1888 3302 ubique
1904 3247 2068 3298 totum,

160 3306 381 3362 quoniam
415 3317 497 3361 per
517 3305 884 3351 innumerabiles
906 3311 1062 3364 partes
1085 3307 1213 3352 aliud
1235 3307 1347 3352 alibi
1375 3308 1544 3352 habeat
1579 3318 1774 3351 necesse
1805 3310 1894 3352 est.
1915 3304 2070 3362 Longe

199 3442 246 3484 (1)
259 3444 310 3478 An
331 3443 497 3476 redundat
511 3444 632 3487 inquit
646 3446 663 3478 ?
