<?xml version="1.0" encoding="UTF-8"?>
<!DOCTYPE html PUBLIC "-//W3C//DTD XHTML 1.0 Transitional//EN"
    "http://www.w3.org/TR/xhtml1/DTD/xhtml1-transitional.dtd">
<html xmlns="http://www.w3.org/1999/xhtml" xml:lang="en" lang="en">
 <head>
  <title>
</title>
<meta http-equiv="Content-Type" content="text/html;charset=utf-8" />
  <meta name='ocr-system' content='tesseract 3.04.00' />
  <meta name='ocr-capabilities' content='ocr_page ocr_carea ocr_par ocr_line ocrx_word'/>
</head>
<body>
  <div class='ocr_page' id='page_1' title='image "./summatheologica06thomuoft_0504.png"; bbox 0 0 2170 3808; ppageno 0'>
   <div class='ocr_carea' id='block_1_1' title="bbox 208 239 1502 298">
    <p class='ocr_par' dir='ltr' id='par_1_1' title="bbox 208 239 1502 298">
     <span class='ocr_line' id='line_1_1' title="bbox 208 239 1502 298; baseline 0.002 -14"><span class='ocrx_word' id='word_1_1' title='bbox 208 242 291 284; x_wconf 69' lang='lat'>468</span> <span class='ocrx_word' id='word_1_2' title='bbox 794 239 990 290; x_wconf 85' lang='lat' dir='ltr'>QUAEST.</span> <span class='ocrx_word' id='word_1_3' title='bbox 1021 240 1107 298; x_wconf 87' lang='lat' dir='ltr'>LV,</span> <span class='ocrx_word' id='word_1_4' title='bbox 1136 240 1253 282; x_wconf 89' lang='lat' dir='ltr'>ART.</span> <span class='ocrx_word' id='word_1_5' title='bbox 1283 241 1336 284; x_wconf 82' lang='lat' dir='ltr'>lv</span> <span class='ocrx_word' id='word_1_6' title='bbox 1362 240 1427 284; x_wconf 90' lang='lat' dir='ltr'>ET</span> <span class='ocrx_word' id='word_1_7' title='bbox 1453 243 1502 288; x_wconf 88' lang='lat' dir='ltr'>V.</span> 
     </span>
    </p>
   </div>
   <div class='ocr_carea' id='block_1_2' title="bbox 150 320 2092 1432">
    <p class='ocr_par' dir='ltr' id='par_1_2' title="bbox 206 320 2092 687">
     <span class='ocr_line' id='line_1_2' title="bbox 210 320 2092 381; baseline 0.002 -16"><span class='ocrx_word' id='word_1_8' title='bbox 210 333 337 366; x_wconf 87' lang='lat' dir='ltr'>mare</span> <span class='ocrx_word' id='word_1_9' title='bbox 358 332 545 365; x_wconf 88' lang='lat' dir='ltr'>carnem</span> <span class='ocrx_word' id='word_1_10' title='bbox 567 332 718 376; x_wconf 90' lang='lat' dir='ltr'>suam,</span> <span class='ocrx_word' id='word_1_11' title='bbox 736 323 790 365; x_wconf 90' lang='lat' dir='ltr'>ut</span> <span class='ocrx_word' id='word_1_12' title='bbox 812 320 902 364; x_wconf 90' lang='lat' dir='ltr'>alia</span> <span class='ocrx_word' id='word_1_13' title='bbox 922 320 1083 365; x_wconf 79' lang='lat' dir='ltr'>revera</span> <span class='ocrx_word' id='word_1_14' title='bbox 1106 324 1230 365; x_wconf 92' lang='lat' dir='ltr'>esset</span> <span class='ocrx_word' id='word_1_15' title='bbox 1247 321 1424 378; x_wconf 87' lang='lat' dir='ltr'>effigies</span> <span class='ocrx_word' id='word_1_16' title='bbox 1442 323 1500 368; x_wconf 89' lang='lat' dir='ltr'>ab</span> <span class='ocrx_word' id='word_1_17' title='bbox 1522 324 1602 368; x_wconf 89' lang='lat' dir='ltr'>illa</span> <span class='ocrx_word' id='word_1_18' title='bbox 1624 336 1764 381; x_wconf 90' lang='lat' dir='ltr'>quam</span> <span class='ocrx_word' id='word_1_19' title='bbox 1787 324 1997 369; x_wconf 87' lang='lat' dir='ltr'>solebant</span> <span class='ocrx_word' id='word_1_20' title='bbox 2016 326 2092 370; x_wconf 88' lang='lat' dir='ltr'>in-</span> 
     </span>
     <span class='ocr_line' id='line_1_3' title="bbox 210 381 2087 441; baseline 0.002 -13"><span class='ocrx_word' id='word_1_21' title='bbox 210 382 352 438; x_wconf 79' lang='lat' dir='ltr'>tueri3</span> <span class='ocrx_word' id='word_1_22' title='bbox 374 381 751 438; x_wconf 86' lang='lat' dir='ltr'>quandoquidem</span> <span class='ocrx_word' id='word_1_23' title='bbox 766 385 811 425; x_wconf 90' lang='lat' dir='ltr'>et</span> <span class='ocrx_word' id='word_1_24' title='bbox 832 386 939 426; x_wconf 92' lang='lat' dir='ltr'>ante</span> <span class='ocrx_word' id='word_1_25' title='bbox 961 381 1224 438; x_wconf 82' lang='lat' dir='ltr'>passionem</span> <span class='ocrx_word' id='word_1_26' title='bbox 1249 393 1382 426; x_wconf 89' lang='lat' dir='ltr'>suam</span> <span class='ocrx_word' id='word_1_27' title='bbox 1397 386 1750 430; x_wconf 78' lang='lat' dir='ltr'><strong>transformatus</strong></span> <span class='ocrx_word' id='word_1_28' title='bbox 1765 387 1894 429; x_wconf 90' lang='lat' dir='ltr'>estin</span> <span class='ocrx_word' id='word_1_29' title='bbox 1915 393 2087 441; x_wconf 90' lang='lat' dir='ltr'>monte,</span> 
     </span>
     <span class='ocr_line' id='line_1_4' title="bbox 209 443 2089 501; baseline 0.002 -13"><span class='ocrx_word' id='word_1_30' title='bbox 209 449 262 489; x_wconf 90' lang='lat' dir='ltr'>ut</span> <span class='ocrx_word' id='word_1_31' title='bbox 279 444 420 488; x_wconf 86' lang='lat' dir='ltr'>facies</span> <span class='ocrx_word' id='word_1_32' title='bbox 446 444 548 501; x_wconf 82' lang='lat' dir='ltr'>eJus</span> <span class='ocrx_word' id='word_1_33' title='bbox 565 443 856 501; x_wconf 80' lang='lat' dir='ltr'>claresceret,</span> <span class='ocrx_word' id='word_1_34' title='bbox 883 443 1003 488; x_wconf 92' lang='lat' dir='ltr'>sicut</span> <span class='ocrx_word' id='word_1_35' title='bbox 1025 443 1109 487; x_wconf 90' lang='lat' dir='ltr'>sol.</span> <span class='ocrx_word' id='word_1_36' title='bbox 1129 443 1212 487; x_wconf 92' lang='lat' dir='ltr'>Sed</span> <span class='ocrx_word' id='word_1_37' title='bbox 1236 456 1332 488; x_wconf 90' lang='lat' dir='ltr'>non</span> <span class='ocrx_word' id='word_1_38' title='bbox 1352 444 1416 489; x_wconf 87' lang='lat' dir='ltr'>ita</span> <span class='ocrx_word' id='word_1_39' title='bbox 1435 459 1561 492; x_wconf 90' lang='lat' dir='ltr'>nunc</span> <span class='ocrx_word' id='word_1_40' title='bbox 1587 447 1762 491; x_wconf 84' lang='lat' dir='ltr'>factum</span> <span class='ocrx_word' id='word_1_41' title='bbox 1782 451 1868 491; x_wconf 90' lang='lat' dir='ltr'>est.</span> <span class='ocrx_word' id='word_1_42' title='bbox 1888 450 1985 491; x_wconf 86' lang='lat' dir='ltr'>Non</span> <span class='ocrx_word' id='word_1_43' title='bbox 2004 461 2089 492; x_wconf 90' lang='lat' dir='ltr'>au-</span> 
     </span>
     <span class='ocr_line' id='line_1_5' title="bbox 209 505 2090 563; baseline 0.002 -13"><span class='ocrx_word' id='word_1_44' title='bbox 209 509 301 550; x_wconf 89' lang='lat' dir='ltr'>tem</span> <span class='ocrx_word' id='word_1_45' title='bbox 316 506 678 560; x_wconf 75' lang='lat' dir='ltr'>incongruenter</span> <span class='ocrx_word' id='word_1_46' title='bbox 692 505 962 563; x_wconf 79' lang='lat' dir='ltr'>accipimus,</span> <span class='ocrx_word' id='word_1_47' title='bbox 982 505 1070 550; x_wconf 91' lang='lat' dir='ltr'>hoc</span> <span class='ocrx_word' id='word_1_48' title='bbox 1083 505 1467 562; x_wconf 88' lang='lat' dir='ltr'>impedimentum</span> <span class='ocrx_word' id='word_1_49' title='bbox 1483 508 1532 552; x_wconf 92' lang='lat' dir='ltr'>in</span> <span class='ocrx_word' id='word_1_50' title='bbox 1548 509 1695 552; x_wconf 89' lang='lat' dir='ltr'>oculis</span> <span class='ocrx_word' id='word_1_51' title='bbox 1710 520 1869 553; x_wconf 85' lang='lat' dir='ltr'>eorum</span> <span class='ocrx_word' id='word_1_52' title='bbox 1885 507 1912 552; x_wconf 76' lang='lat' dir='ltr'>a</span> <span class='ocrx_word' id='word_1_53' title='bbox 1925 511 2090 554; x_wconf 88' lang='lat' dir='ltr'>Satana</span> 
     </span>
     <span class='ocr_line' id='line_1_6' title="bbox 206 567 2090 628; baseline 0.003 -17"><span class='ocrx_word' id='word_1_54' title='bbox 206 567 380 612; x_wconf 79' lang='lat' dir='ltr'>factum</span> <span class='ocrx_word' id='word_1_55' title='bbox 404 569 564 625; x_wconf 90' lang='lat' dir='ltr'>fuisse,</span> <span class='ocrx_word' id='word_1_56' title='bbox 592 580 651 613; x_wconf 92' lang='lat' dir='ltr'>ne</span> <span class='ocrx_word' id='word_1_57' title='bbox 679 573 1011 625; x_wconf 82' lang='lat' dir='ltr'>agnosceretur</span> <span class='ocrx_word' id='word_1_58' title='bbox 1030 571 1176 612; x_wconf 89' lang='lat' dir='ltr'>Jesus.</span> <span class='ocrx_word' id='word_1_59' title='bbox 1204 587 1224 607; x_wconf 84' lang='lat'>»</span> <span class='ocrx_word' id='word_1_60' title='bbox 1255 567 1383 613; x_wconf 86' lang='lat' dir='ltr'>Unde</span> <span class='ocrx_word' id='word_1_61' title='bbox 1413 571 1535 623; x_wconf 90' lang='lat' dir='ltr'>(Luc.</span> <span class='ocrx_word' id='word_1_62' title='bbox 1560 571 1646 616; x_wconf 90' lang='lat' dir='ltr'>ult.</span> <span class='ocrx_word' id='word_1_63' title='bbox 1677 573 1747 625; x_wconf 84' lang='lat'>16)</span> <span class='ocrx_word' id='word_1_64' title='bbox 1773 570 1938 615; x_wconf 90' lang='lat' dir='ltr'>dicitur</span> <span class='ocrx_word' id='word_1_65' title='bbox 1966 572 2090 628; x_wconf 75' lang='lat' dir='ltr'>quod</span> 
     </span>
     <span class='ocr_line' id='line_1_7' title="bbox 208 631 1322 687; baseline 0.003 -15"><span class='ocrx_word' id='word_1_66' title='bbox 208 631 327 673; x_wconf 76' lang='lat' dir='ltr'>oculi</span> <span class='ocrx_word' id='word_1_67' title='bbox 338 644 492 674; x_wconf 83' lang='lat' dir='ltr'>eorum</span> <span class='ocrx_word' id='word_1_68' title='bbox 516 632 798 687; x_wconf 78' lang='lat' dir='ltr'>tenebantur,</span> <span class='ocrx_word' id='word_1_69' title='bbox 815 644 869 674; x_wconf 81' lang='lat' dir='ltr'>ne</span> <span class='ocrx_word' id='word_1_70' title='bbox 891 643 992 674; x_wconf 83' lang='lat' dir='ltr'>eum</span> <span class='ocrx_word' id='word_1_71' title='bbox 1014 633 1322 687; x_wconf 75' lang='lat' dir='ltr'>aynoscerent.</span> 
     </span>
    </p>

    <p class='ocr_par' dir='ltr' id='par_1_3' title="bbox 150 692 2091 1245">
     <span class='ocr_line' id='line_1_8' title="bbox 264 692 2089 753; baseline 0.003 -17"><span class='ocrx_word' id='word_1_72' title='bbox 264 692 331 737; x_wconf 88' lang='lat' dir='ltr'>Ad</span> <span class='ocrx_word' id='word_1_73' title='bbox 356 696 540 736; x_wconf 79' lang='lat' dir='ltr'>tertium</span> <span class='ocrx_word' id='word_1_74' title='bbox 570 693 833 750; x_wconf 89' lang='lat' dir='ltr'>dicendum,</span> <span class='ocrx_word' id='word_1_75' title='bbox 867 692 993 750; x_wconf 82' lang='lat' dir='ltr'>quod</span> <span class='ocrx_word' id='word_1_76' title='bbox 1022 692 1139 737; x_wconf 87' lang='lat' dir='ltr'>ratio</span> <span class='ocrx_word' id='word_1_77' title='bbox 1162 692 1242 737; x_wconf 91' lang='lat' dir='ltr'>illa</span> <span class='ocrx_word' id='word_1_78' title='bbox 1269 697 1558 753; x_wconf 84' lang='lat' dir='ltr'>sequeretur,</span> <span class='ocrx_word' id='word_1_79' title='bbox 1585 695 1625 739; x_wconf 90' lang='lat' dir='ltr'>si</span> <span class='ocrx_word' id='word_1_80' title='bbox 1654 694 1712 740; x_wconf 87' lang='lat' dir='ltr'>ab</span> <span class='ocrx_word' id='word_1_81' title='bbox 1735 693 1898 740; x_wconf 86' lang='lat' dir='ltr'>alienae</span> <span class='ocrx_word' id='word_1_82' title='bbox 1919 694 2089 751; x_wconf 85' lang='lat' dir='ltr'>effigiei</span> 
     </span>
     <span class='ocr_line' id='line_1_9' title="bbox 150 753 2091 812; baseline 0.003 -16"><span class='ocrx_word' id='word_1_83' title='bbox 150 761 169 811; x_wconf 50' lang='lat'>31·</span> <span class='ocrx_word' id='word_1_84' title='bbox 209 759 401 810; x_wconf 84' lang='lat' dir='ltr'>aspectu</span> <span class='ocrx_word' id='word_1_85' title='bbox 418 767 509 799; x_wconf 92' lang='lat' dir='ltr'>non</span> <span class='ocrx_word' id='word_1_86' title='bbox 526 755 726 800; x_wconf 89' lang='lat' dir='ltr'>fuissent</span> <span class='ocrx_word' id='word_1_87' title='bbox 746 753 924 799; x_wconf 88' lang='lat' dir='ltr'>reducti</span> <span class='ocrx_word' id='word_1_88' title='bbox 948 753 1007 799; x_wconf 87' lang='lat' dir='ltr'>ad</span> <span class='ocrx_word' id='word_1_89' title='bbox 1017 755 1124 799; x_wconf 77' lang='lat' dir='ltr'>vere</span> <span class='ocrx_word' id='word_1_90' title='bbox 1143 753 1396 799; x_wconf 88' lang='lat' dir='ltr'>videndum</span> <span class='ocrx_word' id='word_1_91' title='bbox 1417 755 1578 801; x_wconf 86' lang='lat' dir='ltr'>Christi</span> <span class='ocrx_word' id='word_1_92' title='bbox 1594 756 1809 812; x_wconf 88' lang='lat' dir='ltr'>effigiem.</span> <span class='ocrx_word' id='word_1_93' title='bbox 1829 755 2091 802; x_wconf 81' lang='lat' dir='ltr'>sicutenim</span> 
     </span>
     <span class='ocr_line' id='line_1_10' title="bbox 152 813 2088 874; baseline 0.004 -16"><span class='ocrx_word' id='word_1_94' title='bbox 152 813 159 826; x_wconf 63' lang='lat'>³</span> <span class='ocrx_word' id='word_1_95' title='bbox 206 817 494 872; x_wconf 76' lang='lat' dir='ltr'>Augustinus</span> <span class='ocrx_word' id='word_1_96' title='bbox 516 816 626 861; x_wconf 90' lang='lat' dir='ltr'>dicit</span> <span class='ocrx_word' id='word_1_97' title='bbox 640 815 803 872; x_wconf 90' lang='lat' dir='ltr'>(ibid.)‚</span> <span class='ocrx_word' id='word_1_98' title='bbox 823 833 844 854; x_wconf 76' lang='grc' dir='ltr'><strong><em>κ</em></strong></span> <span class='ocrx_word' id='word_1_99' title='bbox 869 816 896 860; x_wconf 78' lang='lat' dir='ltr'>a</span> <span class='ocrx_word' id='word_1_100' title='bbox 910 816 1087 860; x_wconf 91' lang='lat' dir='ltr'>Christo</span> <span class='ocrx_word' id='word_1_101' title='bbox 1108 816 1230 860; x_wconf 87' lang='lat' dir='ltr'>facta</span> <span class='ocrx_word' id='word_1_102' title='bbox 1245 815 1317 861; x_wconf 87' lang='lat' dir='ltr'>est</span> <span class='ocrx_word' id='word_1_103' title='bbox 1336 816 1594 872; x_wconf 79' lang='lat' dir='ltr'>permissio,</span> <span class='ocrx_word' id='word_1_104' title='bbox 1611 823 1663 862; x_wconf 88' lang='lat' dir='ltr'>ut</span> <span class='ocrx_word' id='word_1_105' title='bbox 1679 818 1853 863; x_wconf 89' lang='lat' dir='ltr'>scilicet</span> <span class='ocrx_word' id='word_1_106' title='bbox 1869 817 2088 874; x_wconf 81' lang='lat' dir='ltr'>praedicto</span> 
     </span>
     <span class='ocr_line' id='line_1_11' title="bbox 207 878 2088 937; baseline 0.001 -15"><span class='ocrx_word' id='word_1_107' title='bbox 207 879 344 923; x_wconf 92' lang='lat' dir='ltr'>modo</span> <span class='ocrx_word' id='word_1_108' title='bbox 358 879 479 923; x_wconf 89' lang='lat' dir='ltr'>oculi</span> <span class='ocrx_word' id='word_1_109' title='bbox 497 889 656 923; x_wconf 91' lang='lat' dir='ltr'>eorum</span> <span class='ocrx_word' id='word_1_110' title='bbox 682 882 967 936; x_wconf 87' lang='lat' dir='ltr'>tenerentur,</span> <span class='ocrx_word' id='word_1_111' title='bbox 989 890 1138 935; x_wconf 90' lang='lat' dir='ltr'>usque</span> <span class='ocrx_word' id='word_1_112' title='bbox 1159 878 1218 923; x_wconf 93' lang='lat' dir='ltr'>ad</span> <span class='ocrx_word' id='word_1_113' title='bbox 1239 878 1508 923; x_wconf 87' lang='lat' dir='ltr'>fractionem</span> <span class='ocrx_word' id='word_1_114' title='bbox 1529 880 1688 937; x_wconf 81' lang='lat' dir='ltr'>panis3</span> <span class='ocrx_word' id='word_1_115' title='bbox 1712 885 1765 925; x_wconf 92' lang='lat' dir='ltr'>ut</span> <span class='ocrx_word' id='word_1_116' title='bbox 1788 880 1966 924; x_wconf 88' lang='lat' dir='ltr'>unitate</span> <span class='ocrx_word' id='word_1_117' title='bbox 1988 892 2088 925; x_wconf 88' lang='lat' dir='ltr'>cor-</span> 
     </span>
     <span class='ocr_line' id='line_1_12' title="bbox 209 940 2089 998; baseline 0.003 -15"><span class='ocrx_word' id='word_1_118' title='bbox 209 940 330 996; x_wconf 86' lang='lat' dir='ltr'>poris</span> <span class='ocrx_word' id='word_1_119' title='bbox 358 941 460 997; x_wconf 78' lang='lat' dir='ltr'>eJus</span> <span class='ocrx_word' id='word_1_120' title='bbox 497 940 794 997; x_wconf 77' lang='lat' dir='ltr'>participata,</span> <span class='ocrx_word' id='word_1_121' title='bbox 828 941 1063 986; x_wconf 84' lang='lat' dir='ltr'>removeri</span> <span class='ocrx_word' id='word_1_122' title='bbox 1089 940 1371 996; x_wconf 83' lang='lat' dir='ltr'>intelligatur</span> <span class='ocrx_word' id='word_1_123' title='bbox 1405 940 1786 998; x_wconf 85' lang='lat' dir='ltr'>impedimentum</span> <span class='ocrx_word' id='word_1_124' title='bbox 1815 941 2008 996; x_wconf 88' lang='lat' dir='ltr'>inimici,</span> <span class='ocrx_word' id='word_1_125' title='bbox 2035 947 2089 988; x_wconf 88' lang='lat' dir='ltr'>ut</span> 
     </span>
     <span class='ocr_line' id='line_1_13' title="bbox 206 1003 2089 1061; baseline 0.001 -15"><span class='ocrx_word' id='word_1_126' title='bbox 206 1003 413 1047; x_wconf 83' lang='lat' dir='ltr'>Christus</span> <span class='ocrx_word' id='word_1_127' title='bbox 430 1003 578 1060; x_wconf 90' lang='lat' dir='ltr'>possit</span> <span class='ocrx_word' id='word_1_128' title='bbox 596 1003 803 1059; x_wconf 82' lang='lat' dir='ltr'>agnosci.</span> <span class='ocrx_word' id='word_1_129' title='bbox 827 1021 847 1042; x_wconf 88' lang='lat'>»</span> <span class='ocrx_word' id='word_1_130' title='bbox 878 1003 1007 1048; x_wconf 90' lang='lat' dir='ltr'>Unde</span> <span class='ocrx_word' id='word_1_131' title='bbox 1026 1003 1197 1048; x_wconf 85' lang='lat' dir='ltr'>ibidem</span> <span class='ocrx_word' id='word_1_132' title='bbox 1217 1003 1433 1048; x_wconf 86' lang='lat' dir='ltr'>subditur</span> <span class='ocrx_word' id='word_1_133' title='bbox 1458 1003 1581 1061; x_wconf 78' lang='lat' dir='ltr'>quod</span> <span class='ocrx_word' id='word_1_134' title='bbox 1605 1009 1753 1061; x_wconf 79' lang='lat' dir='ltr'>aperti</span> <span class='ocrx_word' id='word_1_135' title='bbox 1767 1008 1870 1049; x_wconf 78' lang='lat' dir='ltr'>sunt</span> <span class='ocrx_word' id='word_1_136' title='bbox 1883 1005 2000 1048; x_wconf 81' lang='lat' dir='ltr'>oculi</span> <span class='ocrx_word' id='word_1_137' title='bbox 2012 1017 2089 1048; x_wconf 84' lang='lat' dir='ltr'>eo-</span> 
     </span>
     <span class='ocr_line' id='line_1_14' title="bbox 207 1066 2089 1124; baseline 0.004 -17"><span class='ocrx_word' id='word_1_138' title='bbox 207 1078 323 1121; x_wconf 77' lang='lat' dir='ltr'>rum,</span> <span class='ocrx_word' id='word_1_139' title='bbox 349 1069 394 1108; x_wconf 75' lang='lat' dir='ltr'>et</span> <span class='ocrx_word' id='word_1_140' title='bbox 415 1069 717 1122; x_wconf 77' lang='lat' dir='ltr'>coqnoverunt</span> <span class='ocrx_word' id='word_1_141' title='bbox 737 1079 853 1119; x_wconf 69' lang='lat' dir='ltr'>emm</span> <span class='ocrx_word' id='word_1_142' title='bbox 875 1083 895 1103; x_wconf 85' lang='lat'>«</span> <span class='ocrx_word' id='word_1_143' title='bbox 917 1079 1011 1110; x_wconf 94' lang='lat' dir='ltr'>non</span> <span class='ocrx_word' id='word_1_144' title='bbox 1031 1067 1155 1123; x_wconf 80' lang='lat' dir='ltr'>quod</span> <span class='ocrx_word' id='word_1_145' title='bbox 1182 1070 1291 1111; x_wconf 89' lang='lat' dir='ltr'>ante</span> <span class='ocrx_word' id='word_1_146' title='bbox 1314 1066 1485 1112; x_wconf 85' lang='lat' dir='ltr'>clausis</span> <span class='ocrx_word' id='word_1_147' title='bbox 1509 1068 1658 1113; x_wconf 91' lang='lat' dir='ltr'>oculis</span> <span class='ocrx_word' id='word_1_148' title='bbox 1676 1069 1984 1124; x_wconf 77' lang='lat' dir='ltr'>ambularent3</span> <span class='ocrx_word' id='word_1_149' title='bbox 2005 1068 2089 1114; x_wconf 87' lang='lat' dir='ltr'>sed</span> 
     </span>
     <span class='ocr_line' id='line_1_15' title="bbox 207 1127 2089 1188; baseline 0.003 -19"><span class='ocrx_word' id='word_1_150' title='bbox 207 1130 353 1170; x_wconf 77' lang='lat' dir='ltr'>inerat</span> <span class='ocrx_word' id='word_1_151' title='bbox 369 1127 542 1183; x_wconf 90' lang='lat' dir='ltr'>aliquid</span> <span class='ocrx_word' id='word_1_152' title='bbox 557 1141 650 1184; x_wconf 89' lang='lat' dir='ltr'>quo</span> <span class='ocrx_word' id='word_1_153' title='bbox 675 1140 769 1172; x_wconf 92' lang='lat' dir='ltr'>non</span> <span class='ocrx_word' id='word_1_154' title='bbox 786 1128 1050 1173; x_wconf 84' lang='lat' dir='ltr'>sinerentur</span> <span class='ocrx_word' id='word_1_155' title='bbox 1062 1140 1314 1184; x_wconf 83' lang='lat' dir='ltr'>agnoscere</span> <span class='ocrx_word' id='word_1_156' title='bbox 1329 1128 1454 1186; x_wconf 89' lang='lat' dir='ltr'>quod</span> <span class='ocrx_word' id='word_1_157' title='bbox 1474 1128 1719 1184; x_wconf 86' lang='lat' dir='ltr'>videbant;</span> <span class='ocrx_word' id='word_1_158' title='bbox 1734 1149 1754 1171; x_wconf 71' lang='grc' dir='ltr'>ι»</span> <span class='ocrx_word' id='word_1_159' title='bbox 1776 1130 1901 1188; x_wconf 90' lang='lat' dir='ltr'>quod</span> <span class='ocrx_word' id='word_1_160' title='bbox 1916 1129 2089 1175; x_wconf 86' lang='lat' dir='ltr'>scilicet</span> 
     </span>
     <span class='ocr_line' id='line_1_16' title="bbox 206 1188 1157 1245; baseline 0.002 -13"><span class='ocrx_word' id='word_1_161' title='bbox 206 1188 354 1243; x_wconf 79' lang='lat' dir='ltr'>caligo</span> <span class='ocrx_word' id='word_1_162' title='bbox 381 1193 428 1233; x_wconf 91' lang='lat' dir='ltr'>et</span> <span class='ocrx_word' id='word_1_163' title='bbox 446 1189 613 1245; x_wconf 89' lang='lat' dir='ltr'>aliquis</span> <span class='ocrx_word' id='word_1_164' title='bbox 635 1190 803 1234; x_wconf 92' lang='lat' dir='ltr'>humor</span> <span class='ocrx_word' id='word_1_165' title='bbox 824 1190 1009 1235; x_wconf 87' lang='lat' dir='ltr'>efficere</span> <span class='ocrx_word' id='word_1_166' title='bbox 1027 1190 1157 1235; x_wconf 90' lang='lat' dir='ltr'>solet.</span> 
     </span>
    </p>

    <p class='ocr_par' dir='ltr' id='par_1_4' title="bbox 254 1259 2040 1305">
     <span class='ocr_line' id='line_1_17' title="bbox 254 1259 2040 1305; baseline 0.003 -6"><span class='ocrx_word' id='word_1_167' title='bbox 254 1259 600 1302; x_wconf 82' lang='lat' dir='ltr'>ARTICULUS</span> <span class='ocrx_word' id='word_1_168' title='bbox 626 1261 687 1302; x_wconf 88' lang='lat' dir='ltr'>V.</span> <span class='ocrx_word' id='word_1_169' title='bbox 723 1282 781 1291; x_wconf 92' lang='grc'>-</span> <span class='ocrx_word' id='word_1_170' title='bbox 806 1270 946 1302; x_wconf 72' lang='lat' dir='ltr'>urium</span> <span class='ocrx_word' id='word_1_171' title='bbox 976 1271 1174 1303; x_wconf 68' lang='lat' dir='ltr'>cnms‘rus</span> <span class='ocrx_word' id='word_1_172' title='bbox 1202 1271 1431 1302; x_wconf 72' lang='lat' dir='ltr'>vmurmn</span> <span class='ocrx_word' id='word_1_173' title='bbox 1460 1271 1813 1305; x_wconf 74' lang='lat' dir='ltr'>nnsunnncrlorus</span> <span class='ocrx_word' id='word_1_174' title='bbox 1839 1273 2040 1305; x_wconf 72' lang='lat' dir='ltr'>nnnunnrr</span> 
     </span>
    </p>

    <p class='ocr_par' dir='ltr' id='par_1_5' title="bbox 267 1321 2024 1432">
     <span class='ocr_line' id='line_1_18' title="bbox 824 1321 1454 1377; baseline 0.002 -14"><span class='ocrx_word' id='word_1_175' title='bbox 824 1332 1081 1365; x_wconf 66' lang='lat' dir='ltr'>maurianus</span> <span class='ocrx_word' id='word_1_176' title='bbox 1109 1332 1348 1364; x_wconf 72' lang='lat' dir='ltr'>DECLARARE</span> <span class='ocrx_word' id='word_1_177' title='bbox 1377 1321 1454 1377; x_wconf 85' lang='lat'>(1).</span> 
     </span>
     <span class='ocr_line' id='line_1_19' title="bbox 267 1387 2024 1432; baseline 0.001 -8"><span class='ocrx_word' id='word_1_178' title='bbox 267 1387 318 1424; x_wconf 80' lang='lat' dir='ltr'>De</span> <span class='ocrx_word' id='word_1_179' title='bbox 331 1388 386 1423; x_wconf 86' lang='lat' dir='ltr'>his</span> <span class='ocrx_word' id='word_1_180' title='bbox 396 1388 499 1423; x_wconf 82' lang='lat' dir='ltr'>etiam</span> <span class='ocrx_word' id='word_1_181' title='bbox 514 1389 610 1424; x_wconf 79' lang='lat' dir='ltr'>Sent.</span> <span class='ocrx_word' id='word_1_182' title='bbox 629 1397 685 1431; x_wconf 80' lang='grc' dir='ltr'>ιιι,</span> <span class='ocrx_word' id='word_1_183' title='bbox 700 1388 778 1423; x_wconf 79' lang='lat' dir='ltr'>dist.</span> <span class='ocrx_word' id='word_1_184' title='bbox 795 1388 850 1430; x_wconf 68' lang='lat'>24,</span> <span class='ocrx_word' id='word_1_185' title='bbox 865 1393 983 1430; x_wconf 73' lang='lat' dir='ltr'>quaest.</span> <span class='ocrx_word' id='word_1_186' title='bbox 1001 1397 1040 1429; x_wconf 88' lang='grc' dir='ltr'>ιι,</span> <span class='ocrx_word' id='word_1_187' title='bbox 1054 1393 1120 1423; x_wconf 79' lang='lat' dir='ltr'>art.</span> <span class='ocrx_word' id='word_1_188' title='bbox 1136 1390 1169 1428; x_wconf 79' lang='lat'>5.</span> <span class='ocrx_word' id='word_1_189' title='bbox 1189 1393 1223 1424; x_wconf 84' lang='lat' dir='ltr'>et</span> <span class='ocrx_word' id='word_1_190' title='bbox 1241 1390 1363 1431; x_wconf 82' lang='lat' dir='ltr'>opusc.</span> <span class='ocrx_word' id='word_1_191' title='bbox 1378 1398 1419 1431; x_wconf 89' lang='lat'>11,</span> <span class='ocrx_word' id='word_1_192' title='bbox 1436 1401 1508 1430; x_wconf 78' lang='lat' dir='ltr'>cap.</span> <span class='ocrx_word' id='word_1_193' title='bbox 1525 1388 1601 1432; x_wconf 83' lang='lat'>258,</span> <span class='ocrx_word' id='word_1_194' title='bbox 1620 1393 1657 1426; x_wconf 80' lang='lat' dir='ltr'>et</span> <span class='ocrx_word' id='word_1_195' title='bbox 1673 1390 1795 1432; x_wconf 76' lang='lat' dir='ltr'>opusc.</span> <span class='ocrx_word' id='word_1_196' title='bbox 1815 1399 1871 1432; x_wconf 80' lang='lat' dir='ltr'>Lx,</span> <span class='ocrx_word' id='word_1_197' title='bbox 1884 1402 1954 1432; x_wconf 80' lang='lat' dir='ltr'>cap.</span> <span class='ocrx_word' id='word_1_198' title='bbox 1969 1390 2024 1426; x_wconf 86' lang='lat'>22.</span> 
     </span>
    </p>
   </div>
   <div class='ocr_carea' id='block_1_3' title="bbox 202 1451 2141 2067">
    <p class='ocr_par' dir='ltr' id='par_1_6' title="bbox 203 1451 2141 1751">
     <span class='ocr_line' id='line_1_20' title="bbox 257 1451 2087 1509; baseline 0.002 -14"><span class='ocrx_word' id='word_1_199' title='bbox 257 1451 325 1496; x_wconf 88' lang='lat' dir='ltr'>Ad</span> <span class='ocrx_word' id='word_1_200' title='bbox 343 1451 560 1509; x_wconf 89' lang='lat' dir='ltr'>quintum</span> <span class='ocrx_word' id='word_1_201' title='bbox 580 1452 648 1496; x_wconf 91' lang='lat' dir='ltr'>sic</span> <span class='ocrx_word' id='word_1_202' title='bbox 664 1452 944 1509; x_wconf 87' lang='lat' dir='ltr'>proceditur.</span> <span class='ocrx_word' id='word_1_203' title='bbox 961 1455 1003 1496; x_wconf 85' lang='lat'>1.</span> <span class='ocrx_word' id='word_1_204' title='bbox 1023 1451 1210 1496; x_wconf 87' lang='lat' dir='ltr'>Videtur</span> <span class='ocrx_word' id='word_1_205' title='bbox 1223 1452 1348 1509; x_wconf 82' lang='lat' dir='ltr'>quod</span> <span class='ocrx_word' id='word_1_206' title='bbox 1364 1453 1571 1498; x_wconf 88' lang='lat' dir='ltr'>Christus</span> <span class='ocrx_word' id='word_1_207' title='bbox 1587 1454 1826 1499; x_wconf 87' lang='lat' dir='ltr'>veritatem</span> <span class='ocrx_word' id='word_1_208' title='bbox 1848 1466 2087 1500; x_wconf 81' lang='lat' dir='ltr'>resurrec-</span> 
     </span>
     <span class='ocr_line' id='line_1_21' title="bbox 205 1513 2084 1572; baseline 0.003 -15"><span class='ocrx_word' id='word_1_209' title='bbox 205 1513 344 1558; x_wconf 89' lang='lat' dir='ltr'>tionis</span> <span class='ocrx_word' id='word_1_210' title='bbox 362 1526 457 1558; x_wconf 91' lang='lat' dir='ltr'>non</span> <span class='ocrx_word' id='word_1_211' title='bbox 483 1513 694 1558; x_wconf 89' lang='lat' dir='ltr'>debuerit</span> <span class='ocrx_word' id='word_1_212' title='bbox 714 1513 1003 1570; x_wconf 87' lang='lat' dir='ltr'>argumentis</span> <span class='ocrx_word' id='word_1_213' title='bbox 1026 1514 1276 1559; x_wconf 86' lang='lat' dir='ltr'>declarare.</span> <span class='ocrx_word' id='word_1_214' title='bbox 1304 1514 1416 1559; x_wconf 82' lang='lat' dir='ltr'>Dicit</span> <span class='ocrx_word' id='word_1_215' title='bbox 1440 1515 1566 1560; x_wconf 88' lang='lat' dir='ltr'>enim</span> <span class='ocrx_word' id='word_1_216' title='bbox 1594 1516 1862 1561; x_wconf 89' lang='lat' dir='ltr'>Ambrosius</span> <span class='ocrx_word' id='word_1_217' title='bbox 1880 1520 1956 1570; x_wconf 90' lang='lat' dir='ltr'>(De</span> <span class='ocrx_word' id='word_1_218' title='bbox 1977 1517 2084 1572; x_wconf 89' lang='lat' dir='ltr'>fide,</span> 
     </span>
     <span class='ocr_line' id='line_1_22' title="bbox 204 1574 2089 1634; baseline 0.002 -15"><span class='ocrx_word' id='word_1_219' title='bbox 204 1575 286 1619; x_wconf 82' lang='lat' dir='ltr'>lib.</span> <span class='ocrx_word' id='word_1_220' title='bbox 315 1589 346 1629; x_wconf 89' lang='lat'>1,</span> <span class='ocrx_word' id='word_1_221' title='bbox 379 1587 481 1630; x_wconf 89' lang='lat' dir='ltr'>cap.</span> <span class='ocrx_word' id='word_1_222' title='bbox 506 1579 533 1619; x_wconf 82' lang='lat'>5</span> <span class='ocrx_word' id='word_1_223' title='bbox 554 1575 613 1620; x_wconf 91' lang='lat' dir='ltr'>ad</span> <span class='ocrx_word' id='word_1_224' title='bbox 640 1574 740 1630; x_wconf 91' lang='lat' dir='ltr'>fin.)</span> <span class='ocrx_word' id='word_1_225' title='bbox 762 1590 774 1620; x_wconf 90' lang='lat'>:</span> <span class='ocrx_word' id='word_1_226' title='bbox 807 1593 827 1614; x_wconf 90' lang='lat'>«</span> <span class='ocrx_word' id='word_1_227' title='bbox 860 1575 982 1619; x_wconf 90' lang='lat' dir='ltr'>Tolle</span> <span class='ocrx_word' id='word_1_228' title='bbox 1009 1579 1284 1630; x_wconf 88' lang='lat' dir='ltr'>argumenta</span> <span class='ocrx_word' id='word_1_229' title='bbox 1304 1575 1387 1621; x_wconf 90' lang='lat' dir='ltr'>ubi</span> <span class='ocrx_word' id='word_1_230' title='bbox 1410 1575 1527 1621; x_wconf 89' lang='lat' dir='ltr'>fides</span> <span class='ocrx_word' id='word_1_231' title='bbox 1551 1577 1790 1634; x_wconf 82' lang='lat' dir='ltr'>quaeritur.</span> <span class='ocrx_word' id='word_1_232' title='bbox 1815 1596 1835 1617; x_wconf 66' lang='grc' dir='ltr'>ι»</span> <span class='ocrx_word' id='word_1_233' title='bbox 1859 1577 1946 1623; x_wconf 89' lang='lat' dir='ltr'>Sed</span> <span class='ocrx_word' id='word_1_234' title='bbox 1966 1578 2089 1623; x_wconf 88' lang='lat' dir='ltr'>circa</span> 
     </span>
     <span class='ocr_line' id='line_1_23' title="bbox 203 1636 2088 1697; baseline 0.002 -18"><span class='ocrx_word' id='word_1_235' title='bbox 203 1637 595 1681; x_wconf 87' lang='lat' dir='ltr'>resurrectionem</span> <span class='ocrx_word' id='word_1_236' title='bbox 620 1636 784 1681; x_wconf 88' lang='lat' dir='ltr'>Christi</span> <span class='ocrx_word' id='word_1_237' title='bbox 819 1636 1042 1692; x_wconf 83' lang='lat' dir='ltr'>quaeritur</span> <span class='ocrx_word' id='word_1_238' title='bbox 1064 1636 1196 1682; x_wconf 80' lang='lat' dir='ltr'>fideS.</span> <span class='ocrx_word' id='word_1_239' title='bbox 1223 1639 1322 1682; x_wconf 90' lang='lat' dir='ltr'>Non</span> <span class='ocrx_word' id='word_1_240' title='bbox 1350 1649 1462 1694; x_wconf 88' lang='lat' dir='ltr'>ergo</span> <span class='ocrx_word' id='word_1_241' title='bbox 1492 1638 1664 1683; x_wconf 87' lang='lat' dir='ltr'>habent</span> <span class='ocrx_word' id='word_1_242' title='bbox 1684 1638 1747 1683; x_wconf 88' lang='lat' dir='ltr'>ibi</span> <span class='ocrx_word' id='word_1_243' title='bbox 1768 1638 1924 1683; x_wconf 91' lang='lat' dir='ltr'>locum</span> <span class='ocrx_word' id='word_1_244' title='bbox 1945 1651 2088 1697; x_wconf 88' lang='lat' dir='ltr'>argu-</span> 
     </span>
     <span class='ocr_line' id='line_1_24' title="bbox 203 1702 2141 1751; baseline 0.005 -10"><span class='ocrx_word' id='word_1_245' title='bbox 203 1702 376 1742; x_wconf 81' lang='lat' dir='ltr'>menta.</span> <span class='ocrx_word' id='word_1_246' title='bbox 830 1738 832 1740; x_wconf 76' lang='grc'>,</span> <span class='ocrx_word' id='word_1_247' title='bbox 2136 1746 2141 1751; x_wconf 89' lang='grc'><em>.</em></span> 
     </span>
    </p>

    <p class='ocr_par' dir='ltr' id='par_1_7' title="bbox 202 1760 2086 2003">
     <span class='ocr_line' id='line_1_25' title="bbox 259 1760 2085 1819; baseline 0.003 -16"><span class='ocrx_word' id='word_1_248' title='bbox 259 1763 300 1804; x_wconf 74' lang='lat'>2.</span> <span class='ocrx_word' id='word_1_249' title='bbox 334 1762 573 1816; x_wconf 87' lang='lat' dir='ltr'>Praeterea,</span> <span class='ocrx_word' id='word_1_250' title='bbox 592 1760 839 1817; x_wconf 88' lang='lat' dir='ltr'>Gregorius</span> <span class='ocrx_word' id='word_1_251' title='bbox 854 1760 965 1805; x_wconf 88' lang='lat' dir='ltr'>dicit</span> <span class='ocrx_word' id='word_1_252' title='bbox 981 1761 1156 1815; x_wconf 89' lang='lat' dir='ltr'>(homil.</span> <span class='ocrx_word' id='word_1_253' title='bbox 1177 1776 1273 1806; x_wconf 76' lang='lat' dir='ltr'>xxvx</span> <span class='ocrx_word' id='word_1_254' title='bbox 1292 1761 1342 1805; x_wconf 91' lang='lat' dir='ltr'>in</span> <span class='ocrx_word' id='word_1_255' title='bbox 1362 1764 1532 1819; x_wconf 85' lang='lat' dir='ltr'>Evang.</span> <span class='ocrx_word' id='word_1_256' title='bbox 1550 1761 1598 1806; x_wconf 88' lang='lat' dir='ltr'>in</span> <span class='ocrx_word' id='word_1_257' title='bbox 1618 1762 1801 1818; x_wconf 62' lang='lat' dir='ltr'>princ),</span> <span class='ocrx_word' id='word_1_258' title='bbox 1824 1782 1845 1802; x_wconf 75' lang='grc' dir='ltr'>ιι</span> <span class='ocrx_word' id='word_1_259' title='bbox 1864 1763 1980 1808; x_wconf 91' lang='lat' dir='ltr'>fides</span> <span class='ocrx_word' id='word_1_260' title='bbox 1990 1775 2085 1809; x_wconf 90' lang='lat' dir='ltr'>non</span> 
     </span>
     <span class='ocr_line' id='line_1_26' title="bbox 203 1821 2086 1880; baseline 0.003 -14"><span class='ocrx_word' id='word_1_261' title='bbox 203 1821 343 1867; x_wconf 89' lang='lat' dir='ltr'>habet</span> <span class='ocrx_word' id='word_1_262' title='bbox 364 1823 598 1878; x_wconf 86' lang='lat' dir='ltr'>meritum,</span> <span class='ocrx_word' id='word_1_263' title='bbox 617 1823 699 1867; x_wconf 92' lang='lat' dir='ltr'>ubi</span> <span class='ocrx_word' id='word_1_264' title='bbox 715 1823 919 1867; x_wconf 91' lang='lat' dir='ltr'>humana</span> <span class='ocrx_word' id='word_1_265' title='bbox 942 1823 1058 1867; x_wconf 88' lang='lat' dir='ltr'>ratio</span> <span class='ocrx_word' id='word_1_266' title='bbox 1085 1824 1261 1880; x_wconf 84' lang='lat' dir='ltr'>praebet</span> <span class='ocrx_word' id='word_1_267' title='bbox 1288 1824 1673 1880; x_wconf 83' lang='lat' dir='ltr'>experimentum.</span> <span class='ocrx_word' id='word_1_268' title='bbox 1702 1843 1723 1863; x_wconf 88' lang='lat'>»</span> <span class='ocrx_word' id='word_1_269' title='bbox 1746 1825 1833 1870; x_wconf 92' lang='lat' dir='ltr'>Sed</span> <span class='ocrx_word' id='word_1_270' title='bbox 1855 1825 1915 1871; x_wconf 89' lang='lat' dir='ltr'>ad</span> <span class='ocrx_word' id='word_1_271' title='bbox 1936 1826 2086 1872; x_wconf 86' lang='lat' dir='ltr'>Chris-</span> 
     </span>
     <span class='ocr_line' id='line_1_27' title="bbox 203 1883 2086 1944; baseline 0.003 -17"><span class='ocrx_word' id='word_1_272' title='bbox 203 1887 303 1927; x_wconf 91' lang='lat' dir='ltr'>tum</span> <span class='ocrx_word' id='word_1_273' title='bbox 326 1896 421 1928; x_wconf 92' lang='lat' dir='ltr'>non</span> <span class='ocrx_word' id='word_1_274' title='bbox 449 1883 709 1941; x_wconf 90' lang='lat' dir='ltr'>pertinebat</span> <span class='ocrx_word' id='word_1_275' title='bbox 731 1884 947 1929; x_wconf 89' lang='lat' dir='ltr'>meritum</span> <span class='ocrx_word' id='word_1_276' title='bbox 965 1884 1071 1929; x_wconf 85' lang='lat' dir='ltr'>fidei</span> <span class='ocrx_word' id='word_1_277' title='bbox 1091 1897 1333 1930; x_wconf 87' lang='lat' dir='ltr'>evacuare.</span> <span class='ocrx_word' id='word_1_278' title='bbox 1362 1887 1479 1943; x_wconf 83' lang='lat' dir='ltr'>Ergo</span> <span class='ocrx_word' id='word_1_279' title='bbox 1497 1885 1557 1930; x_wconf 91' lang='lat' dir='ltr'>ad</span> <span class='ocrx_word' id='word_1_280' title='bbox 1576 1897 1686 1931; x_wconf 91' lang='lat' dir='ltr'>eum</span> <span class='ocrx_word' id='word_1_281' title='bbox 1713 1899 1807 1930; x_wconf 92' lang='lat' dir='ltr'>non</span> <span class='ocrx_word' id='word_1_282' title='bbox 1829 1887 2086 1944; x_wconf 85' lang='lat' dir='ltr'>pertinebat</span> 
     </span>
     <span class='ocr_line' id='line_1_28' title="bbox 202 1946 1294 2003; baseline 0.002 -13"><span class='ocrx_word' id='word_1_283' title='bbox 202 1946 589 1991; x_wconf 86' lang='lat' dir='ltr'>resurrectionem</span> <span class='ocrx_word' id='word_1_284' title='bbox 608 1958 692 2003; x_wconf 89' lang='lat' dir='ltr'>per</span> <span class='ocrx_word' id='word_1_285' title='bbox 710 1952 983 2003; x_wconf 88' lang='lat' dir='ltr'>argumenta</span> <span class='ocrx_word' id='word_1_286' title='bbox 1006 1947 1294 1993; x_wconf 88' lang='lat' dir='ltr'>confirmare.</span> 
     </span>
    </p>

    <p class='ocr_par' dir='ltr' id='par_1_8' title="bbox 257 2008 2085 2067">
     <span class='ocr_line' id='line_1_29' title="bbox 257 2008 2085 2067; baseline 0.003 -14"><span class='ocrx_word' id='word_1_287' title='bbox 257 2010 301 2053; x_wconf 87' lang='lat'>3.</span> <span class='ocrx_word' id='word_1_288' title='bbox 330 2011 572 2064; x_wconf 82' lang='lat' dir='ltr'>Praeterea,</span> <span class='ocrx_word' id='word_1_289' title='bbox 587 2008 796 2053; x_wconf 86' lang='lat' dir='ltr'>Christus</span> <span class='ocrx_word' id='word_1_290' title='bbox 821 2009 869 2052; x_wconf 92' lang='lat' dir='ltr'>in</span> <span class='ocrx_word' id='word_1_291' title='bbox 889 2009 1120 2053; x_wconf 90' lang='lat' dir='ltr'>mundum</span> <span class='ocrx_word' id='word_1_292' title='bbox 1137 2009 1281 2067; x_wconf 85' lang='lat' dir='ltr'>venit,</span> <span class='ocrx_word' id='word_1_293' title='bbox 1306 2013 1360 2055; x_wconf 91' lang='lat' dir='ltr'>ut</span> <span class='ocrx_word' id='word_1_294' title='bbox 1380 2022 1463 2067; x_wconf 90' lang='lat' dir='ltr'>per</span> <span class='ocrx_word' id='word_1_295' title='bbox 1480 2022 1588 2055; x_wconf 91' lang='lat' dir='ltr'>eum</span> <span class='ocrx_word' id='word_1_296' title='bbox 1610 2010 1824 2056; x_wconf 89' lang='lat' dir='ltr'>homines</span> <span class='ocrx_word' id='word_1_297' title='bbox 1836 2011 2085 2059; x_wconf 87' lang='lat' dir='ltr'>beatitudi-</span> 
     </span>
    </p>
   </div>
   <div class='ocr_carea' id='block_1_4' title="bbox 201 2069 2163 2252">
    <p class='ocr_par' dir='ltr' id='par_1_9' title="bbox 201 2069 2163 2252">
     <span class='ocr_line' id='line_1_30' title="bbox 204 2069 2163 2131; baseline 0.003 -18"><span class='ocrx_word' id='word_1_298' title='bbox 204 2081 310 2114; x_wconf 90' lang='lat' dir='ltr'>nem</span> <span class='ocrx_word' id='word_1_299' title='bbox 325 2069 656 2126; x_wconf 86' lang='lat' dir='ltr'>adipiscantur,</span> <span class='ocrx_word' id='word_1_300' title='bbox 672 2070 932 2115; x_wconf 81' lang='lat' dir='ltr'>secundum</span> <span class='ocrx_word' id='word_1_301' title='bbox 946 2070 1061 2115; x_wconf 91' lang='lat' dir='ltr'>illud</span> <span class='ocrx_word' id='word_1_302' title='bbox 1076 2073 1222 2125; x_wconf 89' lang='lat' dir='ltr'>(Joan.</span> <span class='ocrx_word' id='word_1_303' title='bbox 1237 2083 1281 2127; x_wconf 83' lang='lat' dir='ltr'>x,</span> <span class='ocrx_word' id='word_1_304' title='bbox 1299 2073 1369 2126; x_wconf 91' lang='grc'>10)</span> <span class='ocrx_word' id='word_1_305' title='bbox 1387 2085 1399 2116; x_wconf 89' lang='lat'>:</span> <span class='ocrx_word' id='word_1_306' title='bbox 1418 2075 1513 2128; x_wconf 75' lang='lat' dir='ltr'>qu</span> <span class='ocrx_word' id='word_1_307' title='bbox 1528 2073 1630 2115; x_wconf 79' lang='lat' dir='ltr'>veni</span> <span class='ocrx_word' id='word_1_308' title='bbox 1645 2074 1698 2115; x_wconf 83' lang='lat' dir='ltr'>ut</span> <span class='ocrx_word' id='word_1_309' title='bbox 1715 2075 1856 2116; x_wconf 77' lang='lat' dir='ltr'>vitam</span> <span class='ocrx_word' id='word_1_310' title='bbox 1870 2074 2084 2131; x_wconf 79' lang='lat' dir='ltr'>habeant„</span> <span class='ocrx_word' id='word_1_311' title='bbox 2161 2071 2163 2074; x_wconf 52' lang='lat'><em>⁴</em></span> 
     </span>
     <span class='ocr_line' id='line_1_31' title="bbox 203 2131 2152 2190; baseline 0.004 -16"><span class='ocrx_word' id='word_1_312' title='bbox 203 2134 246 2174; x_wconf 83' lang='lat' dir='ltr'>et</span> <span class='ocrx_word' id='word_1_313' title='bbox 271 2131 578 2176; x_wconf 67' lang='lat' dir='ltr'>abundantius</span> <span class='ocrx_word' id='word_1_314' title='bbox 602 2133 812 2176; x_wconf 77' lang='lat' dir='ltr'>habeant.</span> <span class='ocrx_word' id='word_1_315' title='bbox 849 2132 936 2177; x_wconf 90' lang='lat' dir='ltr'>Sed</span> <span class='ocrx_word' id='word_1_316' title='bbox 963 2144 1046 2189; x_wconf 87' lang='lat' dir='ltr'>per</span> <span class='ocrx_word' id='word_1_317' title='bbox 1079 2133 1343 2190; x_wconf 88' lang='lat' dir='ltr'>hujusmodi</span> <span class='ocrx_word' id='word_1_318' title='bbox 1384 2133 1675 2178; x_wconf 88' lang='lat' dir='ltr'>ostensiones</span> <span class='ocrx_word' id='word_1_319' title='bbox 1708 2140 2086 2190; x_wconf 87' lang='lat' dir='ltr'>argumentorum</span> <span class='ocrx_word' id='word_1_320' title='bbox 2143 2161 2152 2182; x_wconf 66' lang='grc' dir='ltr'><strong><em>ς</em></strong></span> 
     </span>
     <span class='ocr_line' id='line_1_32' title="bbox 201 2192 2082 2252; baseline 0.003 -17"><span class='ocrx_word' id='word_1_321' title='bbox 201 2192 385 2237; x_wconf 82' lang='lat' dir='ltr'>videtur</span> <span class='ocrx_word' id='word_1_322' title='bbox 404 2193 623 2238; x_wconf 89' lang='lat' dir='ltr'>humanae</span> <span class='ocrx_word' id='word_1_323' title='bbox 640 2193 917 2239; x_wconf 83' lang='lat' dir='ltr'>beatitudini</span> <span class='ocrx_word' id='word_1_324' title='bbox 938 2194 1322 2251; x_wconf 89' lang='lat' dir='ltr'>impedimentum</span> <span class='ocrx_word' id='word_1_325' title='bbox 1340 2195 1575 2252; x_wconf 77' lang='lat' dir='ltr'>praestari3</span> <span class='ocrx_word' id='word_1_326' title='bbox 1600 2195 1765 2240; x_wconf 90' lang='lat' dir='ltr'>dicitur</span> <span class='ocrx_word' id='word_1_327' title='bbox 1789 2196 1912 2241; x_wconf 89' lang='lat' dir='ltr'>enim</span> <span class='ocrx_word' id='word_1_328' title='bbox 1940 2199 2082 2252; x_wconf 88' lang='lat' dir='ltr'>(Joan.</span> 
     </span>
    </p>
   </div>
   <div class='ocr_carea' id='block_1_5' title="bbox 201 2256 2151 2501">
    <p class='ocr_par' dir='ltr' id='par_1_10' title="bbox 201 2256 2151 2501">
     <span class='ocr_line' id='line_1_33' title="bbox 201 2256 2087 2315; baseline 0.005 -19"><span class='ocrx_word' id='word_1_329' title='bbox 201 2267 271 2309; x_wconf 85' lang='lat' dir='ltr'>xx,</span> <span class='ocrx_word' id='word_1_330' title='bbox 294 2257 361 2304; x_wconf 75' lang='lat'>29)</span> <span class='ocrx_word' id='word_1_331' title='bbox 384 2269 395 2296; x_wconf 73' lang='grc' dir='ltr'>ι</span> <span class='ocrx_word' id='word_1_332' title='bbox 419 2258 551 2298; x_wconf 73' lang='lat' dir='ltr'>Beati</span> <span class='ocrx_word' id='word_1_333' title='bbox 573 2258 650 2311; x_wconf 80' lang='lat' dir='ltr'>qui</span> <span class='ocrx_word' id='word_1_334' title='bbox 671 2269 758 2299; x_wconf 78' lang='lat' dir='ltr'>non</span> <span class='ocrx_word' id='word_1_335' title='bbox 776 2256 990 2300; x_wconf 80' lang='lat' dir='ltr'>viderunt</span> <span class='ocrx_word' id='word_1_336' title='bbox 1010 2260 1054 2299; x_wconf 81' lang='lat' dir='ltr'>et</span> <span class='ocrx_word' id='word_1_337' title='bbox 1073 2257 1382 2302; x_wconf 78' lang='lat' dir='ltr'>crediderunt.</span> <span class='ocrx_word' id='word_1_338' title='bbox 1403 2259 1522 2314; x_wconf 87' lang='lat' dir='ltr'>Ergo</span> <span class='ocrx_word' id='word_1_339' title='bbox 1538 2256 1719 2302; x_wconf 85' lang='lat' dir='ltr'>videtur</span> <span class='ocrx_word' id='word_1_340' title='bbox 1735 2258 1861 2315; x_wconf 77' lang='lat' dir='ltr'>quod</span> <span class='ocrx_word' id='word_1_341' title='bbox 1881 2259 2087 2306; x_wconf 81' lang='lat' dir='ltr'>Christus</span> 
     </span>
     <span class='ocr_line' id='line_1_34' title="bbox 203 2316 2149 2375; baseline 0.004 -15"><span class='ocrx_word' id='word_1_342' title='bbox 203 2328 297 2360; x_wconf 92' lang='lat' dir='ltr'>non</span> <span class='ocrx_word' id='word_1_343' title='bbox 323 2316 535 2361; x_wconf 90' lang='lat' dir='ltr'>debuerit</span> <span class='ocrx_word' id='word_1_344' title='bbox 555 2330 639 2375; x_wconf 88' lang='lat' dir='ltr'>per</span> <span class='ocrx_word' id='word_1_345' title='bbox 657 2318 811 2374; x_wconf 87' lang='lat' dir='ltr'>aliqua</span> <span class='ocrx_word' id='word_1_346' title='bbox 833 2325 1110 2375; x_wconf 87' lang='lat' dir='ltr'>argumenta</span> <span class='ocrx_word' id='word_1_347' title='bbox 1128 2320 1515 2365; x_wconf 86' lang='lat' dir='ltr'>resurrectionem</span> <span class='ocrx_word' id='word_1_348' title='bbox 1537 2332 1668 2365; x_wconf 90' lang='lat' dir='ltr'>suam</span> <span class='ocrx_word' id='word_1_349' title='bbox 1691 2321 2001 2368; x_wconf 86' lang='lat' dir='ltr'>manifestare.</span> <span class='ocrx_word' id='word_1_350' title='bbox 2134 2323 2149 2354; x_wconf 58' lang='grc' dir='ltr'>ἐ</span> 
     </span>
     <span class='ocr_line' id='line_1_35' title="bbox 259 2379 2085 2440; baseline 0.004 -18"><span class='ocrx_word' id='word_1_351' title='bbox 259 2379 343 2423; x_wconf 88' lang='lat' dir='ltr'>Sed</span> <span class='ocrx_word' id='word_1_352' title='bbox 366 2382 526 2422; x_wconf 79' lang='lat' dir='ltr'>contra</span> <span class='ocrx_word' id='word_1_353' title='bbox 550 2383 621 2423; x_wconf 88' lang='lat' dir='ltr'>est</span> <span class='ocrx_word' id='word_1_354' title='bbox 642 2379 768 2436; x_wconf 88' lang='lat' dir='ltr'>quod</span> <span class='ocrx_word' id='word_1_355' title='bbox 793 2380 959 2425; x_wconf 84' lang='lat' dir='ltr'>dicitur</span> <span class='ocrx_word' id='word_1_356' title='bbox 994 2384 1108 2436; x_wconf 88' lang='lat' dir='ltr'>(Act.</span> <span class='ocrx_word' id='word_1_357' title='bbox 1146 2396 1177 2439; x_wconf 88' lang='lat'>1,</span> <span class='ocrx_word' id='word_1_358' title='bbox 1208 2384 1269 2437; x_wconf 87' lang='lat'>3),</span> <span class='ocrx_word' id='word_1_359' title='bbox 1292 2382 1416 2439; x_wconf 81' lang='lat' dir='ltr'>quod</span> <span class='ocrx_word' id='word_1_360' title='bbox 1438 2383 1651 2439; x_wconf 89' lang='lat' dir='ltr'>apparuit</span> <span class='ocrx_word' id='word_1_361' title='bbox 1677 2382 1916 2440; x_wconf 85' lang='lat' dir='ltr'>discipulis</span> <span class='ocrx_word' id='word_1_362' title='bbox 1936 2385 2085 2431; x_wconf 86' lang='lat' dir='ltr'>Chris·</span> 
     </span>
     <span class='ocr_line' id='line_1_36' title="bbox 207 2441 2151 2501; baseline 0.005 -18"><span class='ocrx_word' id='word_1_363' title='bbox 207 2444 279 2484; x_wconf 89' lang='lat' dir='ltr'>tus</span> <span class='ocrx_word' id='word_1_364' title='bbox 298 2453 381 2496; x_wconf 80' lang='lat' dir='ltr'>per</span> <span class='ocrx_word' id='word_1_365' title='bbox 396 2441 492 2483; x_wconf 76' lang='lat' dir='ltr'>dies</span> <span class='ocrx_word' id='word_1_366' title='bbox 508 2441 823 2498; x_wconf 74' lang='lat' dir='ltr'>quadraqinta</span> <span class='ocrx_word' id='word_1_367' title='bbox 840 2445 889 2485; x_wconf 83' lang='lat' dir='ltr'>in</span> <span class='ocrx_word' id='word_1_368' title='bbox 908 2443 1061 2486; x_wconf 81' lang='lat' dir='ltr'>multis</span> <span class='ocrx_word' id='word_1_369' title='bbox 1084 2447 1377 2500; x_wconf 71' lang='lat' dir='ltr'>arqumentiS,</span> <span class='ocrx_word' id='word_1_370' title='bbox 1394 2444 1575 2500; x_wconf 80' lang='lat' dir='ltr'>loquens</span> <span class='ocrx_word' id='word_1_371' title='bbox 1594 2445 1651 2488; x_wconf 83' lang='lat' dir='ltr'>de</span> <span class='ocrx_word' id='word_1_372' title='bbox 1668 2458 1805 2501; x_wconf 73' lang='lat' dir='ltr'>reqno</span> <span class='ocrx_word' id='word_1_373' title='bbox 1825 2449 1926 2492; x_wconf 84' lang='lat' dir='ltr'>Dei.</span> <span class='ocrx_word' id='word_1_374' title='bbox 2135 2445 2151 2478; x_wconf 78' lang='lat'>&#39;·⁷</span> 
     </span>
    </p>
   </div>
   <div class='ocr_carea' id='block_1_6' title="bbox 202 2508 2154 3362">
    <p class='ocr_par' dir='ltr' id='par_1_11' title="bbox 203 2508 2158 2672">
     <span class='ocr_line' id='line_1_37' title="bbox 249 2508 2150 2562; baseline 0.003 -12"><span class='ocrx_word' id='word_1_375' title='bbox 249 2509 536 2550; x_wconf 90' lang='lat' dir='ltr'>CONCLUSIO.</span> <span class='ocrx_word' id='word_1_376' title='bbox 559 2530 606 2538; x_wconf 95' lang='lat'><em>-</em></span> <span class='ocrx_word' id='word_1_377' title='bbox 629 2508 816 2550; x_wconf 89' lang='lat' dir='ltr'>Christus</span> <span class='ocrx_word' id='word_1_378' title='bbox 832 2521 914 2551; x_wconf 89' lang='lat' dir='ltr'>non</span> <span class='ocrx_word' id='word_1_379' title='bbox 940 2510 1128 2562; x_wconf 81' lang='lat' dir='ltr'>probavit</span> <span class='ocrx_word' id='word_1_380' title='bbox 1153 2512 1488 2552; x_wconf 84' lang='lat' dir='ltr'>resurrectionem</span> <span class='ocrx_word' id='word_1_381' title='bbox 1504 2523 1624 2552; x_wconf 86' lang='lat' dir='ltr'>suam</span> <span class='ocrx_word' id='word_1_382' title='bbox 1647 2523 1718 2562; x_wconf 86' lang='lat' dir='ltr'>per</span> <span class='ocrx_word' id='word_1_383' title='bbox 1737 2513 1943 2555; x_wconf 84' lang='lat' dir='ltr'>evidentia</span> <span class='ocrx_word' id='word_1_384' title='bbox 1963 2515 2085 2556; x_wconf 77' lang='lat' dir='ltr'>disci-</span> <span class='ocrx_word' id='word_1_385' title='bbox 2138 2511 2150 2562; x_wconf 74' lang='grc'>;”</span> 
     </span>
     <span class='ocr_line' id='line_1_38' title="bbox 206 2563 2084 2620; baseline 0.005 -18"><span class='ocrx_word' id='word_1_386' title='bbox 206 2563 313 2615; x_wconf 86' lang='lat' dir='ltr'>pulis</span> <span class='ocrx_word' id='word_1_387' title='bbox 333 2567 590 2614; x_wconf 78' lang='lat' dir='ltr'>argumenta,</span> <span class='ocrx_word' id='word_1_388' title='bbox 616 2565 685 2605; x_wconf 90' lang='lat' dir='ltr'>sed</span> <span class='ocrx_word' id='word_1_389' title='bbox 707 2576 828 2605; x_wconf 84' lang='lat' dir='ltr'>sacrae</span> <span class='ocrx_word' id='word_1_390' title='bbox 849 2565 1068 2617; x_wconf 84' lang='lat' dir='ltr'>Scripturae</span> <span class='ocrx_word' id='word_1_391' title='bbox 1092 2567 1325 2606; x_wconf 83' lang='lat' dir='ltr'>testimonio</span> <span class='ocrx_word' id='word_1_392' title='bbox 1354 2569 1571 2607; x_wconf 84' lang='lat' dir='ltr'>contentus</span> <span class='ocrx_word' id='word_1_393' title='bbox 1598 2567 1681 2607; x_wconf 84' lang='lat' dir='ltr'>fuit</span> <span class='ocrx_word' id='word_1_394' title='bbox 1701 2581 1713 2609; x_wconf 70' lang='grc' dir='ltr'><strong>ε</strong></span> <span class='ocrx_word' id='word_1_395' title='bbox 1738 2569 1924 2620; x_wconf 83' lang='lat' dir='ltr'>probavit</span> <span class='ocrx_word' id='word_1_396' title='bbox 1945 2573 2084 2612; x_wconf 83' lang='lat' dir='ltr'>autem</span> 
     </span>
     <span class='ocr_line' id='line_1_39' title="bbox 203 2619 2154 2672; baseline 0.003 -14"><span class='ocrx_word' id='word_1_397' title='bbox 203 2619 426 2658; x_wconf 81' lang='lat' dir='ltr'>secundnm</span> <span class='ocrx_word' id='word_1_398' title='bbox 441 2619 631 2670; x_wconf 77' lang='lat' dir='ltr'>quaedam</span> <span class='ocrx_word' id='word_1_399' title='bbox 648 2619 853 2661; x_wconf 85' lang='lat' dir='ltr'>evidentia</span> <span class='ocrx_word' id='word_1_400' title='bbox 868 2621 1004 2672; x_wconf 83' lang='lat' dir='ltr'>signa,</span> <span class='ocrx_word' id='word_1_401' title='bbox 1020 2632 1061 2661; x_wconf 89' lang='lat' dir='ltr'>se</span> <span class='ocrx_word' id='word_1_402' title='bbox 1074 2621 1166 2661; x_wconf 81' lang='lat' dir='ltr'>vere</span> <span class='ocrx_word' id='word_1_403' title='bbox 1180 2621 1204 2661; x_wconf 79' lang='lat' dir='ltr'>a</span> <span class='ocrx_word' id='word_1_404' title='bbox 1218 2622 1396 2662; x_wconf 83' lang='lat' dir='ltr'>mortuis</span> <span class='ocrx_word' id='word_1_405' title='bbox 1422 2622 1696 2663; x_wconf 85' lang='lat' dir='ltr'>resurrexisse.</span> <span class='ocrx_word' id='word_1_406' title='bbox 2149 2631 2154 2639; x_wconf 88' lang='lat'><em>·</em></span> 
     </span>
    </p>

    <p class='ocr_par' dir='ltr' id='par_1_12' title="bbox 202 2682 2089 3362">
     <span class='ocr_line' id='line_1_40' title="bbox 257 2682 2084 2748; baseline 0.006 -22"><span class='ocrx_word' id='word_1_407' title='bbox 257 2682 528 2738; x_wconf 87' lang='lat' dir='ltr'>Respondeo</span> <span class='ocrx_word' id='word_1_408' title='bbox 544 2683 793 2728; x_wconf 91' lang='lat' dir='ltr'>dicendum</span> <span class='ocrx_word' id='word_1_409' title='bbox 813 2683 937 2740; x_wconf 78' lang='lat' dir='ltr'>quod</span> <span class='ocrx_word' id='word_1_410' title='bbox 961 2689 1287 2740; x_wconf 85' lang='lat' dir='ltr'>argumentum</span> <span class='ocrx_word' id='word_1_411' title='bbox 1310 2684 1476 2730; x_wconf 89' lang='lat' dir='ltr'>dicitur</span> <span class='ocrx_word' id='word_1_412' title='bbox 1499 2684 1743 2742; x_wconf 88' lang='lat' dir='ltr'>dupliciter</span> <span class='ocrx_word' id='word_1_413' title='bbox 1766 2699 1777 2729; x_wconf 72' lang='grc' dir='ltr'><strong>ε</strong></span> <span class='ocrx_word' id='word_1_414' title='bbox 1805 2689 2084 2748; x_wconf 86' lang='lat' dir='ltr'>quandoque</span> 
     </span>
     <span class='ocr_line' id='line_1_41' title="bbox 202 2744 2084 2810; baseline 0.004 -20"><span class='ocrx_word' id='word_1_415' title='bbox 202 2744 369 2790; x_wconf 86' lang='lat' dir='ltr'>dicitur</span> <span class='ocrx_word' id='word_1_416' title='bbox 386 2749 715 2801; x_wconf 71' lang='lat' dir='ltr'>argumentum</span> <span class='ocrx_word' id='word_1_417' title='bbox 732 2756 1041 2802; x_wconf 83' lang='lat' dir='ltr'>quaecumque</span> <span class='ocrx_word' id='word_1_418' title='bbox 1057 2746 1174 2791; x_wconf 87' lang='lat' dir='ltr'>ratio</span> <span class='ocrx_word' id='word_1_419' title='bbox 1190 2746 1256 2790; x_wconf 90' lang='lat' dir='ltr'>rei</span> <span class='ocrx_word' id='word_1_420' title='bbox 1271 2746 1424 2792; x_wconf 83' lang='lat' dir='ltr'>dubiae</span> <span class='ocrx_word' id='word_1_421' title='bbox 1441 2745 1617 2792; x_wconf 86' lang='lat' dir='ltr'>faciens</span> <span class='ocrx_word' id='word_1_422' title='bbox 1628 2748 1789 2805; x_wconf 85' lang='lat' dir='ltr'>fidem3</span> <span class='ocrx_word' id='word_1_423' title='bbox 1806 2751 2084 2810; x_wconf 89' lang='lat' dir='ltr'>quandoque</span> 
     </span>
     <span class='ocr_line' id='line_1_42' title="bbox 203 2806 2084 2866; baseline 0.005 -16"><span class='ocrx_word' id='word_1_424' title='bbox 203 2809 359 2851; x_wconf 85' lang='lat' dir='ltr'>autem</span> <span class='ocrx_word' id='word_1_425' title='bbox 390 2806 559 2850; x_wconf 88' lang='lat' dir='ltr'>dicitur</span> <span class='ocrx_word' id='word_1_426' title='bbox 578 2811 905 2864; x_wconf 85' lang='lat' dir='ltr'>argumentum</span> <span class='ocrx_word' id='word_1_427' title='bbox 928 2807 1116 2864; x_wconf 88' lang='lat' dir='ltr'>aliquod</span> <span class='ocrx_word' id='word_1_428' title='bbox 1144 2807 1364 2852; x_wconf 88' lang='lat' dir='ltr'>sensibile</span> <span class='ocrx_word' id='word_1_429' title='bbox 1393 2808 1579 2864; x_wconf 90' lang='lat' dir='ltr'>signum</span> <span class='ocrx_word' id='word_1_430' title='bbox 1607 2809 1731 2866; x_wconf 89' lang='lat' dir='ltr'>quod</span> <span class='ocrx_word' id='word_1_431' title='bbox 1765 2810 2001 2858; x_wconf 89' lang='lat' dir='ltr'>inducitur</span> <span class='ocrx_word' id='word_1_432' title='bbox 2024 2812 2084 2859; x_wconf 87' lang='lat' dir='ltr'>ad</span> 
     </span>
     <span class='ocr_line' id='line_1_43' title="bbox 204 2869 2084 2924; baseline 0.005 -12"><span class='ocrx_word' id='word_1_433' title='bbox 204 2869 400 2922; x_wconf 77' lang='lat' dir='ltr'>alicuius</span> <span class='ocrx_word' id='word_1_434' title='bbox 423 2869 627 2915; x_wconf 87' lang='lat' dir='ltr'>veritatis</span> <span class='ocrx_word' id='word_1_435' title='bbox 662 2869 1105 2924; x_wconf 86' lang='lat' dir='ltr'>manifestationem,</span> <span class='ocrx_word' id='word_1_436' title='bbox 1134 2870 1255 2915; x_wconf 90' lang='lat' dir='ltr'>sicut</span> <span class='ocrx_word' id='word_1_437' title='bbox 1287 2870 1425 2915; x_wconf 85' lang='lat' dir='ltr'>etiam</span> <span class='ocrx_word' id='word_1_438' title='bbox 1451 2870 1717 2917; x_wconf 86' lang='lat' dir='ltr'>Aristoteles</span> <span class='ocrx_word' id='word_1_439' title='bbox 1747 2871 1795 2916; x_wconf 94' lang='lat' dir='ltr'>in</span> <span class='ocrx_word' id='word_1_440' title='bbox 1822 2873 1952 2920; x_wconf 89' lang='lat' dir='ltr'>libris</span> <span class='ocrx_word' id='word_1_441' title='bbox 1985 2875 2084 2922; x_wconf 75' lang='lat' dir='ltr'>suis</span> 
     </span>
     <span class='ocr_line' id='line_1_44' title="bbox 203 2930 2086 2993; baseline 0.005 -20"><span class='ocrx_word' id='word_1_442' title='bbox 203 2930 455 2986; x_wconf 86' lang='lat' dir='ltr'>aliquando</span> <span class='ocrx_word' id='word_1_443' title='bbox 467 2930 615 2975; x_wconf 88' lang='lat' dir='ltr'>utitur</span> <span class='ocrx_word' id='word_1_444' title='bbox 632 2931 821 2976; x_wconf 90' lang='lat' dir='ltr'>nomine</span> <span class='ocrx_word' id='word_1_445' title='bbox 836 2931 1116 2987; x_wconf 87' lang='lat' dir='ltr'>argumenti,</span> <span class='ocrx_word' id='word_1_446' title='bbox 1129 2936 1181 2976; x_wconf 93' lang='lat' dir='ltr'>ut</span> <span class='ocrx_word' id='word_1_447' title='bbox 1215 2931 1312 2985; x_wconf 90' lang='lat' dir='ltr'>(lib.</span> <span class='ocrx_word' id='word_1_448' title='bbox 1334 2935 1398 2978; x_wconf 89' lang='lat' dir='ltr'>De</span> <span class='ocrx_word' id='word_1_449' title='bbox 1418 2932 1661 2990; x_wconf 86' lang='lat' dir='ltr'>rhetorica,</span> <span class='ocrx_word' id='word_1_450' title='bbox 1685 2933 1745 2979; x_wconf 86' lang='lat' dir='ltr'>ad</span> <span class='ocrx_word' id='word_1_451' title='bbox 1762 2933 1890 2980; x_wconf 87' lang='lat' dir='ltr'>Alex.</span> <span class='ocrx_word' id='word_1_452' title='bbox 1905 2948 2007 2993; x_wconf 86' lang='lat' dir='ltr'>cap.</span> <span class='ocrx_word' id='word_1_453' title='bbox 2027 2939 2086 2982; x_wconf 68' lang='lat'>14</span> 
     </span>
     <span class='ocr_line' id='line_1_45' title="bbox 203 2993 2089 3054; baseline 0.004 -17"><span class='ocrx_word' id='word_1_454' title='bbox 203 2997 249 3037; x_wconf 86' lang='lat' dir='ltr'>et</span> <span class='ocrx_word' id='word_1_455' title='bbox 266 2996 353 3046; x_wconf 81' lang='lat'>15).</span> <span class='ocrx_word' id='word_1_456' title='bbox 380 2993 530 3037; x_wconf 79' lang='lat' dir='ltr'>Primo</span> <span class='ocrx_word' id='word_1_457' title='bbox 557 2993 697 3048; x_wconf 80' lang='lat' dir='ltr'>igitur</span> <span class='ocrx_word' id='word_1_458' title='bbox 718 2993 857 3038; x_wconf 92' lang='lat' dir='ltr'>modo</span> <span class='ocrx_word' id='word_1_459' title='bbox 878 2993 1146 3050; x_wconf 87' lang='lat' dir='ltr'>accipiendo</span> <span class='ocrx_word' id='word_1_460' title='bbox 1162 2999 1504 3052; x_wconf 87' lang='lat' dir='ltr'>argumentum,</span> <span class='ocrx_word' id='word_1_461' title='bbox 1524 2995 1731 3040; x_wconf 88' lang='lat' dir='ltr'>Christus</span> <span class='ocrx_word' id='word_1_462' title='bbox 1759 3009 1853 3041; x_wconf 91' lang='lat' dir='ltr'>non</span> <span class='ocrx_word' id='word_1_463' title='bbox 1874 2997 2089 3054; x_wconf 69' lang='lat' dir='ltr'>probavit</span> 
     </span>
     <span class='ocr_line' id='line_1_46' title="bbox 202 3054 2081 3118; baseline 0.004 -20"><span class='ocrx_word' id='word_1_464' title='bbox 202 3054 441 3111; x_wconf 88' lang='lat' dir='ltr'>discipulis</span> <span class='ocrx_word' id='word_1_465' title='bbox 463 3067 597 3099; x_wconf 87' lang='lat' dir='ltr'>suam</span> <span class='ocrx_word' id='word_1_466' title='bbox 620 3056 1005 3101; x_wconf 90' lang='lat' dir='ltr'>resurrectionem</span> <span class='ocrx_word' id='word_1_467' title='bbox 1028 3068 1110 3113; x_wconf 91' lang='lat' dir='ltr'>per</span> <span class='ocrx_word' id='word_1_468' title='bbox 1129 3061 1430 3114; x_wconf 89' lang='lat' dir='ltr'>argumenta,</span> <span class='ocrx_word' id='word_1_469' title='bbox 1454 3057 1564 3115; x_wconf 85' lang='lat' dir='ltr'>quia</span> <span class='ocrx_word' id='word_1_470' title='bbox 1589 3057 1694 3102; x_wconf 90' lang='lat' dir='ltr'>talis</span> <span class='ocrx_word' id='word_1_471' title='bbox 1711 3058 1920 3114; x_wconf 88' lang='lat' dir='ltr'>probatio</span> <span class='ocrx_word' id='word_1_472' title='bbox 1941 3072 2081 3118; x_wconf 85' lang='lat' dir='ltr'>argu-</span> 
     </span>
     <span class='ocr_line' id='line_1_47' title="bbox 202 3117 2079 3177; baseline 0.004 -18"><span class='ocrx_word' id='word_1_473' title='bbox 202 3117 453 3161; x_wconf 84' lang='lat' dir='ltr'>mentativa</span> <span class='ocrx_word' id='word_1_474' title='bbox 478 3118 780 3175; x_wconf 86' lang='lat' dir='ltr'>processisset</span> <span class='ocrx_word' id='word_1_475' title='bbox 804 3131 863 3164; x_wconf 85' lang='lat' dir='ltr'>ex</span> <span class='ocrx_word' id='word_1_476' title='bbox 890 3118 1122 3176; x_wconf 89' lang='lat' dir='ltr'>aliquibus</span> <span class='ocrx_word' id='word_1_477' title='bbox 1151 3119 1407 3177; x_wconf 88' lang='lat' dir='ltr'>principiis,</span> <span class='ocrx_word' id='word_1_478' title='bbox 1444 3132 1551 3177; x_wconf 85' lang='lat' dir='ltr'>quae</span> <span class='ocrx_word' id='word_1_479' title='bbox 1586 3119 1626 3165; x_wconf 89' lang='lat' dir='ltr'>si</span> <span class='ocrx_word' id='word_1_480' title='bbox 1663 3132 1759 3165; x_wconf 91' lang='lat' dir='ltr'>non</span> <span class='ocrx_word' id='word_1_481' title='bbox 1787 3127 1943 3167; x_wconf 90' lang='lat' dir='ltr'>essent</span> <span class='ocrx_word' id='word_1_482' title='bbox 1972 3126 2079 3166; x_wconf 81' lang='lat' dir='ltr'>nota</span> 
     </span>
     <span class='ocr_line' id='line_1_48' title="bbox 203 3177 2078 3240; baseline 0.004 -19"><span class='ocrx_word' id='word_1_483' title='bbox 203 3177 457 3235; x_wconf 85' lang='lat' dir='ltr'>discipulis,</span> <span class='ocrx_word' id='word_1_484' title='bbox 482 3180 594 3224; x_wconf 85' lang='lat' dir='ltr'>nihil</span> <span class='ocrx_word' id='word_1_485' title='bbox 615 3193 698 3238; x_wconf 89' lang='lat' dir='ltr'>per</span> <span class='ocrx_word' id='word_1_486' title='bbox 715 3193 771 3226; x_wconf 91' lang='lat' dir='ltr'>ea</span> <span class='ocrx_word' id='word_1_487' title='bbox 790 3180 858 3226; x_wconf 91' lang='lat' dir='ltr'>eis</span> <span class='ocrx_word' id='word_1_488' title='bbox 880 3181 1268 3236; x_wconf 82' lang='lat' dir='ltr'>manifestaretur,</span> <span class='ocrx_word' id='word_1_489' title='bbox 1292 3182 1402 3239; x_wconf 90' lang='lat' dir='ltr'>quia</span> <span class='ocrx_word' id='word_1_490' title='bbox 1429 3193 1487 3227; x_wconf 87' lang='lat' dir='ltr'>ex</span> <span class='ocrx_word' id='word_1_491' title='bbox 1510 3181 1682 3238; x_wconf 89' lang='lat' dir='ltr'>ignotis</span> <span class='ocrx_word' id='word_1_492' title='bbox 1705 3195 1800 3227; x_wconf 91' lang='lat' dir='ltr'>non</span> <span class='ocrx_word' id='word_1_493' title='bbox 1826 3187 1976 3240; x_wconf 90' lang='lat' dir='ltr'>potest</span> <span class='ocrx_word' id='word_1_494' title='bbox 1994 3182 2078 3228; x_wconf 87' lang='lat' dir='ltr'>ali-</span> 
     </span>
     <span class='ocr_line' id='line_1_49' title="bbox 203 3240 2077 3302; baseline 0.003 -17"><span class='ocrx_word' id='word_1_495' title='bbox 203 3240 314 3297; x_wconf 87' lang='lat' dir='ltr'>quid</span> <span class='ocrx_word' id='word_1_496' title='bbox 343 3240 441 3284; x_wconf 85' lang='lat' dir='ltr'>fieri</span> <span class='ocrx_word' id='word_1_497' title='bbox 470 3247 662 3300; x_wconf 80' lang='lat' dir='ltr'>notum3</span> <span class='ocrx_word' id='word_1_498' title='bbox 689 3243 728 3288; x_wconf 85' lang='lat' dir='ltr'>si</span> <span class='ocrx_word' id='word_1_499' title='bbox 750 3247 906 3288; x_wconf 89' lang='lat' dir='ltr'>autem</span> <span class='ocrx_word' id='word_1_500' title='bbox 928 3248 1085 3289; x_wconf 89' lang='lat' dir='ltr'>essent</span> <span class='ocrx_word' id='word_1_501' title='bbox 1105 3245 1172 3289; x_wconf 90' lang='lat' dir='ltr'>eis</span> <span class='ocrx_word' id='word_1_502' title='bbox 1191 3250 1317 3302; x_wconf 83' lang='lat' dir='ltr'>nota,</span> <span class='ocrx_word' id='word_1_503' title='bbox 1334 3256 1430 3289; x_wconf 90' lang='lat' dir='ltr'>non</span> <span class='ocrx_word' id='word_1_504' title='bbox 1449 3244 1830 3290; x_wconf 85' lang='lat' dir='ltr'>transcenderent</span> <span class='ocrx_word' id='word_1_505' title='bbox 1853 3247 2077 3291; x_wconf 86' lang='lat' dir='ltr'>rationem</span> 
     </span>
     <span class='ocr_line' id='line_1_50' title="bbox 204 3303 2073 3362; baseline 0.004 -16"><span class='ocrx_word' id='word_1_506' title='bbox 204 3303 471 3359; x_wconf 89' lang='lat' dir='ltr'>humanam,</span> <span class='ocrx_word' id='word_1_507' title='bbox 487 3309 533 3348; x_wconf 87' lang='lat' dir='ltr'>et</span> <span class='ocrx_word' id='word_1_508' title='bbox 554 3305 617 3348; x_wconf 88' lang='lat' dir='ltr'>ita</span> <span class='ocrx_word' id='word_1_509' title='bbox 636 3317 730 3349; x_wconf 83' lang='lat' dir='ltr'>non</span> <span class='ocrx_word' id='word_1_510' title='bbox 745 3311 902 3351; x_wconf 91' lang='lat' dir='ltr'>essent</span> <span class='ocrx_word' id='word_1_511' title='bbox 915 3307 1122 3351; x_wconf 88' lang='lat' dir='ltr'>efficacia</span> <span class='ocrx_word' id='word_1_512' title='bbox 1135 3307 1195 3353; x_wconf 90' lang='lat' dir='ltr'>ad</span> <span class='ocrx_word' id='word_1_513' title='bbox 1210 3307 1347 3352; x_wconf 90' lang='lat' dir='ltr'>fidem</span> <span class='ocrx_word' id='word_1_514' title='bbox 1366 3306 1717 3352; x_wconf 84' lang='lat' dir='ltr'>resurrection-is</span> <span class='ocrx_word' id='word_1_515' title='bbox 1732 3307 2073 3362; x_wconf 84' lang='lat' dir='ltr'>adstruendam,</span> 
     </span>
    </p>
   </div>
   <div class='ocr_carea' id='block_1_7' title="bbox 202 3434 2075 3531">
    <p class='ocr_par' dir='ltr' id='par_1_13' title="bbox 202 3434 2075 3531">
     <span class='ocr_line' id='line_1_51' title="bbox 243 3434 2075 3482; baseline 0.004 -13"><span class='ocrx_word' id='word_1_516' title='bbox 243 3435 287 3477; x_wconf 79' lang='grc'>(4)</span> <span class='ocrx_word' id='word_1_517' title='bbox 314 3434 522 3471; x_wconf 74' lang='lat' dir='ltr'>Affirmative</span> <span class='ocrx_word' id='word_1_518' title='bbox 545 3435 618 3470; x_wconf 80' lang='lat' dir='ltr'>dari</span> <span class='ocrx_word' id='word_1_519' title='bbox 637 3448 808 3478; x_wconf 77' lang='lat' dir='ltr'>responsio</span> <span class='ocrx_word' id='word_1_520' title='bbox 828 3441 937 3479; x_wconf 83' lang='lat' dir='ltr'>potest</span> <span class='ocrx_word' id='word_1_521' title='bbox 953 3438 981 3473; x_wconf 90' lang='lat' dir='ltr'>si</span> <span class='ocrx_word' id='word_1_522' title='bbox 998 3450 1096 3480; x_wconf 79' lang='lat' dir='ltr'>argu·</span> <span class='ocrx_word' id='word_1_523' title='bbox 1182 3440 1254 3475; x_wconf 76' lang='lat' dir='ltr'>lum</span> <span class='ocrx_word' id='word_1_524' title='bbox 1269 3439 1416 3475; x_wconf 77' lang='lat' dir='ltr'>rationes</span> <span class='ocrx_word' id='word_1_525' title='bbox 1437 3437 1667 3482; x_wconf 79' lang='lat' dir='ltr'>speculativas,</span> <span class='ocrx_word' id='word_1_526' title='bbox 1689 3438 1749 3474; x_wconf 77' lang='lat' dir='ltr'>sed</span> <span class='ocrx_word' id='word_1_527' title='bbox 1765 3439 1868 3474; x_wconf 78' lang='lat' dir='ltr'>etiam</span> <span class='ocrx_word' id='word_1_528' title='bbox 1890 3440 1983 3482; x_wconf 74' lang='lat' dir='ltr'>signa</span> <span class='ocrx_word' id='word_1_529' title='bbox 2002 3447 2075 3482; x_wconf 72' lang='lat'><strong>&lt;1¹12</strong></span> 
     </span>
     <span class='ocr_line' id='line_1_52' title="bbox 202 3484 1898 3531; baseline 0.004 -13"><span class='ocrx_word' id='word_1_530' title='bbox 202 3487 353 3518; x_wconf 77' lang='lat' dir='ltr'>mentum</span> <span class='ocrx_word' id='word_1_531' title='bbox 373 3488 440 3518; x_wconf 84' lang='lat' dir='ltr'>tam</span> <span class='ocrx_word' id='word_1_532' title='bbox 465 3484 668 3525; x_wconf 84' lang='lat' dir='ltr'>generaliter</span> <span class='ocrx_word' id='word_1_533' title='bbox 683 3486 891 3527; x_wconf 81' lang='lat' dir='ltr'>intelligatur</span> <span class='ocrx_word' id='word_1_534' title='bbox 908 3490 945 3522; x_wconf 83' lang='lat' dir='ltr'>ut</span> <span class='ocrx_word' id='word_1_535' title='bbox 958 3498 1027 3522; x_wconf 89' lang='lat' dir='ltr'>non</span> <span class='ocrx_word' id='word_1_536' title='bbox 1043 3499 1095 3523; x_wconf 88' lang='lat' dir='ltr'>so·</span> <span class='ocrx_word' id='word_1_537' title='bbox 1181 3488 1269 3524; x_wconf 73' lang='lat' dir='ltr'>facto</span> <span class='ocrx_word' id='word_1_538' title='bbox 1282 3492 1316 3525; x_wconf 79' lang='lat' dir='ltr'>et</span> <span class='ocrx_word' id='word_1_539' title='bbox 1332 3488 1559 3531; x_wconf 72' lang='lat' dir='ltr'>experimento</span> <span class='ocrx_word' id='word_1_540' title='bbox 1574 3491 1726 3526; x_wconf 78' lang='lat' dir='ltr'>constant</span> <span class='ocrx_word' id='word_1_541' title='bbox 1738 3487 1898 3525; x_wconf 84' lang='lat' dir='ltr'>includat.</span> 
     </span>
    </p>
   </div>
  </div>
 </body>
</html>
