2170 3808
762 204 959 257 QUAEST.
990 205 1051 261 11,
1080 203 1199 245 ΛΒΤ.
1232 201 1305 245 m.
1755 201 1759 205 ⁴
1910 204 1964 244 w

91 291 138 333 et
149 286 253 333 ideo
265 289 389 333 idem
403 293 473 333 est
484 286 732 332 attribuere
747 284 981 342 propriam
993 282 1279 340 hypostasim
1293 283 1511 327 humanae
1523 285 1699 327 naturae
1709 281 1758 325 in
1770 279 1965 339 Christo,

90 354 135 394 et
148 351 379 406 propriam
398 361 658 407 personam.
678 347 805 401 Quod
832 346 1144 402 intelligentes
1163 345 1311 389 sancti
1326 347 1503 400 Patres,
1518 349 1767 401 utrumque
1783 343 1830 386 in
1855 354 1964 386 con-

95 410 196 455 cilio
213 412 374 469 quinto
390 411 513 468 apud
531 407 973 464 Constantinopolim
993 405 1224 451 celebrato
1245 405 1414 460 (collat.
1441 409 1483 464 8,
1509 418 1616 452 can.
1635 408 1693 460 5),
1720 404 1965 450 damnave-

95 476 217 530 runt,
251 473 457 517 dicentes
478 486 489 514 ε
512 489 532 509 α
557 471 601 515 Si
643 471 750 527 quis
784 468 1075 514 introducere
1108 471 1303 511 conetur
1334 467 1381 510 in
1410 468 1631 524 mysterio
1660 464 1826 511 Christi
1848 465 1965 510 duas

93 532 390 590 substantias,
414 545 499 578 seu
521 533 639 577 duas
659 543 900 589 personas,
915 529 1160 574 anathema
1175 527 1251 572 sit.
1275 530 1365 572 Nec
1380 529 1504 572 enim
1532 528 1838 586 adJectionem
1860 537 1964 584 per-

93 605 220 640 sonae
238 597 310 642 vel
330 595 643 641 subsistentiae
664 593 869 650 suscepit
891 592 950 648 (1)
963 596 1126 636 sancta
1142 589 1353 646 Trinitas,
1365 589 1604 635 incarnato
1614 603 1710 635 uno
1727 590 1785 635 de
1804 591 1965 634 sancta

93 657 306 703 Trinitate
322 662 418 703 Deo
438 658 601 702 Verb0.
638 676 657 695 ι»
676 654 980 701 Subsistentia
1005 658 1160 698 autem
1188 652 1313 697 idem
1335 658 1407 697 est
1434 652 1557 710 quod
1579 665 1654 698 res
1684 652 1961 709 subsisteuS,

93 720 215 776 quod
228 725 298 766 est
317 720 553 778 proprium
572 718 850 777 hypostasis,
866 722 918 762 ut
936 721 1061 774 patet
1083 728 1166 772 per
1183 715 1388 760 Boetium
1424 715 1521 770 (lib.
1553 718 1615 760 De
1640 715 1780 760 duab.
1808 719 1961 759 natur.

93 779 311 838 aliquant.
342 782 370 826 a
399 781 586 839 princ.).
604 806 661 813 —
682 778 911 834 Secundo,
932 778 1041 835 quia
1061 777 1099 821 si
1126 776 1260 821 detur
1278 776 1402 833 quod
1417 789 1615 833 persona
1632 776 1806 833 aliquid
1826 775 1965 820 addat

91 853 230 899 super
247 844 552 902 hypostasim,
568 843 617 887 in
640 855 733 900 quo
751 841 899 899 possit
916 841 1029 885 unio
1050 839 1168 894 fieri,
1202 839 1290 883 hoc
1324 838 1439 883 nihil
1465 838 1590 883 aliud
1608 843 1679 883 est
1697 838 1835 894 quam
1857 850 1966 893 pro-

89 903 259 958 prietas
284 907 340 950 ad
375 905 647 962 dignitatem
681 904 948 961 pertinens3
977 901 1235 947 secundum
1256 901 1380 958 quod
1411 900 1439 944 a
1467 901 1751 958 quibusdam·
1781 899 1966 953 dicitur,

89 965 213 1020 quod
245 980 442 1022 persona
474 972 546 1011 est
580 966 843 1024 hypostasis
867 963 1140 1021 proprietate
1165 962 1381 1007 distincta
1420 962 1480 1007 ad
1514 962 1785 1017 dignitatem
1821 960 1966 1016 perti-

89 1033 245 1072 nente.
265 1029 306 1072 Si
324 1041 434 1084 ergo
447 1030 567 1073 facta
584 1029 644 1073 sit
659 1029 769 1073 unio
783 1028 833 1072 in
850 1038 1063 1083 persona,
1080 1029 1126 1069 et
1138 1037 1231 1069 non
1246 1024 1293 1068 in
1309 1024 1562 1082 hypostasi,
1576 1035 1869 1080 consequens
1878 1023 1964 1068 erit

88 1087 214 1144 quod
229 1101 323 1133 non
347 1090 467 1134 facta
486 1090 545 1134 sit
565 1089 678 1134 unio
696 1088 786 1134 nisi
805 1087 1063 1133 secundum
1082 1086 1352 1143 dignitatem
1369 1086 1634 1143 quamdam.
1663 1088 1716 1129 Et
1755 1085 1845 1129 hoc
1874 1088 1962 1141 est,

88 1151 368 1206 approbante
389 1152 568 1208 synodo
588 1151 818 1207 Ephesina
829 1153 1001 1206 (gener.
1015 1151 1082 1202 ΙΙΙ,
1107 1153 1224 1204 part.
1240 1152 1284 1197 3,
1304 1161 1408 1193 can.
1429 1160 1514 1193 seu
1527 1146 1964 1202 anathem.3),dam-

89 1216 250 1256 natum
268 1212 295 1256 a
313 1214 478 1271 Cyrillo
498 1212 585 1257 sub
605 1213 677 1256 his
698 1212 880 1256 verbis:
908 1229 926 1249 «
947 1211 991 1254 Si
1010 1210 1115 1267 quis
1137 1210 1183 1254 in
1211 1222 1305 1261 uno
1328 1209 1504 1255 Christo
1523 1209 1685 1255 dividit
1703 1209 1964 1254 subsisten-

90 1273 176 1317 tias
189 1280 294 1331 post
315 1275 660 1330 adunationem,
684 1274 782 1318 sola
800 1273 1027 1330 copulans
1046 1285 1127 1317 eas
1141 1272 1483 1329 conjunctione,
1501 1285 1605 1329 quae
1614 1272 1870 1316 secundum
1891 1271 1962 1316 di-

88 1336 310 1392 gnitatem
328 1338 576 1395 quamdam
595 1340 654 1392 (2)
671 1337 747 1382 vel
768 1336 1087 1381 auctoritatem
1118 1340 1204 1390 est,
1232 1335 1305 1379 vel
1339 1336 1594 1379 secundum
1626 1335 1895 1391 potentiam,
1918 1338 1966 1379 et

89 1410 182 1442 non
201 1400 350 1456 magis
373 1412 604 1444 concursu
625 1399 884 1444 secundnm
906 1397 1232 1443 adunationem
1266 1397 1539 1453 naturalem,
1563 1397 1810 1441 anathema
1841 1395 1916 1440 sit.
1938 1415 1960 1437 a

92 1485 146 1492 —
164 1462 324 1518 Tertio,
369 1462 478 1518 quia
515 1464 696 1506 tantum
726 1460 989 1518 hypostasis
1032 1464 1103 1504 est
1133 1460 1206 1503 cui
1249 1459 1564 1504 attribuuntur
1597 1459 1889 1516 operationes
1918 1462 1965 1504 et

90 1523 387 1579 proprietates
408 1529 599 1580 naturae,
615 1528 661 1567 et
678 1536 732 1567 ea
749 1523 891 1568 etiam
907 1535 1013 1579 quae
1026 1522 1086 1567 ad
1107 1528 1284 1566 naturae
1304 1522 1528 1566 rationem
1548 1522 1780 1578 pertinent
1794 1521 1841 1564 in
1857 1533 1970 1565 con--

87 1588 211 1628 creto
227 1586 283 1639 (3)
303 1601 313 1628 :
336 1585 531 1630 dicimus
550 1586 674 1630 enim
697 1585 820 1642 quod
839 1585 914 1630 hic
944 1585 1085 1630 homo
1104 1584 1418 1637 ratiocinatur,
1444 1589 1490 1629 et
1511 1588 1582 1629 est
1601 1583 1806 1638 risibilis,
1822 1587 1869 1628 et
1893 1587 1963 1629 est

87 1646 258 1690 animal
280 1647 516 1691 rationale.
539 1651 590 1690 Et
626 1647 713 1691 hac
733 1647 913 1691 ratione
936 1647 1010 1691 hic
1029 1648 1167 1690 homo
1186 1647 1353 1691 dicitur
1387 1658 1491 1690 esse
1521 1645 1830 1702 suppositum,
1854 1644 1964 1701 quia

89 1707 262 1752 scilicet
276 1709 554 1764 supponitur
579 1710 649 1752 his
671 1721 775 1765 quae
793 1709 852 1753 ad
872 1709 1108 1754 hominem
1130 1709 1379 1764 pertinent,
1400 1719 1562 1752 eorum
1588 1707 1962 1764 praedicationem

90 1768 331 1825 recipiens.
361 1771 401 1813 Si
426 1783 537 1826 ergo
557 1771 617 1814 sit
634 1770 723 1814 alia
742 1771 1007 1827 hypostasis
1027 1771 1073 1815 in
1095 1770 1270 1815 Christo
1298 1773 1464 1827 praeter
1488 1769 1774 1826 hypostasim
1811 1769 1961 1827 Verbi,

40 1865 50 1869 „
91 1830 299 1886 sequitur
320 1831 441 1886 qnod
458 1832 516 1875 de
538 1831 694 1887 aliquo
717 1831 806 1875 alio
835 1831 974 1887 quam
994 1832 1052 1877 de
1076 1832 1222 1877 Verbo
1241 1831 1532 1878 verificentur
1549 1843 1603 1876 ea
1625 1843 1730 1888 quae
1750 1836 1859 1875 sunt
1877 1832 1963 1876 ho-

90 1891 244 1944 minis,
265 1893 377 1949 puta
395 1905 495 1937 esse
519 1898 680 1937 natum
713 1893 770 1938 de
804 1893 1009 1948 Virgine,
1028 1904 1236 1948 passum,
1256 1893 1525 1936 crucifixum
1564 1897 1612 1937 et
1638 1892 1889 1950 sepultum.
1910 1895 1965 1938 Et

89 1953 181 1998 hoc
193 1954 329 1998 etiam
352 1954 621 1998 damnatum
642 1958 728 2008 est,
748 1953 1031 2009 approbante
1049 1953 1244 1998 concilio
1258 1954 1425 2008 Ephes.
1438 1955 1541 2004 (loc.
1558 1954 1654 2011 cit.,
1677 1967 1780 1998 can.
1796 1956 1859 2009 4),
1873 1953 1963 1999 sub

89 2013 162 2058 his
177 2014 329 2058 verbis
353 2030 362 2055 :
389 2015 472 2058 «Si
497 2015 602 2070 quis
628 2015 838 2071 personis
870 2014 1053 2058 duabus
1081 2015 1157 2058 vel
1184 2014 1496 2059 subsistentiis
1529 2027 1610 2059 eas
1642 2027 1744 2071 quae
1776 2020 1888 2059 sunt
1915 2015 1961 2060 in

89 2077 366 2132 evangelicis
387 2082 431 2120 et
451 2076 714 2132 apostolicis
729 2077 987 2132 Scripturis.
1007 2077 1202 2132 partitur
1226 2088 1386 2131 voces,
1407 2082 1487 2120 aut
1503 2076 1561 2121 de
1582 2076 1759 2121 Christo
1778 2076 1806 2121 a
1825 2090 1965 2123 sanc-

88 2137 147 2182 tis
165 2138 326 2194 dictas,
345 2142 425 2182 aut
440 2138 497 2181 ab
513 2138 613 2194 ipso
630 2139 685 2182 de
705 2150 772 2195 se,
786 2142 830 2182 et
853 2138 1078 2193 quasdam
1102 2138 1289 2194 quidem
1307 2139 1435 2182 velut
1448 2138 1623 2182 homini
1652 2142 1819 2194 praeter
1848 2139 1962 2186 illud

87 2211 147 2244 ex
163 2202 254 2244 Deo
271 2200 468 2244 Verbum
491 2199 746 2255 specialiter
778 2198 1013 2243 intellecto
1037 2200 1255 2256 applicat,
1285 2199 1510 2256 quasdam
1542 2199 1670 2258 vero,
1706 2200 1833 2244 velut
1856 2204 1962 2261 vDeo

89 2260 304 2306 decibiles
325 2263 398 2318 (4),
422 2261 506 2306 soli
525 2274 585 2305 ex
618 2264 708 2305 Deo
730 2263 859 2306 Patre
889 2261 1060 2316 Verbo;
1085 2263 1343 2316 „anathema
1378 2262 1454 2306 sit.
1475 2280 1496 2301 υ
1514 2285 1571 2294 -
1588 2263 1659 2305 Sic
1695 2274 1806 2318 ergo
1837 2268 1962 2319 patet

91 2334 194 2368 esse
214 2323 426 2367 haeresim
448 2323 557 2367 olim
577 2323 636 2366 ab
663 2322 866 2367 Ecclesia
906 2323 1191 2380 damnatam,
1229 2324 1399 2380 dicere,
1424 2323 1550 2381 quod
1571 2322 1618 2367 in
1652 2323 1828 2368 Christo
1852 2329 1963 2371 sunt

88 2383 192 2429 duae
209 2385 496 2442 hypostaseS,
515 2384 587 2428 vel
605 2384 696 2427 duo
713 2385 967 2443 supposita,
989 2386 1086 2430 sive
1102 2386 1226 2443 quod
1246 2386 1355 2430 nmo
1374 2398 1467 2429 non
1491 2385 1550 2429 sit
1569 2383 1689 2429 facta
1717 2385 1765 2429 in
1790 2386 1961 2443 hypos-

89 2445 176 2490 tasi
197 2446 270 2490 vel
290 2446 544 2502 supposito.
558 2445 686 2490 Unde
710 2445 758 2489 in
781 2446 941 2492 eadem
963 2448 1144 2504 synodo
1166 2451 1285 2502 (can.
1311 2450 1354 2502 2)
1376 2448 1547 2504 legitur
1573 2462 1587 2490 ι
1611 2463 1631 2483 «
1659 2446 1702 2490 si
1726 2447 1831 2503 quis
1865 2461 1960 2493 non

89 2507 331 2552 confitetur
352 2508 478 2552 carni
510 2507 767 2551 secundum
796 2508 1145 2554 subsistentiam
1176 2510 1356 2554 unitum
1392 2521 1452 2554 ex
1483 2513 1575 2553 Deo
1596 2511 1727 2553 Patre
1745 2509 1958 2560 Verbum,

89 2572 336 2626 utrumque
355 2581 457 2614 esse
474 2569 702 2613 Christum
720 2581 830 2614 cum
851 2582 935 2615 sua
954 2584 1111 2631 carne,
1140 2572 1358 2617 eumdem
1379 2571 1554 2616 scilicet
1572 2573 1719 2615 Deum
1742 2574 1788 2615 et
1809 2571 1962 2618 homi-

90 2642 197 2675 nem
210 2666 221 2684 ,
242 2630 487 2675 anathema
505 2630 580 2674 sit.
600 2648 622 2668 n

143 2692 211 2737 Ad
229 2696 425 2748 primum
442 2703 551 2747 ergo
574 2691 838 2749 dicendum,
862 2694 985 2750 quod
1008 2695 1130 2740 sicut
1154 2695 1450 2740 accidentalis
1482 2694 1738 2740 differentia
1770 2694 1880 2739 facit
1900 2695 1962 2740 al-

95 2759 259 2810 terum,
286 2754 349 2798 ita
366 2753 618 2798 differentia
642 2755 900 2800 essentialis
921 2757 1031 2802 facit
1059 2758 1200 2803 aliud.
1230 2758 1518 2802 Manifestum
1549 2761 1619 2801 est
1649 2761 1805 2802 autem
1837 2757 1962 2814 quod

93 2813 307 2870 alteritas,
322 2827 427 2871 quae
437 2815 647 2871 provenit
658 2827 717 2860 ex
726 2815 985 2862 differentia
997 2819 1282 2875 accidentali,
1295 2824 1447 2875 potest
1457 2819 1516 2863 ad
1526 2818 1737 2863 eamdem
1749 2819 1961 2876 hyposta-

93 2875 180 2919 sim
201 2876 275 2920 vel
297 2876 586 2932 suppositum
612 2877 842 2932 pertinere
867 2878 916 2923 in
937 2879 1079 2925 rebus
1099 2882 1282 2937 creatis,
1306 2882 1361 2925 eo
1376 2881 1495 2937 quo?
1521 2881 1643 2925 idem
1664 2893 1857 2925 numero
1875 2893 1960 2937 po-

92 2938 181 2980 test
208 2935 399 2980 diversis
420 2936 733 2982 accidentibus
754 2937 962 2984 subesse.
994 2942 1092 2986 Non
1116 2946 1271 2985 autem
1302 2942 1525 2996 contingit
1544 2941 1594 2985 in
1621 2940 1762 2985 rebus
1793 2941 1959 2988 creatis

91 2997 216 3054 quod
234 2996 356 3042 idem
375 3008 566 3042 numero
579 2998 830 3045 subsistere
840 3002 987 3056 possit
1001 3003 1197 3048 diversis
1207 3004 1421 3047 essentiis
1434 3003 1509 3048 vel
1522 3003 1699 3047 naturis
1711 3017 1724 3059 ς
1742 3004 1825 3048 sed
1835 3017 1959 3049 unus

89 3061 136 3103 et
154 3058 278 3103 idem
287 3058 491 3102 Christus
501 3058 709 3104 subsistit
718 3061 766 3104 in
778 3062 1163 3117 duabusgnaturis.
1174 3065 1300 3110 Unde
1311 3065 1430 3110 sicut
1444 3065 1568 3121 quod
1587 3065 1752 3109 dicitur
1763 3066 1956 3111 alterum

130 3195 176 3237 (4)
192 3195 259 3234 Ax..
275 3197 442 3238 suscipit,
461 3200 494 3230 et
512 3207 600 3237 mox,
614 3207 661 3232 ex
675 3198 886 3235 incarnato.
1063 3205 1148 3237 turae
1166 3203 1331 3238 rationem
1348 3204 1531 3244 pertinent,
1561 3203 1796 3238 attribuuntur
1819 3204 1855 3237 in
1879 3215 1952 3238 con·

131 3242 173 3283 (2)
191 3242 435 3278 Accidentalem
459 3244 590 3278 tantum
606 3249 641 3279 et
662 3244 895 3288 extrinsecam,
912 3259 980 3283 non
1063 3255 1167 3285 creto.
1411 3278 1414 3282 -

89 3287 304 3323 intrinsecam
326 3290 417 3324 illam
438 3290 506 3325 sive
524 3290 774 3326 substantialem
791 3304 891 3333 quam
914 3295 980 3329 im·
1104 3299 1147 3339 (4)
1170 3298 1233 3332 Vel
1254 3301 1286 3334 et
1310 3300 1448 3334 Summa
1474 3298 1693 3334 conciliorum
1716 3299 1957 3339 interpretatur

90 3341 200 3378 portat
215 3350 361 3378 Personae
380 3351 516 3374 nomen.
1064 3346 1138 3380 Deo
1155 3345 1298 3388 dignas,
1314 3359 1352 3382 ex
1366 3359 1471 3388 graeco
1489 3350 1675 3390 θεοπρεπειςς
1695 3345 1830 3388 proprie
1845 3350 1966 3380 autem»

128 3386 170 3427 (5)
190 3386 252 3440 Sic·
268 3398 387 3427 nempe
405 3388 628 3422 construendo
654 3401 663 3422 z
690 3388 743 3422 cui
769 3391 979 3430 operationes
1062 3392 1136 3428 Deo
1150 3398 1388 3439 congruentes
1402 3395 1455 3432 vel
1474 3404 1552 3438 quoe
1575 3394 1688 3430 Deum
1707 3393 1869 3427 deceant·

87 3442 122 3467 et
141 3437 360 3475 proprietates
377 3440 506 3471 naturae
532 3441 565 3471 et
580 3447 619 3471 ea
642 3436 743 3470 etiam
770 3448 842 3478 qum
864 3438 905 3472 ad
924 3450 980 3475 na-
