2170 3808
182 196 265 239 256
821 187 1019 241 QuAEsr.
1051 187 1196 242 xxxi,
1227 188 1347 232 ΛΒΤ.
1379 187 1447 231 ιιι.

183 275 347 320 Christi
362 273 707 331 generationem
728 269 893 315 Christi
915 267 1061 325 ponit,
1086 266 1315 322 incipiens
1337 267 1365 312 a
1379 267 1574 327 Christ0,
1593 272 1638 313 et
1659 266 1924 324 producens
1946 278 2093 323 gene-

182 335 416 381 rationum
438 343 686 378 numerum
702 341 853 387 usque
871 329 931 375 ad
954 332 1117 385 Deum,
1135 339 1319 384 ponens
1336 329 1660 386 generationes
1679 328 1974 384 septuaginta
1991 338 2092 384 sep-

183 401 296 455 tem,
314 402 512 452 utroque
527 398 735 439 extremo
751 395 1034 449 computato.
1052 390 1241 435 Videtur
1258 389 1399 447 igitur
1412 390 1535 448 quod
1557 389 1941 435 inconvenienter
1954 399 2093 445 gene-

183 460 412 505 rationem
435 455 603 502 Christi
621 454 903 501 describant.

238 526 282 566 4.
301 523 528 565 Praeterea
553 520 637 573 (IV.
659 520 767 574 Reg.
791 518 901 573 vni),
922 516 1095 574 legitur
1113 514 1241 573 quod
1254 516 1408 559 Joram
1429 514 1592 570 genuit
1607 513 1882 566 ochoziam;
1900 511 1978 557 cui
1994 524 2097 558 suc-

182 582 321 628 cessit
338 583 445 626 Joas
461 579 590 625 filius
608 579 738 637 ejns:
760 579 870 623 huic
890 583 1048 623 autem
1070 575 1298 622 successit
1313 574 1439 620 filius
1461 575 1565 633 ejus
1586 574 1821 629 Amasias3
1841 578 2005 630 postea
2022 584 2096 619 re-

182 643 342 700 gnavit
363 643 489 688 filius
510 643 612 700 ejus
630 641 830 696 Azarias,
850 639 932 698 qui
955 638 1216 696 appellatur
1234 637 1380 694 OziaS,
1401 636 1479 681 cui
1493 637 1721 683 successit
1741 637 1954 681 Joatham
1971 630 2097 680 filius

181 706 299 761 eJ‘US.
317 705 557 750 Matthaeus
580 708 734 748 autem
754 702 864 748 dicit
884 700 1011 758 quod
1030 704 1190 744 Joram
1209 702 1365 757 qenuz‘t
1387 702 1565 744 oziam.
1584 701 1706 756 Ergo
1727 698 1911 743 videtur
1929 696 2097 743 incon-

181 766 423 812 venienter
454 765 803 823 generationem
836 762 1002 808 Christi
1035 762 1315 819 describere,
1347 766 1443 806 tres
1477 773 1617 818 reges
1639 761 1690 806 in
1721 759 1878 805 medio
1902 763 2097 817 praeter-

181 829 386 874 mittens.

236 894 279 936 5.
310 894 552 946 Praeterea,
573 900 737 934 omnes
758 887 839 945 qui
870 887 918 932 in
947 886 1113 931 Christi
1141 886 1444 942 generatione
1462 885 1806 939 describuntur,
1837 888 1994 941 patres
2012 882 2092 928 ha-

184 950 386 997 buerunt
412 956 458 997 et
487 956 688 1005 matres3
715 955 760 994 et
786 948 975 1006 plurimi
1004 948 1142 993 etiam
1171 959 1230 992 ex
1263 947 1332 992 eis
1351 947 1520 993 fratres
1553 947 1837 992 hahuerunt.
1860 944 2096 990 Matthaeus

183 1020 337 1060 autem
357 1015 405 1058 in
423 1012 721 1070 generatione
735 1010 900 1055 Christi
922 1015 1017 1054 tres
1029 1009 1210 1054 tantum
1229 1014 1474 1069 enumerat
1487 1013 1678 1064 matreS,
1693 1007 1871 1054 scilicet
1883 1007 2092 1062 Thamar,

182 1076 303 1121 Ruth
326 1082 374 1120 et
391 1086 586 1121 uxorem
609 1075 755 1118 Uriae:
780 1074 946 1117 fratres
969 1078 1127 1118 autem
1149 1072 1360 1117 nominat
1377 1071 1507 1117 Judae
1520 1076 1565 1117 et
1585 1069 1841 1128 Jeehoniae3
1865 1074 1912 1115 et
1926 1070 2094 1114 iterum

181 1139 351 1182 Phares
373 1143 419 1182 et
439 1140 628 1182 Zaram:
657 1146 859 1193 quorum
889 1134 1002 1179 nihil
1032 1134 1187 1191 posuit.
1218 1137 1379 1179 Lueas.
1413 1136 1532 1190 Ergo
1554 1133 1774 1179 videntur
1790 1131 2097 1189 Evangelistae

180 1198 568 1244 inconvenienter
590 1197 915 1255 genealogiam
943 1196 1111 1241 Christi
1131 1195 1453 1254 descripsisse.

238 1261 325 1306 Sed
343 1266 504 1306 contra
525 1265 596 1306 est
616 1259 866 1306 auctoritas
881 1258 1144 1316 scripturae.

229 1330 524 1371 CONCLUSIO.
541 1352 590 1359 -—
608 1328 880 1371 convenienti
895 1328 1039 1369 ordine
1057 1327 1212 1368 Christi
1226 1327 1466 1378 genealogia
1481 1327 1533 1368 ab
1551 1325 1828 1378 Evangelistis
1849 1325 2002 1377 scripta
2018 1328 2093 1366 est.

235 1393 510 1450 Respondeo
524 1392 776 1439 dicendum
796 1390 938 1449 qued,
957 1391 1078 1436 sieut
1092 1390 1263 1436 dicitur
1278 1392 1346 1445 (11.
1362 1390 1555 1435 Timoth.
1573 1404 1634 1446 111,
1651 1392 1746 1445 16):
1767 1392 1925 1433 Omnis
1939 1391 2091 1445 Scrip-

182 1457 288 1498 tura
307 1466 442 1499 saera
455 1458 522 1499 est
544 1455 764 1499 divinitus
780 1457 1028 1510 inspirata.
1048 1455 1158 1506 Quae
1176 1457 1334 1497 autem
1354 1452 1578 1497 divinitus
1594 1452 1731 1508 fiunt,
1750 1449 2096 1495 ordinatissime

179 1515 316 1572 fiunt,
340 1516 602 1562 secundum
621 1516 739 1562 illud
760 1518 908 1570 (Rom.
929 1529 1022 1573 xm,
1042 1518 1114 1570 1):
1142 1518 1248 1572 Quae
1269 1515 1301 1558 ὰ
1321 1519 1415 1557 Deo
1440 1518 1561 1571 sunt,
1584 1515 1802 1558 ordinata
1820 1515 1939 1557 sunt.
1964 1511 2094 1557 Unde

180 1579 473 1624 convenienti
492 1579 657 1624 ordine
673 1578 948 1635 genealogia
965 1578 1131 1623 Christi
1152 1583 1225 1623 est
1242 1577 1302 1622 ab
1321 1576 1628 1632 Evangelistis
1642 1576 1830 1632 scripta.

234 1640 300 1685 Ad
319 1645 525 1698 primum
543 1653 657 1698 ergo
674 1641 943 1697 dicendum,
975 1641 1116 1698 quod,
1149 1640 1271 1685 sicut
1290 1639 1599 1698 Hieronymus
1621 1638 1732 1684 dicit
1756 1640 1920 1694 (Super
1938 1636 2094 1684 Matth-

180 1715 281 1761 cap.
302 1707 346 1763 1,
370 1704 420 1749 in
438 1705 606 1764 princ.)
623 1706 702 1762 (1),
722 1705 864 1750 Isaias
881 1704 1090 1761 loquitur
1108 1704 1167 1749 de
1190 1703 1489 1760 generatione
1512 1701 1766 1748 divinitatis
1782 1699 1973 1756 Christi3
1991 1702 2096 1745 Mat·

179 1767 331 1811 thaeus
359 1771 517 1812 autem
550 1773 736 1812 enarrat
763 1767 1112 1823 generationem
1138 1765 1302 1810 Christi
1336 1764 1598 1810 secundum
1620 1762 1976 1819 humanitatem,
1999 1774 2095 1807 non

180 1828 368 1885 quidem
389 1829 627 1886 explicans
645 1830 839 1874 modum
859 1828 1209 1885 incarnationis,
1234 1828 1345 1885 quia
1365 1829 1453 1872 hoc
1482 1827 1624 1872 etiam
1652 1831 1723 1871 est
1744 1823 1994 1883 ineffabile,
2012 1823 2096 1870 sed

179 1902 463 1936 enumerans
483 1897 655 1948 patres,
683 1904 743 1937 ex
763 1891 936 1948 quibus
961 1891 1168 1936 Christus
1187 1890 1449 1936 secundum
1474 1901 1666 1934 carnem
1685 1887 1912 1945 processit

235 1951 303 1997 Ad
318 1954 562 1997 secundum
578 1954 847 2010 dicendum,
866 1953 993 2010 quod
1007 1954 1067 1998 ad
1082 1954 1205 1998 hanc
1220 1952 1294 2010 obj
1301 1953 1547 2009 ectionem,
1563 1963 1707 2008 quam
1722 1949 1868 1995 movit
1886 1949 2095 1995 Julianus

180 2017 411 2071 Apostata,
435 2015 749 2061 diversimode
771 2016 831 2060 ab
855 2015 1091 2073 aliquibus
1109 2015 1435 2072 respondetur.
1461 2039 1517 2047 —
1540 2012 1736 2066 Quidam
1752 2011 1895 2068 enim,
1914 2015 1968 2055 ut
1988 2012 2094 2057 Gre—

182 2075 339 2129 gorius
359 2077 677 2122 Nazianzenus
698 2077 822 2131 (vide
843 2081 980 2135 Aug,
1002 2079 1174 2131 Quaest.
1199 2090 1367 2134 evang.
1395 2077 1427 2120 l.
1447 2090 1495 2131 11,
1519 2088 1598 2132 qu.
1631 2077 1690 2129 5),
1715 2074 1877 2120 dieunt
1904 2072 2095 2119 eosdem

180 2148 284 2181 esse
303 2148 424 2194 quos
439 2144 636 2196 uterque
653 2140 947 2194 Evangelista
967 2145 1228 2195 enumerat,
1248 2139 1332 2184 sed
1349 2138 1439 2182 sub
1459 2137 1657 2183 diversis
1675 2135 1946 2181 nominibus
1959 2136 2093 2193 quasi

179 2196 413 2244 binomios
429 2202 507 2254 (2).
525 2201 611 2245 Sed
629 2201 718 2245 hoc
736 2208 860 2246 stare
882 2215 977 2246 non
993 2206 1163 2259 potest,
1180 2202 1291 2258 quia
1312 2201 1549 2245 Matthaeus
1569 2199 1703 2257 ponit
1727 2211 1878 2244 unum
1891 2198 2092 2244 filiorum

181 2260 339 2314 David,
366 2261 544 2307 scilicet
574 2263 887 2321 Salomonem,
911 2267 1060 2309 Lucas
1083 2270 1240 2315 autem
1267 2263 1399 2321 ponit
1431 2263 1592 2319 alium,
1624 2262 1801 2308 scilieet
1818 2261 1995 2306 Nathan
2014 2263 2089 2317 (3).

181 2333 298 2377 quos
334 2323 596 2369 secundum
635 2325 875 2370 historiam
913 2326 1019 2371 libri
1054 2327 1236 2384 Regum
1260 2331 1444 2371 constat
1472 2325 1641 2370 fratres
1664 2324 1827 2369 fuisse.
1854 2323 1985 2369 Unde
2016 2323 2092 2369 alii

180 2384 400 2430 dixerunt
418 2385 547 2443 quod
563 2387 803 2432 Matthaeus
824 2400 985 2432 veram
1002 2388 1324 2444 genealogiam
1346 2387 1511 2432 Christi
1534 2387 1741 2443 tradidit,
1766 2389 1914 2431 Lucas
1936 2392 2091 2432 autem

179 2447 466 2505 putativam3
492 2449 617 2494 unde
631 2450 852 2506 incoepit:
883 2453 943 2494 Ut
958 2452 1211 2507 putabatur
1231 2452 1354 2505 filius
1373 2451 1556 2506 Joseplt.
1570 2452 1712 2493 Erant
1730 2450 1857 2494 enim
1871 2449 2016 2506 aliqui
2035 2462 2092 2495 ex

179 2508 368 2567 Judaeis,
393 2509 475 2567 qui
497 2516 686 2568 propter
707 2517 900 2568 peecata
916 2524 1082 2569 regum
1103 2512 1222 2557 Juda
1238 2511 1494 2557 eredebant
1507 2511 1740 2556 Christum
1760 2524 1822 2557 ex
1839 2511 1982 2557 David
1996 2525 2091 2557 non

178 2582 263 2627 per
284 2583 437 2629 regeS,
463 2572 547 2618 sed
567 2584 652 2628 per
668 2573 807 2617 aliam
828 2573 931 2630 ejus
959 2574 1154 2631 stirpem
1180 2573 1426 2618 hominum
1446 2572 1737 2630 privatorum
1757 2586 1861 2619 esse
1883 2573 2091 2619 nascitu-

178 2644 300 2694 rum.
322 2657 381 2667 —
397 2631 482 2678 Alii
514 2633 624 2678 vero
647 2634 866 2680 dixerunt
897 2635 1023 2693 quod
1051 2636 1290 2680 Matthaeus
1322 2634 1479 2692 posuit
1511 2639 1670 2691 patres
1691 2635 1920 2694 carnales,
1943 2639 2090 2682 Lucas

179 2693 291 2738 vero
325 2694 481 2751 posuit
510 2700 667 2753 patres
698 2696 980 2754 spirituales,
1013 2697 1190 2742 scilicet
1216 2696 1372 2754 justos
1402 2696 1545 2754 viros,
1581 2696 1661 2753 qui
1692 2695 1910 2742 dicuntur
1938 2701 2091 2754 patres

178 2761 368 2813 propter
386 2756 736 2803 simIIitudinem
759 2759 1032 2804 honestatis.
1058 2762 1109 2803 In
1131 2759 1251 2803 libro
1281 2758 1392 2803 vero
1412 2761 1475 2803 De
1497 2757 1835 2816 quaestionibus
1855 2759 2028 2804 veteris
2044 2763 2090 2804 et

179 2818 288 2862 novi
315 2821 512 2863 Testam.
538 2821 674 2877 (part.
698 2823 735 2877 I,
760 2827 927 2877 quaest.
955 2835 1042 2877 Lw,
1059 2827 1106 2867 et
1124 2826 1244 2878 part.
1265 2823 1300 2865 11
1315 2821 1363 2865 in
1386 2823 1555 2874 Quaest.
1576 2820 1684 2864 novi
1702 2823 1901 2865 Testem.
1921 2825 2088 2877 quaest.

179 2879 380 2932 v1,inter
399 2892 542 2937 opera
563 2883 718 2939 Aug),
734 2883 1045 2939 respondetur
1067 2882 1193 2940 quod
1208 2895 1301 2927 non
1325 2888 1398 2927 est
1412 2881 1767 2939 intelligendum
1785 2881 1910 2938 quod
1923 2882 2087 2939 Joseph

180 2941 207 2984 a
224 2945 346 2988 Luca
358 2943 538 2988 dicatur
549 2956 654 2989 esse
671 2944 795 2989 filius
810 2945 923 3002 Heli,
938 2946 1021 2991 sed
1033 2945 1159 3003 quod
1176 2945 1272 2991 Heli
1293 2950 1339 2990 et
1355 2945 1523 3002 Joseph
1534 2946 1726 2989 fuerunt
1742 2951 1896 3001 patres
1908 2944 2087 3004 Christi,

178 3002 488 3052 diversimode
506 3005 534 3049 a
547 3006 689 3051 David
708 3007 1062 3053 descendentes
1085 3008 1215 3053 Unde
1231 3008 1288 3054 de
1307 3008 1486 3053 Christo
1506 3007 1676 3053 dicitur
1691 3006 1817 3064 quod
1838 3007 2090 3064 putabatur

179 3059 303 3108 filius
328 3067 511 3123 Joseph,
535 3073 581 3112 et
599 3068 726 3125 quod
740 3069 842 3126 ipse
859 3071 999 3115 etiam
1015 3071 1222 3116 Christus
1244 3071 1332 3115 fuit
1351 3070 1448 3116 Heli
1466 3070 1607 3128 filius,
1626 3069 1763 3127 quasi
1778 3069 1952 3115 diceret
1964 3068 2086 3127 quod

180 3193 279 3247 Iopis
299 3196 550 3249 qenerationes
563 3199 857 3239 quatuordecim
877 3203 910 3234 et
923 3199 947 3233 ἀ
964 3204 1085 3234 crans·
1212 3200 1256 3241 (2)
1270 3199 1321 3235 Ita
1335 3201 1413 3236 Mss,
1430 3200 1515 3234 editi
1537 3210 1667 3234 omnes.
1690 3198 1781 3233 Edit.
1805 3199 1922 3234 Patav.
1934 3198 2085 3242 binony·

178 3246 401 3283 mem-attone
425 3240 630 3286 Babylonis
663 3255 776 3288 usqne
814 3246 863 3279 ad
898 3246 1087 3282 Christum
1170 3257 1260 3282 mes.

179 3290 434 3344 generationes
467 3291 755 3332 quatuordecim.
786 3293 854 3327 Ter
882 3294 975 3329 enim
1002 3306 1086 3336 qua·
1212 3296 1255 3336 (2)
1276 3296 1411 3331 Nathan
1438 3297 1500 3330 iste
1517 3295 1655 3331 Davidis
1667 3295 1760 3330 filius
1784 3307 1852 3330 non
1872 3295 1940 3330 suit
1952 3294 2084 3330 Nathan

180 3336 370 3382 tuordecun
396 3344 477 3372 sunt
493 3338 715 3379 quadraginta
731 3341 815 3375 duae.
1170 3343 1334 3384 propheta
1366 3345 1425 3384 qui
1446 3343 1621 3383 redarguit
1644 3343 1805 3377 Davidem
1826 3344 1867 3378 de
1893 3343 2082 3382 adulterior

195 3432 200 3438 ¹
222 3385 264 3425 (Ι)
288 3386 383 3419 Sicut
399 3391 432 3420 ct
458 3386 667 3426 Augustinus
692 3389 741 3422 De
757 3399 919 3424 consensu
937 3402 1086 3432 evange·
1168 3392 1224 3426 sed
1249 3393 1389 3426 omnino
1405 3392 1570 3433 diversus,
1585 3396 1685 3426 natus
1698 3391 1828 3426 scilicet
1847 3404 1887 3427 ex
1900 3390 2082 3427 Bethsabea

179 3431 345 3470 lanarum,
361 3432 426 3467 lib.
440 3442 479 3471 n,
495 3445 568 3473 cap.
583 3434 615 3468 4.
1031 3478 1034 3481 Α
1169 3440 1211 3479 (1.
1232 3441 1310 3474 Par.
1328 3449 1381 3479 ιιι.
1399 3441 1445 3478 5).
