2170 3808
851 244 1046 295 QUAEsr.
1077 245 1178 299 mv,
1208 245 1326 287 ΛΒΤ.
1357 243 1424 286 ιιι.
1995 241 2077 283 459

255 330 296 373 3.
329 329 566 382 Praeterea,
586 336 755 380 corpus
775 324 1027 380 gloriosum
1051 337 1143 368 non
1164 329 1234 369 est
1258 323 1472 379 animale,
1499 323 1580 368 sed
1603 320 1856 379 spirituale,
1878 324 1932 363 ut
1954 325 2077 377 patet

201 390 250 443 (l.
277 391 375 433 Cor.
395 392 464 442 xv)
490 387 563 443 (1).
585 386 671 429 Sed
691 398 859 441 corpus
877 386 1040 430 Christi
1067 387 1245 430 videtur
1266 385 1410 429 fuisse
1432 384 1632 429 animale
1655 388 1759 441 post
1779 382 2077 427 resurrectio-

200 462 325 507 nem3
340 450 448 506 quia
461 460 568 494 cum
587 447 825 503 discipulis
847 448 1144 494 manducavit
1157 453 1203 491 et
1221 448 1353 502 bibit,
1371 451 1424 491 ut
1445 447 1614 503 legitur
1633 448 1756 503 (Luc.
1777 445 1862 490 ult.
1881 448 1929 489 et
1944 445 2073 490 Joan.

199 512 320 567 ult.).
335 515 451 567 Ergo
471 510 649 555 videtur
667 510 791 567 quod
808 523 978 567 corpus
994 509 1156 555 Christi
1179 522 1272 553 non
1295 509 1434 554 fuerit
1450 509 1718 566 gloriosum.

255 574 341 620 Sed
366 577 522 618 contra
543 577 615 617 est
633 573 759 629 quod
781 572 1022 629 Apostolus
1052 572 1160 617 dicit
1189 571 1367 627 (Philip.
1397 585 1458 627 ιιι,
1486 573 1586 626 21):
1615 570 1893 626 Reformabit
1916 581 2076 626 corpus

196 634 470 681 humilitatis·
483 638 662 690 nostrae,
679 631 1008 691 confiqurc'ttum
1032 638 1211 691 corpore·
1227 634 1457 677 claritatis
1473 645 1579 678 suae.

247 700 692 745 CONCLUSIO.‘—Cum
706 702 889 743 Christus
905 714 974 754 per
988 702 1266 742 humilitatem
1287 701 1502 753 passionis,
1515 700 1850 740 resurrectionem
1865 698 2075 749 meruerit,

194 758 410 810 ipsiusque
427 759 674 806 resurrectio,
696 760 843 797 nostrae
861 757 1162 798 resurrectionis
1179 769 1298 798 causa
1316 761 1356 797 et
1374 756 1577 808 exemplar
1592 754 1730 803 fuerit,
1755 765 1902 805 corpus
1922 753 2075 793 Christi

199 812 420 863 gloriosum
432 823 636 864 resurgere
653 812 808 853 debuit.

256 875 523 932 Respondeo
538 875 786 919 dicendum
799 874 922 931 quod
934 887 1102 932 corpus
1114 874 1275 918 Christi
1292 875 1336 917 in
1355 873 1694 918 resurrectione
1707 871 1794 916 fuit
1805 869 2074 926 gloriosum.

200 938 254 981 Et
269 936 356 981 hoc
377 940 567 993 apparet
591 936 752 992 triplici
771 937 984 981 ratione:
1009 935 1157 993 primo
1179 936 1367 992 quidem
1390 934 1498 991 quia
1514 932 1790 978 resurrectio
1812 931 1974 976 Christi
1989 931 2076 976 fuit

200 997 433 1055 exemplar
452 1003 497 1042 et
516 1010 657 1042 causa
678 1005 846 1042 nostrae
862 997 1227 1047 resurrectionis,
1244 1002 1294 1040 ut
1316 996 1511 1041 habetur
1530 999 1576 1049 (l.
1601 996 1700 1039 Cor.
1720 1007 1792 1050 xv,
1813 996 1902 1047 43).
1924 993 2075 1038 Sancti

200 1064 354 1104 autem
379 1059 427 1104 in
448 1060 784 1104 resurrectione
809 1059 1047 1104 habebunt
1071 1072 1263 1116 corpora
1287 1059 1508 1114 gloriosa,
1533 1057 1654 1101 sicut
1673 1056 1844 1101 ibidem
1869 1054 2035 1100 dicitur
2061 1069 2073 1098 ε

201 1123 458 1165 Seminatur
472 1123 520 1164 in
538 1122 834 1177 ignobilitate,
854 1124 1010 1177 surqet
1024 1123 1072 1163 in
1093 1121 1258 1177 qloria.
1286 1119 1412 1164 Unde
1434 1122 1539 1162 cum
1562 1131 1703 1163 causa
1724 1118 1784 1162 sit
1802 1117 1949 1174 potior
1962 1128 2074 1160 cau-
2126 1122 2131 1126 ”

201 1187 317 1239 sato,
343 1189 389 1227 et
413 1184 649 1239 exemplar
671 1182 949 1238 exemplato,
968 1182 1115 1226 multo
1134 1182 1283 1238 magis
1304 1193 1474 1237 corpus
1499 1180 1663 1224 Christi
1691 1178 1973 1235 resurgentis
1990 1178 2076 1222 fuit

200 1244 469 1299 gloriosum.
494 1244 701 1288 Secundo
718 1245 827 1300 quia
849 1255 932 1299 per
943 1242 1258 1293 ,humilitatem
1278 1241 1509 1299 passionis
1529 1241 1698 1286 meruit
1713 1241 1905 1296 gloriam
1918 1252 2076 1285 resur-

198 1306 430 1351 rectionis.
447 1306 575 1350 Unde
595 1310 642 1350 et
662 1305 762 1362 ipse
777 1304 959 1349 dicebat
976 1307 1120 1359 (Joan.
1143 1319 1215 1356 xn,
1236 1305 1306 1360 27)
1321 1319 1330 1346 ε
1348 1309 1476 1348 Nunc
1498 1307 1656 1347 anima
1677 1317 1779 1346 mea
1795 1304 1980 1346 turbata
1990 1306 2074 1359 est,

199 1366 323 1422 quod
338 1367 533 1423 pertinet
545 1367 603 1411 ad
614 1367 901 1423 passionem3
916 1371 961 1411 et
979 1371 1139 1423 postea
1157 1366 1340 1411 subdit:
1355 1370 1511 1422 Pater,
1528 1366 1735 1420 clarifica
1754 1378 1911 1407 nomen
1926 1367 2075 1420 tuum;

197 1427 247 1472 in
270 1440 362 1485 quo
384 1428 498 1485 petit
523 1429 716 1484 gloriam
745 1428 1116 1473 resurrectionis.
1148 1429 1294 1474 Tertio
1317 1429 1441 1486 qula,
1470 1428 1591 1472 sicut
1615 1440 1757 1483 supra
1777 1426 1983 1470 habitum
2004 1430 2077 1470 est

200 1491 380 1546 (quaest.
400 1505 538 1548 xxxiv,
561 1495 647 1535 art.
671 1494 733 1547 4),
756 1492 914 1535 anima
931 1491 1095 1536 Christi
1119 1490 1146 1534 a
1169 1490 1394 1547 principio
1415 1502 1514 1534 suae
1535 1488 1849 1546 conceptionis
1870 1489 1958 1532 fuit
1975 1488 2076 1544 glo-

198 1551 322 1596 riosa
339 1564 419 1609 per
435 1552 700 1598 fruitionem
718 1553 974 1598 divinitatis
993 1554 1259 1610 perfectam.
1282 1556 1360 1597 Est
1379 1559 1533 1598 autern
1552 1552 1864 1608 dispensative
1882 1552 2072 1607 factum,

200 1612 321 1657 sicut
338 1626 478 1670 supra
492 1614 664 1659 dictum
679 1619 751 1659 est
778 1617 959 1672 (quaest.
978 1630 1065 1668 xiv,
1086 1619 1170 1660 art.
1197 1618 1216 1659 1
1246 1615 1302 1659 ad
1315 1612 1377 1671 2),
1397 1619 1447 1659 ut
1468 1614 1526 1659 ab
1545 1615 1700 1659 anima
1721 1613 1866 1668 gloria
1887 1625 1979 1656 non
2003 1623 2074 1656 re-

201 1674 429 1721 dundaret
446 1676 492 1719 in
510 1689 694 1734 οοιριιε,
720 1676 779 1722 ad
793 1677 881 1722 hoc
894 1676 1019 1734 qudd
1032 1677 1306 1735 mysterium
1326 1681 1498 1721 nostrae
1514 1675 1845 1732 redemptionis
1863 1674 1947 1718 sua
1966 1686 2073 1730 pas-

202 1737 330 1781 sione
348 1737 573 1794 impleret.
599 1741 652 1782 Et
673 1738 791 1795 ideo,
816 1743 1002 1795 peracto
1027 1739 1117 1783 hoc
1147 1739 1368 1796 mysterio
1388 1738 1616 1794 passionis
1641 1742 1688 1782 et
1707 1737 1869 1781 mortis
1894 1735 2072 1791 Christi,

202 1798 357 1844 statim
378 1800 532 1844 anima
549 1801 596 1844 in
616 1812 788 1858 corpus
801 1802 849 1846 in
867 1802 1206 1847 resurrectione
1227 1806 1518 1858 resumptum
1537 1811 1672 1846 suam
1686 1799 1879 1856 gloriam
1897 1798 2074 1843 deriva-

201 1860 294 1915 vitg
315 1864 362 1905 et
379 1860 442 1904 ita
455 1861 627 1906 factum
652 1867 724 1907 est
745 1875 914 1920 corpus
934 1864 1049 1908 illud
1066 1863 1335 1919 gloriosum.

257 1921 324 1967 Ad
338 1924 537 1979 primum
550 1935 660 1979 ergo
678 1923 943 1980 dicendum,
961 1924 1085 1982 quod
1096 1936 1232 1969 omne
1247 1924 1371 1981 quod
1382 1923 1657 1981 recipiturin
1671 1923 1841 1981 aliquo,
1855 1921 2075 1979 recipitur

202 1982 249 2027 in
273 1994 331 2028 eo
349 1983 606 2028 secundum
635 1985 826 2031 modum
846 1985 1123 2041 recipientis.
1148 1985 1261 2038 Quia
1282 1985 1423 2042 igitur
1448 1985 1594 2042 gloria
1617 1985 1822 2041 corporis
1841 1983 2076 2029 derivatur

202 2044 261 2090 ab
279 2044 452 2102 anima,
470 2049 525 2090 ut
547 2047 834 2103 Augustinus
858 2047 968 2092 dicit
990 2048 1051 2102 (in
1070 2047 1261 2104 epistola
1282 2048 1340 2092 ad
1365 2047 1648 2104 Dioscorum,
1671 2050 1768 2103 118,
1788 2046 1846 2091 al.
1872 2049 1945 2104 56,
1966 2050 2074 2090 ante

199 2107 360 2164 med.)‚
381 2107 534 2164 fulgor
549 2120 633 2153 seu
645 2109 831 2154 claritas
851 2111 1057 2166 corporis
1080 2109 1265 2166 gloriosi
1285 2114 1357 2154 est
1378 2109 1635 2154 secundum
1654 2109 1851 2153 colorem
1869 2108 2074 2151 humano

202 2169 378 2226 corpori
400 2170 678 2227 naturalem3
699 2172 820 2216 sicut
833 2171 1004 2216 vitrum
1018 2171 1321 2217 diversimode
1335 2172 1588 2217 coloratum
1601 2172 1762 2228 recipit
1781 2170 2073 2227 splendorem

203 2241 263 2275 ex
282 2232 589 2277 illustratione
606 2233 733 2292 solis,
753 2234 1010 2278 secundum
1032 2235 1220 2279 modurn
1244 2235 1316 2279 sui
1339 2234 1523 2279 coloris.
1541 2235 1666 2279 Sicut
1679 2237 1833 2278 autem
1851 2233 1900 2277 in
1915 2236 2073 2289 potes-

204 2296 298 2337 tate
318 2293 518 2337 hominis
533 2293 771 2350 glorificati
788 2299 861 2340 est
886 2299 942 2340 ut
959 2307 1129 2352 corpus
1148 2295 1251 2352 eJus
1270 2296 1485 2340 videatur
1499 2295 1575 2340 vel
1594 2307 1687 2339 non
1709 2295 1934 2349 videatur,
1954 2294 2073 2339 sicut

206 2354 380 2399 dictum
400 2360 471 2399 est
493 2357 595 2410 (art.
614 2359 635 2401 1
664 2356 803 2414 huJus
822 2362 985 2414 quaest.
1006 2358 1066 2402 ad
1078 2360 1139 2413 2),
1155 2357 1220 2401 ita
1240 2357 1287 2401 in
1303 2361 1528 2414 potestate
1547 2357 1650 2413 ejus
1664 2362 1736 2402 est
1749 2356 1871 2414 quod
1890 2355 2073 2401 claritas

206 2415 307 2471 ejus
328 2415 540 2461 videatur
558 2417 633 2462 vel
647 2430 742 2462 non
763 2418 998 2474 videatur3
1021 2419 1148 2464 unde
1167 2423 1320 2476 potest
1340 2419 1388 2462 in
1408 2432 1495 2463 suo
1511 2419 1664 2464 colore
1682 2418 1782 2463 sine
1803 2418 1959 2474 aliqua
1976 2418 2074 2462 cla-

205 2476 337 2547 ritate
366 2477 529 2521 videri.
556 2480 609 2522 Et
641 2478 730 2523 hoc
750 2480 889 2524 modo
915 2479 1121 2527 Christus
1153 2481 1253 2526 suis
1280 2480 1520 2537 discipulis
1551 2485 1657 2537 post
1684 2479 2071 2524 resurrectionem

205 2549 336 2583 suam
355 2539 583 2595 apparuit.

257 2600 324 2646 Ad
343 2602 582 2645 secundum
600 2601 863 2659 dicendum,
879 2603 1004 2661 quod
1021 2616 1189 2661 corpus
1203 2603 1389 2660 aliquod
1411 2603 1579 2648 dicitur
1599 2616 1700 2648 esse
1714 2603 1959 2660 palpabile,
1976 2616 2070 2649 non

204 2660 356 2707 solum
372 2662 551 2706 ratione
567 2663 853 2720 resistendas,
879 2665 962 2710 sed
982 2665 1161 2710 ratione
1180 2677 1279 2710 suae
1297 2664 1627 2722 spissitudinis.
1647 2665 1714 2710 Ad
1735 2676 1890 2708 rarum
1915 2669 2071 2710 autem

206 2726 252 2767 et
269 2721 471 2778 spissum
488 2728 749 2780 sequuntur
765 2736 906 2781 grave
921 2730 967 2770 et
984 2726 1101 2783 leve,
1114 2726 1312 2771 calidum
1327 2730 1373 2770 et
1389 2725 1623 2781 frigidum,
1639 2730 1686 2770 et
1705 2725 1792 2769 alia
1808 2725 2070 2782 hujusmodi

206 2784 447 2841 contraria,
471 2796 576 2841 quae
592 2791 705 2830 sunt
716 2787 942 2844 principia
962 2788 1268 2844 corruptionis
1290 2799 1535 2844 corporum
1554 2787 1921 2834 elementarium.
1944 2789 2072 2834 Unde

206 2855 374 2902 corpus
395 2846 517 2903 quod
548 2850 621 2891 est
647 2847 874 2904 palpabile
900 2850 1104 2895 humano
1131 2854 1274 2905 tactu,
1296 2854 1368 2894 est
1398 2849 1669 2894 naturaliter
1694 2848 2004 2906 corruptibile.
2027 2850 2071 2895 Si

207 2911 362 2951 autem
379 2906 438 2951 sit
461 2907 645 2964 aliquod
666 2920 834 2965 corpus
850 2911 1075 2956 resistens
1096 2911 1252 2967 tactui,
1264 2910 1387 2968 quod
1410 2923 1504 2955 non
1523 2911 1583 2955 sit
1601 2910 1875 2967 dispositum
1897 2923 2070 2957 secun·

208 2968 317 3014 dum
335 2969 575 3026 praedictas
597 2970 859 3031 qualitateS,
881 2985 987 3030 quae
1008 2977 1119 3019 sunt
1143 2973 1325 3031 propria
1348 2973 1530 3030 obJ‘ecta
1550 2976 1701 3018 tactus
1721 2973 1929 3028 humani,
1949 2973 2070 3020 sicut

209 3034 278 3075 est
295 3042 463 3087 corpus
486 3030 688 3085 coeleste,
711 3032 802 3078 tale
830 3046 999 3092 corpus
1023 3048 1118 3080 non
1148 3040 1299 3092 potest
1323 3034 1413 3080 dici
1443 3034 1687 3093 palpabile.
1714 3038 1888 3092 Corpus
1913 3039 2070 3081 autem

209 3091 370 3137 Christi
387 3096 492 3149 post
508 3092 887 3140 resurrectionem
911 3097 1020 3142 vere
1039 3097 1127 3142 fuit
1144 3110 1199 3142 ex
1219 3096 1460 3142 elementis
1480 3097 1802 3154 compositum,
1825 3097 2004 3142 habens
2021 3097 2068 3143 in

209 3164 261 3198 se
278 3153 522 3210 tangibiles
543 3153 801 3211 qualitateS‚
827 3157 1081 3203 secundum
1105 3158 1224 3215 qued
1244 3157 1432 3214 requirit
1453 3161 1617 3202 natura
1635 3159 1839 3215 corporis
1855 3158 2066 3215 humani3

211 3217 253 3258 et
271 3213 372 3259 ideo
393 3215 661 3260 naturaliter
675 3220 773 3261 erat
790 3217 1033 3275 palpabile,
1051 3223 1097 3263 et
1118 3221 1158 3263 si
1177 3219 1289 3263 nihil
1308 3218 1434 3263 aliud
1450 3219 1688 3265 habuisset
1708 3232 1849 3277 supra
1866 3219 2068 3276 corporis

210 3275 399 3321 humani
418 3280 647 3334 naturam,
670 3277 837 3323 fuisset
858 3279 998 3324 etiam
1027 3281 1340 3337 corruptibile.
1364 3281 1530 3327 Habuit
1559 3289 1711 3328 autem
1742 3283 1916 3340 aliquid
1944 3281 2067 3328 aliud

208 3338 334 3394 quod
350 3338 501 3395 ipsum
523 3339 868 3398 incorruptibile
886 3342 1097 3399 reddidit,
1120 3355 1214 3387 non
1238 3343 1423 3400 quidem
1452 3348 1667 3390 naturam
1687 3345 1890 3391 coelestis
1907 3356 2067 3401 corpo-

251 3432 295 3475 (l)
309 3433 372 3468 Ubi
389 3433 517 3469 dicitur
528 3446 615 3471 vers.
638 3436 701 3471 Mt
726 3436 941 3473 Seminatur
964 3448 1096 3480 corpus
1180 3442 1254 3482 post
1270 3442 1551 3478 resurrectionem
1575 3444 1778 3480 comestione
1792 3444 1992 3487 (Luo.xxlv,
2012 3442 2064 3484 ⁴2,

209 3481 385 3523 animale,
403 3486 528 3526 surget
547 3483 746 3527 spirituale
758 3496 770 3519 .·
788 3483 828 3518 de
844 3484 970 3520 Christi
984 3489 1097 3522 autem
1181 3488 1276 3524 Joan.
1291 3497 1360 3528 ιιι,
1383 3490 1425 3524 12
1441 3494 1474 3524 et
1488 3491 1541 3532 45,
1557 3492 1629 3527 Act.
1649 3501 1682 3531 1,
1695 3492 1757 3532 M).
