2170 3808
163 243 218 286 33
766 237 967 291 QUAEST.
993 237 1064 292 111,
1092 238 1212 281 ART.
1243 237 1295 281 IV
1322 237 1390 280 ET
1416 237 1467 280 V.

165 324 234 366 est
252 320 402 366 tribus
422 318 636 378 personis
648 323 772 364 etex
789 323 920 375 parte
938 318 1169 375 principii,
1189 322 1235 363 et
1249 330 1308 363 ex
1321 323 1454 375 parte
1472 317 1673 363 termini.
1697 317 1786 362 Sed
1804 315 2065 373 assumptio

164 393 270 440 quae
286 388 358 429 est
378 394 461 440 per
482 381 679 439 gratiam
698 380 904 437 unionis,
936 385 1007 426 est
1025 379 1290 426 communis
1307 392 1366 425 ex
1387 385 1518 437 parte
1539 379 1770 437 principii,
1792 390 1887 423 non
1908 384 2065 424 autem

166 454 223 490 ex
239 448 372 502 parte
391 443 575 488 termini
596 445 672 498 (1),
694 446 744 487 ut
765 442 943 488 dictum
961 446 1035 487 est
1059 441 1122 496 (in
1141 453 1271 499 corp.
1291 445 1378 486 art.
1400 446 1446 486 et
1463 446 1551 486 art.
1572 444 1600 486 2
1621 441 1719 498 huj.
1738 441 1939 497 quaest).

258 519 603 564 ARTICULUS
623 518 686 562 V.
705 543 762 550 -
785 531 919 562 U'rnmt
941 531 1158 568 Quinum·
1178 530 1363 562 ransom
1383 529 1527 560 mvuu
1546 529 1749 561 torui-:mr
1772 528 1968 560 nummu

848 593 1042 624 turinum
1067 592 1282 625 assument.
1301 582 1377 634 (2).

658 662 709 697 De
722 662 776 698 his
788 664 892 697 etiam
907 663 1003 698 Sent.
1020 671 1074 703 m.
1095 662 1173 697 dist.
1193 662 1227 705 4,
1240 666 1358 704 quaest.
1395 669 1435 704 ιι,
1454 664 1519 696 art.
1532 662 1567 697 5.

202 730 270 776 Ad
285 733 505 789 quintum
526 732 595 777 sic
614 732 897 790 proceditur.
918 735 962 776 1.
985 731 1176 776 Videtur
1193 730 1321 788 quod
1338 729 1469 774 nulla
1490 730 1580 774 alia
1593 742 1796 787 persona
1810 728 1970 774 divina
1987 741 2050 787 po

167 794 304 838 tuerit
325 795 580 839 humanam
604 800 820 838 naturam
843 805 1085 838 assumere
1103 799 1270 851 praeter
1290 804 1540 850 personam
1557 782 1672 837 Filii.
1697 795 1782 838 Per
1796 792 2066 849 huiusmodi

165 854 290 899 enim
308 857 677 913 assumptionem
695 857 871 901 factum
891 855 1101 913 estquod
1124 858 1245 900 Deus
1266 856 1327 899 sit
1350 852 1476 899 filius
1491 854 1708 900 hominis.
1731 855 1820 900 Sed
1836 855 2055 901 inconve-

166 916 303 962 niens
319 926 445 964 esset
467 919 594 976 quOd
613 930 717 963 esse
735 918 884 963 filium
902 918 1105 962 hominis
1128 917 1401 962 conveniret
1421 917 1541 962 Patri
1562 915 1637 963 vel
1658 915 1845 973 Spiritui
1867 920 2063 962 sancto:

165 977 254 1023 hoc
271 979 398 1024 enim
423 986 638 1038 vergeret
655 980 705 1024 in
725 979 1049 1024 confusionem
1071 978 1337 1024 divinarum
1358 989 1682 1035 personarum.
1705 980 1826 1035 Ergo
1841 979 1976 1023 Pater
1992 976 2069 1023 vel

167 1040 363 1096 Spiritus
381 1049 573 1087 sanctus
596 1054 787 1087 carnem
810 1054 1051 1087 assumere
1067 1054 1162 1086 non
1178 1041 1342 1098 potuit.

221 1104 265 1146 2.
296 1104 540 1160 Praeterea,
571 1116 654 1162 per
678 1104 1047 1148 incarnationem
1079 1103 1288 1149 divinam
1311 1102 1528 1147 homines
1551 1102 1756 1146 assecuti
1785 1106 1896 1146 sunt
1921 1101 2058 1159 adop-

167 1164 593 1224 tionemflliorum,
628 1168 891 1213 secundum
921 1167 1036 1212 illud
1058 1169 1208 1223 (Rom.
1238 1179 1332 1223 vm,
1348 1168 1446 1222 15):
1473 1169 1575 1212 Non
1594 1168 1830 1222 accepistis
1851 1167 2069 1221 spiritum

165 1232 399 1272 servitutis
421 1231 585 1274 iterum
606 1234 655 1273 in
676 1234 851 1286 timore,
876 1231 958 1274 sed
975 1233 1187 1286 spiritum
1208 1230 1468 1286 adoptionis
1486 1229 1685 1284 filiorum
1705 1229 1780 1282 (3).
1802 1227 1892 1272 Sed
1909 1226 2070 1272 filiatio

167 1288 382 1347 adoptiva
412 1298 484 1336 est
506 1292 780 1349 participata
806 1292 1059 1337 similitudo
1081 1291 1311 1336 filiationis
1333 1290 1578 1347 naturalis,
1604 1302 1710 1347 quae
1739 1302 1831 1333 non
1850 1289 2070 1334 convenit

168 1362 256 1396 nec
273 1353 411 1410 Patri,
428 1366 516 1398 nec
536 1354 722 1411 Spiritui
750 1358 940 1398 sancto:
960 1353 1090 1398 unde
1108 1354 1278 1398 dicitur
1297 1356 1443 1406 (Rom.
1467 1366 1556 1409 vm,
1582 1354 1683 1407 29):
1705 1355 1823 1408 Quos
1841 1354 2070 1408 praescivit

167 1417 214 1456 et
231 1416 578 1470 praedese‘z‘navz't
594 1419 843 1472 conformes
856 1419 959 1471 fieri
981 1420 1196 1473 imaqim‘s
1217 1415 1332 1459 Filii
1348 1418 1436 1460 sui.
1454 1417 1574 1471 Ergo
1591 1414 1777 1459 videtur
1794 1412 1920 1471 quod
1942 1413 2071 1458 nulla

168 1474 258 1519 alia
276 1488 475 1534 persona
499 1478 701 1534 potuerit
722 1478 958 1523 incarnari
979 1484 1148 1536 praeter
1163 1489 1414 1535 personam
1429 1476 1543 1521 Filii.

220 1539 264 1581 3.
289 1539 535 1596 Praeterea‚
556 1540 698 1585 Filius
719 1540 892 1585 dicitur
905 1541 1082 1585 missus
1095 1546 1142 1584 et
1160 1539 1348 1596 genitus
1365 1538 1608 1583 nativitate
1622 1536 1884 1595 temporali7
1900 1549 2069 1582 secun-

166 1598 280 1643 dum
302 1600 429 1657 quod
451 1601 722 1646 incarnatus
743 1607 830 1646 est.
853 1602 940 1647 Sed
963 1602 1084 1646 Patri
1115 1614 1209 1646 non
1232 1601 1453 1646 convenit
1470 1600 1607 1657 mitti,
1632 1600 1743 1657 quia
1773 1603 1845 1644 est
1863 1599 2070 1644 innasci-

165 1659 290 1719 bilis,
324 1668 376 1707 ut
404 1663 452 1707 in
479 1665 629 1720 prima
651 1670 783 1721 parte
805 1665 1017 1709 habitum
1043 1670 1116 1710 est
1138 1667 1322 1722 [quaest.
1349 1677 1480 1720 xxxn,
1501 1667 1588 1708 art.
1618 1666 1663 1720 3,
1691 1668 1740 1708 et
1760 1666 1927 1720 quaest.
1950 1676 2069 1717 xun,

167 1727 255 1768 art.
277 1725 339 1779 4).
363 1727 483 1782 Ergo
503 1726 667 1771 saltem
691 1739 891 1783 persona
909 1728 1057 1772 Patris
1075 1739 1173 1772 non
1192 1726 1343 1783 potuit
1364 1725 1613 1771 incarnari.

223 1785 312 1831 Sed
343 1790 508 1831 contra
534 1794 607 1833 est
639 1789 765 1845 quod
795 1789 1024 1846 quidquid
1056 1795 1211 1846 potest
1239 1787 1408 1846 Filius,
1444 1793 1600 1844 potest
1630 1789 1765 1831 Pater
1796 1793 1844 1831 et
1875 1786 2071 1842 Spiritus

166 1853 361 1893 sanctus
394 1849 472 1905 (4);
503 1849 709 1907 alioquin
741 1863 837 1895 non
859 1856 986 1895 esset
1020 1851 1186 1896 eadem
1217 1850 1425 1907 potentia
1454 1849 1598 1893 trium
1627 1859 1953 1905 personarum.
1984 1849 2071 1894 Sed

165 1909 306 1955 Filius
326 1911 479 1967 potuit
500 1912 751 1957 incarnari.
774 1915 894 1969 Ergo
911 1912 1126 1958 similiter
1142 1914 1276 1957 Pater
1298 1917 1345 1956 et
1359 1911 1556 1968 Spiritus
1573 1916 1782 1955 sanctus,

212 1992 506 2033 CONCLUSIO.
527 2015 575 2022 -
601 1994 704 2034 Ciim
726 2006 813 2034 una
830 1995 887 2034 sit
905 1995 1039 2034 trium
1060 2004 1331 2046 personarum
1346 1997 1540 2046 potestaS,
1559 1992 1695 2045 potuit
1715 1993 1874 2044 quaevis
1898 2004 2070 2044 persona

167 2047 312 2089 divina
333 2047 565 2088 humanam
580 2060 788 2089 assumere
808 2054 1018 2091 naturam.

220 2118 494 2174 Respondeo
509 2118 761 2163 dicendum
781 2119 923 2176 quOd,
947 2119 1068 2164 sicut
1081 2119 1261 2164 dictum
1276 2124 1358 2164 est
1376 2121 1482 2173 (art.
1504 2119 1682 2174 praec.)‚
1697 2118 1954 2175 assumptio
1975 2118 2068 2164 duo

163 2179 408 2236 importat3
447 2179 624 2228 scilicet
660 2180 815 2237 ipsum
850 2187 1005 2225 actum
1039 2180 1324 2226 assumentis
1354 2185 1401 2225 et
1431 2179 1682 2224 terminum
1715 2180 2065 2237 assumptionis.

165 2240 446 2298 Principium
478 2246 637 2286 autem
660 2247 793 2286 actus
815 2249 888 2286 est
916 2242 1070 2287 virtus
1093 2242 1276 2298 divina3
1305 2241 1533 2286 terminus
1560 2245 1719 2285 autem
1749 2247 1822 2286 est
1847 2254 2065 2298 persona.

163 2302 317 2347 Virtus
335 2307 491 2347 autem
522 2302 677 2347 divina
698 2303 1009 2348 communiter
1030 2309 1078 2348 et
1098 2303 1414 2348 indifferenter
1444 2315 1497 2347 se
1520 2302 1662 2348 hahet
1689 2302 1750 2348 ad
1772 2315 1939 2349 omnes
1957 2316 2068 2362 per-

164 2377 322 2410 sonas.
346 2364 518 2409 Eadem
543 2365 682 2408 etiam
703 2371 775 2409 est
797 2365 1059 2410 communis
1085 2366 1203 2410 ratio
1228 2365 1571 2422 personalitatis
1589 2363 1638 2409 in
1664 2365 1816 2411 tribus
1836 2366 2063 2423 personiS,

164 2426 590 2484 licetproprietates
607 2427 878 2484 personales
899 2428 994 2473 sint
1015 2428 1298 2473 differentes.
1317 2428 1715 2485 Quandocumque
1733 2433 1891 2474 autem
1914 2429 2064 2474 virtus

164 2488 321 2547 aliqua
344 2487 662 2533 indifferenter
684 2501 735 2533 se
752 2489 892 2534 habet
905 2489 965 2534 ad
982 2489 1132 2547 plura,
1150 2495 1303 2546 potest
1322 2491 1382 2534 ad
1397 2489 1640 2546 quodlibet
1653 2501 1816 2535 eorum
1835 2502 1971 2536 suam
1987 2503 2064 2536 ac-

164 2553 340 2598 tionem
359 2552 634 2610 terminare3
660 2552 782 2598 sicut
803 2558 929 2610 patet
945 2553 994 2597 in
1016 2553 1236 2610 potentiis
1262 2553 1587 2607 rationalibus5
1611 2566 1719 2610 quae
1737 2566 1790 2599 se
1811 2553 1985 2600 habent
2005 2555 2066 2600 ad

164 2615 392 2673 opposita,
417 2626 614 2671 quorum
639 2619 893 2671 utrumque
923 2626 1062 2670 agere
1080 2621 1295 2672 possunt.
1327 2614 1401 2660 Sic
1430 2627 1544 2672 ergo
1563 2614 1721 2660 divina
1742 2616 1893 2660 virtus
1915 2617 2066 2674 potuit

164 2682 378 2722 naturam
403 2677 659 2721 humanam
688 2677 825 2721 unire
847 2690 1061 2734 personae
1084 2677 1231 2722 Patris
1256 2677 1332 2721 vel
1363 2677 1560 2733 Spiritus
1585 2677 1752 2733 sancti,
1773 2677 1896 2722 sicut
1915 2679 2064 2723 univit

164 2750 269 2784 eam
282 2750 495 2795 personae
513 2737 627 2782 Filii.
649 2738 816 2783 Etideo
837 2739 1085 2784 dicendum
1103 2739 1229 2797 quod
1247 2741 1382 2784 Pater
1395 2739 1475 2784 vel
1493 2738 1691 2796 Spiritus
1705 2742 1899 2783 sanctus
1913 2741 2065 2796 potuit

163 2812 353 2846 carnem
376 2813 632 2857 assumere,
655 2801 776 2845 sicut
791 2807 837 2845 et
864 2801 1004 2846 Filius
1023 2804 1098 2856 (5).

217 2862 286 2909 Ad
299 2866 500 2919 primum
511 2873 623 2919 ergo
643 2862 911 2919 dicendum,
933 2863 1057 2921 quod
1076 2862 1235 2908 filiatio
1253 2862 1536 2920 temporalis,
1559 2865 1653 2919 qua
1669 2862 1880 2907 Christus
1894 2862 2063 2909 dicitur

162 2924 288 2970 filius
313 2924 532 2979 hominiS,
562 2937 658 2970 non
681 2925 924 2971 constituit
954 2938 1205 2983 personam
1230 2925 1395 2984 ipsiuS,
1418 2925 1541 2971 sicut
1565 2925 1725 2970 filiatio
1751 2931 1958 2971 aeterna:
1980 2926 2061 2972 sed

204 3062 249 3105 (4)
263 3062 492 3102 Hermogenes
510 3069 544 3096 et
565 3062 708 3097 Praxeas
734 3062 793 3104 qui
815 3064 978 3099 dixerunt
991 3064 1067 3100 fieri

161 3121 232 3145 non
255 3110 403 3151 potuisse
419 3114 455 3143 ut
472 3109 580 3144 Filius
601 3110 837 3146 incarnaretur
861 3119 920 3147 aut
938 3118 1068 3154 patere-

161 3162 219 3194 tur
242 3158 315 3194 sine
336 3159 446 3197 Patre,
466 3159 549 3192 olim
571 3158 709 3193 fuerunt
734 3161 896 3204 damnati,
916 3169 953 3196 ut
976 3166 1068 3203 patet

161 3219 202 3243 ex
218 3208 356 3247 August.
373 3213 408 3240 et
427 3206 591 3247 Epiphan.
615 3206 651 3240 iu
670 3207 732 3241 111..
753 3208 870 3243 liaeres.
895 3209 992 3244 Idem
1008 3222 1067 3244 re-

161 3256 229 3291 fert
241 3255 282 3289 de
302 3254 504 3289 Sabellianis
521 3255 675 3289 Socrates
692 3256 794 3296 (nist.
815 3257 879 3291 lib.
897 3267 937 3298 Π,
954 3270 984 3293 c.
1000 3259 1067 3296 ⁴5).

203 3302 247 3344 (2)
265 3304 301 3337 S.
330 3302 507 3336 Anselmus
522 3302 711 3342 negativam
732 3303 869 3338 videtur
893 3306 1067 3341 asseruisse

160 3350 197 3384 in
214 3350 275 3385 lib.
298 3351 346 3384 De
371 3350 536 3384 incarnat.
555 3363 626 3391 cap.
655 3359 703 3392 lv,
727 3352 881 3392 quamvis
901 3353 1067 3389 thomistae

160 3410 218 3432 sua
233 3398 335 3433 verba
349 3399 386 3432 iu
401 3397 524 3432 bonam
543 3407 673 3439 partem
689 3398 867 3440 accipiant.

205 3447 248 3488 (5)
264 3446 328 3480 vel
350 3446 535 3487 expressius
558 3446 650 3485 (Gal.
671 3447 717 3486 lv)
738 3459 746 3480 :
764 3448 870 3481 Misit
885 3447 985 3483 Deus
1004 3450 1067 3483 Fi-

76 3504 93 3513 ·
163 3493 255 3528 lium
289 3504 397 3529 suum
426 3498 554 3528 uatum
584 3493 626 3527 de
646 3494 815 3535 muliere,
832 3494 970 3536 sactum
998 3497 1065 3531 sub

1152 3065 1241 3108 leae,
1258 3068 1301 3099 ut
1321 3074 1381 3099 eos
1397 3065 1463 3107 qui
1484 3065 1550 3099 sub
1569 3064 1647 3108 1290
1666 3069 1775 3100 erant
1792 3065 2014 3108 redimeret,
2028 3070 2064 3103 el

1153 3113 1391 3156 adoptionem
1405 3113 1575 3154 filiorum
1593 3113 1859 3156 reciperemus.

1190 3162 1237 3202 (4)
1267 3160 1439 3194 Sumendo
1458 3160 1645 3202 potentiam
1667 3166 1707 3197 ut
1729 3166 1779 3196 est
1796 3160 1927 3203 aliquid
1952 3174 2062 3198 essen-

1153 3208 1235 3243 tiale
1264 3208 1334 3243 sive
1370 3208 1585 3254 absolutum3
1611 3221 1682 3244 non
1707 3214 1746 3243 ut
1771 3208 1900 3250 aliquid
1939 3210 2060 3247 relati-

1150 3267 1234 3291 vum
1259 3258 1330 3291 sive
1359 3255 1546 3297 notionale,
1571 3257 1680 3298 qualis
1703 3262 1752 3290 est
1776 3258 1929 3298 potentia
1954 3270 2063 3299 gene-

1152 3303 1252 3338 randi
1271 3308 1304 3337 et
1319 3304 1471 3345 potentia
1488 3303 1641 3345 spirandi
1662 3309 1703 3339 ut
1726 3303 1774 3338 sic
1792 3316 1800 3338 ε
1817 3305 1871 3340 vel
1894 3305 2062 3348 quidquid

1150 3358 1261 3394 potest
1297 3353 1409 3391 Pater.
1432 3357 1542 3392 potest
1565 3351 1686 3394 Filius,
1713 3351 1762 3386 ad
1780 3358 1890 3388 extra
1914 3355 2058 3396 tantam,

1152 3413 1220 3434 non
1236 3402 1284 3434 ad
1299 3402 1419 3435 intra.

1192 3450 1234 3489 (5›
1263 3449 1341 3484 Sive
1367 3453 1574 3489 conjunctim
1599 3459 1677 3482 cum
1697 3448 1798 3490 Filio,
1826 3451 1897 3486 sive
1917 3450 2058 3486 seorsim

1150 3497 1224 3532 sine
1238 3496 1314 3532 illo.
