2170 3808
1971 3 1973 5 .
2034 0 2040 10 λ
2060 0 2104 17 (η

2029 23 2031 25 ,
2062 26 2069 46 ἶ
2110 37 2119 45 ⁴

2123 86 2145 109 ’ἢ

174 236 260 280 122
845 230 1043 283 QUAEST.
1070 228 1175 283 xm,
1206 228 1326 271 ΛΒΤ.
1356 227 1408 272 11.

176 322 403 376 principio
427 321 598 363 creavit
616 321 737 361 Deus
758 308 918 360 coe'lum
941 317 983 357 et
1004 316 1195 356 terram.
1220 312 1341 367 Ergo
1358 309 1542 355 videtur
1563 308 1688 366 quod
1718 308 1875 353 anima
1906 310 2069 357 Christi

178 382 348 426 habeat
368 378 753 437 omnipotentiam
776 380 993 434 respectu
1014 373 1347 420 immutationis
1367 378 1699 418 creaturarum.

233 446 276 487 2.
311 445 558 498 Praeterea,
583 441 741 486 anima
761 438 928 485 Christi
952 442 1023 483 est
1050 434 1298 493 perfectior
1318 433 1526 492 qualibet
1546 435 1776 479 creatura.
1800 434 1887 480 Sed
1909 434 2072 492 quaeli-

177 503 258 550 bet
279 507 490 549 creatura
509 508 662 561 potest
679 501 855 548 moveri
878 500 937 546 ab
961 499 1117 556 aliqua
1136 503 1380 542 creatura:
1405 496 1515 542 dicit
1539 497 1665 542 enim
1688 497 1975 552 Augustinus
1996 500 2072 551 (De

176 566 299 611 Trin.
326 565 406 610 lib,
430 580 493 622 m,
513 578 615 624 cap.
638 570 684 618 4,
705 566 734 610 a
754 563 938 622 princ.),
958 561 1085 620 quod
1109 578 1130 599 «ι
1148 561 1270 605 sicut
1298 571 1491 616 corpora
1519 558 1748 604 crassiora
1778 563 1824 604 et
1854 559 2072 606 inferiora

176 639 262 684 per
287 626 530 673 subtiliora
563 633 612 674 et
643 627 906 685 potentiora
934 624 1141 682 quodam
1163 621 1329 667 ordine
1350 627 1594 677 reguntur,
1616 620 1680 665 ita
1701 620 1858 665 omnia
1880 633 2071 679 corpora

176 699 260 745 per
283 689 495 746 spiritum
519 690 654 746 vitae3
676 694 723 734 et
746 688 939 745 spiritus
961 686 1068 730 vitae
1090 683 1368 730 irrationalis
1398 695 1482 740 per
1508 683 1721 740 spiritum
1742 682 1850 727 vitae
1870 684 2070 730 rationa-

175 749 268 795 lem
284 764 297 806 ς
322 756 369 796 et
389 750 584 808 spiritus
601 751 712 796 vitae
731 749 973 795 rationalis
989 748 1214 804 desertor,
1236 751 1376 803 atque
1396 751 1609 803 peccator
1631 758 1714 802 per
1733 746 1944 803 spiritum
1963 747 2070 794 vitae

175 812 467 871 rationalem,
491 813 620 870 pium
645 819 691 858 et
704 812 906 869 Justum.
929 829 949 850 »
979 810 1141 856 Anima
1160 814 1315 853 autem
1335 808 1496 852 Christi
1517 808 1653 852 etiam
1678 808 1806 865 ipsos
1826 821 2068 865 supremos

177 874 368 930 spiritus
388 880 561 933 movet,
579 873 889 919 illuminando
905 885 1003 929 eOS,
1023 877 1079 917 ut
1091 871 1203 917 dicit
1217 870 1463 927 Dionysius
1478 871 1605 925 (Coel.
1631 870 1747 916 hier.
1775 882 1880 927 cap.
1900 874 1942 926 7,
1965 881 2070 928 post
2129 881 2164 922 545

175 936 336 991 med.).
361 939 483 994 Ergo
502 937 687 982 videtur
710 936 836 994 quod
857 935 1017 980 anima
1044 932 1213 979 Christi
1244 933 1413 978 habeat
1443 933 1825 990 omnipotentiam
1854 939 2067 991 respectu

178 995 515 1043 immutationis
533 1002 869 1043 creaturarum.

232 1063 273 1105 3.
306 1063 548 1115 Praeterea,
571 1061 727 1105 anima
746 1058 910 1105 Christi
930 1057 1092 1103 habuit
1113 1055 1385 1114 plenissime
1405 1056 1602 1113 gratiam
1630 1056 1960 1102 miraculorum
1983 1069 2066 1103 seu
2126 1052 2134 1077 ·³

137 1123 139 1125 ’
176 1120 419 1178 virtutum,
439 1123 560 1167 sicut
580 1127 630 1168 et
645 1127 840 1167 caeteras
864 1119 1053 1177 gratias.
1079 1118 1167 1163 Sed
1199 1117 1354 1163 omnis
1377 1117 1637 1161 immutatio
1668 1123 1889 1163 creaturae
1915 1124 2066 1175 potest

178 1183 233 1227 ad
256 1183 452 1240 gratiam
476 1184 809 1229 miraculorum
832 1182 1089 1240 pertinere3
1113 1180 1220 1225 cum
1250 1180 1387 1225 etiam
1416 1179 1695 1224 miraculose
1724 1179 1931 1224 coelestia
1962 1194 2061 1226 cor·

176 1254 289 1301 pora
310 1246 339 1290 a
357 1258 444 1292 suo
467 1247 630 1292 ordine
652 1246 899 1291 immutata
927 1243 1119 1300 fuerint,
1146 1243 1267 1288 sicut
1296 1242 1542 1300 Dionysius
1567 1241 1731 1298 probat
1748 1241 1811 1296 (in
1841 1236 1975 1299 epist.
2006 1244 2067 1291 ad

176 1307 498 1366 Polycarpum,
521 1321 629 1366 quae
650 1313 723 1354 est
741 1311 786 1363 7,
804 1318 971 1365 parum
991 1307 1019 1350 a
1037 1305 1223 1363 princ.).
1244 1306 1364 1361 Ergo
1381 1305 1539 1367 anima
1556 1304 1716 1349 Christi
1738 1303 1899 1349 habuit
1916 1306 2064 1351 omni-

176 1369 430 1425 potentiam
449 1375 665 1427 respectu
682 1368 1019 1414 immutationis
1036 1371 1372 1412 creaturarum.

232 1431 319 1477 Sed
342 1436 504 1476 contra
533 1437 605 1477 est
633 1431 758 1490 quod
792 1431 1004 1490 ejusdem
1032 1434 1106 1475 est
1132 1433 1446 1474 transmutare
1474 1434 1712 1474 creaturas
1740 1429 1875 1487 cujus
1894 1435 1966 1476 est
1986 1443 2068 1477 eas
2135 1448 2138 1452 ⁴

176 1504 467 1539 conservare.
491 1495 576 1539 Sed
609 1495 698 1539 hoc
727 1498 799 1539 est
827 1494 974 1538 solius
999 1492 1377 1549 Dei,.secundum
1410 1491 1526 1536 illud
1548 1491 1702 1545 (Hebr.
1725 1505 1756 1548 1,
1775 1494 1845 1548 3):
1869 1496 2066 1539 Por-tans
2142 1504 2146 1508 ·

175 1559 328 1598 omnia
342 1556 475 1599 verbo
489 1560 670 1599 virtutis
682 1569 788 1601 suae.
802 1559 922 1612 Ergo
934 1556 1079 1600 solius
1089 1554 1166 1599 Dei
1181 1554 1436 1599 esthabere
1452 1554 1832 1611 omnipotentiam
1851 1561 2064 1614 respectu

173 1615 512 1662 immutationis
529 1623 867 1664 creaturarum.
889 1619 987 1663 Non
1010 1629 1122 1674 ergo
1141 1617 1229 1662 hoc
1252 1616 1472 1661 convenit
1492 1617 1662 1661 animae
1681 1616 1861 1662 Christi.

221 1683 515 1726 CONCLUSIO.
542 1707 590 1715 -
614 1686 768 1727 Anima
788 1686 941 1726 Christi
960 1686 1012 1726 ad
1034 1684 1353 1736 gubernandum
1374 1696 1541 1735 corpus,
1560 1688 1601 1724 et
1617 1684 1669 1726 ad
1686 1683 1959 1736 disponendos
1986 1687 2064 1728 hu-

172 1749 320 1780 manos
344 1743 486 1790 actus,
512 1742 741 1782 secundum
768 1743 975 1794 propriam
1004 1745 1196 1781 naturam
1225 1744 1266 1781 et
1296 1741 1515 1789 virtu-tem,
1542 1740 1769 1792 potentiam
1791 1741 1961 1790 habuit3
1995 1744 2066 1785 sed

172 1799 318 1845 praeter
347 1800 591 1837 consuetum
630 1801 789 1838 naturae
824 1798 1013 1838 ordinem
1044 1801 1250 1837 creaturas
1273 1796 1497 1835 immutare
1518 1807 1602 1835 non
1633 1796 1790 1847 potuit,
1820 1798 1902 1836 nisi
1927 1803 2064 1849 quate-

173 1849 254 1888 nus
278 1850 358 1890 fuit
373 1850 609 1892 divinitatis
624 1851 968 1892 instrumentum.

228 1913 501 1970 Respondeo
522 1913 771 1959 dicendum
795 1914 922 1971 quod
951 1913 1027 1959 hic
1057 1912 1229 1971 duplici
1263 1912 1560 1958 distinctione
1591 1918 1664 1958 est
1690 1925 1826 1971 opus.
1861 1916 2064 1968 Quarum

175 1976 325 2032 prima
361 1983 434 2022 est
465 1990 524 2022 ex
563 1984 693 2035 parte
729 1978 1134 2023 transmutationis
1168 1984 1503 2033 creaturarum,
1524 1989 1629 2034 quae
1650 1977 1817 2034 triplex
1837 1984 1940 2025 est:
1971 1993 2064 2025 una

173 2039 360 2095 quidem
383 2044 456 2084 est
479 2040 722 2096 naturalis,
740 2053 846 2096 quae
864 2040 1041 2085 scilicet
1062 2039 1115 2085 flt
1130 2040 1158 2084 a
1175 2040 1366 2097 proprio
1387 2043 1556 2095 agente
1574 2039 1834 2084 secundum
1854 2041 2063 2089 ordinem

174 2106 378 2158 naturae3
397 2101 488 2146 alia
506 2103 617 2147 vero
630 2107 703 2147 est
721 2102 1018 2158 miraculosa,
1049 2114 1155 2159 quae
1185 2102 1237 2146 fit
1265 2101 1325 2146 ab
1353 2107 1523 2157 agente
1554 2103 1894 2158 supernaturali
1923 2117 2066 2162 supra

171 2168 449 2208 consuetum
469 2164 678 2209 ordinem
698 2170 745 2208 et
762 2177 954 2209 cursum
976 2170 1169 2221 naturae,
1188 2164 1310 2207 sicut
1331 2163 1623 2208 resuscitatio
1636 2169 1954 2223 mortuorum,
1972 2174 2066 2213 ter-

173 2224 235 2270 tia
259 2232 416 2271 autem
436 2232 507 2272 est
529 2227 787 2272 secundum
812 2227 937 2284 qued
960 2226 1116 2271 omnis
1148 2230 1361 2271 creatura
1385 2226 1611 2271 vertibilis
1638 2230 1712 2272 est
1738 2226 1787 2270 in
1818 2228 1948 2274 nihil.
1983 2234 2065 2277 Se-

172 2288 326 2333 cunda
347 2293 504 2333 autem
524 2289 762 2333 distinctio
783 2293 857 2333 est
878 2288 1148 2346 accipienda
1169 2301 1226 2334 ex
1250 2293 1381 2345 parte
1403 2289 1571 2332 animae
1590 2287 1774 2346 Christi,
1790 2301 1896 2346 quae
1914 2291 2064 2351 dupli-

172 2350 285 2395 citer
324 2350 608 2395 considerari
649 2355 803 2408 potest
831 2365 843 2395 ε
880 2363 979 2396 uno
1013 2351 1154 2396 modo
1192 2351 1454 2396 secundum
1490 2350 1726 2407 propriam
1767 2357 1980 2399 naturam
2017 2361 2064 2403 et

174 2412 390 2456 virtutem
410 2412 509 2456 sive
534 2411 794 2456 naturalem
817 2411 917 2457 sive
935 2412 1214 2470 gratuitam,
1238 2411 1331 2456 alio
1352 2411 1507 2465 modo,
1527 2418 1665 2470 prout
1684 2416 1756 2457 est
1776 2413 2062 2463 instrumen-

174 2477 271 2517 tum
291 2473 425 2518 Verbi
448 2474 527 2519 Dei
548 2473 636 2519 sibi
660 2474 966 2531 personaliter
987 2473 1122 2519 uniti.
1151 2472 1196 2519 Si
1221 2485 1336 2531 ergo
1358 2474 1606 2532 loquamur
1633 2473 1693 2520 de
1719 2474 1876 2520 anima
1898 2479 2062 2526 Christi

173 2535 430 2581 secundum
446 2536 681 2594 propriam
704 2541 920 2581 naturam
937 2541 987 2582 et
1005 2535 1228 2583 virtutem
1254 2537 1355 2583 sive
1375 2537 1650 2593 naturalem,
1674 2537 1774 2583 sive
1795 2541 2061 2597 gratuitam,

174 2598 429 2654 potentiam
447 2597 611 2643 habuit
629 2597 690 2643 ad
710 2598 814 2643 illos
834 2598 1029 2645 effectus
1046 2598 1287 2645 faciendos
1305 2599 1387 2657 qui
1400 2604 1513 2645 sunt
1525 2599 1693 2644 animae
1706 2602 2060 2663 convenientes3

174 2661 285 2716 puta
307 2660 368 2706 ad
390 2660 750 2717 gubernandum
769 2673 959 2718 corpus,
980 2665 1028 2707 et
1040 2660 1429 2719 ad‘disponendos
1440 2662 1674 2707 humanos
1682 2667 1842 2720 actus3
1863 2671 1910 2709 et
1925 2666 2062 2712 etiam

174 2722 230 2766 ad
252 2721 614 2769 illuminandum
627 2735 711 2780 per
729 2722 890 2780 gratiae
906 2727 955 2769 et
972 2722 1183 2768 scientiae
1198 2722 1533 2781 plenitudinem
1552 2735 1716 2769 omnes
1734 2731 1971 2771 creaturas
1989 2740 2063 2773 ra—

174 2784 374 2829 tionales
398 2785 457 2829 ab
478 2785 582 2841 ejus
604 2785 890 2843 perfectione
911 2782 1199 2842 deficientes,
1222 2798 1306 2843 per
1331 2786 1524 2831 modum
1553 2798 1648 2844 quo
1675 2786 1763 2831 hoc
1790 2793 1863 2832 est
1889 2801 2063 2837 conve-

175 2846 311 2891 niens
333 2852 559 2892 creaturae
580 2847 795 2892 rationali
811 2849 885 2903 (1).
905 2847 949 2893 Si
974 2852 1130 2893 autem
1154 2847 1403 2905 loquamur
1427 2847 1488 2893 de
1510 2848 1667 2892 anima
1686 2848 1869 2905 Christi,
1889 2863 2063 2897 secun—

174 2909 284 2952 dum
314 2909 441 2966 quod
461 2914 532 2954 est
558 2910 921 2955 instrumentum
949 2909 1081 2954 Verbi
1111 2909 1199 2955 sibi
1219 2909 1355 2966 uniti,
1381 2909 1450 2954 sic
1477 2909 1638 2954 habuit
1662 2911 2062 2960 instrumentalem

173 2971 394 3014 virtutem
415 2973 473 3026 (2)
494 2972 553 3017 ad
576 2984 741 3017 omnes
775 2971 1124 3017 immutationes
1158 2971 1465 3019 miraculosas
1495 2972 1749 3028 faciendas,
1781 2973 2064 3021 ordinabiles

174 3032 228 3075 ad
256 3033 590 3079 incarnationis
609 3036 769 3088 finem,
789 3036 867 3092 qui
892 3039 965 3080 est
989 3035 1251 3079 instaurare
1275 3034 1447 3090 omnia,
1470 3034 1568 3080 sive
1593 3047 1699 3092 quae
1721 3034 1770 3079 in
1794 3036 1941 3093 coelis,
1964 3036 2064 3083 sive

172 3106 276 3150 quae
298 3096 344 3138 in
369 3096 504 3140 terris
525 3102 650 3141 sunt.
672 3097 1023 3142 Immutationes
1043 3096 1154 3142 vero
1170 3102 1506 3153 creaturarum,
1528 3098 1787 3142 secundum
1804 3098 1929 3154 quod
1951 3104 2062 3145 sunt

172 3155 409 3200 vertibiles
441 3157 489 3201 in
521 3158 651 3214 nihil,
682 3158 1048 3215 correspondent
1076 3158 1298 3203 creationi
1329 3171 1509 3216 rerum3
1533 3164 1671 3216 prout
1698 3159 1871 3204 scilicet
1893 3159 2063 3216 produ-

172 3222 343 3262 cuntur
362 3231 420 3263 ex
444 3219 604 3264 nihilo.
625 3223 679 3265 Et
701 3221 804 3266 ideo
826 3222 946 3266 sicut
967 3221 1096 3266 solus
1125 3224 1246 3266 Deus
1271 3220 1428 3278 ‘potest
1452 3233 1632 3274 creare,
1667 3220 1731 3264 ita
1759 3221 1886 3266 solus
1908 3226 2060 3278 potest

213 3343 255 3382 (l)
273 3343 352 3385 Quae
372 3342 492 3376 ultima
518 3343 621 3377 verba
645 3344 828 3385 diligenter
847 3347 1003 3384 adverte,
1030 3345 1077 3379 ait
1160 3346 1276 3380 mistas
1295 3352 1327 3380 et
1352 3346 1517 3381 scotistas.
1545 3345 1612 3380 Alii
1638 3345 1758 3379 volunt
1786 3345 1871 3379 hanc
1900 3345 2061 3380 virtutem

173 3390 337 3434 Billuart,
365 3402 408 3424 ne
438 3390 524 3426 forte
550 3404 589 3426 ex
618 3392 679 3426 hac
709 3395 920 3428 conclusione
950 3394 1076 3428 inferas
1162 3395 1455 3429 instrumentalem
1481 3405 1550 3427 esse
1580 3392 1762 3434 physicam,
1793 3393 1851 3426 alii
1884 3394 1963 3429 verb
1987 3398 2061 3426 tan-

171 3439 348 3473 Christum
367 3451 434 3474 esse
454 3451 585 3474 causam
602 3440 824 3481 principalem
841 3443 968 3481 gratim.
1162 3443 1231 3476 tum
1260 3442 1435 3476 moralem.
1464 3440 1528 3475 Sed
1551 3440 1679 3474 redibit
1713 3440 1827 3474 eadem
1853 3439 1992 3481 qnaestio
2021 3438 2062 3472 de

212 3488 255 3525 (2)
270 3488 357 3522 Hinc
372 3487 482 3522 oritur
497 3499 617 3527 magna
633 3489 864 3524 controversia
881 3490 971 3523 inter
994 3487 1076 3521 tho-
1161 3485 1355 3524 causalitate
1371 3494 1660 3524 sacramentorum
1675 3489 1710 3522 in
1732 3488 1793 3522 bac
1808 3487 1858 3521 111
1876 3491 1962 3526 part.
