2170 3808
649 205 847 258 QUAEST.
880 205 1020 259 LXVI,
1052 207 1168 248 ART.
1199 206 1301 248 VIII.
1855 208 1935 250 569

49 288 345 334 inmersione
368 287 656 342 significatur
674 286 830 330 unitas
847 287 1008 330 mortis
1023 287 1185 331 Christi
1209 292 1254 331 et
1269 287 1423 332 unitas
1437 286 1646 339 Deitatis;
1666 298 1751 343 per
1767 287 1935 330 trinam

47 366 59 395 ε
77 358 204 397 utem
215 350 560 394 immersionem
572 344 860 403 significatur
872 347 1073 392 triduum
1085 348 1214 404 sepul
1223 354 1334 393 turae
1345 349 1524 405 Christi,
1535 355 1582 394 et
1594 349 1731 393 etiam
1740 348 1935 392 TrInitas

47 423 367 469 personarum.
383 410 468 455 Sed
481 409 676 454 diversis
691 422 750 454 ex
762 410 918 454 causis
933 410 1188 454 secundum
1203 411 1541 455 ordinationem
1558 411 1769 455 Ecclesiae
1787 422 1935 467 quan·

47 490 61 517 ι
71 473 446 530 ιοᾳυείηεῐὶιηωε
459 475 530 516 est
541 483 663 514 unus
676 470 1142 527 modus,quandoque
1155 471 1294 525 alius;
1306 472 1413 527 quia
1426 473 1546 516 enim
1561 473 1586 514 a
1598 472 1824 528 principio
1834 484 1935 515 nas-

46 550 61 577 (
75 534 195 578 entis
214 532 427 577 Ecclesiae
449 532 639 589 quidam
657 532 714 576 de
733 531 949 576 Trinitate
973 532 1092 575 male
1111 532 1390 590 sentiebant,
1410 534 1639 577 Christum
1658 545 1829 589 purum
1847 534 1933 577 ho-

47 596 218 640 minem
241 607 346 639 esse
364 594 664 651 aestimantes,
687 606 774 639 nec
793 593 882 638 dici
903 594 1066 637 Filium
1087 593 1162 638 Dei
1181 599 1227 638 et
1244 596 1387 638 Deum
1406 594 1493 638 uisi
1513 599 1700 651 propter
1716 595 1934 640 meritum

46 656 165 715 ejus,
183 657 309 713 quod
329 655 559 713 praecipue
583 655 669 699 fuit
691 655 738 699 in
759 660 906 699 morte
920 669 932 710 ς
948 654 1052 698 ideo
1077 668 1169 698 non
1193 655 1490 712 baptizabant
1513 656 1772 701 innomine
1787 657 1934 701 Trini-

48 717 172 772 tatis,
197 718 280 763 sed
312 718 360 761 in
389 716 827 761 commemoratione
862 716 1023 760 mortis
1057 716 1236 772 Christi,
1261 722 1307 762 et
1335 718 1431 761 una
1460 717 1775 774 immersione,
1809 718 1934 774 quod

46 779 341 835 reprobatum
363 778 448 821 fuit
466 778 513 821 in
534 778 765 834 primitiva
788 777 1005 822 Ecclesia.
1030 779 1154 822 Unde
1176 778 1225 821 in
1246 778 1509 823 canonibus
1530 778 1810 835 apostolicis,
1827 792 1932 825 can.

43 841 101 884 49
120 840 182 893 (et
203 839 398 884 habetur
415 851 517 895 cap.
543 841 596 883 79
629 843 689 883 De
711 844 967 884 consecrat.
991 839 1097 884 dist.
1117 843 1159 893 4)
1183 853 1193 882 :
1222 839 1301 884 «Si
1319 841 1424 897 quis
1442 841 1690 898 presbyter
1708 844 1789 884 aut
1807 841 1933 897 epis-

44 911 193 956 copus
215 913 307 945 non
336 900 504 944 trinam
523 901 867 945 immersionem
900 900 1042 945 unius
1072 901 1280 958 mysterii
1304 901 1520 957 celebret,
1545 903 1629 947 sed
1647 901 1793 946 semel
1814 913 1933 946 mer-

44 960 188 1017 gatin
203 961 495 1019 baptismate,
518 963 643 1019 quod
667 963 762 1012 dari
787 963 814 1006 a
833 963 1113 1019 quibusdam
1141 963 1309 1007 dicitur
1328 964 1374 1007 in
1397 969 1544 1008 morte
1567 964 1762 1017 Domini,
1787 963 1932 1020 depo-

48 1027 205 1078 natur3
232 1035 326 1077 non
350 1023 474 1068 enim
510 1024 643 1068 nobis
676 1024 791 1068 dixit
808 1024 1029 1068 Dominus
1047 1038 1058 1066 ε
1079 1026 1129 1068 In
1167 1028 1313 1068 morte
1347 1036 1450 1069 mea
1475 1025 1717 1081 baptizate,
1738 1024 1820 1068 sed
1845 1039 1857 1067 :
1884 1027 1931 1068 ln

47 1084 235 1130 nomine
254 1084 414 1139 Patris,
433 1090 479 1130 et
501 1085 614 1141 Filii,
633 1090 679 1130 et
700 1085 894 1142 Spiritus
913 1085 1077 1129 sancti.
1103 1104 1122 1124 »ι
1151 1086 1449 1130 Postmodum
1471 1087 1580 1131 vero
1601 1087 1791 1130 inolevit
1813 1099 1929 1143 quo-

46 1146 259 1191 rumdam
288 1147 688 1192 schismaticorum
723 1151 769 1192 et
797 1148 1116 1192 haereticorum
1139 1160 1268 1191 error
1298 1148 1511 1192 homines
1531 1148 1927 1206 rebaptizantium,

47 1205 169 1251 sicut
194 1207 251 1252 de
279 1208 529 1253 Donatistis
559 1207 846 1263 Augustinus
869 1214 1025 1252 narrat
1053 1209 1215 1264 (Super
1235 1211 1366 1253 Joan.
1398 1213 1530 1253 tract.
1556 1213 1626 1267 11,
1654 1209 1681 1253 a
1719 1211 1859 1263 med„
1886 1215 1932 1254 et

44 1266 127 1312 lib.
151 1271 214 1313 De
234 1270 445 1314 haeresib.
471 1270 634 1313 haeres.
661 1269 752 1324 69).
775 1271 828 1313 Et
855 1268 959 1312 ideo
978 1268 1026 1312 in
1058 1268 1416 1315 detestationem
1453 1271 1624 1315 erroris
1659 1284 1820 1315 eorum
1845 1272 1931 1316 fuit

44 1332 270 1374 statutum
292 1332 340 1374 in
359 1342 490 1375 conc.
519 1329 738 1374 Toletano
769 1343 829 1383 iv,
860 1342 966 1375 can.
999 1332 1026 1375 6
1050 1332 1110 1382 (et
1135 1330 1332 1375 habetur
1353 1344 1453 1388 cap.
1480 1335 1551 1385 85,
1578 1335 1640 1377 De
1671 1338 1926 1378 consecrat.

32 1389 152 1440 dist.
174 1393 234 1447 4),
257 1391 383 1448 quod
411 1391 541 1436 fieret
562 1404 656 1435 una
677 1390 778 1435 sola
796 1391 1032 1435 immersio
1053 1407 1064 1435 :
1090 1391 1169 1436 ubi
1200 1393 1266 1437 sic
1295 1393 1465 1448 legitur
1486 1409 1497 1436 ε
1522 1412 1542 1431 «
1565 1397 1752 1450 Propter
1776 1395 1930 1438 vitan-

44 1449 156 1496 dum
183 1453 446 1497 schismatis
468 1453 757 1509 scandalum,
774 1452 849 1497 vel
870 1453 1072 1498 haeretici
1099 1453 1329 1509 dogmatis
1356 1468 1512 1510 usum,
1536 1455 1750 1512 simplam
1770 1460 1931 1501 tenea·

44 1524 151 1558 mus
168 1514 385 1571 baptismi
416 1515 777 1559 immersionem.
801 1533 821 1554 »
842 1516 928 1560 Sed
947 1521 1161 1560 cessante
1180 1516 1256 1559 tali
1276 1517 1433 1572 causa,
1450 1517 1759 1562 communiter
1772 1518 1930 1563 obser-

44 1579 181 1620 vatur
208 1576 256 1619 in
289 1576 520 1633 baptismo
556 1577 677 1620 trina
711 1576 947 1621 immersio
977 1579 1052 1632 (1).
1089 1581 1142 1621 Et
1175 1578 1277 1622 ideo
1316 1580 1517 1634 graviter
1549 1584 1760 1635 peccaret
1799 1580 1931 1624 alit-er

44 1635 300 1694 baptizans,
321 1637 452 1695 quasi
478 1637 620 1683 ritum
644 1638 859 1683 Ecclesiae
886 1650 980 1682 non
999 1638 1285 1695 observans,
1307 1640 1608 1685 nibilominus
1632 1645 1786 1685 tamen
1806 1647 1931 1686 esset

44 1697 320 1755 baptismus.

99 1761 164 1805 Ad
184 1764 382 1817 primum
409 1774 522 1818 ergo
556 1762 821 1818 dicendum,
846 1762 970 1819 qued
988 1762 1180 1807 Trinitas
1214 1768 1285 1808 est
1303 1765 1425 1808 sicut
1443 1776 1588 1819 agens
1607 1764 1859 1820 principale
1880 1765 1928 1809 in

43 1821 287 1880 baptismo.
318 1824 575 1869 Similitudo
605 1829 761 1869 autem
784 1824 964 1879 agentis
992 1826 1201 1880 pervenit
1230 1826 1289 1870 ad
1318 1827 1533 1870 effectum
1555 1826 1811 1870 secundum
1834 1827 1930 1870 sor-

43 1897 186 1944 mam,
201 1892 248 1933 et
267 1901 361 1932 non
382 1889 640 1934 secundum
661 1889 919 1933 materiam.
937 1891 989 1933 Et
1008 1889 1110 1934 ideo
1129 1890 1405 1946 significatio
1426 1890 1657 1934 Trinitatis
1679 1887 1730 1935 fit
1746 1891 1790 1933 in
1813 1891 1930 1948 bap-

44 1947 182 1993 tismo
218 1962 301 2007 per
328 1951 470 1995 verba
493 1951 673 2006 formae,
697 1964 784 1997 nec
812 1955 883 1996 est
902 1950 959 1995 de
982 1952 1259 1996 necessitate
1281 1953 1406 2009 quod
1434 1951 1720 2009 significetur
1734 1953 1928 1999 'trinitas

42 2021 126 2067 per
157 2023 296 2056 usum
328 2013 555 2068 maternae,
571 2012 653 2057 sed
675 2013 762 2056 hoc
782 2013 832 2056 fit
851 2012 908 2056 ad
928 2012 1150 2069 majorem
1172 2015 1535 2069 expressionem.
1557 2014 1769 2058 Similiter
1789 2015 1927 2059 etiam

42 2083 168 2117 mors
189 2074 352 2119 Christi
375 2075 601 2130 figuratur
632 2075 917 2119 sufficienter
954 2076 1001 2118 in
1025 2075 1163 2119 unica
1187 2076 1496 2121 immersione.
1519 2077 1737 2121 Triduum
1772 2082 1927 2122 autem

43 2136 291 2191 sepulturae
335 2150 425 2181 non
461 2142 531 2182 est
566 2137 623 2182 de
660 2138 935 2181 necessitate
962 2138 1126 2182 salutis
1161 2143 1347 2195 nostrae,
1372 2140 1482 2195 quia
1512 2139 1692 2182 etiamsi
1729 2149 1821 2182 uno
1855 2140 1928 2185 die

42 2195 206 2242 fuisset
228 2199 439 2254 sepultus
455 2199 527 2243 vcl
547 2206 774 2255 mortuus,
801 2199 1059 2243 suffecisset
1071 2200 1129 2243 ad
1149 2200 1473 2256 perficiendam
1489 2206 1694 2244 nostram
1711 2201 1928 2258 redemp-

45 2257 233 2304 tionem.
254 2260 342 2305 Sed
364 2261 567 2306 triduum
590 2261 705 2306 illud
724 2262 965 2306 ordinatur
986 2261 1044 2306 ad
1062 2261 1458 2306 manifestandum
1487 2262 1727 2306 veritatem
1749 2265 1925 2322 mortis,

43 2323 255 2376 utsupra
273 2322 444 2366 dictum
475 2327 547 2367 est
569 2327 751 2379 (quaest.
771 2336 828 2378 m,
849 2327 934 2366 art.
959 2326 1002 2378 4,
1024 2328 1071 2367 et
1102 2329 1269 2380 quaest.
1295 2337 1382 2378 uu,
1405 2328 1490 2367 art.
1520 2319 1579 2377 Ξ).
1605 2326 1658 2367 Et
1677 2323 1779 2368 ideo
1805 2330 1928 2381 patet

42 2381 167 2437 quod
189 2383 307 2427 trina
323 2385 557 2428 immersio
573 2397 660 2428 nec
678 2397 736 2429 ex
750 2389 880 2440 parte
896 2384 1142 2441 Trinitatis,
1161 2397 1247 2430 nec
1263 2398 1320 2430 ex
1341 2390 1471 2441 parte
1495 2386 1724 2442 passion1s
1746 2387 1924 2444 Christi,

42 2447 114 2487 est
128 2443 187 2488 de
206 2445 481 2489 necessitate
503 2447 795 2491 sacramenti.

97 2505 163 2549 Ad
182 2506 425 2549 secundum
451 2507 714 2564 dicendum,
736 2507 860 2564 quod
878 2508 1089 2564 Pelagius
1106 2521 1227 2565 papa
1247 2508 1464 2565 intelligit
1478 2509 1647 2553 trinam
1666 2510 1928 2555 immersio-

43 2578 149 2611 nem
171 2579 276 2612 esse
294 2569 352 2612 de
381 2570 600 2614 mandato
635 2571 797 2615 Christi
818 2571 865 2614 in
898 2583 986 2615 suo
1004 2571 1158 2628 simili,
1180 2571 1227 2615 in
1257 2571 1344 2615 hoc
1379 2571 1556 2616 scilicet
1576 2571 1697 2626 quot]
1721 2572 1927 2618 Christus

42 2629 261 2684 praecepit
274 2629 493 2685 baptizari
516 2634 564 2674 in
588 2635 765 2676 nomine
787 2635 958 2689 Patris,
982 2635 1026 2675 et
1045 2634 1173 2687 Filii,
1201 2636 1245 2676 et
1264 2636 1460 2690 Spiritus
1477 2635 1628 2675 sancti
1647 2635 1722 2687 (2).
1746 2636 1842 2678 Non
1864 2638 1928 2678 ta-

43 2699 152 2732 men
171 2688 423 2734 estsimilis
445 2691 561 2735 ratio
582 2691 640 2736 de
662 2692 810 2737 forma
824 2693 947 2738 etde
966 2706 1058 2738 usu
1079 2694 1302 2749 materiae,
1321 2699 1375 2738 ut
1397 2694 1573 2738 dictum
1593 2698 1665 2737 est
1693 2693 1751 2746 (in
1785 2695 1924 2749 solut.

43 2755 217 2805 praec).

98 2811 164 2856 Ad
189 2814 371 2855 tertium
405 2812 671 2870 dicendum,
704 2816 842 2872 quod,
876 2817 998 2861 sicut
1029 2829 1170 2873 supra
1206 2817 1380 2861 dictum
1403 2821 1474 2860 est
1505 2819 1600 2873 (qu.
1623 2831 1734 2870 inv,
1755 2823 1841 2862 art.
1863 2822 1923 2874 8),

42 2872 236 2916 intentio
255 2874 504 2930 requiritur
526 2876 584 2920 ad
602 2876 902 2932 baptismum.
928 2881 979 2922 Et
1002 2878 1104 2923 ideo
1128 2890 1187 2922 ex
1207 2878 1462 2922 intentione
1478 2878 1677 2923 ministri
1696 2879 1923 2934 Ecclesiae,

43 2934 122 2989 qui
138 2934 333 2978 intendit
351 2948 497 2978 unum
520 2936 798 2993 baptismum
823 2939 933 2983 dare
956 2940 1077 2983 trina
1102 2939 1415 2994 immersione,
1433 2939 1631 2983 efficitur
1646 2953 1793 2984 unum
1817 2941 1926 2997 bap-

43 2995 195 3038 tisma.
218 2995 344 3039 Unde
368 2997 675 3053 Hieronymus
697 2998 807 3043 dicit
842 3013 980 3057 super
1004 3000 1249 3056 Epistolam
1274 3001 1455 3056 (Ephes.
1477 3013 1580 3056 sup.
1603 3000 1713 3045 illud
1739 3014 1838 3057 cap.
1861 3005 1889 3046 4
1910 3018 1922 3047 ε

48 3057 169 3098 Unus
184 3059 413 3111 DominuS,
431 3061 536 3111 etc.)
559 3071 569 3099 :
598 3076 617 3096 α
639 3059 761 3103 Licet
781 3064 848 3104 ter
866 3060 1170 3117 baptizemur,
1187 3061 1232 3104 id
1255 3066 1342 3114 est,
1363 3061 1712 3116 immergamur,
1737 3067 1927 3118 propter

40 3117 314 3174 mysterium
336 3119 583 3174 Trinitatis,
606 3127 758 3165 tamen
776 3135 922 3167 unum
935 3123 1432 3179 baptismareputatur.
1445 3141 1465 3162 »
1485 3123 1527 3167 Si
1540 3123 1649 3167 vero
1665 3124 1926 3168 intenderet

41 3178 100 3223 ad
114 3190 492 3237 unamquamque
508 3181 853 3227 immersionem
867 3196 1014 3228 unum
1035 3184 1264 3240 baptiSma
1276 3184 1401 3240 dare,
1425 3184 1485 3229 ad
1506 3185 1716 3239 singulas
1735 3186 1925 3229 immer-

84 3288 123 3329 (l)
149 3290 217 3323 Aut
236 3290 327 3323 trina
352 3290 490 3333 infusio,
509 3296 599 3331 juxta
615 3291 700 3326 illud
717 3293 860 3327 Ritualis
885 3305 936 3327 ro-
1062 3294 1106 3335 (2)
1133 3294 1293 3336 Quamvis
1323 3306 1383 3327 nce
1408 3295 1443 3327 in
1472 3295 1584 3334 rigore
1609 3295 1710 3330 verba
1735 3294 1925 3333 significent

41 3336 164 3369 mani:
190 3337 236 3370 Ec
267 3348 330 3380 eqo
359 3338 503 3380 baptizo
534 3339 576 3372 in
601 3341 746 3374 nomine
762 3342 889 3375 Patris
909 3342 937 3382 ἦ·
1020 3342 1157 3381 praecipi
1190 3341 1314 3375 trinam
1347 3342 1619 3383 immersionem,
1657 3343 1713 3376 sed
1748 3342 1923 3375 admoneri
1970 3363 1977 3376 ψ

42 3381 172 3423 (fundat
190 3385 312 3426 primi»)
337 3389 370 3418 et
401 3386 496 3419 Filii
516 3387 542 3425 ἦ·
561 3386 690 3427 (fundat
717 3389 871 3422 secundo)
903 3392 936 3423 et
1023 3389 1154 3422 tantiim
1175 3392 1211 3421 ut
1229 3388 1435 3423 conformem
1456 3394 1621 3430 praecepto
1640 3388 1830 3429 baptizandi
1857 3399 1923 3428 quo

42 3429 208 3471 Spiritus
220 3433 343 3466 sancti
358 3433 385 3473 ἦ·
400 3433 533 3474 <fundat
553 3434 679 3475 tertio).
1021 3437 1256 3477 exprimuntur
1275 3442 1341 3470 tres
1358 3448 1521 3477 personae.
