2170 3808
757 291 956 343 QUAEST.
982 291 1110 344 XXII,
1138 291 1254 333 ART.
1287 290 1337 334 ΙΙ.
1901 288 1985 329 195

101 378 223 433 Ergo
240 376 305 420 -in
339 371 592 420 sacerdotio
620 369 786 416 Christi
824 384 916 416 non
946 371 1108 416 debuit
1142 383 1246 415 esse
1270 371 1370 427 ipse
1406 370 1542 414 homo
1575 368 1780 413 Christus
1816 366 1981 412 hostia.

157 441 200 483 3.
233 440 469 491 Praeterea,
493 433 645 478 omnis
674 433 822 478 hostia
844 447 900 478 ex
921 434 1009 478 hoc
1029 433 1156 489 quod
1182 435 1272 476 Deo
1299 433 1507 485 offertur,
1541 435 1631 475 Deo
1654 428 1982 474 sanctificatur.

106 500 191 544 Sed
208 499 309 556 ipsa
325 495 486 542 Christi
507 496 774 540 humanitas
797 495 825 539 a
850 494 1077 551 principio
1103 494 1192 538 fuit
1214 494 1502 538 sanctificata
1524 496 1571 537 et
1598 494 1687 536 Deo
1716 490 1982 546 conjuncta.

103 563 222 616 Ergo
243 571 334 603 non
352 556 684 603 convenienter
704 562 856 614 potest
874 556 963 602 dici
983 555 1108 612 quod
1129 555 1352 611 Christus,
1387 554 1644 599 seeundum
1672 553 1795 611 quod
1826 552 1981 611 homo,

104 622 242 667 fuerit
255 621 416 666 hostia.
1061 624 1065 630 ·
2000 648 2002 651 ,

157 683 244 728 Sed
256 686 419 727 coma
450 684 524 726 est
547 680 674 736 quod
692 679 933 736 Apostolus
956 678 1067 724 dicit
1091 677 1219 735 (Eph.
1237 689 1281 735 v,
1296 679 1341 732 2)
1357 688 1376 721 t
1401 678 1612 721 Christus
1629 677 1799 720 dilexit
1819 689 1917 732 nos,
1939 677 1984 719 et
2000 671 2016 735 ζ

103 745 303 790 tradidit
319 745 623 799 oeaemstpsum,
647 755 732 798 pm
755 741 880 785 nobis
905 740 1173 784 oblationem
1200 742 1244 782 et
1278 739 1476 782 hostiam
1496 742 1590 780 Deo
1606 740 1656 780 in
1676 739 1857 780 odorem
1874 737 2040 799 sua-{35¹

101 807 259 850 vitatis
280 806 356 860 (⁴1).

147 873 436 914 CONGLUSlO.
458 893 505 902 -
525 871 628 913 Ciun
651 882 726 923 per
755 870 965 910 Christum
996 868 1149 908 fuerint
1171 867 1393 907 hominum
1421 869 1581 918 peecata
1606 865 1761 915 deleta,
1789 876 1836 905 ac
1855 865 1984 915 gratia

103 927 266 978 donata,
284 939 330 968 ac
350 926 487 978 gloriae
509 926 699 978 perfectio
717 924 959 966 hominibus
974 924 1124 964 uallata
1136 953 1146 972 ,
1166 923 1353 963 Christus
1375 923 1630 974 inquantum
1648 921 1771 961 homo
1789 932 1872 960 non
1894 932 1981 961 mo-

102 982 157 1024 do
170 983 352 1030 sacerdos
365 983 459 1031 fuit,
480 983 549 1022 sed
571 982 695 1021 etiam
715 980 964 1021 sacrificium
985 982 1025 1019 et
1042 978 1175 1019 hostia
1193 979 1381 1030 perfecta,
1401 989 1473 1030 pro
1487 983 1653 1028 peccato
1679 977 1889 1024 videlieet,
1905 988 1982 1025 pa-

102 1039 222 1089 cifica
242 1040 282 1078 et
301 1038 598 1076 holocaustum.

160 1100 427 1156 Respondeo
454 1098 701 1144 dicendum
719 1097 859 1155 qued,
880 1096 1000 1141 sicut
1028 1090 1323 1150 Augustinus
1346 1093 1456 1139 dicit
1485 1097 1561 1148 (De
1579 1093 1703 1138 civit.
1725 1092 1818 1147 Dei,
1837 1092 1917 1137 lib.
1937 1106 1980 1148 x,

101 1173 206 1218 cap.
217 1165 281 1218 5),
298 1178 323 1199 α
336 1172 481 1205 omne
495 1160 773 1205 sacrifici-um
794 1157 972 1202 visibile
988 1155 1231 1202 invisibilis
1243 1155 1458 1200 sacrificii
1477 1159 1835 1210 sacramentum,
1857 1154 1985 1199 idest

102 1235 287 1267 sacrum
307 1223 493 1278 signum
513 1226 601 1266 est.
620 1241 643 1260 a
678 1220 910 1266 Invisibile
932 1224 1087 1264 autem
1109 1214 1390 1262 sacrificium
1406 1223 1479 1262 est
1498 1229 1581 1273 per
1599 1217 1726 1274 quod
1739 1217 1876 1260 homo
1892 1220 1984 1261 Deo

102 1283 317 1340 spiritum
337 1296 476 1329 suum
496 1283 646 1339 offert,
660 1281 918 1327 secundum
940 1280 1055 1326 illud
1076 1278 1213 1333 (Psal.
1232 1292 1276 1334 ι,
1298 1281 1368 1334 19)
1387 1293 1399 1322 :
1418 1278 1711 1332 Sacrificium
1735 1282 1826 1321 Deo
1843 1280 1986 1334 spiri-

102 1351 179 1387 ms
205 1347 558 1406 commemoras,-
578 1349 626 1389 et
650 1344 758 1389 ideo
788 1355 926 1388 omne
954 1341 1072 1387 illud
1104 1341 1231 1398 quod
1252 1343 1344 1386 Deo
1366 1339 1629 1395 exhibetur,
1660 1338 1719 1384 ad
1746 1339 1836 1383 hoc
1858 1338 1985 1394 quod

36 1458 45 1466 ,
103 1407 294 1462 spiritus
313 1405 510 1452 hominis
529 1406 705 1450 feratur
725 1405 772 1449 in
809 1409 971 1460 Deum,
1006 1407 1159 1460 potest
1179 1402 1270 1448 dici
1309 1401 1606 1447 sacrificium.
1630 1401 1809 1457 Indiget
1843 1400 1985 1456 igitur

103 1468 241 1512 homo
260 1467 487 1513 sacrificio
508 1471 695 1525 propter
722 1465 809 1511 tria
830 1482 842 1511 ι
860 1478 958 1510 uno
988 1464 1177 1522 quidem
1200 1464 1341 1509 modo
1359 1463 1419 1508 ad
1442 1462 1763 1508 remissionem
1790 1462 1984 1519 peccati,

105 1542 187 1586 pes·
207 1530 332 1586 quod
349 1530 375 1574 a
391 1533 450 1575 De
496 1529 718 1574 avertitur
739 1543 751 1574 ε
771 1532 818 1573 et
834 1527 941 1573 ideo
961 1526 1212 1584 Apostolus
1228 1524 1340 1571 dicit
1365 1524 1519 1581 (Hehr.
1536 1538 1580 1583 v,
1600 1527 1660 1581 1),
1684 1524 1810 1581 quod
1829 1524 1891 1569 ad
1907 1536 1986 1568 sa-

103 1591 335 1635 cerdotem
370 1594 570 1649 pertinet
591 1594 644 1634 ut
673 1591 838 1646 offerat
865 1591 987 1634 dona
1008 1593 1051 1633 et
1071 1589 1303 1643 sacrificia
1339 1600 1424 1643 pro
1443 1589 1659 1643 peccatis.
1693 1584 1906 1632 Secundo
1932 1590 1987 1630 ut

106 1652 242 1696 homo
255 1652 304 1695 in
320 1657 442 1697 statu
461 1652 619 1709 gratiae
635 1656 950 1708 conservetur,
967 1662 1155 1710 semper
1179 1653 1272 1695 Deo
1295 1649 1529 1694 inhaerens
1552 1661 1565 1693 ι
1587 1647 1636 1692 in
1653 1660 1747 1705 quo
1765 1648 1868 1704 ers
1894 1660 1986 1704 pax

105 1719 153 1756 et
171 1713 297 1758 salus
312 1713 539 1759 consistit.
572 1714 699 1759 Unde
716 1718 764 1758 et
787 1713 836 1757 in
864 1713 1007 1758 veteri
1033 1712 1136 1769 lege
1164 1711 1492 1756 immolabatur
1515 1710 1666 1755 hostia
1689 1709 1880 1767 pacifica
1901 1721 1986 1766 pro

106 1774 395 1820 offerentium
411 1776 576 1831 salute,
598 1780 652 1820 ut
670 1775 867 1820 habetur
886 1775 1044 1829 (Levit.
1066 1776 1146 1829 ιιι).
1168 1773 1316 1819 Tertio
1340 1773 1400 1819 ad
1428 1774 1518 1818 hoc
1537 1773 1661 1830 qued
1680 1772 1871 1829 spiritus
1899 1771 1987 1816 ho-

105 1834 245 1878 minis
253 1836 453 1891 perfecte
469 1840 560 1881 Deo
575 1836 785 1892 uniatur3
810 1837 934 1892 quod
951 1835 1154 1881 maxime
1173 1835 1261 1880 erit
1289 1835 1338 1879 in
1358 1834 1520 1892 gloria.
1544 1834 1673 1879 Unde
1701 1839 1748 1879 et
1768 1834 1817 1878 in
1843 1833 1986 1879 veteri

107 1896 209 1951 tege
231 1897 508 1942 offerebatur
524 1898 860 1954 holocaustum,
881 1897 1014 1954 quasi
1034 1903 1181 1941 totum
1209 1897 1472 1952 incensum,
1495 1900 1546 1942 ut
1566 1896 1736 1941 dicitur
1755 1896 1913 1950 (Levit.
1935 1898 1984 1951 ι).

108 1961 209 2002 lime
233 1964 385 2003 autem
412 1972 493 2016 per
511 1959 847 2004 humanitatem
863 1959 1029 2004 Christi
1052 1959 1189 2003 nohis
1207 1962 1541 2015 provenerunt.
1571 1961 1683 2002 Nam
1705 1958 1856 2013 primo
1887 1959 1988 2015 qui-

108 2020 211 2064 dem
229 2025 384 2064 nostra
404 2027 595 2075 peccata
610 2021 762 2066 deleta
783 2025 911 2077 sunt,
935 2020 1194 2066 secundum
1230 2019 1347 2065 illud
1375 2023 1521 2074 (Rom.
1550 2033 1610 2073 xv,
1638 2022 1742 2074 25):
1771 2021 1987 2064 Traditus

106 2086 169 2123 est
193 2089 378 2136 propter
410 2083 581 2124 delicta
604 2086 778 2126 nostra.
800 2080 1010 2127 Secundo
1035 2081 1231 2138 gratiam
1249 2094 1336 2127 nos
1358 2082 1614 2126 salvantem
1631 2094 1715 2138 per
1735 2081 1889 2138 ipsum
1910 2093 1984 2126 ac‘

105 2142 328 2198 cepimus,
350 2143 607 2187 secundum
626 2144 740 2188 illud
756 2144 908 2197 (Hebr.
933 2157 977 2199 v,
998 2145 1040 2198 9)
1062 2156 1074 2187 ε
1096 2146 1268 2188 Factus
1286 2146 1354 2188 est
1370 2144 1572 2187 omnibus
1585 2143 1986 2199 obtemperantibus

103 2203 185 2245 siat
204 2216 341 2246 caasa
357 2203 516 2245 salutis
531 2203 722 2248 aelernae.
746 2204 911 2260 Tertio,
926 2216 1010 2260 per
1029 2204 1182 2260 ipsum
1200 2203 1530 2262 perfectionem
1549 2203 1708 2260 gloriae
1735 2203 1887 2259 adepti
1906 2215 1986 2248 su-

107 2276 212 2308 mus
226 2263 374 2316 (Hebr.
397 2278 437 2316 x,
457 2267 553 2318 19>z
573 2266 797 2309 Habemus
815 2267 1032 2321 fiduciam
1043 2278 1127 2322 per
1141 2269 1405 2322 sanquinem
1424 2267 1520 2321 eius
1536 2268 1585 2308 in
1606 2267 1842 2309 introitum
1850 2278 1986 2310 sanc-

107 2331 274 2382 torum,
307 2326 484 2370 scilicet
515 2327 562 2370 in
595 2328 788 2383 gloriam
819 2328 1075 2373 coelestem.
1108 2329 1161 2372 Et
1194 2328 1298 2373 ideo
1323 2327 1423 2385 ipse
1463 2327 1671 2373 Christus
1706 2326 1985 2384 inquantum

106 2387 260 2440 homo,
284 2400 378 2432 non
394 2388 544 2432 solum
571 2389 657 2434 fuit
675 2389 910 2446 sacerdos,
932 2390 1016 2435 sed
1034 2389 1175 2434 etiam
1196 2389 1347 2434 hostia
1365 2390 1583 2448 perfecta,
1611 2389 1753 2434 simul
1779 2389 1984 2435 existens

107 2448 254 2494 hostia
273 2460 357 2504 pro
373 2454 578 2506 peccato,
592 2455 642 2495 et
656 2450 806 2496 hostia
823 2451 1033 2509 pacifica,
1057 2455 1104 2496 et
1123 2451 1464 2496 holocaustum.

158 2510 227 2555 ,Ad
242 2513 442 2567 primam
464 2523 574 2568 ergo
592 2513 854 2567 dicendum,
877 2513 1003 2570 quod
1032 2512 1244 2558 Christus
1266 2525 1360 2557 non
1384 2525 1437 2558 se
1460 2512 1644 2568 occidit,
1675 2509 1758 2557 sed
1779 2513 1985 2569 seipsum

107 2571 364 2617 voluntarie
386 2573 520 2618 morti
540 2575 770 2630 exposuit,
797 2575 1053 2620 secundum
1079 2574 1195 2620 illud
1211 2577 1313 2630 (iffi.
1339 2588 1428 2632 un,
1451 2578 1494 2630 7)
1516 2588 1529 2620 ε
1552 2575 1743 2620 Oblatas
1764 2578 1848 2631 est,
1878 2578 1984 2631 quia

108 2636 202 2691 lpse
217 2634 391 2689 volunt,-
412 2638 459 2678 et
477 2634 581 2680 ideo
604 2636 771 2681 dicitur
788 2636 995 2693 seipsum
1013 2636 1240 2681 obtulisse
1257 2639 1333 2691 (Ξ).

160 2694 227 2741 Ad
236 2696 483 2738 secundum
501 2695 767 2754 dicendum,
782 2698 908 2754 qued
917 2697 1121 2743 hominis
1138 2698 1303 2743 Christi
1323 2697 1494 2742 occisio
1512 2700 1663 2754 potest
1680 2695 1740 2740 ad
1751 2695 1983 2753 duplicem

109 2756 390 2800 voluntatem
409 2758 668 2814 comparari
689 2773 700 2803 t
719 2771 816 2803 uno
833 2759 973 2804 modo
991 2760 1052 2805 ad
1078 2760 1364 2804 voluntatem
1387 2758 1726 2815 occidentium3
1746 2757 1874 2802 etsie
1889 2770 1983 2802 non

108 2817 247 2862 habet
265 2818 487 2862 rationem
509 2819 693 2874 hostiae;
714 2833 808 2865 non
829 2821 955 2866 euim
986 2822 1206 2867 dicuntur
1230 2821 1462 2866 occisores
1489 2819 1654 2864 Christi
1673 2819 1874 2864 hostiam
1893 2823 1985 2865 Deo

108 2877 348 2934 obtulisse,
371 2879 454 2923 sed
472 2881 671 2935 graviter
690 2882 956 2939 deliquisse.
972 2886 1025 2928 Et
1042 2883 1182 2940 hujus
1201 2882 1379 2939 peccati
1397 2881 1746 2926 similitudinem
1762 2881 1986 2936 gerebant

109 2938 251 2996 impia
271 2939 509 2995 gentilium
528 2942 768 3001 sacrificia,
789 2944 962 3000 quibus
981 2944 1195 2989 homines
1218 2943 1353 2989 idolis
1382 2942 1700 2987 immolabant.
1729 2941 1827 2987 Alio
1846 2941 1984 2987 modo

107 3004 261 3058 potest
291 3000 571 3045 considerari
601 3004 768 3048 occisio
800 3005 962 3051 Christi
987 3018 1071 3062 per
1092 3004 1483 3062 comparationem
1505 3004 1565 3049 ad
1588 3003 1873 3048 voluntatem
1901 3015 1984 3060 pa-

109 3062 282 3116 aientis,
304 3061 384 3118 qui
407 3061 665 3108 voluntarie
683 3077 734 3110 se
753 3065 918 3112 obtulit
938 3068 1166 3124 passioni3
1192 3072 1238 3111 et
1259 3079 1318 3111 ex
1335 3066 1424 3110 hac
1444 3069 1576 3121 parte
1593 3065 1734 3110 habet
1754 3064 1980 3111 rationem

106 3123 287 3177 hostiae,
311 3123 360 3167 in
378 3135 471 3180 quo
493 3136 587 3168 non
603 3127 822 3171 convenit
830 3140 942 3173 cum
960 3126 1201 3173 sacrificiis
1215 3127 1475 3185 gentilium.

159 3185 227 3230 Ad
247 3187 427 3228 tertium
449 3184 711 3248 dicendum,
731 3188 854 3244 quod
872 3191 1092 3234 sanctitas
1102 3188 1406 3234 humanitatis
1423 3187 1586 3233 Christi
1598 3187 1625 3231 a
1643 3186 1871 3245 principio
1885 3199 1981 3232 non

110 3245 303 3304 impedit
330 3246 442 3302 quin
463 3246 662 3303 ipsamet
689 3247 895 3294 humana
923 3256 1106 3308 natura,
1135 3255 1241 3296 cnm
1276 3251 1324 3295 in
1351 3250 1570 3308 passione
1591 3249 1746 3295 oblata
1773 3254 1845 3295 est
1872 3252 1981 3306 De0‚

70 3394 71 3397 η
152 3369 297 3411 (lffinde
326 3369 408 3404 dicit
432 3370 535 3408 (Joan.
556 3373 640 3409 xvn)
669 3371 772 3406 :Pro
787 3372 838 3406 eis
858 3373 994 3407 sancti·
1079 3372 1210 3414 requiri
1236 3372 1277 3407 ad
1292 3372 1468 3408 essentiam
1486 3373 1646 3409 sacrificii
1663 3374 1751 3415 quod
1775 3373 1914 3414 ipsemet
1930 3383 1983 3407 sa·
1999 3362 2012 3418 ,ζ

107 3418 174 3461 fico
187 3418 378 3460 meipsum,
399 3417 433 3451 id
448 3418 553 3458 est,in
564 3417 727 3452 sacrificio
746 3418 854 3453 offero
865 3446 874 3461 ,
889 3422 928 3453 ut
943 3431 998 3453 ex·
1082 3420 1197 3454 cei-dos
1211 3419 1357 3454 offerens
1373 3432 1445 3455 rem
1463 3420 1671 3456 offerendam
1692 3421 1834 3461 occidat,
1849 3423 1882 3455 et
1897 3419 1983 3456 hane
2012 3454 2018 3459 ,

105 3469 235 3506 ponunt
249 3464 383 3505 cyrill„
399 3464 581 3507 Chrysost„
596 3466 717 3501 Tbom.
737 3471 770 3500 et
783 3466 853 3500 alii.
1082 3467 1287 3502 sententiam
1335 3468 1478 3503 tradunt
1522 3468 1676 3503 Valentia
1711 3469 1840 3509 (quaest.
1882 3475 1955 3501 xxn
1966 3490 1980 3506 ,
1996 3467 2029 3517 ””-’ἰ

145 3511 189 3553 (2)
204 3512 245 3547 In
263 3512 324 3546 hac
342 3513 557 3553 responsione
575 3513 732 3555 supponit
746 3515 780 3547 S.
796 3514 921 3548 Doctor
933 3525 1000 3548 uon
1083 3520 1200 3556 punct.
1218 3517 1263 3561 4),
1286 3516 1412 3551 Suarez
1427 3518 1536 3558 (Sent-
1552 3525 1577 3559 1,
1594 3516 1674 3550 dist.
1690 3516 1743 3555 46,
1762 3519 1843 3550 tom
1859 3514 1898 3556 1).
