2170 3808
97 220 180 262 174
669 215 864 268 QUAEST.
895 215 1037 268 XVlll,
1066 214 1187 257 ART.
1216 215 1250 255 V
1281 215 1345 258 ET
1372 216 1440 259 vl.

151 298 219 343 Ad
264 301 448 342 tertium
489 296 772 353 dicendum,
815 295 939 352 quod
981 294 1188 340 Christus
1236 295 1323 340 fuit
1366 295 1506 341 simul
1551 295 1913 353 comprehensor
1951 304 1994 344 et

96 361 262 415 viator,
301 361 582 417 inquantum
605 359 782 405 scilicet
804 371 888 415 per
926 362 1134 403 mentem
1174 357 1417 403 fruebatur
1450 361 1557 416 Deo,
1593 363 1639 403 et
1661 357 1862 403 habebat
1893 372 1994 404 car-

52 422 61 426 “
99 435 207 468 nem
246 423 529 480 passibilem.
571 423 624 466 Et
663 421 766 466 ideo
799 432 857 465 ex
892 425 1024 477 parte
1058 418 1216 464 carnis
1254 419 1487 477 passibilis
1527 425 1707 478 poterat
1742 420 1784 465 ei
1824 421 1993 479 aliquid

96 483 306 529 accidere
337 483 464 541 quod
494 487 778 540 repugnaret
813 481 1016 526 naturali
1048 481 1278 527 voluntati
1314 480 1480 539 IpsiUS,
1514 486 1564 528 et
1601 482 1741 526 etiam
1776 482 1995 540 appetitui

97 545 340 591 sensitivo.

97 609 446 651 ARTICULUS
474 610 555 651 vl.
588 632 641 638 —
665 620 802 651 uranu
839 619 881 650 m
906 617 1081 650 cums-ro
1104 618 1258 650 rumu'r
1279 618 1590 650 corruamus
1617 618 1896 650 votorum-tm
1920 607 1996 661 (1).

289 677 337 711 De
351 676 404 710 his
420 677 523 712 etiam
535 676 629 711 Sent.
642 683 696 718 111,
715 675 792 711 dist.
809 674 864 718 47,
882 678 947 710 art.
957 675 994 720 2,
1010 678 1126 717 quoest.
1139 683 1166 709 11
1182 679 1216 709 et
1229 683 1283 715 111,
1303 678 1338 709 et
1356 675 1479 717 opusc.
1494 684 1534 717 ιι,
1553 686 1627 716 cap.
1645 675 1711 710 250
1729 675 1791 709 fin.

153 730 220 776 Ad
242 735 428 776 sextum
454 731 523 775 sic
546 730 827 788 proceditur.
848 733 891 774 1.
912 728 1103 773 Videtur
1126 728 1253 786 quod
1283 728 1330 773 in
1349 728 1527 773 Christo
1541 729 1680 774 fuerit
1697 728 1997 774 contrarietas

99 792 413 838 voluntatum.
430 793 740 837 contrarietas
752 803 956 848 namque
970 791 1265 835 voluntatum
1276 790 1525 836 attenditur
1548 792 1807 836 secundum
1821 795 1997 836 contra-

99 854 311 899 rietatem
334 855 649 911 obJectorum3
674 853 795 897 sicut
813 853 953 897 etiam
989 852 1297 897 contrarietas
1324 857 1535 898 motuum
1555 853 1806 898 attenditur
1827 865 1996 898 secun-

100 917 213 962 dum
229 918 604 963 contrarietatem
627 916 949 972 terminorum,
967 921 1021 960 ut
1036 920 1163 972 patet
1182 928 1265 972 per
1283 916 1609 972 Philosophum
1626 916 1823 975 (Physic.
1841 916 1925 961 lib.
1953 930 1998 974 v,

101 985 214 1024 text.
225 983 279 1025 49
297 985 343 1024 et
361 980 500 1037 seq.).
515 978 603 1024 Sed
618 979 824 1024 Christus
840 976 1100 1023 secundum
1116 977 1326 1023 diversas
1343 977 1609 1023 voluntates
1626 978 1858 1024 contraria
1874 977 1998 1023 vole·

101 1041 212 1086 bat:
236 1055 345 1086 nam
368 1042 624 1087 secundum
650 1042 939 1085 voluntatem
966 1040 1171 1086 divinam
1194 1039 1380 1085 volebat
1399 1045 1615 1096 mortem,
1635 1053 1777 1098 quam
1797 1040 1999 1098 refugie-

100 1102 182 1148 bat
203 1104 464 1149 secundum
485 1103 771 1149 voluntatem
790 1103 1071 1159 humanam3
1094 1102 1218 1147 unde
1238 1102 1517 1147 Athanasius
1532 1101 1641 1147 dicit
1659 1103 1723 1159 (in
1744 1102 1999 1148 lib.adver-
2019 1124 2022 1126 v

100 1166 184 1210 sus
219 1165 569 1223 Apollinarium,
607 1165 686 1223 qui
722 1164 1027 1210 inscribitur:
1061 1169 1127 1208 De
1159 1168 1332 1209 natura
1365 1164 1571 1208 humana
1609 1168 1835 1223 suscepta,
1873 1177 1998 1211 vers.

101 1227 203 1285 fin.)
229 1242 240 1272 ε
267 1230 420 1281 «Quan
435 1227 489 1273 io
507 1227 715 1272 Christus
737 1227 848 1272 dicit
881 1241 892 1269 ι
913 1230 1069 1284 Pater,
1090 1228 1130 1268 si
1153 1226 1363 1283 possibile
1391 1230 1474 1284 est,
1494 1229 1704 1270 transeat
1726 1227 1757 1270 ὰ
1785 1240 1856 1270 me
1877 1227 2000 1271 calix

101 1291 201 1347 iste,
241 1294 287 1334 et
336 1295 488 1334 tamen
532 1304 621 1333 non
666 1303 783 1346 mea,
825 1291 906 1334 sed
951 1294 1031 1333 tua
1072 1289 1282 1332 voluntas
1322 1289 1435 1344 fiam
1477 1292 1524 1333 et
1567 1289 1736 1334 iterum
1768 1301 1780 1331 ε
1803 1291 2000 1347 Spiritus

98 1357 335 1409 promptus
376 1357 459 1409 est,
497 1366 606 1396 caro
640 1356 790 1396 autem
824 1354 1026 1411 infirma,
1052 1351 1170 1396 duas
1191 1351 1456 1397 voluntates
1489 1351 1563 1396 hle
1595 1351 1814 1410 ostendit,
1833 1352 2000 1397 huma-

103 1426 212 1460 nam
250 1427 354 1472 quae
393 1421 583 1473 propter
624 1414 940 1460 infirmitatem
978 1414 1133 1460 carnis
1175 1414 1436 1471 refugiebat
1474 1413 1757 1471 passionem,
1797 1418 1843 1459 et
1880 1414 2002 1460 divi-

102 1488 213 1521 nam
247 1477 351 1535 ejus
385 1482 649 1535 promptam
685 1478 744 1522 ad
781 1477 1063 1535 passionem.
1077 1496 1097 1517 u
1133 1479 1251 1535 Ergo
1288 1478 1337 1521 in
1361 1477 1538 1521 Christo
1566 1476 1656 1521 fuit
1695 1478 2001 1523 contrarietas

102 1539 413 1584 voluntatum.

159 1604 202 1645 2.
234 1603 460 1647 Praeterea
494 1601 570 1657 (ad
602 1602 747 1647 Galat.
772 1617 815 1662 v,
848 1604 938 1659 17),
963 1602 1131 1647 dicitur
1165 1601 1290 1659 quod
1328 1615 1436 1646 caro
1472 1604 1747 1658 concupiscit
1782 1603 2000 1647 adversita

101 1665 333 1720 spi-ritum,
364 1667 409 1707 et
430 1666 620 1721 spiritus
649 1665 870 1708 adversus
889 1677 1089 1708 carnem.
1111 1665 1190 1708 Est
1211 1664 1351 1720 igitur
1368 1663 1674 1708 contrarietas
1689 1663 2000 1721 voluntatum,

102 1725 293 1782 quando
310 1725 502 1782 spiritus
523 1738 672 1770 unum
691 1726 993 1783 concupiscit,
1026 1730 1072 1771 et
1093 1738 1201 1771 caro
1216 1725 1359 1771 aliud.
1382 1726 1471 1771 Sed
1490 1725 1581 1770 hoc
1608 1725 1696 1770 fuit
1717 1725 1766 1770 in
1785 1725 1962 1770 Christo
1984 1738 1999 1772 ε

104 1798 214 1830 nam
229 1799 313 1844 per
327 1788 613 1833 voluntatem
636 1788 890 1843 charitatis,
911 1801 1053 1846 quam
1077 1788 1274 1845 Spiritus
1287 1795 1477 1833 sanctus
1497 1788 1545 1832 in
1564 1788 1667 1846 eJus
1684 1793 1841 1834 mente
1859 1787 2003 1833 facie-

103 1848 201 1905 bat,
210 1850 396 1895 volebat
407 1851 692 1908 passionem,
703 1851 965 1896 secundum
978 1851 1094 1896 illud
1103 1853 1205 1906 (isa.
1224 1865 1315 1908 1.]11,
1325 1854 1369 1906 7)
1385 1864 1397 1895 :
1413 1851 1606 1895 Oblatas
1622 1854 1703 1907 est,
1717 1855 1824 1908 quia
1834 1852 2003 1896 voluit.-

102 1912 363 1956 secundum
392 1918 550 1958 autem
567 1925 756 1958 carnem
772 1913 1039 1971 passionem
1057 1913 1332 1970 refugiebat.
1352 1915 1471 1970 Ergo
1487 1916 1587 1958 erat
1607 1912 1655 1956 in
1671 1925 1726 1958 eo
1745 1913 2002 1960 contrarie-

103 1978 176 2018 tas
192 1974 334 2019 volun
341 1980 504 2020 tatum.

160 2039 203 2080 3.
234 2039 460 2082 Praeterea
493 2039 618 2094 (Luc.
652 2052 764 2096 xxn,
798 2040 894 2094 43),
935 2036 1107 2083 dicitur
1143 2037 1270 2095 quod
1302 2039 1453 2092 factus
1489 2041 1538 2081 in
1573 2040 1742 2094 aqonia
1772 2038 2002 2095 prolixias

102 2099 281 2143 orabat.
306 2100 393 2144 Sed
407 2101 575 2156 agonia
594 2102 652 2156 (2)
668 2099 854 2145 videtur
867 2101 1116 2157 importare
1135 2101 1386 2157 quamdam
1403 2100 1844 2157 compugnationem
1858 2101 2001 2146 animi

103 2161 153 2204 in
176 2163 408 2205 contraria
431 2162 682 2208 tendentis.
706 2165 825 2219 Ergo
860 2162 1043 2207 videtur
1079 2162 1205 2220 qued
1227 2162 1276 2207 in
1317 2162 1496 2206 Christo
1526 2162 1667 2207 fuerit
1699 2164 2002 2209 contrarietas

102 2222 414 2267 voluntatum.

161 2285 250 2331 Sed
272 2289 432 2330 contra
451 2290 524 2331 est
545 2286 671 2344 quod
691 2285 739 2330 in
769 2286 1158 2332 determinatione
1177 2291 1319 2332 sextae
1341 2286 1511 2345 synodi
1536 2287 1654 2343 (scil.
1674 2289 1913 2333 Constant.
1934 2301 1998 2346 m,

104 2359 263 2403 gener.
301 2351 344 2407 6,
378 2351 468 2393 act.
498 2350 570 2404 18,
608 2360 714 2405 quae
736 2349 887 2405 graece
912 2354 985 2393 est
1006 2353 1076 2406 17,
1099 2349 1143 2393 in
1166 2349 1324 2407 Symh.
1349 2352 1432 2394 150
1456 2352 1557 2406 PP.,
1581 2348 1610 2393 a
1631 2350 1774 2405 med.)
1798 2350 1998 2397 dicitur:

108 2427 129 2448 «
143 2411 455 2457 Praedicamus
474 2410 592 2456 duas
610 2410 849 2455 naturales
874 2411 1140 2457 voluntates
1159 2424 1253 2456 non
1275 2411 1546 2470 contrarias,
1567 2411 1696 2469 Juxta
1715 2413 1841 2470 quod
1871 2414 2000 2470 impii

104 2477 323 2517 asserunt
344 2473 566 2530 haeretici,
586 2473 669 2518 sed
686 2479 959 2530 sequentem
979 2474 1082 2532 ejus
1095 2475 1348 2519 humanam
1364 2475 1666 2531 voluntatem,
1683 2480 1728 2521 et
1747 2488 1838 2520 non
1859 2476 2003 2521 resis—

104 2538 296 2590 tentem,
321 2535 395 2579 vel
415 2535 739 2591 reluctantem,
758 2534 842 2579 sed
867 2536 1022 2592 potius
1047 2535 1305 2593 subjectam
1327 2535 1497 2582 divinae
1508 2536 1548 2594 ej
1556 2549 1612 2582 us
1628 2541 1768 2594 atque
1787 2537 1911 2582 omni
1917 2551 2003 2595 po-

105 2597 218 2642 tenti
248 2597 526 2642 voluntati.»

152 2665 443 2706 CONCLUSIO.
460 2687 508 2694 —-
538 2666 745 2713 Quoniam
767 2665 921 2706 divinae
949 2667 990 2705 et
1014 2666 1228 2705 rationalis
1253 2665 1485 2706 voluntatis
1515 2664 1784 2717 beneplacito,
1807 2666 2003 2708 voluntas

104 2722 382 2765 sensualitatis
398 2723 439 2761 et
465 2720 688 2770 naturalis,
709 2720 935 2761 secundum
961 2720 1153 2760 ordinem
1175 2722 1332 2760 naturae
1357 2732 1441 2760 suae
1459 2721 1505 2760 in
1531 2720 1692 2761 Christo
1716 2721 2000 2774 movebantur,

104 2781 150 2819 in
170 2790 216 2819 eo
239 2776 400 2817 nullam
419 2775 687 2816 voluntatum
707 2776 1036 2817 contrarietatem
1057 2775 1184 2815 fuisse
1202 2777 1464 2828 perspicuum
1481 2779 1555 2816 est.

156 2839 429 2896 Respondeo
460 2837 711 2883 dicendum
744 2838 870 2895 quod
889 2838 1194 2884 contrarietas
1219 2850 1312 2882 non
1345 2843 1498 2895 potest
1516 2851 1637 2893 esse,
1661 2838 1751 2884 nisi
1774 2839 2002 2897 oppositio

105 2903 370 2950 attendatur
390 2901 439 2945 in
459 2900 641 2958 eodem,
659 2906 707 2946 et
724 2901 983 2948 secundum
1004 2900 1153 2958 idem3
1174 2899 1213 2945 si
1227 2905 1382 2946 autem
1400 2901 1659 2947 secundum
1672 2901 1871 2957 diversa,
1890 2908 1936 2948 et
1950 2903 1998 2948 in

104 2965 302 3011 diversis
319 2963 487 3009 existat
501 2963 669 3008 diversi
677 2968 760 3019 taS,
779 2975 873 3008 non
893 2963 1065 3008 sufficit
1084 2964 1172 3008 hoc
1191 2962 1250 3008 ad
1264 2963 1487 3008 rationem
1510 2964 1863 3021 contrarietatis,
1879 2965 2000 3011 sicut

105 3040 193 3072 nec
214 3027 275 3072 ad
303 3026 528 3071 rationem
549 3025 956 3082 contradictionis3
979 3026 1090 3083 puta
1114 3025 1239 3083 quod
1265 3025 1410 3070 homo
1439 3026 1498 3070 sit
1519 3026 1730 3083 pulcher,
1753 3031 1835 3072 aut
1856 3039 2001 3073 sanus

103 3087 363 3135 secundum
386 3100 598 3143 manum,
619 3092 667 3133 et
693 3100 787 3132 non
810 3088 1069 3133 secundum
1094 3086 1274 3144 pedem.
1302 3087 1368 3132 Ad
1400 3088 1489 3132 hoc
1512 3100 1625 3144 ergo
1648 3088 1774 3145 quod
1797 3087 1857 3132 sit
1880 3102 1995 3134 con·

103 3151 315 3196 trarietas
347 3150 640 3194 voluntatum
663 3149 712 3194 in
730 3149 904 3207 aliqUO,
939 3148 1189 3206 requiritur
1206 3148 1358 3207 primo
1379 3149 1569 3207 quidem
1597 3149 1719 3207 quod
1741 3150 1999 3196 secundum

145 3285 189 3327 (1)
219 3285 259 3319 In
291 3296 363 3326 syn.
394 3291 456 3322 vl,
483 3285 546 3316 act.
564 3282 585 3316 lo
614 3281 794 3317 definitum
817 3287 866 3317 est
882 3281 1011 3317 nullam
1102 3282 1273 3324 Christo,
1298 3293 1374 3318 non
1426 3284 1643 3318 contrarias
1675 3292 1750 3324 eas,
1773 3293 1840 3318 nec
1868 3283 2000 3320 adver-

105 3331 205 3368 fuisse
231 3332 446 3368 voluntatum
479 3329 756 3364 contrarietatem
787 3330 823 3363 in
857 3331 1010 3372 Christo:
1094 3332 1158 3367 εὰε
1184 3332 1412 3367 alterutrum
1434 3331 1612 3367 dicimus:
1616 3357 1682 3367 .....
1701 3331 1795 3367 absit
1829 3332 1904 3366 hoec
1932 3343 1998 3366 tm-

104 3381 164 3415 ubi
183 3381 230 3414 sic
254 3379 379 3419 legitur
403 3392 411 3412 :
431 3379 521 3413 Cium
546 3377 641 3411 duas
669 3382 828 3412 naturam
847 3377 1011 3421 duasque
1095 3380 1214 3422 pietas
1239 3380 1263 3414 ὰ
1282 3380 1453 3422 fidelium
1475 3379 1671 3415 mentibus.

103 3429 315 3463 voluntates
347 3431 381 3463 et
418 3427 509 3461 duas
548 3426 744 3460 naturales
777 3428 1010 3468 operationes
1137 3428 1180 3470 (2)
1196 3428 1242 3461 Ex
1257 3439 1364 3469 graeco
1380 3431 1492 3471 ἀγωνία
1515 3427 1604 3471 quod
1621 3426 1662 3462 ab
1678 3438 1783 3471 agone
1801 3427 1870 3463 sive
1889 3428 1907 3462 a
1925 3439 1995 3462 cer-

107 3477 350 3518 confitemur‹
373 3476 415 3509 in
451 3484 527 3509 uno
556 3473 712 3508 Domino
747 3473 880 3508 Nostro
921 3474 1010 3509 λεια
1094 3475 1221 3510 tamine
1241 3475 1423 3512 derivatur.
1489 3493 1494 3499 -
