2170 3808
747 262 942 316 QUAEST.
973 261 1173 315 11,.ART.
1203 259 1270 303 vt.
1895 254 1950 296 25

67 350 381 396 introducunt.
410 348 576 390 Sancta
595 343 707 388 vero
734 342 811 388 Dei
831 341 1035 387 Ecclesia
1064 340 1308 396 utriusque
1332 335 1535 396 perfidiae
1561 333 1844 392 impietatem
1872 344 1949 376 re-

66 411 257 470 jiciens,
275 409 496 455 unionem
512 405 648 451 Verbi
678 405 757 449 Dei
779 404 839 449 ad
863 414 1050 448 carnem
1075 400 1335 446 secundum
1363 397 1743 455 compositionem
1766 393 1953 439 confite-

72 479 164 527 tur,
199 473 323 530 quod
355 475 425 516 est
459 468 717 513 secundum
754 465 1120 511 subsistentiam.
1157 482 1177 502 »
1211 463 1282 507 Sic
1303 474 1415 517 ergo
1446 465 1573 518 patet
1591 459 1714 517 qued
1744 455 1953 502 secunda

71 536 212 580 trium
226 534 497 592 opinionum
517 543 635 587 quas
657 529 868 586 Magister
888 527 1019 584 ponit
1037 527 1181 581 (Sent.
1205 538 1268 579 ιιι,
1289 523 1396 568 dist.
1421 526 1480 577 6),
1500 534 1604 578 quae
1623 521 1788 566 asserit
1809 529 1950 563 unam

68 595 356 654 hypostasim
377 592 452 638 Dei
476 596 522 636 et
540 591 758 644 hominis,
778 601 872 634 non
893 592 965 633 est
982 586 1178 631 dicenda
1197 584 1370 641 opinio,
1401 583 1484 628 sed
1504 581 1738 627 sententia
1763 578 1953 624 catholi-

70 671 139 704 cae
167 655 291 703 fidei.
322 654 538 700 Similiter
573 653 712 697 etiam
740 651 888 709 prima
926 647 1112 705 opinio,
1144 658 1248 703 quae
1285 644 1415 702 ponit
1445 643 1562 688 duas
1584 643 1888 699 hypostaseS,
1908 644 1955 685 et

68 719 220 775 tertia,
255 729 360 775 quae
384 714 515 773 ponit
544 714 765 758 unionem
799 709 1156 764 accidentalem,
1186 720 1277 751 non
1311 710 1422 751 sunt
1452 705 1663 750 dicendae
1690 704 1951 760 opiniones,

68 781 152 826 sed
180 781 380 825 haereses
409 778 456 821 in
482 776 692 820 conciliis
720 774 779 819 ab
809 772 1012 818 Ecclesia
1038 771 1281 816 damnatae.

123 842 190 887 Ad
206 844 404 899 primum
425 850 536 894 ergo
553 837 817 892 dicendum,
840 834 982 893 quod,
1007 833 1128 878 sicut
1141 835 1450 876 Damascenus
1473 828 1585 873 dicit
1606 828 1749 882 (Orth.
1766 827 1843 871 fid.
1864 826 1946 872 lib-

71 918 135 961 111,
161 917 264 960 cap.
286 906 356 959 26,
372 902 418 945 in
437 901 550 956 fin.),
572 918 592 938 a
618 912 712 943 non
733 909 925 943 necesse
947 899 1018 940 est
1036 893 1327 939 omnifariam
1346 895 1393 936 et
1415 889 1692 936 indefective
1709 888 1954 933 assimilari

70 966 302 1023 exempla3
323 963 446 1021 quod
469 962 591 1007 enim
611 962 745 1006 estin
763 959 982 1005 omnibus
997 957 1164 1012 simile,
1180 956 1303 1001 idem
1320 953 1481 1010 utique
1497 952 1599 1006 erit,
1622 957 1668 997 et
1687 963 1780 995 non
1804 962 1955 995 exem-

69 1027 216 1084 plum,
239 1031 287 1071 et
304 1024 504 1070 maxime
521 1024 567 1068 in
595 1022 763 1068 divinis
783 1037 795 1066 ε
820 1019 1103 1077 impossibile
1125 1018 1250 1062 enim
1273 1021 1346 1061 est
1366 1014 1515 1059 simile
1536 1013 1800 1070 exemplum
1823 1013 1954 1057 inve-

69 1090 170 1135 nire
184 1090 232 1134 in
251 1088 468 1133 omnihus
484 1087 590 1133 etin
612 1085 858 1142 theologia,
883 1084 930 1128 id
948 1087 1035 1139 est,
1054 1082 1099 1126 in
1115 1081 1287 1126 Deitate
1302 1090 1623 1137 personarum,
1640 1083 1687 1121 et
1705 1077 1752 1121 in
1767 1077 1954 1133 dispen-

70 1152 264 1209 satione,
288 1151 334 1196 id
358 1155 445 1202 est,
462 1149 510 1193 in
530 1148 752 1206 mysterio
768 1144 1112 1191 Incarnationis.
1134 1163 1153 1182 »
1176 1146 1385 1187 Humana
1403 1153 1514 1197 ergo
1530 1145 1694 1183 natura
1716 1139 1763 1183 in
1779 1139 1955 1184 Christo

72 1213 356 1257 assimilatur
375 1210 567 1268 habitui,
593 1209 640 1253 id
660 1214 746 1264 est,
765 1206 1066 1260 vestimen103
1092 1217 1183 1248 non
1202 1203 1386 1260 quidem
1407 1201 1632 1258 quantum
1658 1201 1715 1245 ad
1739 1199 1956 1244 acciden-

74 1273 215 1318 talem
240 1274 479 1330 unionem,
502 1270 585 1316 sed
605 1272 832 1327 quantum
858 1267 916 1312 ad
935 1268 1023 1311 hoc
1043 1266 1164 1323 quod
1186 1265 1383 1309 Verbum
1403 1263 1587 1308 videtur
1605 1274 1686 1318 per
1704 1262 1955 1306 humanam

75 1340 304 1391 naturam,
329 1333 448 1378 sicut
468 1333 606 1382 homo
628 1344 711 1388 per
731 1330 1062 1375 vestimentum
1084 1330 1158 1383 (1);
1184 1331 1227 1371 et
1250 1326 1389 1372 etiam
1406 1324 1632 1382 quantum
1648 1323 1707 1369 ad
1726 1324 1814 1369 hoc
1831 1323 1956 1380 quod

73 1396 401 1440 vestimentum
425 1398 647 1450 mutatur,
670 1393 778 1448 quia
798 1391 975 1436 scilicet
997 1390 1223 1433 formatur
1241 1387 1500 1432 secundum
1523 1386 1721 1442 figuram
1749 1386 1851 1442 ejus
1875 1385 1956 1443 qui

73 1457 220 1502 induit
241 1457 410 1513 ipsum,
431 1455 540 1512 quia
559 1467 646 1499 sua
663 1454 813 1498 forma
832 1464 927 1496 non
956 1456 1162 1495 mutatur
1184 1454 1371 1506 propter
1395 1447 1738 1492 vestimentum.
1758 1449 1811 1490 Et
1830 1445 1955 1491 simi-

74 1518 177 1562 liter
203 1518 408 1562 humana
441 1521 604 1560 natura
632 1519 874 1572 assumpta
903 1514 932 1558 a
957 1512 1104 1558 Verbo
1125 1513 1202 1556 Dei
1234 1516 1305 1555 est
1336 1510 1590 1564 meliorata,
1615 1509 1766 1564 ipsum
1800 1514 1956 1552 autem

74 1579 271 1624 Verbum
293 1578 370 1623 Dei
394 1591 487 1683 [iim
509 1583 580 1622 est
615 1582 863 1634 mutatum,
888 1579 940 1620 ut
977 1574 1266 1630 Augustinus
1298 1571 1489 1629 exponit
1519 1571 1580 1623 (in
1602 1570 1681 1614 lib.
1704 1573 1757 1614 83
1786 1571 1952 1622 Quaest.

75 1653 154 1697 qu.
179 1644 248 1695 73,
269 1653 390 1685 vers.
442 1641 506 1695 n.)

129 1702 196 1747 Ad
217 1703 458 1745 secundum
484 1699 749 1755 dicendum,
772 1697 897 1754 quod
914 1698 1030 1743 illud
1057 1697 1179 1754 quod
1201 1695 1387 1741 advenit
1408 1699 1513 1750 post
1535 1706 1638 1738 esse
1659 1694 1954 1752 completum,

78 1761 420 1807 accidentaliter
437 1761 641 1815 advenit,
656 1760 745 1805 nisi
764 1760 973 1803 trahatur
990 1758 1035 1801 in
1060 1757 1436 1802 communionem
1455 1755 1579 1799 illius
1598 1766 1701 1799 esse
1719 1755 1954 1811 completi,

78 1824 199 1869 sicut
234 1823 281 1866 in
313 1824 650 1867 resurrectione
685 1834 854 1878 corpus
876 1821 1092 1866 adveniet
1119 1820 1284 1864 animae
1316 1817 1652 1874 praeexistenti,
1674 1829 1767 1860 non
1802 1821 1957 1861 tamen

78 1883 431 1938 accidentaliter,
455 1883 563 1939 quia
576 1883 635 1927 ad
651 1883 773 1927 idem
790 1889 893 1926 esse
910 1886 1189 1937 assumetur,
1210 1886 1260 1924 ut
1284 1879 1459 1923 scilicet
1477 1891 1647 1935 corpus
1669 1877 1836 1922 habeat
1853 1889 1958 1922 esse

78 1946 217 1990 vitale
233 1957 314 2002 per
332 1944 563 1988 animam:
587 1956 679 1987 non
703 1950 773 1988 est
795 1948 950 1986 autem
970 1943 1036 1986 sic
1051 1943 1109 1987 de
1125 1941 1357 1994 albedine,
1375 1940 1484 1995 quia
1499 1940 1626 1984 aliud
1641 1944 1828 1983 estesse
1847 1939 1954 1995 albi,

79 2012 125 2052 et
146 2006 270 2050 aliud
293 2010 364 2051 est
375 2019 478 2050 esse
500 2005 715 2062 hominis,
739 2005 813 2048 cui
828 2004 1015 2048 advenit
1028 2003 1208 2048 albedo.
1230 2002 1429 2046 Verbum
1448 2006 1603 2045 autem
1616 2002 1694 2046 Dei
1707 2001 1764 2045 ab
1786 2005 1958 2046 aeterno

79 2079 181 2113 esse
203 2068 483 2123 completum
503 2067 663 2111 habuit
677 2066 936 2111 secundum
948 2065 1252 2122 hypostasim,
1272 2065 1370 2108 sive
1387 2074 1654 2119 personam,
1673 2074 1731 2106 ex
1753 2067 1959 2119 tempore

80 2135 233 2174 autem
265 2128 452 2172 advenit
483 2129 525 2172 ei
557 2133 722 2172 natura
744 2129 963 2184 humana,
1004 2139 1095 2170 non
1127 2126 1259 2183 quasi
1290 2130 1529 2180 assumpta
1561 2125 1618 2168 ad
1649 2136 1793 2167 unum
1830 2135 1957 2180 esse,

79 2195 212 2247 prout
230 2194 301 2233 est
336 2194 534 2244 naturae,
567 2189 685 2233 sicut
705 2200 874 2244 corpus
899 2187 1152 2232 assumitur
1169 2187 1228 2231 ad
1264 2198 1368 2231 esse
1391 2185 1580 2240 animae,
1615 2185 1697 2229 sed
1720 2185 1779 2229 ad
1812 2197 1958 2229 unum

81 2263 182 2296 esse
214 2253 289 2306 (2),
317 2254 453 2306 prout
475 2255 546 2294 est
576 2250 839 2307 hypostasis
867 2249 941 2293 vel
967 2261 1193 2305 personae.
1220 2250 1275 2292 Et
1302 2247 1405 2292 ideo
1436 2247 1640 2290 humana
1676 2251 1841 2291 natura
1864 2258 1957 2291 non

82 2314 241 2356 unitur
264 2311 604 2355 accidentaliter
624 2310 733 2354 Filio
752 2310 846 2354 Dei.
995 2344 998 2348 .

137 2373 202 2417 Ad
235 2376 415 2416 tertium
451 2371 715 2426 dicendum,
755 2370 880 2427 quod
915 2370 1130 2415 accidens
1167 2370 1386 2415 dividitur
1428 2373 1587 2412 contra
1630 2368 1954 2414 substantiam.

84 2434 343 2479 Substantia
374 2438 543 2488 autem,
572 2437 625 2477 ut
654 2437 778 2489 patet
804 2433 1008 2487 (Metaph.
1028 2432 1107 2476 lib.
1139 2446 1183 2487 v,
1224 2436 1333 2476 text.
1365 2433 1452 2486 15),
1484 2430 1729 2486 dupliciter
1757 2431 1955 2476 dicitur:

84 2509 176 2541 uno
198 2496 335 2540 modo
356 2507 439 2551 pro
458 2494 659 2539 essentia
681 2494 778 2538 sive
804 2499 983 2549 natura3
1013 2494 1102 2538 alio
1128 2494 1264 2538 modo
1287 2506 1369 2550 pro
1390 2492 1647 2548 supposito,
1667 2493 1764 2536 sive
1784 2493 1959 2548 hypos-

85 2557 198 2611 tasi,
225 2556 349 2601 unde
371 2556 544 2600 sufficit
573 2555 630 2600 ad
651 2555 737 2599 hoc
761 2554 884 2612 quod
908 2567 999 2621 non
1027 2555 1087 2599 sit
1114 2555 1226 2599 unio
1255 2553 1565 2610 accidentalis,
1595 2553 1718 2610 quod
1748 2553 1808 2596 sit
1842 2555 1959 2598 fac-ta

84 2617 194 2663 unio
216 2617 471 2662 secundum
495 2617 797 2675 hypostasim,
822 2617 927 2661 licet
960 2630 1052 2660 non
1073 2617 1132 2661 sit
1163 2617 1282 2661 sacta
1301 2616 1413 2661 unio
1441 2615 1699 2660 secundum
1728 2621 1956 2660 naturam.

139 2679 205 2723 Ad
228 2681 441 2732 quartum
465 2677 726 2731 dicendum,
751 2677 874 2734 quod
894 2690 988 2722 non
1018 2690 1156 2722 omne
1178 2677 1303 2735 quod
1323 2676 1576 2721 assumitur
1599 2682 1649 2719 ut
1674 2677 1960 2721 instrumen-

91 2745 202 2792 tum,
223 2738 420 2794 pertinet
439 2739 496 2782 ad
525 2739 810 2796 hypostasim
834 2739 1131 2794 assumentis,
1164 2740 1285 2783 sicut
1309 2743 1434 2795 patet
1461 2738 1517 2782 de
1541 2737 1691 2782 securi
1719 2741 1762 2781 et
1788 2737 1956 2795 gladio,

91 2799 200 2844 nihil
222 2807 372 2843 tamen
396 2799 603 2856 prohibet
627 2800 741 2845 illud
763 2800 887 2857 quod
910 2801 1162 2844 assumitur
1181 2801 1238 2844 ad
1260 2800 1482 2843 unitatem
1501 2799 1782 2855 hypostasis,
1803 2812 1853 2843 se
1876 2800 1960 2844 ha-

90 2859 196 2903 bere
217 2865 266 2903 ut
287 2860 658 2917 instrumentum,
690 2860 810 2905 sicut
828 2873 997 2918 corpus
1025 2861 1224 2905 hominis
1250 2861 1318 2905 vel
1344 2860 1553 2904 membra
1586 2860 1702 2916 ejus.
1725 2861 1960 2906 Nestorius

90 2932 201 2975 ergo
221 2920 373 2975 posuit
387 2922 510 2976 quod
533 2927 698 2966 natura
714 2922 919 2979 humana
942 2935 1013 2967 est
1031 2928 1270 2978 assumpta
1289 2922 1316 2964 a
1337 2921 1483 2965 Verbo
1502 2921 1649 2964 solnm
1671 2933 1753 2976 per
1770 2923 1960 2967 modum

90 2981 401 3034 instrumenti,
424 2993 515 3025 non
543 2987 697 3027 autem
729 2983 787 3028 ad
808 2985 1032 3029 unitatem
1053 2983 1332 3041 hypostasis.
1353 2985 1406 3026 Et
1429 2982 1532 3026 ideo
1567 2995 1659 3025 non
1679 2984 1963 3028 concedebat

90 3042 212 3099 quod
231 3042 367 3086 homo
385 3041 459 3085 ille
480 3044 587 3086 vere
600 3048 722 3088 esset
742 3045 880 3089 Filius
900 3047 992 3099 Dei,
1010 3046 1093 3090 sed
1109 3046 1470 3089 instrumentum
1489 3043 1607 3100 ejus.
1626 3045 1750 3088 Unde
1767 3046 1962 3102 Cyrillus

90 3104 200 3149 dicit
232 3103 280 3146 in
318 3102 509 3160 epistola
543 3103 602 3147 ad
637 3107 887 3151 monachos
921 3107 1102 3165 AEgypti
1139 3109 1197 3160 (1.
1236 3106 1356 3149 inter
1376 3104 1500 3149 med.
1543 3110 1589 3149 et
1623 3105 1724 3160 fin.)
1745 3120 1755 3147 τ
1782 3123 1801 3143 «
1835 3109 1962 3151 Hunc

92 3164 451 3222 Emmanuelem,
482 3164 529 3209 id
546 3169 631 3221 est,
663 3166 888 3211 Christum
912 3171 987 3225 (3),
1009 3181 1102 3212 non
1130 3173 1350 3224 tanquam
1383 3166 1678 3211 instrumenti
1702 3168 1853 3212 officio
1884 3180 1962 3212 as-

134 3287 175 3329 1⁴)
192 3287 234 3321 Ut
254 3287 299 3321 ait
316 3288 351 3322 S.
370 3288 434 3322 Leo
453 3299 462 3322 τ
479 3289 567 3322 Deus
580 3287 731 3322 Verbum
753 3287 932 3325 invisibilis
946 3291 983 3324 in
1066 3292 1139 3326 dem
1161 3302 1229 3326 esse
1247 3290 1424 3334 completi;
1443 3290 1522 3331 quia
1539 3302 1607 3324 non
1623 3290 1746 3327 existit.
1766 3301 1873 3331 neque
1885 3289 1962 3324 sub-

91 3335 168 3376 mis,
187 3334 329 3369 visibilis
348 3335 452 3369 factus
472 3340 520 3369 est
533 3335 567 3369 in
584 3336 718 3370 nostris.
1067 3338 1223 3371 sistitnisi
1234 3338 1407 3372 existentia
1416 3337 1914 3376 etsubsistentiaVerbi‚etcum
1925 3348 1963 3371 eo

133 3382 174 3423 (2)
199 3382 237 3416 Id
266 3388 325 3421 est,
353 3382 544 3416 humanitas
573 3383 751 3417 adveniens
777 3383 888 3418 Verbo
908 3386 982 3425 Dei,
1042 3388 1047 3401 “
1068 3385 1149 3418 facit
1175 3386 1323 3419 nnumin
1344 3397 1497 3426 persona,
1516 3389 1554 3419 ut
1573 3383 1963 3424 animadvertitsylvius.

91 3440 158 3463 non
177 3429 291 3463 attulit
307 3441 417 3463 secum
439 3441 518 3469 esse.
539 3442 646 3470 neque
662 3431 860 3472 existentiis,
877 3444 984 3473 neque
1112 3434 1151 3470 (5)
1178 3433 1262 3475 Quia
1293 3433 1538 3473 interpretatur
1561 3431 1757 3465 Emmanuel
1782 3431 1965 3465 nobiscum

90 3487 248 3517 personat,
261 3476 317 3510 sed
333 3483 465 3520 recepta
481 3478 548 3512 fuit
565 3477 601 3512 in
618 3479 890 3513 communionem
898 3484 985 3520 eius·
1068 3481 1188 3521 Dein,-
1204 3481 1292 3522 quod
1307 3493 1366 3523 per
1385 3479 1652 3515 incarnationem
1669 3479 1795 3512 factum
1810 3481 1869 3513 est.
