2170 3808
93 232 151 274 98
780 229 974 281 QUAEs‘r.
1007 228 1077 285 lx,
1108 229 1228 272 ΛΒΤ.
1254 201 1324 278 111.

98 315 226 356 retur
257 311 316 357 ad
335 311 646 368 cognitionem
671 309 855 354 beatam
888 308 1009 354 sicut
1036 310 1357 367 imperfectum
1388 310 1446 356 ad
1470 311 1754 368 perfectum,
1790 315 1836 356 et
1868 312 1994 358 sicut

99 372 341 430 dispositio
361 374 420 418 ad
445 371 717 428 terminum,
741 370 926 416 videtur
946 371 1070 429 quod
1089 376 1195 417 cum
1218 372 1425 418 Christus
1446 373 1660 418 habuerit
1681 372 1993 429 cognitionem

99 435 306 491 beatam,
327 447 420 479 non
444 433 584 479 fuerit
606 433 647 479 ei
668 434 983 478 necessarium
1002 433 1173 479 habere
1195 434 1334 478 aliam
1361 434 1691 491 cognitionem.

155 499 197 542 3.
227 499 472 552 Praeterea,
494 497 615 541 sicut
642 496 835 541 materia
863 497 1115 553 corporalis
1140 496 1280 541 estin
1302 497 1507 554 potentia
1524 497 1583 542 ad
1610 497 1806 541 formam
1834 497 1989 541 sensi·
2065 520 2067 527 ·

101 559 262 618 bilem,
286 559 351 604 ita
377 559 642 604 intellectus
666 558 901 616 possibilis
930 558 1071 604 estin
1099 559 1306 616 potentia
1329 558 1388 604 ad
1410 558 1607 604 formam
1637 557 1992 615 intelligibilem.

101 620 189 666 Sed
207 621 398 666 materia
417 620 669 678 corporalis
695 633 789 665 non
813 625 966 678 potest
988 620 1128 665 simul
1157 621 1363 678 recipere
1389 620 1507 666 duas
1527 621 1701 666 formas
1720 619 1993 678 sensibiles,

101 694 243 726 unam
265 682 606 740 perfectiorem,
631 687 678 727 et
707 682 844 727 aliam
866 682 1024 727 minus
1051 683 1321 740 perfectam.
1343 684 1462 738 Ergo
1484 695 1637 740 neque
1660 682 1816 727 anima
1842 686 1994 740 potest

100 743 242 789 simul
269 745 475 802 recipere
503 744 735 802 duplicem
768 744 1032 800 scientiam,
1065 757 1210 790 unam
1238 744 1559 802 perfectiorem
1593 750 1639 790 et
1669 743 1807 789 aliam
1840 744 1998 788 minus

102 806 377 862 perfectam:
403 812 449 851 et
464 806 531 852 sic
551 806 674 852 idem
693 805 818 863 quod
833 805 981 863 prius.

157 868 247 914 Sed
277 872 438 913 contra
460 874 532 914 est
556 868 684 926 quod
703 867 873 913 dicitur
893 868 1083 923 (Coloss.
1117 882 1165 922 ιι,
1200 870 1244 925 3)
1267 866 1394 925 qued
1421 867 1470 913 in
1501 868 1679 914 Christo
1707 871 1814 912 sunt
1837 881 1989 911 omnes

103 930 309 974 thesauri
325 933 555 987 sapientiae
569 933 612 974 et
625 932 822 974 scientiae
838 930 1109 975 absconditi.

148 1012 439 1053 CONCLUSIO.
461 1033 510 1040 —
525 1011 630 1051 cum
653 1011 794 1051 anima
808 1010 960 1051 Christi
980 1012 1149 1062 perfecta
1163 1010 1312 1060 fuerit;
1337 1014 1479 1063 praeter
1498 987 1688 1051 divinam
1710 1013 1751 1051 et
1768 1009 1994 1050 increatam

102 1066 330 1115 scientiam,
345 1078 435 1117 quae
449 1066 527 1106 fuit
542 1066 587 1106 in
600 1065 775 1114 Christo,
791 1065 1065 1106 necessarium
1085 1066 1165 1106 fuit
1183 1076 1268 1106 esse
1285 1066 1501 1106 scientiam
1515 1066 1718 1115 inditam,
1733 1064 1798 1105 vel
1814 1063 1999 1104 infusam

100 1122 251 1162 animae
265 1121 368 1173 ejus,
384 1123 467 1173 qua
484 1132 545 1160 res
567 1121 647 1172 ipsi
662 1123 768 1160 notae
783 1121 940 1170 fierent,
957 1124 1003 1160 ut
1020 1121 1180 1161 suntin
1197 1121 1359 1173 propria
1374 1124 1525 1160 natura
1542 1131 1612 1172 per
1634 1119 1785 1172 species
1801 1117 1998 1169 intelligi·

102 1175 219 1272 {J'ssaet'
241 1175 435 1216 humanae
448 1176 579 1217 menti
594 1175 939 1228 proportionatas3
956 1175 1031 1217 hoc
1049 1177 1163 1216 enim
1183 1175 1235 1215 ad
1259 1176 1542 1227 perfectionem
1561 1175 1712 1215 animae
1733 1172 1885 1215 Christi
1902 1184 1991 1225 per·

124 1242 189 1271 ine
211 1262 222 1272 .

158 1308 426 1365 Respondeo
453 1307 702 1353 dicendum
718 1306 864 1364 quod,
882 1306 1001 1352 sicut
1018 1307 1193 1353 dictum
1207 1311 1279 1353 est
1292 1309 1396 1362 (art.
1414 1310 1433 1352 1
1456 1306 1555 1364 huj.
1572 1307 1776 1363 quaest),
1796 1302 1999 1351 decebat

104 1376 156 1415 ut
190 1376 356 1415 natura
389 1371 596 1415 humana
630 1375 869 1426 assumpta
901 1369 929 1413 a
957 1369 1106 1415 Verbo
1133 1370 1209 1415 Dei
1239 1369 1508 1425 imperfecta
1539 1380 1634 1412 non
1664 1371 1804 1412 esset.
1843 1368 1994 1412 Omne

101 1437 260 1478 autem
275 1433 400 1490 quod
419 1438 490 1478 est
509 1433 556 1477 in
575 1432 804 1489 potentia,
824 1435 896 1476 est
914 1431 1233 1488 imperfectum
1245 1466 1257 1490 ,
1278 1430 1367 1475 nisi
1386 1430 1635 1476 reducatur
1651 1429 1709 1474 ad
1729 1433 1902 1474 actum.
1922 1430 2000 1473 ln-

106 1495 317 1540 tellectus
335 1501 490 1541 autem
505 1494 739 1552 possibilis
756 1494 992 1539 humanus
1014 1499 1087 1539 est
1109 1494 1157 1539 in
1182 1494 1388 1552 potentia
1408 1493 1466 1538 ad
1486 1492 1642 1537 omnia
1665 1490 2001 1548 intelligibilia,

105 1557 344 1602 reducitur
367 1563 524 1602 autem
549 1558 595 1601 in
622 1561 778 1601 actum
810 1569 895 1614 per
924 1555 1105 1613 species
1132 1555 1466 1612 intelligibiles,
1501 1567 1607 1613 quae
1645 1559 1755 1600 sunt
1787 1552 2002 1611 quaedam

103 1620 266 1665 formae
284 1621 572 1677 completivae
594 1620 765 1678 ipsius,
784 1624 838 1664 ut
864 1624 991 1677 patet
1013 1632 1072 1665 ex
1095 1619 1167 1665 his
1186 1631 1291 1676 quae
1313 1618 1530 1664 dicuntur
1548 1620 1624 1673 (De
1643 1617 1814 1674 anima,
1827 1616 1909 1661 lib.
1930 1629 2000 1674 ιιι,

103 1687 219 1727 text.
239 1684 296 1727 32
310 1687 357 1728 et
369 1685 460 1736 38).
477 1685 529 1726 Et
545 1682 650 1727 ideo
669 1685 846 1739 oportet
860 1682 908 1727 in
923 1681 1098 1726 Christo
1115 1693 1289 1740 ponere
1305 1681 1545 1725 scientiam
1558 1679 1753 1725 inditam
1764 1713 1776 1735 ,
1794 1677 2002 1735 inquan-

107 1750 207 1789 tum
230 1756 312 1802 per
323 1745 522 1789 Verbum
546 1744 639 1800 Dei,
655 1745 823 1788 animae
843 1743 1007 1788 Christi
1026 1743 1115 1789 sibi
1134 1743 1445 1801 personaliter
1462 1743 1623 1798 unitae,
1638 1742 1880 1798 impressae
1896 1743 2006 1784 sunt

100 1806 288 1863 species
319 1807 631 1864 intelligibiles
669 1806 727 1852 ad
756 1806 913 1851 omnia
943 1807 1003 1851 ad
1034 1818 1141 1864 quae
1172 1805 1438 1851 intellectus
1469 1804 1705 1862 possibilis
1738 1808 1812 1848 est
1839 1802 1887 1846 in
1917 1814 2004 1859 po·-

106 1869 280 1914 tentia:
309 1870 431 1914 sicut
452 1870 591 1914 etiam
622 1882 705 1926 per
730 1869 930 1914 Verbum
963 1869 1039 1914 Dei
1070 1868 1311 1926 impressae
1334 1871 1446 1912 sunt
1474 1866 1654 1924 species
1685 1863 2001 1920 intelligibiles

106 1931 252 1976 menti
273 1932 493 1986 angelicae
515 1930 563 1975 in
592 1930 817 1987 principio
848 1930 1096 1975 creationis
1117 1942 1304 1986 rerum,
1337 1935 1388 1974 ut
1417 1934 1543 1986 patet
1571 1940 1654 1985 per
1685 1926 2001 1984 Augustinum

105 1995 269 2050 (Super
284 1995 393 2037 Gen.
416 1993 475 2037 ad
492 1993 580 2037 litt.
605 1993 684 2037 lib.
703 2007 751 2049 ιι,
772 2005 873 2050 cap.
897 1996 958 2048 8).
976 1995 1027 2037 Et
1043 1992 1148 2037 ideo
1165 1992 1286 2037 sicut
1306 1989 1841 2050 inangelis,secundi1m
1865 2000 1999 2033 eum-

108 2055 215 2100 dem
237 2056 546 2112 Augustinum
562 2058 688 2112 (Sup.
709 2057 819 2100 Gen.
835 2054 894 2100 ad
907 2054 993 2100 litt.
1013 2055 1094 2100 lib.
1110 2068 1172 2112 1v,
1187 2067 1288 2112 cap.
1307 2057 1378 2110 ⁶22,
1395 2057 1449 2098 24
1465 2058 1511 2098 et
1525 2055 1614 2108 30).
1630 2052 1819 2109 ponitur
1830 2050 2002 2108 duplex

107 2118 334 2175 cognitio:
353 2131 447 2161 una
460 2117 636 2162 scilicet
651 2118 894 2175 matutina,
915 2130 998 2175 per
1009 2129 1149 2175 quam
1164 2121 1456 2173 cognoscunt
1485 2127 1561 2159 res
1587 2114 1635 2158 in
1651 2113 1824 2168 Verbo,
1846 2117 1892 2157 et
1916 2113 2006 2157 alia

107 2180 394 2236 vespertina,
425 2192 507 2236 per
525 2191 668 2236 quam
696 2185 986 2236 cognoscunt
1012 2192 1089 2225 res
1114 2179 1162 2224 in
1192 2178 1378 2235 propria
1403 2182 1570 2221 natura
1598 2189 1683 2234 per
1709 2175 1888 2233 species
1913 2174 2006 2220 sibi

108 2241 305 2291 inditas;
330 2242 395 2285 ita
412 2245 579 2296 praeter
597 2242 839 2286 scientiam
859 2242 1065 2287 divinam
1086 2246 1131 2286 et
1151 2242 1405 2285 increatam
1420 2273 1433 2295 ,
1454 2243 1527 2284 est
1550 2239 1600 2283 in
1631 2237 1810 2283 Christo
1835 2249 2006 2282 secun-

109 2303 223 2348 dum
245 2302 348 2360 eJus
364 2303 567 2346 animam
584 2302 776 2347 scientia
792 2302 950 2362 beata,
973 2305 1066 2360 qua
1087 2301 1328 2359 cognoscit
1346 2300 1547 2346 Verbum
1561 2336 1573 2358 ‚
1595 2305 1642 2344 et
1660 2312 1736 2345 res
1760 2299 1808 2343 in
1826 2297 1974 2344 Verbo
1996 2314 2006 2344 ε

110 2369 159 2409 et
180 2363 370 2409 scientia
386 2364 539 2408 infusa
557 2364 655 2408 sive
671 2363 839 2422 indita,
863 2376 947 2421 per
960 2375 1102 2421 quam
1121 2363 1364 2420 cognoscit
1381 2375 1456 2407 res
1479 2361 1528 2406 in
1543 2361 1730 2419 propria
1745 2364 1913 2404 natura
1927 2372 2012 2417 per

111 2428 292 2484 species
311 2425 625 2483 intelligibiles
643 2426 860 2470 humanae
877 2426 1019 2470 menti
1043 2426 1411 2483 proportionatas
1431 2426 1505 2479 (1).

167 2489 233 2534 Ad
265 2491 463 2546 primum
489 2500 599 2545 ergo
629 2488 903 2542 dicendum,
925 2487 1050 2545 quod
1069 2486 1186 2532 visio
1215 2487 1485 2544 imperfecta
1515 2483 1622 2532 fidei
1646 2485 1720 2531 sui
1739 2485 1916 2530 ratione
1939 2484 2010 2530 in-

112 2551 258 2596 cludit
279 2550 543 2608 oppositum
559 2549 817 2595 manifestae
840 2549 1056 2606 visionis,
1071 2551 1129 2596 eo
1146 2549 1269 2607 qued
1290 2549 1347 2594 de
1370 2549 1549 2594 ratione
1569 2545 1675 2593 fidei
1695 2552 1768 2593 est
1785 2546 1913 2604 quod
1939 2547 2005 2592 sit

113 2612 172 2658 de
195 2626 287 2657 non
319 2612 459 2669 visis,
491 2611 610 2656 utin
635 2612 842 2657 secunda
868 2616 998 2670 parte
1019 2611 1194 2657 dictum
1217 2618 1291 2657 est
1322 2614 1366 2666 (2
1386 2614 1430 2665 2,
1454 2615 1620 2668 quaest.
1647 2624 1679 2669 1,
1711 2614 1798 2654 art.
1829 2613 1890 2663 4).
1923 2608 2009 2654 Sed

114 2676 314 2732 cognitio
335 2687 440 2732 quae
458 2679 527 2719 est
547 2687 629 2731 per
649 2674 829 2732 species
850 2674 1020 2719 inditas
1037 2686 1131 2719 non
1153 2673 1350 2719 includit
1372 2673 1549 2731 aliquid
1562 2671 1831 2730 oppositum
1848 2670 2011 2727 cogni-

116 2738 227 2783 tioni
250 2738 411 2782 beatae.
436 2739 489 2780 Et
503 2736 607 2781 ideo
627 2749 722 2781 non
737 2741 809 2782 est
826 2736 991 2782 eadem
1010 2735 1130 2781 ratio
1147 2735 1416 2792 utrobique.

171 2801 238 2845 Ad
265 2800 506 2844 secundum
539 2798 812 2855 dicendum,
833 2798 958 2855 quod
983 2797 1222 2854 dispositio
1255 2810 1306 2843 se
1327 2797 1465 2842 habet
1484 2796 1544 2842 ad
1564 2794 1895 2853 perfectionem
1921 2793 2012 2840 du-

118 2864 308 2920 pliciter.
336 2863 434 2906 Uno
468 2861 606 2906 modo
641 2861 762 2906 sicut
796 2860 873 2905 via
902 2860 1078 2905 ducens
1109 2859 1168 2905 ad
1204 2859 1557 2917 perfectionem3
1591 2857 1682 2902 alio
1719 2856 1858 2901 modo
1894 2856 2014 2901 sicut

117 2927 308 2971 effectus
328 2924 355 2967 a
375 2923 656 2981 perfectione
675 2924 959 2980 procedens:
983 2935 1066 2980 per
1082 2922 1282 2967 calorem
1305 2921 1430 2966 enim
1451 2920 1713 2978 disponitur
1740 2919 1936 2964 materia
1955 2919 2012 2964 ad

118 2987 460 3044 suscipiendam
491 2986 689 3031 formam
718 2986 867 3043 ignis,
897 2984 990 3042 qua
1022 2990 1177 3029 tamen
1201 2984 1507 3039 adveniente,
1542 2982 1670 3027 calor
1701 2994 1796 3025 non
1830 2985 2011 3039 cessat,
2064 3002 2070 3012 ·

118 3050 204 3094 sed
221 3054 450 3106 remanet,
467 3048 599 3105 quasi
623 3048 812 3105 quidam
832 3048 1025 3093 effectus
1044 3048 1148 3091 talis
1166 3047 1343 3090 formae.
1360 3048 1412 3090 Et
1431 3044 1641 3089 similiter
1659 3043 1814 3101 opinio
1836 3054 1895 3087 ex
1918 3042 2013 3100 syl-

121 3113 317 3169 logismo
340 3112 576 3156 dialectico
593 3116 783 3156 causata
795 3145 807 3167 ,
833 3116 902 3156 est
923 3111 998 3154 via
1017 3110 1073 3155 ad
1094 3109 1334 3155 scientiam
1357 3121 1462 3166 quae
1476 3120 1559 3166 per
1575 3105 2014 3153 demonstrationem

120 3174 397 3231 acquiritur:
434 3174 525 3230 qua
551 3178 702 3218 tamen
734 3173 960 3230 acquisita
972 3207 984 3228 ,
1019 3177 1172 3230 potest
1205 3184 1446 3216 remanere
1477 3169 1680 3227 cognitio
1710 3180 1814 3225 quae
1842 3172 1913 3212 est
1933 3180 2014 3224 per

121 3236 441 3294 syllogismum
449 3235 738 3280 dialecticum
746 3270 757 3291 ,
768 3236 899 3293 quasi
909 3247 1202 3291 consequens
1212 3235 1338 3279 scien
1346 3234 1454 3278 tiam
1465 3232 1890 3285 demonstrativam,
1905 3241 2010 3287 quae

121 3306 193 3346 est
210 3312 293 3357 per
312 3310 498 3343 causam
523 3311 535 3342 :
557 3298 666 3354 quia
686 3297 762 3342 ille
777 3299 856 3355 qui
875 3298 1113 3354 cognoscit
1137 3309 1344 3355 causam,
1373 3310 1430 3341 ex
1442 3297 1530 3340 hoc
1544 3295 1683 3340 etiam
1700 3295 1850 3349 magis
1865 3296 2015 3349 potest

123 3372 405 3419 cognoscere
414 3360 549 3415 signa
564 3359 832 3415 probabilia,
855 3373 913 3404 ex
929 3361 1099 3417 quibus
1117 3359 1325 3416 procedit
1339 3357 1608 3404 dialecticus
1627 3355 1947 3414 syllogismus.
1965 3355 2016 3397 Et

163 3498 207 3535 (l)
226 3497 301 3530 Haec
320 3496 459 3530 scientia
476 3507 545 3529 sese
563 3494 759 3529 extendebat
776 3494 816 3527 ad
838 3495 1107 3536 supernaturalia
1123 3501 1156 3529 et
1176 3495 1217 3528 ad
1234 3495 1416 3529 naturalia.

2128 3800 2135 3808 ⁵
2141 3532 2146 3535 ,

2159 3618 2170 3808 a
2159 3597 2170 3614 f.
2168 3522 2170 3526 ,
