<?xml version="1.0" encoding="UTF-8"?>
<!DOCTYPE html PUBLIC "-//W3C//DTD XHTML 1.0 Transitional//EN"
    "http://www.w3.org/TR/xhtml1/DTD/xhtml1-transitional.dtd">
<html xmlns="http://www.w3.org/1999/xhtml" xml:lang="en" lang="en">
 <head>
  <title>
</title>
<meta http-equiv="Content-Type" content="text/html;charset=utf-8" />
  <meta name='ocr-system' content='tesseract 3.04.00' />
  <meta name='ocr-capabilities' content='ocr_page ocr_carea ocr_par ocr_line ocrx_word'/>
</head>
<body>
  <div class='ocr_page' id='page_1' title='image "./summatheologica06thomuoft_0500.png"; bbox 0 0 2170 3808; ppageno 0'>
   <div class='ocr_carea' id='block_1_1' title="bbox 89 170 1401 225">
    <p class='ocr_par' dir='ltr' id='par_1_1' title="bbox 89 170 1401 225">
     <span class='ocr_line' id='line_1_1' title="bbox 89 170 1401 225; baseline 0.015 -28"><span class='ocrx_word' id='word_1_1' title='bbox 89 179 179 224; x_wconf 57' lang='lat'>464-</span> <span class='ocrx_word' id='word_1_2' title='bbox 686 172 884 224; x_wconf 80' lang='lat' dir='ltr'>QUAEST.</span> <span class='ocrx_word' id='word_1_3' title='bbox 913 170 998 225; x_wconf 80' lang='lat' dir='ltr'>LV,</span> <span class='ocrx_word' id='word_1_4' title='bbox 1026 171 1145 214; x_wconf 89' lang='lat' dir='ltr'>ART.</span> <span class='ocrx_word' id='word_1_5' title='bbox 1175 171 1210 214; x_wconf 87' lang='lat'>11</span> <span class='ocrx_word' id='word_1_6' title='bbox 1237 173 1304 216; x_wconf 90' lang='grc' dir='ltr'>ΕΤ</span> <span class='ocrx_word' id='word_1_7' title='bbox 1331 173 1401 219; x_wconf 87' lang='grc'><strong>111.</strong></span> 
     </span>
    </p>
   </div>
   <div class='ocr_carea' id='block_1_2' title="bbox 93 251 1992 2096">
    <p class='ocr_par' dir='ltr' id='par_1_2' title="bbox 95 251 1986 807">
     <span class='ocr_line' id='line_1_2' title="bbox 99 251 1983 313; baseline -0.001 -10"><span class='ocrx_word' id='word_1_8' title='bbox 99 264 189 303; x_wconf 88' lang='lat' dir='ltr'>Deo</span> <span class='ocrx_word' id='word_1_9' title='bbox 202 262 324 313; x_wconf 73' lang='lat' dir='ltr'>sunt,</span> <span class='ocrx_word' id='word_1_10' title='bbox 341 258 561 302; x_wconf 80' lang='lat' dir='ltr'>ordinata</span> <span class='ocrx_word' id='word_1_11' title='bbox 583 259 705 297; x_wconf 79' lang='lat' dir='ltr'>sunt.</span> <span class='ocrx_word' id='word_1_12' title='bbox 725 255 804 297; x_wconf 87' lang='lat' dir='ltr'>Est</span> <span class='ocrx_word' id='word_1_13' title='bbox 817 256 973 297; x_wconf 88' lang='lat' dir='ltr'>autem</span> <span class='ocrx_word' id='word_1_14' title='bbox 993 252 1068 296; x_wconf 91' lang='lat' dir='ltr'>hic</span> <span class='ocrx_word' id='word_1_15' title='bbox 1086 251 1199 296; x_wconf 92' lang='lat' dir='ltr'>ordo</span> <span class='ocrx_word' id='word_1_16' title='bbox 1215 252 1435 299; x_wconf 80' lang='lat' dir='ltr'>divinitus</span> <span class='ocrx_word' id='word_1_17' title='bbox 1460 254 1700 300; x_wconf 90' lang='lat' dir='ltr'>institutus</span> <span class='ocrx_word' id='word_1_18' title='bbox 1725 258 1776 299; x_wconf 92' lang='lat' dir='ltr'>ut</span> <span class='ocrx_word' id='word_1_19' title='bbox 1797 267 1852 299; x_wconf 86' lang='lat' dir='ltr'>ea</span> <span class='ocrx_word' id='word_1_20' title='bbox 1876 267 1983 313; x_wconf 87' lang='lat' dir='ltr'>quae</span> 
     </span>
     <span class='ocr_line' id='line_1_3' title="bbox 97 314 1984 379; baseline -0.002 -13"><span class='ocrx_word' id='word_1_21' title='bbox 97 333 237 379; x_wconf 84' lang='lat' dir='ltr'>supra</span> <span class='ocrx_word' id='word_1_22' title='bbox 254 321 467 366; x_wconf 88' lang='lat' dir='ltr'>homines</span> <span class='ocrx_word' id='word_1_23' title='bbox 487 320 617 374; x_wconf 80' lang='lat' dir='ltr'>sunt,</span> <span class='ocrx_word' id='word_1_24' title='bbox 645 315 916 360; x_wconf 89' lang='lat' dir='ltr'>hominibus</span> <span class='ocrx_word' id='word_1_25' title='bbox 945 327 1029 371; x_wconf 81' lang='lat' dir='ltr'>per</span> <span class='ocrx_word' id='word_1_26' title='bbox 1058 314 1251 369; x_wconf 83' lang='lat' dir='ltr'>angelos</span> <span class='ocrx_word' id='word_1_27' title='bbox 1279 317 1543 362; x_wconf 81' lang='lat' dir='ltr'>revelentur</span> <span class='ocrx_word' id='word_1_28' title='bbox 1564 320 1639 374; x_wconf 87' lang='lat'>(1),</span> <span class='ocrx_word' id='word_1_29' title='bbox 1674 322 1728 362; x_wconf 86' lang='lat' dir='ltr'>ut</span> <span class='ocrx_word' id='word_1_30' title='bbox 1754 321 1879 374; x_wconf 87' lang='lat' dir='ltr'>patet</span> <span class='ocrx_word' id='word_1_31' title='bbox 1900 329 1984 375; x_wconf 91' lang='lat' dir='ltr'>per</span> 
     </span>
     <span class='ocr_line' id='line_1_4' title="bbox 97 376 1985 440; baseline -0.002 -13"><span class='ocrx_word' id='word_1_32' title='bbox 97 382 366 440; x_wconf 87' lang='lat' dir='ltr'>Dionysium</span> <span class='ocrx_word' id='word_1_33' title='bbox 393 379 520 435; x_wconf 88' lang='lat' dir='ltr'>(Coel.</span> <span class='ocrx_word' id='word_1_34' title='bbox 539 379 654 423; x_wconf 89' lang='lat' dir='ltr'>hier.</span> <span class='ocrx_word' id='word_1_35' title='bbox 677 390 780 434; x_wconf 90' lang='lat' dir='ltr'>cap.</span> <span class='ocrx_word' id='word_1_36' title='bbox 806 381 849 433; x_wconf 76' lang='lat'>4,</span> <span class='ocrx_word' id='word_1_37' title='bbox 875 378 902 420; x_wconf 78' lang='lat' dir='ltr'>a</span> <span class='ocrx_word' id='word_1_38' title='bbox 925 376 1085 431; x_wconf 90' lang='lat' dir='ltr'>med.).</span> <span class='ocrx_word' id='word_1_39' title='bbox 1106 376 1312 421; x_wconf 90' lang='lat' dir='ltr'>Christus</span> <span class='ocrx_word' id='word_1_40' title='bbox 1335 383 1491 424; x_wconf 87' lang='lat' dir='ltr'>autem</span> <span class='ocrx_word' id='word_1_41' title='bbox 1513 391 1766 436; x_wconf 86' lang='lat' dir='ltr'>resurgens</span> <span class='ocrx_word' id='word_1_42' title='bbox 1790 391 1883 423; x_wconf 91' lang='lat' dir='ltr'>non</span> <span class='ocrx_word' id='word_1_43' title='bbox 1906 391 1985 424; x_wconf 89' lang='lat' dir='ltr'>re-</span> 
     </span>
     <span class='ocr_line' id='line_1_5' title="bbox 96 439 1984 498; baseline -0.002 -10"><span class='ocrx_word' id='word_1_44' title='bbox 96 443 178 489; x_wconf 89' lang='lat' dir='ltr'>diit</span> <span class='ocrx_word' id='word_1_45' title='bbox 203 443 262 487; x_wconf 92' lang='lat' dir='ltr'>ad</span> <span class='ocrx_word' id='word_1_46' title='bbox 284 443 426 486; x_wconf 89' lang='lat' dir='ltr'>vitam</span> <span class='ocrx_word' id='word_1_47' title='bbox 448 440 760 485; x_wconf 88' lang='lat' dir='ltr'>communiter</span> <span class='ocrx_word' id='word_1_48' title='bbox 780 439 1050 484; x_wconf 89' lang='lat' dir='ltr'>hominibus</span> <span class='ocrx_word' id='word_1_49' title='bbox 1073 443 1249 494; x_wconf 82' lang='lat' dir='ltr'>notam,</span> <span class='ocrx_word' id='word_1_50' title='bbox 1273 439 1355 485; x_wconf 87' lang='lat' dir='ltr'>sed</span> <span class='ocrx_word' id='word_1_51' title='bbox 1377 441 1437 486; x_wconf 85' lang='lat' dir='ltr'>ad</span> <span class='ocrx_word' id='word_1_52' title='bbox 1458 441 1601 486; x_wconf 87' lang='lat' dir='ltr'>vitam</span> <span class='ocrx_word' id='word_1_53' title='bbox 1620 441 1870 498; x_wconf 85' lang='lat' dir='ltr'>quamdam</span> <span class='ocrx_word' id='word_1_54' title='bbox 1892 439 1984 484; x_wconf 86' lang='lat' dir='ltr'>im-</span> 
     </span>
     <span class='ocr_line' id='line_1_6' title="bbox 97 499 1984 559; baseline -0.001 -11"><span class='ocrx_word' id='word_1_55' title='bbox 97 504 352 557; x_wconf 84' lang='lat' dir='ltr'>mortalem,</span> <span class='ocrx_word' id='word_1_56' title='bbox 370 507 415 547; x_wconf 84' lang='lat' dir='ltr'>et</span> <span class='ocrx_word' id='word_1_57' title='bbox 430 505 522 547; x_wconf 92' lang='lat' dir='ltr'>Deo</span> <span class='ocrx_word' id='word_1_58' title='bbox 537 501 840 556; x_wconf 71' lang='lat' dir='ltr'>conformem,</span> <span class='ocrx_word' id='word_1_59' title='bbox 862 499 1121 545; x_wconf 77' lang='lat' dir='ltr'>secundum</span> <span class='ocrx_word' id='word_1_60' title='bbox 1142 499 1257 544; x_wconf 90' lang='lat' dir='ltr'>illud</span> <span class='ocrx_word' id='word_1_61' title='bbox 1275 503 1422 554; x_wconf 89' lang='lat' dir='ltr'>(Rom.</span> <span class='ocrx_word' id='word_1_62' title='bbox 1440 516 1498 559; x_wconf 79' lang='lat' dir='ltr'>vi,</span> <span class='ocrx_word' id='word_1_63' title='bbox 1519 506 1613 557; x_wconf 82' lang='lat'>10):</span> <span class='ocrx_word' id='word_1_64' title='bbox 1640 504 1772 559; x_wconf 75' lang='lat' dir='ltr'>Quod</span> <span class='ocrx_word' id='word_1_65' title='bbox 1793 504 1909 544; x_wconf 82' lang='lat' dir='ltr'>em&#39;m</span> <span class='ocrx_word' id='word_1_66' title='bbox 1924 503 1984 557; x_wconf 76' lang='lat'>(2)</span> 
     </span>
     <span class='ocr_line' id='line_1_7' title="bbox 96 561 1984 622; baseline -0.002 -13"><span class='ocrx_word' id='word_1_67' title='bbox 96 568 218 622; x_wconf 75' lang='lat' dir='ltr'>vivit,</span> <span class='ocrx_word' id='word_1_68' title='bbox 241 567 353 609; x_wconf 77' lang='lat' dir='ltr'>vivit</span> <span class='ocrx_word' id='word_1_69' title='bbox 375 569 484 608; x_wconf 87' lang='lat' dir='ltr'>De0.</span> <span class='ocrx_word' id='word_1_70' title='bbox 508 566 560 608; x_wconf 83' lang='lat' dir='ltr'>Et</span> <span class='ocrx_word' id='word_1_71' title='bbox 582 563 686 609; x_wconf 79' lang='lat' dir='ltr'>ideo</span> <span class='ocrx_word' id='word_1_72' title='bbox 707 563 810 620; x_wconf 87' lang='lat' dir='ltr'>ipsa</span> <span class='ocrx_word' id='word_1_73' title='bbox 838 562 1001 606; x_wconf 82' lang='lat' dir='ltr'>Christi</span> <span class='ocrx_word' id='word_1_74' title='bbox 1027 561 1308 607; x_wconf 83' lang='lat' dir='ltr'>resurrectio</span> <span class='ocrx_word' id='word_1_75' title='bbox 1327 575 1421 608; x_wconf 90' lang='lat' dir='ltr'>non</span> <span class='ocrx_word' id='word_1_76' title='bbox 1443 564 1604 609; x_wconf 86' lang='lat' dir='ltr'>debuit</span> <span class='ocrx_word' id='word_1_77' title='bbox 1629 563 1893 608; x_wconf 78' lang='lat' dir='ltr'>immediate</span> <span class='ocrx_word' id='word_1_78' title='bbox 1924 562 1984 607; x_wconf 89' lang='lat' dir='ltr'>ab</span> 
     </span>
     <span class='ocr_line' id='line_1_8' title="bbox 96 623 1986 680; baseline -0.001 -9"><span class='ocrx_word' id='word_1_79' title='bbox 96 626 363 671; x_wconf 88' lang='lat' dir='ltr'>hominibus</span> <span class='ocrx_word' id='word_1_80' title='bbox 386 626 548 680; x_wconf 90' lang='lat' dir='ltr'>videri,</span> <span class='ocrx_word' id='word_1_81' title='bbox 570 625 654 671; x_wconf 92' lang='lat' dir='ltr'>sed</span> <span class='ocrx_word' id='word_1_82' title='bbox 681 625 750 670; x_wconf 92' lang='lat' dir='ltr'>eis</span> <span class='ocrx_word' id='word_1_83' title='bbox 770 625 829 669; x_wconf 86' lang='lat' dir='ltr'>ab</span> <span class='ocrx_word' id='word_1_84' title='bbox 848 623 1028 680; x_wconf 85' lang='lat' dir='ltr'>angelis</span> <span class='ocrx_word' id='word_1_85' title='bbox 1050 623 1272 668; x_wconf 89' lang='lat' dir='ltr'>nuntiari.</span> <span class='ocrx_word' id='word_1_86' title='bbox 1306 624 1434 670; x_wconf 89' lang='lat' dir='ltr'>Unde</span> <span class='ocrx_word' id='word_1_87' title='bbox 1465 625 1662 670; x_wconf 80' lang='lat' dir='ltr'>Hilarius</span> <span class='ocrx_word' id='word_1_88' title='bbox 1681 624 1794 670; x_wconf 88' lang='lat' dir='ltr'>dicit</span> <span class='ocrx_word' id='word_1_89' title='bbox 1823 627 1986 680; x_wconf 84' lang='lat' dir='ltr'>(Super</span> 
     </span>
     <span class='ocr_line' id='line_1_9' title="bbox 95 684 1983 743; baseline -0.002 -9"><span class='ocrx_word' id='word_1_90' title='bbox 95 690 249 734; x_wconf 85' lang='lat' dir='ltr'>Matth.</span> <span class='ocrx_word' id='word_1_91' title='bbox 268 702 372 734; x_wconf 89' lang='lat' dir='ltr'>can.</span> <span class='ocrx_word' id='word_1_92' title='bbox 395 689 482 733; x_wconf 85' lang='lat' dir='ltr'>ult.</span> <span class='ocrx_word' id='word_1_93' title='bbox 504 688 550 732; x_wconf 91' lang='lat' dir='ltr'>in</span> <span class='ocrx_word' id='word_1_94' title='bbox 566 688 685 743; x_wconf 84' lang='lat' dir='ltr'>fin.),</span> <span class='ocrx_word' id='word_1_95' title='bbox 703 687 829 743; x_wconf 76' lang='lat' dir='ltr'>quod</span> <span class='ocrx_word' id='word_1_96' title='bbox 850 704 870 724; x_wconf 76' lang='grc' dir='ltr'>«ι</span> <span class='ocrx_word' id='word_1_97' title='bbox 891 686 995 731; x_wconf 80' lang='lat' dir='ltr'>ideo</span> <span class='ocrx_word' id='word_1_98' title='bbox 1010 686 1208 742; x_wconf 87' lang='lat' dir='ltr'>angelus</span> <span class='ocrx_word' id='word_1_99' title='bbox 1224 684 1351 742; x_wconf 88' lang='lat' dir='ltr'>prior</span> <span class='ocrx_word' id='word_1_100' title='bbox 1365 687 1718 732; x_wconf 88' lang='lat' dir='ltr'>resurrectionis</span> <span class='ocrx_word' id='word_1_101' title='bbox 1738 690 1812 732; x_wconf 82' lang='lat' dir='ltr'>est</span> <span class='ocrx_word' id='word_1_102' title='bbox 1826 686 1983 743; x_wconf 84' lang='lat' dir='ltr'>index,</span> 
     </span>
     <span class='ocr_line' id='line_1_10' title="bbox 95 747 1790 807; baseline 0 -13"><span class='ocrx_word' id='word_1_103' title='bbox 95 756 146 794; x_wconf 90' lang='lat' dir='ltr'>ut</span> <span class='ocrx_word' id='word_1_104' title='bbox 168 752 369 807; x_wconf 88' lang='lat' dir='ltr'>quodam</span> <span class='ocrx_word' id='word_1_105' title='bbox 394 750 622 794; x_wconf 82' lang='lat' dir='ltr'>famulatu</span> <span class='ocrx_word' id='word_1_106' title='bbox 643 756 851 806; x_wconf 83' lang='lat' dir='ltr'>paternae</span> <span class='ocrx_word' id='word_1_107' title='bbox 868 748 1122 792; x_wconf 85' lang='lat' dir='ltr'>voluntatis</span> <span class='ocrx_word' id='word_1_108' title='bbox 1137 747 1415 793; x_wconf 86' lang='lat' dir='ltr'>resurrectio</span> <span class='ocrx_word' id='word_1_109' title='bbox 1437 750 1742 794; x_wconf 84' lang='lat' dir='ltr'>nuntiaretur.</span> <span class='ocrx_word' id='word_1_110' title='bbox 1768 767 1790 788; x_wconf 69' lang='grc' dir='ltr'>ι»</span> 
     </span>
    </p>

    <p class='ocr_par' dir='ltr' id='par_1_3' title="bbox 95 810 1988 1117">
     <span class='ocr_line' id='line_1_11' title="bbox 148 810 1986 870; baseline -0.002 -13"><span class='ocrx_word' id='word_1_111' title='bbox 148 813 215 857; x_wconf 88' lang='lat' dir='ltr'>Ad</span> <span class='ocrx_word' id='word_1_112' title='bbox 228 817 430 870; x_wconf 81' lang='lat' dir='ltr'>primum</span> <span class='ocrx_word' id='word_1_113' title='bbox 464 824 577 867; x_wconf 88' lang='lat' dir='ltr'>ergo</span> <span class='ocrx_word' id='word_1_114' title='bbox 607 811 874 866; x_wconf 88' lang='lat' dir='ltr'>dicendum,</span> <span class='ocrx_word' id='word_1_115' title='bbox 912 811 1038 868; x_wconf 85' lang='lat' dir='ltr'>quod</span> <span class='ocrx_word' id='word_1_116' title='bbox 1061 810 1258 867; x_wconf 86' lang='lat' dir='ltr'>apostoli</span> <span class='ocrx_word' id='word_1_117' title='bbox 1283 815 1533 867; x_wconf 88' lang='lat' dir='ltr'>potuerunt</span> <span class='ocrx_word' id='word_1_118' title='bbox 1566 812 1799 856; x_wconf 83' lang='lat' dir='ltr'>testificari</span> <span class='ocrx_word' id='word_1_119' title='bbox 1823 810 1986 856; x_wconf 86' lang='lat' dir='ltr'>Christi</span> 
     </span>
     <span class='ocr_line' id='line_1_12' title="bbox 95 872 1987 930; baseline 0 -12"><span class='ocrx_word' id='word_1_120' title='bbox 95 876 482 920; x_wconf 80' lang='lat' dir='ltr'>resurrectionem</span> <span class='ocrx_word' id='word_1_121' title='bbox 501 875 640 918; x_wconf 85' lang='lat' dir='ltr'>etiam</span> <span class='ocrx_word' id='word_1_122' title='bbox 660 873 718 919; x_wconf 90' lang='lat' dir='ltr'>de</span> <span class='ocrx_word' id='word_1_123' title='bbox 740 874 868 928; x_wconf 77' lang='lat' dir='ltr'>visu3</span> <span class='ocrx_word' id='word_1_124' title='bbox 897 873 1008 930; x_wconf 89' lang='lat' dir='ltr'>quia</span> <span class='ocrx_word' id='word_1_125' title='bbox 1031 872 1261 917; x_wconf 89' lang='lat' dir='ltr'>Christum</span> <span class='ocrx_word' id='word_1_126' title='bbox 1280 878 1386 929; x_wconf 90' lang='lat' dir='ltr'>post</span> <span class='ocrx_word' id='word_1_127' title='bbox 1401 874 1789 920; x_wconf 74' lang='lat' dir='ltr'>resurrectionem</span> <span class='ocrx_word' id='word_1_128' title='bbox 1823 873 1987 918; x_wconf 87' lang='lat' dir='ltr'>viven-</span> 
     </span>
     <span class='ocr_line' id='line_1_13' title="bbox 96 935 1987 992; baseline -0.001 -11"><span class='ocrx_word' id='word_1_129' title='bbox 96 941 188 981; x_wconf 85' lang='lat' dir='ltr'>tem</span> <span class='ocrx_word' id='word_1_130' title='bbox 208 937 392 981; x_wconf 78' lang='lat' dir='ltr'>oculata</span> <span class='ocrx_word' id='word_1_131' title='bbox 417 936 507 981; x_wconf 84' lang='lat' dir='ltr'>fide</span> <span class='ocrx_word' id='word_1_132' title='bbox 537 935 772 991; x_wconf 85' lang='lat' dir='ltr'>viderunt,</span> <span class='ocrx_word' id='word_1_133' title='bbox 792 947 934 992; x_wconf 90' lang='lat' dir='ltr'>quem</span> <span class='ocrx_word' id='word_1_134' title='bbox 959 940 1196 979; x_wconf 88' lang='lat' dir='ltr'>mortuum</span> <span class='ocrx_word' id='word_1_135' title='bbox 1231 935 1479 979; x_wconf 82' lang='lat' dir='ltr'>sciverant.</span> <span class='ocrx_word' id='word_1_136' title='bbox 1507 936 1594 980; x_wconf 90' lang='lat' dir='ltr'>Sed</span> <span class='ocrx_word' id='word_1_137' title='bbox 1616 936 1737 980; x_wconf 90' lang='lat' dir='ltr'>sicut</span> <span class='ocrx_word' id='word_1_138' title='bbox 1761 935 1821 979; x_wconf 86' lang='lat' dir='ltr'>ad</span> <span class='ocrx_word' id='word_1_139' title='bbox 1848 935 1987 980; x_wconf 87' lang='lat' dir='ltr'>visio-</span> 
     </span>
     <span class='ocr_line' id='line_1_14' title="bbox 95 995 1988 1054; baseline -0.002 -11"><span class='ocrx_word' id='word_1_140' title='bbox 95 1009 204 1043; x_wconf 89' lang='lat' dir='ltr'>nem</span> <span class='ocrx_word' id='word_1_141' title='bbox 235 998 420 1043; x_wconf 82' lang='lat' dir='ltr'>beatam</span> <span class='ocrx_word' id='word_1_142' title='bbox 442 997 712 1054; x_wconf 88' lang='lat' dir='ltr'>pervenitur</span> <span class='ocrx_word' id='word_1_143' title='bbox 741 1009 824 1052; x_wconf 88' lang='lat' dir='ltr'>per</span> <span class='ocrx_word' id='word_1_144' title='bbox 854 995 1068 1040; x_wconf 87' lang='lat' dir='ltr'>auditum</span> <span class='ocrx_word' id='word_1_145' title='bbox 1087 996 1213 1047; x_wconf 85' lang='lat' dir='ltr'>fidei,</span> <span class='ocrx_word' id='word_1_146' title='bbox 1234 996 1299 1040; x_wconf 89' lang='lat' dir='ltr'>ita</span> <span class='ocrx_word' id='word_1_147' title='bbox 1314 996 1375 1041; x_wconf 90' lang='lat' dir='ltr'>ad</span> <span class='ocrx_word' id='word_1_148' title='bbox 1393 996 1623 1041; x_wconf 87' lang='lat' dir='ltr'>visionem</span> <span class='ocrx_word' id='word_1_149' title='bbox 1643 996 1806 1041; x_wconf 82' lang='lat' dir='ltr'>Christi</span> <span class='ocrx_word' id='word_1_150' title='bbox 1827 1009 1988 1041; x_wconf 87' lang='lat' dir='ltr'>resur-</span> 
     </span>
     <span class='ocr_line' id='line_1_15' title="bbox 95 1058 1831 1117; baseline -0.002 -12"><span class='ocrx_word' id='word_1_151' title='bbox 95 1060 249 1117; x_wconf 85' lang='lat' dir='ltr'>gentis</span> <span class='ocrx_word' id='word_1_152' title='bbox 269 1065 580 1116; x_wconf 89' lang='lat' dir='ltr'>pervenerunt</span> <span class='ocrx_word' id='word_1_153' title='bbox 598 1060 812 1104; x_wconf 86' lang='lat' dir='ltr'>homines</span> <span class='ocrx_word' id='word_1_154' title='bbox 835 1072 918 1115; x_wconf 89' lang='lat' dir='ltr'>per</span> <span class='ocrx_word' id='word_1_155' title='bbox 939 1071 995 1102; x_wconf 86' lang='lat' dir='ltr'>ea</span> <span class='ocrx_word' id='word_1_156' title='bbox 1012 1071 1117 1115; x_wconf 86' lang='lat' dir='ltr'>quae</span> <span class='ocrx_word' id='word_1_157' title='bbox 1138 1058 1267 1116; x_wconf 75' lang='lat' dir='ltr'>prins</span> <span class='ocrx_word' id='word_1_158' title='bbox 1289 1058 1348 1103; x_wconf 92' lang='lat' dir='ltr'>ab</span> <span class='ocrx_word' id='word_1_159' title='bbox 1371 1059 1551 1114; x_wconf 80' lang='lat' dir='ltr'>angelis</span> <span class='ocrx_word' id='word_1_160' title='bbox 1568 1059 1831 1103; x_wconf 89' lang='lat' dir='ltr'>audierunt.</span> 
     </span>
    </p>

    <p class='ocr_par' dir='ltr' id='par_1_4' title="bbox 93 1120 1990 1788">
     <span class='ocr_line' id='line_1_16' title="bbox 149 1120 1986 1178; baseline -0.001 -11"><span class='ocrx_word' id='word_1_161' title='bbox 149 1121 217 1167; x_wconf 88' lang='lat' dir='ltr'>Ad</span> <span class='ocrx_word' id='word_1_162' title='bbox 237 1124 482 1166; x_wconf 74' lang='lat' dir='ltr'>secundum</span> <span class='ocrx_word' id='word_1_163' title='bbox 503 1122 770 1176; x_wconf 87' lang='lat' dir='ltr'>dicendum,</span> <span class='ocrx_word' id='word_1_164' title='bbox 790 1121 915 1178; x_wconf 77' lang='lat' dir='ltr'>qued</span> <span class='ocrx_word' id='word_1_165' title='bbox 931 1121 1142 1165; x_wconf 81' lang='lat' dir='ltr'>ascensio</span> <span class='ocrx_word' id='word_1_166' title='bbox 1161 1120 1327 1165; x_wconf 86' lang='lat' dir='ltr'>Christi</span> <span class='ocrx_word' id='word_1_167' title='bbox 1351 1125 1581 1178; x_wconf 80' lang='lat' dir='ltr'>quantum</span> <span class='ocrx_word' id='word_1_168' title='bbox 1602 1121 1662 1165; x_wconf 87' lang='lat' dir='ltr'>ad</span> <span class='ocrx_word' id='word_1_169' title='bbox 1681 1120 1932 1165; x_wconf 82' lang='lat' dir='ltr'>terminum</span> <span class='ocrx_word' id='word_1_170' title='bbox 1956 1122 1986 1165; x_wconf 86' lang='grc' dir='ltr'><em>ὰ</em></span> 
     </span>
     <span class='ocr_line' id='line_1_17' title="bbox 93 1182 1988 1240; baseline 0.001 -14"><span class='ocrx_word' id='word_1_171' title='bbox 93 1196 180 1239; x_wconf 81' lang='lat' dir='ltr'>quo</span> <span class='ocrx_word' id='word_1_172' title='bbox 203 1196 298 1228; x_wconf 91' lang='lat' dir='ltr'>non</span> <span class='ocrx_word' id='word_1_173' title='bbox 321 1183 679 1228; x_wconf 84' lang='lat' dir='ltr'>transcendebat</span> <span class='ocrx_word' id='word_1_174' title='bbox 705 1182 947 1227; x_wconf 89' lang='lat' dir='ltr'>hominum</span> <span class='ocrx_word' id='word_1_175' title='bbox 979 1194 1277 1227; x_wconf 92' lang='lat' dir='ltr'>communem</span> <span class='ocrx_word' id='word_1_176' title='bbox 1310 1182 1536 1238; x_wconf 90' lang='lat' dir='ltr'>notitiam,</span> <span class='ocrx_word' id='word_1_177' title='bbox 1563 1182 1647 1227; x_wconf 91' lang='lat' dir='ltr'>sed</span> <span class='ocrx_word' id='word_1_178' title='bbox 1669 1182 1819 1226; x_wconf 77' lang='lat' dir='ltr'>solum</span> <span class='ocrx_word' id='word_1_179' title='bbox 1844 1194 1988 1240; x_wconf 89' lang='lat' dir='ltr'>quan-</span> 
     </span>
     <span class='ocr_line' id='line_1_18' title="bbox 95 1244 1987 1301; baseline -0.001 -12"><span class='ocrx_word' id='word_1_180' title='bbox 95 1247 193 1289; x_wconf 80' lang='lat' dir='ltr'>tum</span> <span class='ocrx_word' id='word_1_181' title='bbox 217 1245 276 1290; x_wconf 88' lang='lat' dir='ltr'>ad</span> <span class='ocrx_word' id='word_1_182' title='bbox 298 1246 550 1290; x_wconf 89' lang='lat' dir='ltr'>terminum</span> <span class='ocrx_word' id='word_1_183' title='bbox 572 1245 636 1288; x_wconf 83' lang='lat' dir='ltr'>ad</span> <span class='ocrx_word' id='word_1_184' title='bbox 662 1258 791 1299; x_wconf 83' lang='lat' dir='ltr'>quem</span> <span class='ocrx_word' id='word_1_185' title='bbox 814 1247 889 1299; x_wconf 88' lang='lat'><strong>(3).</strong></span> <span class='ocrx_word' id='word_1_186' title='bbox 911 1247 964 1289; x_wconf 87' lang='lat' dir='ltr'>Et</span> <span class='ocrx_word' id='word_1_187' title='bbox 988 1244 1093 1289; x_wconf 85' lang='lat' dir='ltr'>ideo</span> <span class='ocrx_word' id='word_1_188' title='bbox 1114 1244 1327 1300; x_wconf 90' lang='lat' dir='ltr'>discipuli</span> <span class='ocrx_word' id='word_1_189' title='bbox 1350 1249 1605 1301; x_wconf 87' lang='lat' dir='ltr'>potuerunt</span> <span class='ocrx_word' id='word_1_190' title='bbox 1631 1244 1789 1289; x_wconf 88' lang='lat' dir='ltr'>videre</span> <span class='ocrx_word' id='word_1_191' title='bbox 1819 1256 1987 1289; x_wconf 87' lang='lat' dir='ltr'>ascen-</span> 
     </span>
     <span class='ocr_line' id='line_1_19' title="bbox 93 1306 1988 1364; baseline 0 -12"><span class='ocrx_word' id='word_1_192' title='bbox 93 1307 273 1352; x_wconf 87' lang='lat' dir='ltr'>sionem</span> <span class='ocrx_word' id='word_1_193' title='bbox 296 1307 460 1352; x_wconf 87' lang='lat' dir='ltr'>Christi</span> <span class='ocrx_word' id='word_1_194' title='bbox 479 1310 707 1364; x_wconf 74' lang='lat' dir='ltr'>quantum</span> <span class='ocrx_word' id='word_1_195' title='bbox 734 1307 793 1350; x_wconf 77' lang='lat' dir='ltr'>ad</span> <span class='ocrx_word' id='word_1_196' title='bbox 817 1307 1068 1351; x_wconf 81' lang='lat' dir='ltr'>terminum</span> <span class='ocrx_word' id='word_1_197' title='bbox 1086 1308 1116 1350; x_wconf 87' lang='grc' dir='ltr'><em>ὰ</em></span> <span class='ocrx_word' id='word_1_198' title='bbox 1149 1321 1251 1362; x_wconf 70' lang='grc' dir='ltr'><strong><em>ιμιο,</em></strong></span> <span class='ocrx_word' id='word_1_199' title='bbox 1277 1306 1325 1351; x_wconf 89' lang='lat' dir='ltr'>id</span> <span class='ocrx_word' id='word_1_200' title='bbox 1347 1311 1435 1363; x_wconf 89' lang='lat' dir='ltr'>est,</span> <span class='ocrx_word' id='word_1_201' title='bbox 1466 1307 1725 1352; x_wconf 80' lang='lat' dir='ltr'>secundum</span> <span class='ocrx_word' id='word_1_202' title='bbox 1745 1306 1870 1362; x_wconf 81' lang='lat' dir='ltr'>quod</span> <span class='ocrx_word' id='word_1_203' title='bbox 1899 1306 1988 1352; x_wconf 88' lang='lat' dir='ltr'>ele-</span> 
     </span>
     <span class='ocr_line' id='line_1_20' title="bbox 93 1368 1989 1426; baseline 0.002 -16"><span class='ocrx_word' id='word_1_204' title='bbox 93 1368 291 1413; x_wconf 83' lang='lat' dir='ltr'>vabatur</span> <span class='ocrx_word' id='word_1_205' title='bbox 320 1370 347 1413; x_wconf 79' lang='lat' dir='ltr'>a</span> <span class='ocrx_word' id='word_1_206' title='bbox 378 1375 525 1424; x_wconf 67' lang='lat' dir='ltr'>terra,</span> <span class='ocrx_word' id='word_1_207' title='bbox 557 1381 651 1412; x_wconf 90' lang='lat' dir='ltr'>non</span> <span class='ocrx_word' id='word_1_208' title='bbox 691 1374 847 1413; x_wconf 88' lang='lat' dir='ltr'>autem</span> <span class='ocrx_word' id='word_1_209' title='bbox 877 1369 1095 1413; x_wconf 89' lang='lat' dir='ltr'>viderunt</span> <span class='ocrx_word' id='word_1_210' title='bbox 1121 1368 1276 1425; x_wconf 85' lang='lat' dir='ltr'>ipsum</span> <span class='ocrx_word' id='word_1_211' title='bbox 1306 1372 1533 1426; x_wconf 78' lang='lat' dir='ltr'>quantum</span> <span class='ocrx_word' id='word_1_212' title='bbox 1566 1368 1625 1413; x_wconf 87' lang='lat' dir='ltr'>ad</span> <span class='ocrx_word' id='word_1_213' title='bbox 1648 1368 1899 1412; x_wconf 89' lang='lat' dir='ltr'>terminum</span> <span class='ocrx_word' id='word_1_214' title='bbox 1921 1370 1989 1413; x_wconf 85' lang='lat' dir='ltr'>ad</span> 
     </span>
     <span class='ocr_line' id='line_1_21' title="bbox 93 1429 1989 1488; baseline 0.002 -15"><span class='ocrx_word' id='word_1_215' title='bbox 93 1444 241 1487; x_wconf 81' lang='lat' dir='ltr'>quem,·</span> <span class='ocrx_word' id='word_1_216' title='bbox 272 1432 382 1488; x_wconf 88' lang='lat' dir='ltr'>quia</span> <span class='ocrx_word' id='word_1_217' title='bbox 414 1443 508 1474; x_wconf 92' lang='lat' dir='ltr'>non</span> <span class='ocrx_word' id='word_1_218' title='bbox 540 1429 757 1475; x_wconf 88' lang='lat' dir='ltr'>viderunt</span> <span class='ocrx_word' id='word_1_219' title='bbox 781 1430 1014 1487; x_wconf 79' lang='lat' dir='ltr'>quomodo</span> <span class='ocrx_word' id='word_1_220' title='bbox 1043 1430 1324 1486; x_wconf 87' lang='lat' dir='ltr'>reciperetur</span> <span class='ocrx_word' id='word_1_221' title='bbox 1351 1429 1400 1474; x_wconf 89' lang='lat' dir='ltr'>in</span> <span class='ocrx_word' id='word_1_222' title='bbox 1437 1430 1571 1475; x_wconf 91' lang='lat' dir='ltr'>coelo.</span> <span class='ocrx_word' id='word_1_223' title='bbox 1599 1431 1687 1476; x_wconf 89' lang='lat' dir='ltr'>Sed</span> <span class='ocrx_word' id='word_1_224' title='bbox 1711 1430 1989 1476; x_wconf 89' lang='lat' dir='ltr'>resurrectio</span> 
     </span>
     <span class='ocr_line' id='line_1_22' title="bbox 93 1491 1989 1549; baseline -0.001 -11"><span class='ocrx_word' id='word_1_225' title='bbox 93 1492 256 1538; x_wconf 87' lang='lat' dir='ltr'>Christi</span> <span class='ocrx_word' id='word_1_226' title='bbox 288 1491 647 1537; x_wconf 86' lang='lat' dir='ltr'>transcendebat</span> <span class='ocrx_word' id='word_1_227' title='bbox 669 1504 967 1537; x_wconf 86' lang='lat' dir='ltr'>communem</span> <span class='ocrx_word' id='word_1_228' title='bbox 1006 1492 1217 1537; x_wconf 82' lang='lat' dir='ltr'>notitiam</span> <span class='ocrx_word' id='word_1_229' title='bbox 1249 1498 1297 1537; x_wconf 90' lang='lat' dir='ltr'>et</span> <span class='ocrx_word' id='word_1_230' title='bbox 1323 1494 1552 1549; x_wconf 77' lang='lat' dir='ltr'>quantum</span> <span class='ocrx_word' id='word_1_231' title='bbox 1578 1493 1639 1538; x_wconf 89' lang='lat' dir='ltr'>ad</span> <span class='ocrx_word' id='word_1_232' title='bbox 1670 1493 1921 1537; x_wconf 85' lang='lat' dir='ltr'>terminum</span> <span class='ocrx_word' id='word_1_233' title='bbox 1957 1495 1989 1537; x_wconf 84' lang='grc' dir='ltr'>ὰ</span> 
     </span>
     <span class='ocr_line' id='line_1_23' title="bbox 94 1553 1990 1613; baseline 0 -12"><span class='ocrx_word' id='word_1_234' title='bbox 94 1570 196 1613; x_wconf 81' lang='lat' dir='ltr'>qun,</span> <span class='ocrx_word' id='word_1_235' title='bbox 222 1555 479 1601; x_wconf 78' lang='lat' dir='ltr'>secundum</span> <span class='ocrx_word' id='word_1_236' title='bbox 496 1553 624 1612; x_wconf 78' lang='lat' dir='ltr'>qued</span> <span class='ocrx_word' id='word_1_237' title='bbox 639 1554 797 1599; x_wconf 87' lang='lat' dir='ltr'>anima</span> <span class='ocrx_word' id='word_1_238' title='bbox 815 1555 951 1600; x_wconf 90' lang='lat' dir='ltr'>rediit</span> <span class='ocrx_word' id='word_1_239' title='bbox 969 1554 1028 1599; x_wconf 87' lang='lat' dir='ltr'>ab</span> <span class='ocrx_word' id='word_1_240' title='bbox 1044 1555 1221 1610; x_wconf 86' lang='lat' dir='ltr'>inferis,</span> <span class='ocrx_word' id='word_1_241' title='bbox 1251 1559 1298 1600; x_wconf 84' lang='lat' dir='ltr'>et</span> <span class='ocrx_word' id='word_1_242' title='bbox 1325 1567 1495 1612; x_wconf 88' lang='lat' dir='ltr'>corpus</span> <span class='ocrx_word' id='word_1_243' title='bbox 1513 1555 1572 1600; x_wconf 91' lang='lat' dir='ltr'>de</span> <span class='ocrx_word' id='word_1_244' title='bbox 1597 1555 1811 1612; x_wconf 88' lang='lat' dir='ltr'>sepulcro</span> <span class='ocrx_word' id='word_1_245' title='bbox 1828 1557 1990 1601; x_wconf 88' lang='lat' dir='ltr'>clauso</span> 
     </span>
     <span class='ocr_line' id='line_1_24' title="bbox 93 1616 1990 1675; baseline -0.001 -12"><span class='ocrx_word' id='word_1_246' title='bbox 93 1618 252 1674; x_wconf 80' lang='lat' dir='ltr'>exivit,</span> <span class='ocrx_word' id='word_1_247' title='bbox 274 1623 319 1662; x_wconf 93' lang='lat' dir='ltr'>et</span> <span class='ocrx_word' id='word_1_248' title='bbox 336 1620 565 1674; x_wconf 82' lang='lat' dir='ltr'>quantum</span> <span class='ocrx_word' id='word_1_249' title='bbox 584 1616 645 1662; x_wconf 88' lang='lat' dir='ltr'>ad</span> <span class='ocrx_word' id='word_1_250' title='bbox 665 1617 917 1662; x_wconf 89' lang='lat' dir='ltr'>terminum</span> <span class='ocrx_word' id='word_1_251' title='bbox 933 1618 997 1661; x_wconf 83' lang='lat' dir='ltr'>ad</span> <span class='ocrx_word' id='word_1_252' title='bbox 1012 1631 1154 1673; x_wconf 81' lang='lat' dir='ltr'>quem,</span> <span class='ocrx_word' id='word_1_253' title='bbox 1181 1618 1440 1662; x_wconf 80' lang='lat' dir='ltr'>secundum</span> <span class='ocrx_word' id='word_1_254' title='bbox 1462 1617 1588 1675; x_wconf 83' lang='lat' dir='ltr'>quod</span> <span class='ocrx_word' id='word_1_255' title='bbox 1610 1621 1683 1662; x_wconf 89' lang='lat' dir='ltr'>est</span> <span class='ocrx_word' id='word_1_256' title='bbox 1704 1618 1901 1674; x_wconf 87' lang='lat' dir='ltr'>adeptus</span> <span class='ocrx_word' id='word_1_257' title='bbox 1921 1619 1990 1662; x_wconf 69' lang='lat' dir='ltr'>vi‘-</span> 
     </span>
     <span class='ocr_line' id='line_1_25' title="bbox 94 1677 1990 1736; baseline 0.001 -11"><span class='ocrx_word' id='word_1_258' title='bbox 94 1685 189 1726; x_wconf 87' lang='lat' dir='ltr'>tam</span> <span class='ocrx_word' id='word_1_259' title='bbox 204 1679 469 1736; x_wconf 86' lang='lat' dir='ltr'>gloriosam.</span> <span class='ocrx_word' id='word_1_260' title='bbox 494 1681 548 1723; x_wconf 88' lang='lat' dir='ltr'>Et</span> <span class='ocrx_word' id='word_1_261' title='bbox 566 1677 670 1722; x_wconf 81' lang='lat' dir='ltr'>ideo</span> <span class='ocrx_word' id='word_1_262' title='bbox 685 1690 779 1722; x_wconf 94' lang='lat' dir='ltr'>non</span> <span class='ocrx_word' id='word_1_263' title='bbox 798 1677 960 1723; x_wconf 86' lang='lat' dir='ltr'>debuit</span> <span class='ocrx_word' id='word_1_264' title='bbox 982 1679 1260 1724; x_wconf 89' lang='lat' dir='ltr'>resurrectio</span> <span class='ocrx_word' id='word_1_265' title='bbox 1273 1679 1373 1723; x_wconf 89' lang='lat' dir='ltr'>fieri</span> <span class='ocrx_word' id='word_1_266' title='bbox 1394 1678 1462 1723; x_wconf 89' lang='lat' dir='ltr'>sic</span> <span class='ocrx_word' id='word_1_267' title='bbox 1480 1678 1605 1736; x_wconf 83' lang='lat' dir='ltr'>quod</span> <span class='ocrx_word' id='word_1_268' title='bbox 1626 1679 1687 1722; x_wconf 88' lang='lat' dir='ltr'>ab</span> <span class='ocrx_word' id='word_1_269' title='bbox 1709 1679 1897 1724; x_wconf 88' lang='lat' dir='ltr'>homine</span> <span class='ocrx_word' id='word_1_270' title='bbox 1917 1681 1990 1726; x_wconf 90' lang='lat' dir='ltr'>vi-</span> 
     </span>
     <span class='ocr_line' id='line_1_26' title="bbox 93 1742 298 1788; baseline -0.005 0"><span class='ocrx_word' id='word_1_271' title='bbox 93 1742 298 1788; x_wconf 89' lang='lat' dir='ltr'>deretur.</span> 
     </span>
    </p>

    <p class='ocr_par' dir='ltr' id='par_1_5' title="bbox 95 1795 1990 1973">
     <span class='ocr_line' id='line_1_27' title="bbox 147 1795 1990 1859; baseline 0.001 -11"><span class='ocrx_word' id='word_1_272' title='bbox 147 1804 214 1848; x_wconf 90' lang='lat' dir='ltr'>Ad</span> <span class='ocrx_word' id='word_1_273' title='bbox 236 1805 420 1846; x_wconf 80' lang='lat' dir='ltr'>tertium</span> <span class='ocrx_word' id='word_1_274' title='bbox 451 1801 719 1858; x_wconf 87' lang='lat' dir='ltr'>dicendum,</span> <span class='ocrx_word' id='word_1_275' title='bbox 741 1795 868 1859; x_wconf 76' lang='lat' dir='ltr'>quod</span> <span class='ocrx_word' id='word_1_276' title='bbox 895 1805 1093 1847; x_wconf 86' lang='lat' dir='ltr'>Lazarus</span> <span class='ocrx_word' id='word_1_277' title='bbox 1113 1802 1418 1847; x_wconf 85' lang='lat' dir='ltr'>resuscitatus</span> <span class='ocrx_word' id='word_1_278' title='bbox 1436 1807 1525 1859; x_wconf 90' lang='lat' dir='ltr'>est,</span> <span class='ocrx_word' id='word_1_279' title='bbox 1556 1807 1610 1848; x_wconf 88' lang='lat' dir='ltr'>ut</span> <span class='ocrx_word' id='word_1_280' title='bbox 1637 1802 1808 1848; x_wconf 87' lang='lat' dir='ltr'>rediret</span> <span class='ocrx_word' id='word_1_281' title='bbox 1830 1803 1892 1849; x_wconf 90' lang='lat' dir='ltr'>ad</span> <span class='ocrx_word' id='word_1_282' title='bbox 1921 1805 1990 1850; x_wconf 90' lang='lat' dir='ltr'>vi-</span> 
     </span>
     <span class='ocr_line' id='line_1_28' title="bbox 97 1863 1989 1922; baseline 0 -11"><span class='ocrx_word' id='word_1_283' title='bbox 97 1871 190 1911; x_wconf 86' lang='lat' dir='ltr'>tam</span> <span class='ocrx_word' id='word_1_284' title='bbox 219 1865 405 1922; x_wconf 90' lang='lat' dir='ltr'>qualem</span> <span class='ocrx_word' id='word_1_285' title='bbox 437 1864 568 1922; x_wconf 81' lang='lat' dir='ltr'>prius</span> <span class='ocrx_word' id='word_1_286' title='bbox 602 1863 856 1920; x_wconf 84' lang='lat' dir='ltr'>habuerat,</span> <span class='ocrx_word' id='word_1_287' title='bbox 899 1875 1006 1920; x_wconf 83' lang='lat' dir='ltr'>quae</span> <span class='ocrx_word' id='word_1_288' title='bbox 1037 1875 1338 1909; x_wconf 88' lang='lat' dir='ltr'>communem</span> <span class='ocrx_word' id='word_1_289' title='bbox 1373 1863 1586 1909; x_wconf 89' lang='lat' dir='ltr'>notitiam</span> <span class='ocrx_word' id='word_1_290' title='bbox 1621 1864 1863 1910; x_wconf 90' lang='lat' dir='ltr'>hominum</span> <span class='ocrx_word' id='word_1_291' title='bbox 1894 1879 1989 1911; x_wconf 91' lang='lat' dir='ltr'>non</span> 
     </span>
     <span class='ocr_line' id='line_1_29' title="bbox 95 1926 1137 1973; baseline -0.001 0"><span class='ocrx_word' id='word_1_292' title='bbox 95 1927 398 1973; x_wconf 86' lang='lat' dir='ltr'>transcendit.</span> <span class='ocrx_word' id='word_1_293' title='bbox 419 1930 471 1972; x_wconf 90' lang='lat' dir='ltr'>Et</span> <span class='ocrx_word' id='word_1_294' title='bbox 490 1926 595 1972; x_wconf 82' lang='lat' dir='ltr'>ideo</span> <span class='ocrx_word' id='word_1_295' title='bbox 614 1939 708 1971; x_wconf 92' lang='lat' dir='ltr'>non</span> <span class='ocrx_word' id='word_1_296' title='bbox 729 1931 802 1971; x_wconf 91' lang='lat' dir='ltr'>est</span> <span class='ocrx_word' id='word_1_297' title='bbox 821 1927 986 1971; x_wconf 90' lang='lat' dir='ltr'>similis</span> <span class='ocrx_word' id='word_1_298' title='bbox 1003 1927 1137 1972; x_wconf 85' lang='lat' dir='ltr'>ratio.</span> 
     </span>
    </p>

    <p class='ocr_par' dir='ltr' id='par_1_6' title="bbox 95 1992 1992 2096">
     <span class='ocr_line' id='line_1_30' title="bbox 95 1992 1992 2036; baseline 0.001 -2"><span class='ocrx_word' id='word_1_299' title='bbox 95 1992 441 2034; x_wconf 83' lang='lat' dir='ltr'>ARTICULUS</span> <span class='ocrx_word' id='word_1_300' title='bbox 457 1993 541 2036; x_wconf 85' lang='lat'>111.</span> <span class='ocrx_word' id='word_1_301' title='bbox 559 2014 617 2024; x_wconf 86' lang='lat'>-</span> <span class='ocrx_word' id='word_1_302' title='bbox 637 2002 772 2033; x_wconf 72' lang='lat' dir='ltr'>urium</span> <span class='ocrx_word' id='word_1_303' title='bbox 802 2001 997 2033; x_wconf 78' lang='lat' dir='ltr'>cumsrus</span> <span class='ocrx_word' id='word_1_304' title='bbox 1028 2003 1128 2034; x_wconf 69' lang='lat' dir='ltr'>Posi·</span> <span class='ocrx_word' id='word_1_305' title='bbox 1155 2002 1529 2034; x_wconf 67' lang='lat' dir='ltr'>nsssunnnc‘rionssu</span> <span class='ocrx_word' id='word_1_306' title='bbox 1556 2002 1759 2034; x_wconf 69' lang='lat' dir='ltr'>nssnussmr</span> <span class='ocrx_word' id='word_1_307' title='bbox 1787 1995 1992 2035; x_wconf 59' lang='lat' dir='ltr'>commu&amp;</span> 
     </span>
     <span class='ocr_line' id='line_1_31' title="bbox 731 2064 1368 2096; baseline 0.003 -2"><span class='ocrx_word' id='word_1_308' title='bbox 731 2064 813 2094; x_wconf 75' lang='lat' dir='ltr'>cum</span> <span class='ocrx_word' id='word_1_309' title='bbox 842 2065 1066 2096; x_wconf 78' lang='lat' dir='ltr'>DISCIPULIS</span> <span class='ocrx_word' id='word_1_310' title='bbox 1094 2065 1368 2096; x_wconf 57' lang='lat' dir='ltr'>convnnsam.</span> 
     </span>
    </p>
   </div>
   <div class='ocr_carea' id='block_1_3' title="bbox 94 2120 1988 2211">
    <p class='ocr_par' dir='ltr' id='par_1_7' title="bbox 94 2120 1988 2211">
     <span class='ocr_line' id='line_1_32' title="bbox 94 2120 1988 2165; baseline 0.001 -8"><span class='ocrx_word' id='word_1_311' title='bbox 94 2123 143 2157; x_wconf 85' lang='lat' dir='ltr'>De</span> <span class='ocrx_word' id='word_1_312' title='bbox 161 2121 215 2158; x_wconf 84' lang='lat' dir='ltr'>his</span> <span class='ocrx_word' id='word_1_313' title='bbox 226 2122 328 2157; x_wconf 81' lang='lat' dir='ltr'>etiam</span> <span class='ocrx_word' id='word_1_314' title='bbox 345 2123 438 2157; x_wconf 79' lang='lat' dir='ltr'>Sent.</span> <span class='ocrx_word' id='word_1_315' title='bbox 454 2129 509 2164; x_wconf 84' lang='lat'>111,</span> <span class='ocrx_word' id='word_1_316' title='bbox 526 2120 603 2156; x_wconf 83' lang='lat' dir='ltr'>dist.</span> <span class='ocrx_word' id='word_1_317' title='bbox 619 2120 656 2155; x_wconf 64' lang='lat'>2⁴</span> <span class='ocrx_word' id='word_1_318' title='bbox 667 2148 675 2161; x_wconf 96' lang='lat'>‚</span> <span class='ocrx_word' id='word_1_319' title='bbox 694 2124 812 2162; x_wconf 75' lang='lat' dir='ltr'>quaest.</span> <span class='ocrx_word' id='word_1_320' title='bbox 832 2129 879 2162; x_wconf 81' lang='grc' dir='ltr'>Π,</span> <span class='ocrx_word' id='word_1_321' title='bbox 895 2125 959 2157; x_wconf 78' lang='lat' dir='ltr'>art.</span> <span class='ocrx_word' id='word_1_322' title='bbox 973 2122 1009 2158; x_wconf 79' lang='lat'>5.</span> <span class='ocrx_word' id='word_1_323' title='bbox 1029 2134 1123 2162; x_wconf 84' lang='lat' dir='ltr'>corp.</span> <span class='ocrx_word' id='word_1_324' title='bbox 1140 2125 1175 2156; x_wconf 83' lang='lat' dir='ltr'>et</span> <span class='ocrx_word' id='word_1_325' title='bbox 1193 2120 1269 2156; x_wconf 72' lang='lat' dir='ltr'>dist,</span> <span class='ocrx_word' id='word_1_326' title='bbox 1289 2121 1344 2162; x_wconf 86' lang='lat'>22,</span> <span class='ocrx_word' id='word_1_327' title='bbox 1361 2122 1478 2163; x_wconf 57' lang='lat' dir='ltr'>quant.</span> <span class='ocrx_word' id='word_1_328' title='bbox 1493 2129 1549 2165; x_wconf 85' lang='lat' dir='ltr'>m,</span> <span class='ocrx_word' id='word_1_329' title='bbox 1569 2126 1636 2157; x_wconf 77' lang='lat' dir='ltr'>art.</span> <span class='ocrx_word' id='word_1_330' title='bbox 1649 2120 1684 2163; x_wconf 86' lang='lat'>2.</span> <span class='ocrx_word' id='word_1_331' title='bbox 1699 2125 1818 2164; x_wconf 64' lang='lat' dir='ltr'>quast.</span> <span class='ocrx_word' id='word_1_332' title='bbox 1835 2130 1877 2157; x_wconf 85' lang='lat'>111</span> <span class='ocrx_word' id='word_1_333' title='bbox 1894 2133 1988 2164; x_wconf 82' lang='lat' dir='ltr'>corp.</span> 
     </span>
     <span class='ocr_line' id='line_1_33' title="bbox 634 2168 1446 2211; baseline 0.001 -9"><span class='ocrx_word' id='word_1_334' title='bbox 634 2173 667 2202; x_wconf 88' lang='lat' dir='ltr'>et</span> <span class='ocrx_word' id='word_1_335' title='bbox 683 2169 781 2203; x_wconf 84' lang='lat' dir='ltr'>Joan.</span> <span class='ocrx_word' id='word_1_336' title='bbox 796 2176 852 2211; x_wconf 83' lang='lat' dir='ltr'>xx,</span> <span class='ocrx_word' id='word_1_337' title='bbox 868 2168 949 2205; x_wconf 86' lang='lat' dir='ltr'>lect.</span> <span class='ocrx_word' id='word_1_338' title='bbox 962 2170 984 2204; x_wconf 90' lang='lat'><strong>6</strong></span> <span class='ocrx_word' id='word_1_339' title='bbox 1001 2169 1112 2210; x_wconf 84' lang='lat' dir='ltr'>princ.</span> <span class='ocrx_word' id='word_1_340' title='bbox 1131 2173 1166 2203; x_wconf 84' lang='lat' dir='ltr'>et</span> <span class='ocrx_word' id='word_1_341' title='bbox 1184 2181 1257 2210; x_wconf 84' lang='lat' dir='ltr'>cap.</span> <span class='ocrx_word' id='word_1_342' title='bbox 1276 2168 1312 2202; x_wconf 76' lang='lat'>2¹</span> <span class='ocrx_word' id='word_1_343' title='bbox 1335 2168 1446 2210; x_wconf 82' lang='lat' dir='ltr'>princ.</span> 
     </span>
    </p>
   </div>
   <div class='ocr_carea' id='block_1_4' title="bbox 93 2223 1993 2642">
    <p class='ocr_par' dir='ltr' id='par_1_8' title="bbox 93 2223 1993 2642">
     <span class='ocr_line' id='line_1_34' title="bbox 147 2223 1990 2282; baseline 0 -12"><span class='ocrx_word' id='word_1_344' title='bbox 147 2224 216 2270; x_wconf 89' lang='lat' dir='ltr'>Ad</span> <span class='ocrx_word' id='word_1_345' title='bbox 246 2224 435 2269; x_wconf 86' lang='lat' dir='ltr'>tertium</span> <span class='ocrx_word' id='word_1_346' title='bbox 457 2223 525 2268; x_wconf 89' lang='lat' dir='ltr'>sic</span> <span class='ocrx_word' id='word_1_347' title='bbox 547 2223 829 2280; x_wconf 86' lang='lat' dir='ltr'>proceditur.</span> <span class='ocrx_word' id='word_1_348' title='bbox 857 2228 898 2270; x_wconf 86' lang='lat'>1.</span> <span class='ocrx_word' id='word_1_349' title='bbox 930 2224 1120 2270; x_wconf 86' lang='lat' dir='ltr'>Videtur</span> <span class='ocrx_word' id='word_1_350' title='bbox 1149 2223 1275 2282; x_wconf 80' lang='lat' dir='ltr'>qued</span> <span class='ocrx_word' id='word_1_351' title='bbox 1305 2224 1515 2269; x_wconf 89' lang='lat' dir='ltr'>Christus</span> <span class='ocrx_word' id='word_1_352' title='bbox 1553 2227 1659 2281; x_wconf 89' lang='lat' dir='ltr'>post</span> <span class='ocrx_word' id='word_1_353' title='bbox 1694 2225 1990 2270; x_wconf 85' lang='lat' dir='ltr'>resurrectio-</span> 
     </span>
     <span class='ocr_line' id='line_1_35' title="bbox 94 2284 1993 2343; baseline 0 -12"><span class='ocrx_word' id='word_1_354' title='bbox 94 2298 204 2332; x_wconf 88' lang='lat' dir='ltr'>nem</span> <span class='ocrx_word' id='word_1_355' title='bbox 227 2285 440 2331; x_wconf 88' lang='lat' dir='ltr'>debuerit</span> <span class='ocrx_word' id='word_1_356' title='bbox 462 2285 684 2329; x_wconf 76' lang='lat' dir='ltr'>contInue</span> <span class='ocrx_word' id='word_1_357' title='bbox 703 2297 811 2329; x_wconf 92' lang='lat' dir='ltr'>cum</span> <span class='ocrx_word' id='word_1_358' title='bbox 835 2285 1079 2343; x_wconf 88' lang='lat' dir='ltr'>discipulis</span> <span class='ocrx_word' id='word_1_359' title='bbox 1097 2285 1380 2330; x_wconf 86' lang='lat' dir='ltr'>conversari.</span> <span class='ocrx_word' id='word_1_360' title='bbox 1405 2285 1473 2331; x_wconf 88' lang='lat' dir='ltr'>Ad</span> <span class='ocrx_word' id='word_1_361' title='bbox 1493 2285 1582 2330; x_wconf 90' lang='lat' dir='ltr'>hoc</span> <span class='ocrx_word' id='word_1_362' title='bbox 1600 2284 1727 2330; x_wconf 90' lang='lat' dir='ltr'>enim</span> <span class='ocrx_word' id='word_1_363' title='bbox 1749 2285 1993 2343; x_wconf 87' lang='lat' dir='ltr'>discipulis</span> 
     </span>
     <span class='ocr_line' id='line_1_36' title="bbox 93 2344 1991 2406; baseline 0.001 -14"><span class='ocrx_word' id='word_1_364' title='bbox 93 2352 198 2406; x_wconf 90' lang='lat' dir='ltr'>post</span> <span class='ocrx_word' id='word_1_365' title='bbox 219 2346 606 2392; x_wconf 85' lang='lat' dir='ltr'>resurrectionem</span> <span class='ocrx_word' id='word_1_366' title='bbox 630 2347 859 2403; x_wconf 89' lang='lat' dir='ltr'>apparuit,</span> <span class='ocrx_word' id='word_1_367' title='bbox 886 2352 938 2392; x_wconf 91' lang='lat' dir='ltr'>ut</span> <span class='ocrx_word' id='word_1_368' title='bbox 958 2360 1039 2393; x_wconf 89' lang='lat' dir='ltr'>eos</span> <span class='ocrx_word' id='word_1_369' title='bbox 1062 2348 1120 2393; x_wconf 91' lang='lat' dir='ltr'>de</span> <span class='ocrx_word' id='word_1_370' title='bbox 1146 2344 1238 2392; x_wconf 90' lang='lat' dir='ltr'>fide</span> <span class='ocrx_word' id='word_1_371' title='bbox 1256 2347 1611 2392; x_wconf 89' lang='lat' dir='ltr'>resurrectionis</span> <span class='ocrx_word' id='word_1_372' title='bbox 1632 2347 1921 2406; x_wconf 85' lang='lat' dir='ltr'>certificaret,</span> <span class='ocrx_word' id='word_1_373' title='bbox 1943 2354 1991 2394; x_wconf 80' lang='lat' dir='ltr'>et</span> 
     </span>
     <span class='ocr_line' id='line_1_37' title="bbox 94 2408 1990 2467; baseline 0 -12"><span class='ocrx_word' id='word_1_374' title='bbox 94 2409 461 2455; x_wconf 87' lang='lat' dir='ltr'>consolationem</span> <span class='ocrx_word' id='word_1_375' title='bbox 481 2408 764 2465; x_wconf 85' lang='lat' dir='ltr'>perturbatis</span> <span class='ocrx_word' id='word_1_376' title='bbox 783 2409 984 2466; x_wconf 81' lang='lat' dir='ltr'>afferret,</span> <span class='ocrx_word' id='word_1_377' title='bbox 1006 2410 1266 2455; x_wconf 78' lang='lat' dir='ltr'>secundum</span> <span class='ocrx_word' id='word_1_378' title='bbox 1296 2409 1413 2454; x_wconf 89' lang='lat' dir='ltr'>illud</span> <span class='ocrx_word' id='word_1_379' title='bbox 1444 2410 1590 2467; x_wconf 84' lang='lat' dir='ltr'>(Joan.</span> <span class='ocrx_word' id='word_1_380' title='bbox 1614 2424 1684 2466; x_wconf 81' lang='lat' dir='ltr'>xx,</span> <span class='ocrx_word' id='word_1_381' title='bbox 1710 2413 1779 2464; x_wconf 76' lang='lat'>20)</span> <span class='ocrx_word' id='word_1_382' title='bbox 1799 2425 1810 2455; x_wconf 74' lang='lat' dir='ltr'>x</span> <span class='ocrx_word' id='word_1_383' title='bbox 1832 2413 1990 2456; x_wconf 74' lang='lat' dir='ltr'>Gavisi</span> 
     </span>
     <span class='ocr_line' id='line_1_38' title="bbox 93 2472 1989 2530; baseline 0.002 -13"><span class='ocrx_word' id='word_1_384' title='bbox 93 2476 201 2519; x_wconf 78' lang='lat' dir='ltr'>sunt</span> <span class='ocrx_word' id='word_1_385' title='bbox 218 2472 428 2529; x_wconf 76' lang='lat' dir='ltr'>discipuli</span> <span class='ocrx_word' id='word_1_386' title='bbox 448 2475 542 2516; x_wconf 81' lang='lat' dir='ltr'>viso</span> <span class='ocrx_word' id='word_1_387' title='bbox 560 2474 767 2516; x_wconf 78' lang='lat' dir='ltr'>Domino.</span> <span class='ocrx_word' id='word_1_388' title='bbox 791 2472 878 2517; x_wconf 89' lang='lat' dir='ltr'>Sed</span> <span class='ocrx_word' id='word_1_389' title='bbox 893 2473 1043 2528; x_wconf 87' lang='lat' dir='ltr'>magis</span> <span class='ocrx_word' id='word_1_390' title='bbox 1057 2472 1258 2517; x_wconf 80' lang='lat' dir='ltr'>fuissent</span> <span class='ocrx_word' id='word_1_391' title='bbox 1279 2472 1518 2517; x_wconf 87' lang='lat' dir='ltr'>certificati</span> <span class='ocrx_word' id='word_1_392' title='bbox 1537 2478 1583 2517; x_wconf 92' lang='lat' dir='ltr'>et</span> <span class='ocrx_word' id='word_1_393' title='bbox 1601 2472 1846 2530; x_wconf 89' lang='lat' dir='ltr'>consolati,</span> <span class='ocrx_word' id='word_1_394' title='bbox 1867 2474 1908 2519; x_wconf 90' lang='lat' dir='ltr'>si</span> <span class='ocrx_word' id='word_1_395' title='bbox 1921 2475 1989 2522; x_wconf 88' lang='lat' dir='ltr'>eis</span> 
     </span>
     <span class='ocr_line' id='line_1_39' title="bbox 94 2533 1990 2592; baseline 0.001 -12"><span class='ocrx_word' id='word_1_396' title='bbox 94 2533 316 2580; x_wconf 83' lang='lat' dir='ltr'>continue</span> <span class='ocrx_word' id='word_1_397' title='bbox 342 2546 475 2578; x_wconf 87' lang='lat' dir='ltr'>suam</span> <span class='ocrx_word' id='word_1_398' title='bbox 498 2533 792 2592; x_wconf 88' lang='lat' dir='ltr'>praesentiam</span> <span class='ocrx_word' id='word_1_399' title='bbox 813 2534 1117 2580; x_wconf 82' lang='lat' dir='ltr'>exhibuisset.</span> <span class='ocrx_word' id='word_1_400' title='bbox 1142 2537 1262 2591; x_wconf 86' lang='lat' dir='ltr'>Ergo</span> <span class='ocrx_word' id='word_1_401' title='bbox 1282 2534 1467 2579; x_wconf 86' lang='lat' dir='ltr'>videtur</span> <span class='ocrx_word' id='word_1_402' title='bbox 1485 2533 1612 2591; x_wconf 81' lang='lat' dir='ltr'>qued</span> <span class='ocrx_word' id='word_1_403' title='bbox 1636 2534 1859 2580; x_wconf 77' lang='lat' dir='ltr'>continue</span> <span class='ocrx_word' id='word_1_404' title='bbox 1878 2548 1990 2582; x_wconf 91' lang='lat' dir='ltr'>cum</span> 
     </span>
     <span class='ocr_line' id='line_1_40' title="bbox 94 2595 697 2642; baseline -0.005 0"><span class='ocrx_word' id='word_1_405' title='bbox 94 2596 163 2642; x_wconf 87' lang='lat' dir='ltr'>eis</span> <span class='ocrx_word' id='word_1_406' title='bbox 181 2595 393 2642; x_wconf 88' lang='lat' dir='ltr'>debuerit</span> <span class='ocrx_word' id='word_1_407' title='bbox 415 2595 697 2640; x_wconf 86' lang='lat' dir='ltr'>conversari.</span> 
     </span>
    </p>
   </div>
   <div class='ocr_carea' id='block_1_5' title="bbox 147 2658 2155 2716">
    <p class='ocr_par' dir='ltr' id='par_1_9' title="bbox 147 2644 2162 2726">
     <span class='ocr_line' id='line_1_41' title="bbox 147 2658 2155 2716; baseline 0 -11"><span class='ocrx_word' id='word_1_408' title='bbox 147 2662 192 2706; x_wconf 79' lang='lat'>2.</span> <span class='ocrx_word' id='word_1_409' title='bbox 222 2663 464 2716; x_wconf 76' lang='lat' dir='ltr'>Praeterea,</span> <span class='ocrx_word' id='word_1_410' title='bbox 486 2660 694 2704; x_wconf 88' lang='lat' dir='ltr'>Christus</span> <span class='ocrx_word' id='word_1_411' title='bbox 717 2671 970 2716; x_wconf 83' lang='lat' dir='ltr'>resurgens</span> <span class='ocrx_word' id='word_1_412' title='bbox 998 2660 1025 2703; x_wconf 79' lang='lat' dir='ltr'>a</span> <span class='ocrx_word' id='word_1_413' title='bbox 1049 2659 1246 2705; x_wconf 87' lang='lat' dir='ltr'>mortuis</span> <span class='ocrx_word' id='word_1_414' title='bbox 1275 2671 1371 2704; x_wconf 90' lang='lat' dir='ltr'>non</span> <span class='ocrx_word' id='word_1_415' title='bbox 1394 2659 1549 2703; x_wconf 89' lang='lat' dir='ltr'>statim</span> <span class='ocrx_word' id='word_1_416' title='bbox 1571 2658 1783 2704; x_wconf 89' lang='lat' dir='ltr'>ascendit</span> <span class='ocrx_word' id='word_1_417' title='bbox 1811 2658 1860 2703; x_wconf 80' lang='lat' dir='ltr'>In</span> <span class='ocrx_word' id='word_1_418' title='bbox 1894 2673 1990 2705; x_wconf 84' lang='lat' dir='ltr'>coe·</span> <span class='ocrx_word' id='word_1_419' title='bbox 2051 2673 2060 2689; x_wconf 68' lang='lat'><strong><em>³</em></strong></span> <span class='ocrx_word' id='word_1_420' title='bbox 2132 2658 2155 2690; x_wconf 64' lang='lat'><em>³</em></span> 
     </span>
    </p>
   </div>
   <div class='ocr_carea' id='block_1_6' title="bbox 93 2721 2058 3154">
    <p class='ocr_par' dir='ltr' id='par_1_10' title="bbox 93 2721 2058 3154">
     <span class='ocr_line' id='line_1_42' title="bbox 93 2721 1991 2780; baseline 0.001 -12"><span class='ocrx_word' id='word_1_421' title='bbox 93 2723 210 2774; x_wconf 75' lang='lat' dir='ltr'>lum,</span> <span class='ocrx_word' id='word_1_422' title='bbox 234 2722 314 2768; x_wconf 88' lang='lat' dir='ltr'>sed</span> <span class='ocrx_word' id='word_1_423' title='bbox 346 2728 450 2779; x_wconf 85' lang='lat' dir='ltr'>post</span> <span class='ocrx_word' id='word_1_424' title='bbox 471 2722 571 2767; x_wconf 87' lang='lat' dir='ltr'>dies</span> <span class='ocrx_word' id='word_1_425' title='bbox 593 2722 919 2779; x_wconf 87' lang='lat' dir='ltr'>quadraginta,</span> <span class='ocrx_word' id='word_1_426' title='bbox 950 2726 1003 2768; x_wconf 87' lang='lat' dir='ltr'>ut</span> <span class='ocrx_word' id='word_1_427' title='bbox 1032 2721 1231 2768; x_wconf 89' lang='lat' dir='ltr'>habetur</span> <span class='ocrx_word' id='word_1_428' title='bbox 1262 2723 1375 2777; x_wconf 87' lang='lat' dir='ltr'>(Act.</span> <span class='ocrx_word' id='word_1_429' title='bbox 1414 2723 1459 2776; x_wconf 88' lang='lat'>1).</span> <span class='ocrx_word' id='word_1_430' title='bbox 1495 2722 1575 2766; x_wconf 92' lang='lat' dir='ltr'>Illo</span> <span class='ocrx_word' id='word_1_431' title='bbox 1603 2726 1758 2766; x_wconf 90' lang='lat' dir='ltr'>autem</span> <span class='ocrx_word' id='word_1_432' title='bbox 1782 2726 1991 2780; x_wconf 87' lang='lat' dir='ltr'>tempore</span> 
     </span>
     <span class='ocr_line' id='line_1_43' title="bbox 94 2783 1990 2842; baseline 0.001 -12"><span class='ocrx_word' id='word_1_433' title='bbox 94 2785 386 2839; x_wconf 79' lang='lat' dir='ltr'>intermediO,</span> <span class='ocrx_word' id='word_1_434' title='bbox 411 2785 456 2827; x_wconf 91' lang='lat' dir='ltr'>in</span> <span class='ocrx_word' id='word_1_435' title='bbox 483 2784 613 2830; x_wconf 89' lang='lat' dir='ltr'>nullo</span> <span class='ocrx_word' id='word_1_436' title='bbox 631 2785 723 2829; x_wconf 89' lang='lat' dir='ltr'>alio</span> <span class='ocrx_word' id='word_1_437' title='bbox 738 2784 840 2830; x_wconf 93' lang='lat' dir='ltr'>loco</span> <span class='ocrx_word' id='word_1_438' title='bbox 863 2785 1010 2842; x_wconf 85' lang='lat' dir='ltr'>potuit</span> <span class='ocrx_word' id='word_1_439' title='bbox 1029 2784 1384 2830; x_wconf 80' lang='lat' dir='ltr'>convenientius</span> <span class='ocrx_word' id='word_1_440' title='bbox 1398 2796 1501 2829; x_wconf 80' lang='lat' dir='ltr'>esse</span> <span class='ocrx_word' id='word_1_441' title='bbox 1514 2783 1656 2841; x_wconf 78' lang='lat' dir='ltr'>quam</span> <span class='ocrx_word' id='word_1_442' title='bbox 1674 2783 1755 2828; x_wconf 88' lang='lat' dir='ltr'>ubi</span> <span class='ocrx_word' id='word_1_443' title='bbox 1774 2783 1990 2842; x_wconf 89' lang='lat' dir='ltr'>discipuli</span> 
     </span>
     <span class='ocr_line' id='line_1_44' title="bbox 95 2845 1995 2905; baseline -0.001 -13"><span class='ocrx_word' id='word_1_444' title='bbox 95 2848 197 2904; x_wconf 88' lang='lat' dir='ltr'>ejus</span> <span class='ocrx_word' id='word_1_445' title='bbox 211 2855 344 2892; x_wconf 87' lang='lat' dir='ltr'>crant</span> <span class='ocrx_word' id='word_1_446' title='bbox 365 2847 537 2903; x_wconf 85' lang='lat' dir='ltr'>pariter</span> <span class='ocrx_word' id='word_1_447' title='bbox 555 2847 841 2904; x_wconf 86' lang='lat' dir='ltr'>congregati.</span> <span class='ocrx_word' id='word_1_448' title='bbox 863 2850 983 2905; x_wconf 83' lang='lat' dir='ltr'>Ergo</span> <span class='ocrx_word' id='word_1_449' title='bbox 997 2847 1181 2893; x_wconf 89' lang='lat' dir='ltr'>videtur</span> <span class='ocrx_word' id='word_1_450' title='bbox 1194 2846 1320 2905; x_wconf 80' lang='lat' dir='ltr'>qued</span> <span class='ocrx_word' id='word_1_451' title='bbox 1340 2847 1562 2892; x_wconf 88' lang='lat' dir='ltr'>continue</span> <span class='ocrx_word' id='word_1_452' title='bbox 1578 2858 1686 2892; x_wconf 91' lang='lat' dir='ltr'>cum</span> <span class='ocrx_word' id='word_1_453' title='bbox 1707 2845 1775 2891; x_wconf 88' lang='lat' dir='ltr'>eis</span> <span class='ocrx_word' id='word_1_454' title='bbox 1793 2859 1995 2892; x_wconf 85' lang='lat' dir='ltr'>conver-</span> 
     </span>
     <span class='ocr_line' id='line_1_45' title="bbox 97 2909 2058 2955; baseline -0.001 -1"><span class='ocrx_word' id='word_1_455' title='bbox 97 2910 188 2954; x_wconf 89' lang='lat' dir='ltr'>sari</span> <span class='ocrx_word' id='word_1_456' title='bbox 209 2909 434 2955; x_wconf 87' lang='lat' dir='ltr'>debuerit.</span> <span class='ocrx_word' id='word_1_457' title='bbox 2055 2922 2058 2925; x_wconf 73' lang='grc'><strong>’</strong></span> 
     </span>
     <span class='ocr_line' id='line_1_46' title="bbox 151 2969 1992 3029; baseline 0.001 -13"><span class='ocrx_word' id='word_1_458' title='bbox 151 2973 196 3016; x_wconf 86' lang='grc'>3.</span> <span class='ocrx_word' id='word_1_459' title='bbox 228 2974 467 3027; x_wconf 79' lang='lat' dir='ltr'>Praeterea,</span> <span class='ocrx_word' id='word_1_460' title='bbox 490 2971 593 3028; x_wconf 84' lang='lat' dir='ltr'>ipso</span> <span class='ocrx_word' id='word_1_461' title='bbox 613 2971 687 3017; x_wconf 89' lang='lat' dir='ltr'>die</span> <span class='ocrx_word' id='word_1_462' title='bbox 706 2972 1064 3018; x_wconf 90' lang='lat' dir='ltr'>resurrectionis</span> <span class='ocrx_word' id='word_1_463' title='bbox 1083 2971 1328 3018; x_wconf 82' lang='lat' dir='ltr'>dominicae</span> <span class='ocrx_word' id='word_1_464' title='bbox 1352 2969 1602 3029; x_wconf 90' lang='lat' dir='ltr'>quinquies</span> <span class='ocrx_word' id='word_1_465' title='bbox 1619 2969 1826 3015; x_wconf 89' lang='lat' dir='ltr'>Christus</span> <span class='ocrx_word' id='word_1_466' title='bbox 1847 2984 1992 3029; x_wconf 82' lang='lat' dir='ltr'>appa-</span> 
     </span>
     <span class='ocr_line' id='line_1_47' title="bbox 94 3032 1988 3091; baseline -0.001 -12"><span class='ocrx_word' id='word_1_467' title='bbox 94 3032 246 3079; x_wconf 86' lang='lat' dir='ltr'>ruisse</span> <span class='ocrx_word' id='word_1_468' title='bbox 265 3034 451 3090; x_wconf 84' lang='lat' dir='ltr'>legitur‚</span> <span class='ocrx_word' id='word_1_469' title='bbox 480 3039 534 3078; x_wconf 91' lang='lat' dir='ltr'>ut</span> <span class='ocrx_word' id='word_1_470' title='bbox 554 3035 844 3090; x_wconf 88' lang='lat' dir='ltr'>Augustinus</span> <span class='ocrx_word' id='word_1_471' title='bbox 866 3034 977 3080; x_wconf 89' lang='lat' dir='ltr'>dicit</span> <span class='ocrx_word' id='word_1_472' title='bbox 1001 3038 1078 3091; x_wconf 91' lang='lat' dir='ltr'>(De</span> <span class='ocrx_word' id='word_1_473' title='bbox 1108 3047 1343 3080; x_wconf 87' lang='lat' dir='ltr'>consensu</span> <span class='ocrx_word' id='word_1_474' title='bbox 1370 3033 1787 3089; x_wconf 84' lang='lat' dir='ltr'>Evangelistarum,</span> <span class='ocrx_word' id='word_1_475' title='bbox 1812 3032 1892 3078; x_wconf 87' lang='lat' dir='ltr'>lib.</span> <span class='ocrx_word' id='word_1_476' title='bbox 1924 3048 1988 3091; x_wconf 88' lang='lat'>111,</span> 
     </span>
     <span class='ocr_line' id='line_1_48' title="bbox 95 3095 1993 3154; baseline 0 -13"><span class='ocrx_word' id='word_1_477' title='bbox 95 3109 197 3154; x_wconf 87' lang='lat' dir='ltr'>cap.</span> <span class='ocrx_word' id='word_1_478' title='bbox 233 3095 316 3140; x_wconf 86' lang='lat' dir='ltr'>ult.</span> <span class='ocrx_word' id='word_1_479' title='bbox 349 3096 377 3140; x_wconf 80' lang='lat' dir='ltr'>a</span> <span class='ocrx_word' id='word_1_480' title='bbox 408 3096 568 3150; x_wconf 76' lang='lat' dir='ltr'>med.},</span> <span class='ocrx_word' id='word_1_481' title='bbox 593 3096 743 3153; x_wconf 83' lang='lat' dir='ltr'>primo</span> <span class='ocrx_word' id='word_1_482' title='bbox 774 3097 963 3154; x_wconf 87' lang='lat' dir='ltr'>quidem</span> <span class='ocrx_word' id='word_1_483' title='bbox 981 3098 1255 3143; x_wconf 89' lang='lat' dir='ltr'>mulieribus</span> <span class='ocrx_word' id='word_1_484' title='bbox 1282 3096 1341 3142; x_wconf 88' lang='lat' dir='ltr'>ad</span> <span class='ocrx_word' id='word_1_485' title='bbox 1363 3100 1752 3151; x_wconf 80' lang='lat' dir='ltr'>monumentum3</span> <span class='ocrx_word' id='word_1_486' title='bbox 1784 3095 1993 3142; x_wconf 78' lang='lat' dir='ltr'>secundo—</span> 
     </span>
    </p>
   </div>
   <div class='ocr_carea' id='block_1_7' title="bbox 94 3192 1989 3478">
    <p class='ocr_par' dir='ltr' id='par_1_11' title="bbox 94 3192 1989 3478">
     <span class='ocr_line' id='line_1_49' title="bbox 135 3192 1499 3238; baseline 0.002 -10"><span class='ocrx_word' id='word_1_487' title='bbox 135 3194 179 3236; x_wconf 72' lang='lat'>(4)</span> <span class='ocrx_word' id='word_1_488' title='bbox 198 3193 453 3228; x_wconf 80' lang='lat' dir='ltr'>Observandum</span> <span class='ocrx_word' id='word_1_489' title='bbox 471 3197 522 3227; x_wconf 81' lang='lat' dir='ltr'>est</span> <span class='ocrx_word' id='word_1_490' title='bbox 539 3198 664 3235; x_wconf 79' lang='lat' dir='ltr'>tamen,</span> <span class='ocrx_word' id='word_1_491' title='bbox 682 3192 730 3228; x_wconf 85' lang='lat' dir='ltr'>ait</span> <span class='ocrx_word' id='word_1_492' title='bbox 752 3192 896 3235; x_wconf 82' lang='lat' dir='ltr'>Sylvius,</span> <span class='ocrx_word' id='word_1_493' title='bbox 907 3194 999 3235; x_wconf 71' lang='lat' dir='ltr'>quod</span> <span class='ocrx_word' id='word_1_494' title='bbox 1125 3196 1168 3238; x_wconf 80' lang='lat'>(2)</span> <span class='ocrx_word' id='word_1_495' title='bbox 1185 3196 1345 3237; x_wconf 76' lang='lat' dir='ltr'>Vulgata,</span> <span class='ocrx_word' id='word_1_496' title='bbox 1366 3199 1499 3231; x_wconf 80' lang='lat' dir='ltr'>autem.</span> 
     </span>
     <span class='ocr_line' id='line_1_50' title="bbox 95 3241 1989 3289; baseline -0.001 -13"><span class='ocrx_word' id='word_1_497' title='bbox 95 3241 154 3276; x_wconf 77' lang='lat' dir='ltr'>ille</span> <span class='ocrx_word' id='word_1_498' title='bbox 180 3242 263 3289; x_wconf 69' lang='lat' dir='ltr'>ordo</span> <span class='ocrx_word' id='word_1_499' title='bbox 298 3242 526 3276; x_wconf 86' lang='lat' dir='ltr'>communiter</span> <span class='ocrx_word' id='word_1_500' title='bbox 557 3242 696 3283; x_wconf 86' lang='lat' dir='ltr'>quidem</span> <span class='ocrx_word' id='word_1_501' title='bbox 725 3247 898 3284; x_wconf 83' lang='lat' dir='ltr'>servatur,</span> <span class='ocrx_word' id='word_1_502' title='bbox 929 3255 996 3277; x_wconf 88' lang='lat' dir='ltr'>non</span> <span class='ocrx_word' id='word_1_503' title='bbox 1126 3245 1170 3287; x_wconf 87' lang='lat'>(5)</span> <span class='ocrx_word' id='word_1_504' title='bbox 1196 3245 1225 3279; x_wconf 79' lang='lat' dir='ltr'><em>A</em></span> <span class='ocrx_word' id='word_1_505' title='bbox 1256 3255 1327 3289; x_wconf 84' lang='lat' dir='ltr'>quo</span> <span class='ocrx_word' id='word_1_506' title='bbox 1350 3244 1479 3279; x_wconf 84' lang='lat' dir='ltr'>indicat</span> <span class='ocrx_word' id='word_1_507' title='bbox 1497 3242 1704 3285; x_wconf 77' lang='lat' dir='ltr'>principium</span> <span class='ocrx_word' id='word_1_508' title='bbox 1731 3242 1749 3276; x_wconf 67' lang='lat' dir='ltr'>a</span> <span class='ocrx_word' id='word_1_509' title='bbox 1769 3253 1835 3288; x_wconf 79' lang='lat' dir='ltr'>quo</span> <span class='ocrx_word' id='word_1_510' title='bbox 1859 3241 1989 3282; x_wconf 74' lang='lat' dir='ltr'>aliquid</span> 
     </span>
     <span class='ocr_line' id='line_1_51' title="bbox 97 3289 1987 3336; baseline -0.001 -11"><span class='ocrx_word' id='word_1_511' title='bbox 97 3297 209 3325; x_wconf 75' lang='lat' dir='ltr'>tamen</span> <span class='ocrx_word' id='word_1_512' title='bbox 228 3290 433 3325; x_wconf 77' lang='lat' dir='ltr'>universum.</span> <span class='ocrx_word' id='word_1_513' title='bbox 455 3289 576 3330; x_wconf 77' lang='lat' dir='ltr'>Negari</span> <span class='ocrx_word' id='word_1_514' title='bbox 595 3289 687 3323; x_wconf 87' lang='lat' dir='ltr'>enim</span> <span class='ocrx_word' id='word_1_515' title='bbox 709 3302 777 3324; x_wconf 90' lang='lat' dir='ltr'>non</span> <span class='ocrx_word' id='word_1_516' title='bbox 792 3295 900 3330; x_wconf 85' lang='lat' dir='ltr'>potest</span> <span class='ocrx_word' id='word_1_517' title='bbox 913 3291 996 3331; x_wconf 89' lang='lat' dir='ltr'>quin</span> <span class='ocrx_word' id='word_1_518' title='bbox 1084 3292 1198 3335; x_wconf 76' lang='lat' dir='ltr'>vonit3</span> <span class='ocrx_word' id='word_1_519' title='bbox 1224 3293 1275 3327; x_wconf 76' lang='lat' dir='ltr'>acl</span> <span class='ocrx_word' id='word_1_520' title='bbox 1308 3303 1411 3336; x_wconf 78' lang='lat' dir='ltr'>quem</span> <span class='ocrx_word' id='word_1_521' title='bbox 1442 3291 1570 3326; x_wconf 77' lang='lat' dir='ltr'>indicat</span> <span class='ocrx_word' id='word_1_522' title='bbox 1594 3290 1781 3326; x_wconf 85' lang='lat' dir='ltr'>terminum</span> <span class='ocrx_word' id='word_1_523' title='bbox 1818 3289 1858 3324; x_wconf 82' lang='lat' dir='ltr'>ad</span> <span class='ocrx_word' id='word_1_524' title='bbox 1888 3301 1987 3331; x_wconf 80' lang='lat' dir='ltr'>quem</span> 
     </span>
     <span class='ocr_line' id='line_1_52' title="bbox 96 3337 1357 3381; baseline 0.002 -9"><span class='ocrx_word' id='word_1_525' title='bbox 96 3339 236 3380; x_wconf 82' lang='lat' dir='ltr'>apostoli</span> <span class='ocrx_word' id='word_1_526' title='bbox 252 3338 404 3380; x_wconf 81' lang='lat' dir='ltr'>quaedam</span> <span class='ocrx_word' id='word_1_527' title='bbox 421 3338 579 3379; x_wconf 82' lang='lat' dir='ltr'>mysteria</span> <span class='ocrx_word' id='word_1_528' title='bbox 595 3337 672 3372; x_wconf 82' lang='lat' dir='ltr'>fidei</span> <span class='ocrx_word' id='word_1_529' title='bbox 690 3338 886 3372; x_wconf 80' lang='lat' dir='ltr'>immediate</span> <span class='ocrx_word' id='word_1_530' title='bbox 900 3339 968 3373; x_wconf 86' lang='lat' dir='ltr'>sive</span> <span class='ocrx_word' id='word_1_531' title='bbox 981 3342 999 3373; x_wconf 68' lang='lat' dir='ltr'>a</span> <span class='ocrx_word' id='word_1_532' title='bbox 1085 3339 1215 3381; x_wconf 77' lang='lat' dir='ltr'>aliquid</span> <span class='ocrx_word' id='word_1_533' title='bbox 1234 3340 1357 3375; x_wconf 80' lang='lat' dir='ltr'>tendit.</span> 
     </span>
     <span class='ocr_line' id='line_1_53' title="bbox 98 3385 1280 3429; baseline 0.002 -10"><span class='ocrx_word' id='word_1_534' title='bbox 98 3387 232 3421; x_wconf 80' lang='lat' dir='ltr'>Christo</span> <span class='ocrx_word' id='word_1_535' title='bbox 255 3387 435 3429; x_wconf 83' lang='lat' dir='ltr'>loquente,</span> <span class='ocrx_word' id='word_1_536' title='bbox 463 3386 532 3421; x_wconf 81' lang='lat' dir='ltr'>sive</span> <span class='ocrx_word' id='word_1_537' title='bbox 559 3386 577 3419; x_wconf 75' lang='grc' dir='ltr'>ὲ</span> <span class='ocrx_word' id='word_1_538' title='bbox 605 3385 736 3426; x_wconf 81' lang='lat' dir='ltr'>Spiritu</span> <span class='ocrx_word' id='word_1_539' title='bbox 762 3391 878 3420; x_wconf 85' lang='lat' dir='ltr'>sancto</span> <span class='ocrx_word' id='word_1_540' title='bbox 900 3386 1000 3428; x_wconf 79' lang='lat' dir='ltr'>inspi-</span> <span class='ocrx_word' id='word_1_541' title='bbox 1276 3398 1280 3401; x_wconf 70' lang='grc'><em>’</em></span> 
     </span>
     <span class='ocr_line' id='line_1_54' title="bbox 94 3433 417 3478; baseline 0 -9"><span class='ocrx_word' id='word_1_542' title='bbox 94 3438 193 3470; x_wconf 79' lang='lat' dir='ltr'>rante</span> <span class='ocrx_word' id='word_1_543' title='bbox 212 3433 417 3478; x_wconf 74' lang='lat' dir='ltr'>acceperint.</span> 
     </span>
    </p>
   </div>
   <div class='ocr_carea' id='block_1_8' title="bbox 2125 1149 2170 2798">
    <p class='ocr_par' dir='ltr' id='par_1_12' title="bbox 2125 1149 2170 2798">
     <span class='ocr_line' id='line_1_55' title="bbox 2125 1149 2170 2798; baseline 0 0"><span class='ocrx_word' id='word_1_544' title='bbox 2125 1149 2170 2798; x_wconf 95' lang='lat' dir='ltr'> </span> 
     </span>
    </p>
   </div>
  </div>
 </body>
</html>
