2170 3808
805 215 1006 273 QUAEsr.
1035 219 1173 272 xmv,
1203 217 1322 260 ΛΒΤ.
1352 217 1386 261 1.
1956 211 2032 256 361

830 342 1133 407 QUAESTIO
1178 339 1357 393 XLIV.

186 477 248 512 DE
280 475 490 513 SiNGums
525 471 866 509 MIRACULORUM
901 467 1173 511 SPECIEBUS,
1192 515 1194 517 ι
1212 466 1259 501 IN
1293 464 1512 507 QUATUOR
1546 463 1802 502 ARTIGULOS
1832 439 2002 497 DwisA·

203 563 354 604 Deinde
368 559 708 603 considerandum
725 564 786 599 est
803 558 852 599 de
870 556 1048 609 singulis
1060 553 1358 595 miraculorum
1376 552 1611 603 speciebus:
1632 555 1672 592 et
1693 557 1730 592 1⁰
1750 553 1806 592 De
1826 548 2038 591 miraculis

154 629 246 670 quae
261 617 354 658 fecit
371 616 478 658 circa
492 614 726 667 spirituales
743 612 1010 654 substantias.
1038 631 1088 639 —
1113 615 1153 648 2⁰
1178 609 1235 649 De
1258 606 1471 647 miraculis
1499 618 1592 670 quae
1618 606 1711 670 fecit
1735 606 1841 647 circa
1860 604 2038 671 cmlestia

154 683 381 725 corpora.-—
397 676 438 711 3·
456 672 512 711 De
527 669 738 710 miraculis
754 680 846 721 quae
858 667 952 708 fecit
964 666 1071 706 circa
1085 664 1287 704 homines.
1305 684 1352 691 —
1368 666 1408 701 4⁰
1421 662 1478 701 De
1492 661 1704 702 miraculis
1719 673 1810 713 quae
1825 662 1918 702 fecit
1932 672 2038 703 circa

153 731 356 768 creaturas
369 724 637 766 irrationales.
1549 777 1552 781 ι

152 790 494 833 ARTICULUS
528 791 565 831 1.
587 812 642 818 -—
671 798 810 829 urium
842 796 1047 828 Minaeum
1083 794 1211 825 men
1246 793 1328 823 run
1366 790 1570 822 culusum
1610 791 1732 821 cinca
1775 791 2037 823 smmi-unns

641 858 918 891 sunsmnrus
939 856 1117 887 runam-
1145 854 1451 886 conveniemus
1472 841 1547 894 (1).

205 910 273 956 Ad
290 910 492 967 primum
518 908 586 954 sic
602 908 883 966 proceditur.
917 910 939 950 1
951 938 961 947 .
987 905 1176 949 Videtur
1193 902 1319 961 quod
1334 901 1557 946 miracula
1575 913 1680 958 quae
1704 900 1813 945 fecit
1829 900 2036 946 Christus

151 971 274 1016 circa
301 970 563 1028 spirituales
594 968 881 1015 substantias
911 979 1007 1011 non
1035 965 1211 1010 fuerint
1246 962 1586 1009 convenientia.
1618 964 1739 1006 inter
1770 961 2034 1018 spirituales

150 1030 273 1076 enim
294 1030 581 1076 substantias
608 1029 758 1075 sancti
786 1027 941 1085 angeli
962 1025 1236 1084 praepollent
1257 1023 1579 1069 daemonibus:
1605 1023 1731 1093 quia,
1753 1028 1807 1067 ut
1820 1022 2035 1080 Augusti·

150 1105 241 1138 nus
265 1092 375 1139 dicit
398 1095 474 1146 (De
499 1092 658 1140 Trinit.
683 1092 763 1136 lib.
789 1105 850 1148 m,
870 1101 973 1146 cap.
995 1091 1040 1144 4,
1065 1092 1172 1132 ante
1204 1086 1366 1142 med),
1394 1103 1414 1123 «
1439 1085 1629 1141 spiritus
1657 1089 1763 1129 Vitae
1795 1084 2034 1131 rationalis

149 1153 355 1199 desertor
388 1158 528 1212 atque
561 1158 776 1210 peccator
803 1151 981 1209 regitur
1001 1161 1084 1206 per
1117 1148 1332 1205 spiritum
1369 1147 1476 1190 vitae
1514 1147 1787 1191 rationalem
1824 1146 1954 1204 pium
1986 1153 2035 1193 et

144 1215 341 1272 j11stum.
369 1235 391 1254 n
427 1217 516 1262 Sed
547 1216 754 1260 Christus
776 1227 871 1259 non
894 1211 1064 1270 legitur
1087 1210 1242 1267 aliqua
1276 1209 1500 1254 miracula
1526 1209 1692 1254 fecisse
1722 1209 1846 1254 circa
1887 1222 2034 1267 ange-

148 1277 219 1322 los
239 1277 405 1323 bonos.
424 1277 544 1334 Ergo
563 1289 650 1322 nec
678 1276 817 1322 etiam
850 1275 973 1320 circa
998 1274 1237 1318 daemones
1257 1271 1412 1328 aliqua
1444 1270 1668 1316 miracula
1683 1270 1836 1316 facere
1855 1272 2029 1318 debuit.

200 1340 243 1382 2.
268 1341 507 1395 Praeterea,
529 1338 757 1383 miracula
776 1336 940 1381 Christi
969 1334 1303 1380 ordinabantur
1324 1333 1383 1377 ad
1404 1332 1794 1377 manifestandam
1819 1332 2033 1378 divinita-

129 1404 237 1444 ‘tem
269 1399 431 1456 ipsius.
454 1400 541 1445 Sed
565 1394 780 1444 divinitas
804 1397 966 1443 Christi
985 1409 1079 1441 non
1110 1399 1209 1442 erat
1237 1394 1528 1440 daemonibus
1548 1394 1902 1450 manifestanda,
1922 1396 2033 1453 quia

145 1472 228 1516 per
259 1461 348 1505 hoc
382 1460 657 1518 impeditum
688 1461 854 1506 fuisset
889 1459 1168 1517 mysterium
1202 1456 1435 1514 passionis
1474 1455 1600 1513 eJ'uS,
1623 1456 1884 1500 secundum
1916 1456 2033 1503 illud

144 1523 195 1576 (1.
217 1523 319 1566 Cor.
342 1535 396 1581 ιι,
414 1525 456 1574 8)
481 1538 495 1566 ·:
525 1525 575 1566 Si
594 1525 927 1578 coqnovissent‚
949 1533 1180 1576 nunquam
1218 1521 1458 1561 Dominum
1491 1518 1652 1575 qloriae
1686 1520 2028 1573 crucifixissent.

145 1585 263 1639 Ergo
284 1595 380 1628 non
402 1583 563 1628 debuit
582 1584 704 1628 circa
722 1584 957 1629 daemones
980 1583 1134 1638 aliqua
1150 1581 1375 1626 miracula
1395 1580 1560 1625 facere.

199 1646 246 1688 3.
265 1646 506 1699 Praeterea.
523 1645 746 1690 miracula
765 1645 928 1689 Christi
947 1644 1007 1689 ad
1026 1644 1221 1701 gloriam
1242 1643 1320 1687 Dei
1342 1642 1677 1686 ordinabantur
1693 1641 1842 1686 :unde
1865 1641 2033 1687 dicitur

148 1705 315 1755 (Matth.
334 1720 392 1763 rx,
411 1709 471 1763 8),
488 1707 614 1763 quod
634 1707 846 1752 videntes
868 1706 1016 1752 turbae
1033 1706 1341 1763 paralyticum
1364 1710 1580 1749 sanatum
1603 1705 1630 1748 a
1647 1704 1845 1761 Christo,
1872 1707 2031 1749 timue-

147 1769 276 1822 runt,
300 1771 346 1811 et
365 1768 733 1824 qloriftcaverunt
757 1774 916 1827 Deum,
938 1772 1015 1824 qui
1033 1769 1162 1812 dedit
1181 1770 1452 1824 potestatem
1485 1768 1622 1810 talem
1646 1767 1913 1811 hominibus.
1943 1767 2032 1812 Sed

146 1828 206 1872 ad
236 1827 472 1874 daemones
490 1841 586 1874 non
605 1831 800 1886 pertinet
825 1830 1082 1887 glorificare
1106 1834 1273 1885 Deum,
1295 1832 1404 1885 quia
1433 1843 1521 1872 non
1543 1832 1609 1872 est
1629 1831 1830 1886 speciosa
1858 1829 1962 1873 laus
1983 1831 2032 1873 in

37 1895 73 1907 “⁷
104 1916 108 1917 ν
147 1902 225 1933 ore
243 1893 508 1947 peccatoris,
527 1895 580 1935 ut
604 1892 772 1937 dicitur
793 1892 944 1946 (Eecli.
965 1906 1036 1943 xv,
1055 1895 1098 1946 9)
1118 1906 1131 1937 :
1152 1892 1279 1936 unde
1305 1896 1352 1936 et
1380 1891 1501 1939 sicut
1534 1891 1702 1936 dieitur
1735 1891 1885 1944 <Marci
1915 1897 1957 1948 ι),
1985 1897 2031 1937 et

144 1952 293 2004 (Lucae
308 1954 457 2006 1v)(2)‚
477 1964 572 1997 non
587 1953 771 1998 sinebat
791 1953 1017 1999 daemonia
1034 1953 1161 2009 loqui
1177 1965 1231 1998 ea
1249 1965 1356 2009 quae
1379 1952 1437 1997 ad
1457 1952 1650 2009 gloriam
1663 1952 1810 2008 ipsius
1825 1953 2031 2009 pertine-

144 2011 273 2056 bant.
291 2015 409 2070 Ergo
433 2013 618 2059 videtur
635 2027 730 2059 non
755 2015 902 2060 fuisse
917 2015 1202 2060 conveniens
1219 2014 1343 2072 quod
1363 2015 1485 2059 circa
1513 2014 1749 2059 daemones
1776 2013 1930 2071 aliqua
1948 2015 2030 2060 mi-

143 2073 300 2118 racula
318 2074 504 2119 faceret.

195 2138 239 2178 4.
263 2137 499 2191 Praeterea,
519 2135 742 2180 miracula
764 2137 792 2181 a
814 2137 991 2182 Christo
1016 2138 1142 2182 facta
1163 2137 1222 2182 ad
1248 2137 1446 2181 salutem
1471 2136 1712 2181 hominum
1737 2136 2025 2183 ordinantur.

141 2195 229 2240 Sed
249 2197 462 2254 quaedam
487 2197 713 2242 daemonia
738 2198 796 2243 ab
819 2199 1086 2243 hominibus
1105 2198 1250 2255 ejecta
1268 2198 1458 2242 fuerunt
1487 2211 1594 2242 cum
1622 2199 1864 2243 hominum
1886 2199 2028 2246 detri—

143 2262 301 2302 mento
320 2258 597 2316 quandoque
625 2259 815 2316 quidem
838 2261 1082 2318 corporali,
1100 2261 1221 2305 sicut
1243 2260 1412 2304 dieitur
1426 2261 1573 2315 (Marci
1596 2274 1652 2316 1x‚
1678 2264 1762 2317 25),
1779 2261 1908 2318 quod
1933 2263 2027 2308 dae-

142 2330 253 2363 mon
283 2318 343 2367 ad
380 2325 662 2377 praeceptum
695 2321 858 2366 Christi
885 2322 1170 2378 exclamans,
1202 2325 1244 2365 et
1271 2322 1462 2365 multam
1493 2323 1750 2379 discerpens
1784 2324 2025 2383 hominem,

142 2383 254 2423 exiit
271 2380 329 2423 ab
347 2393 413 2436 eo,
437 2385 480 2425 et
496 2384 648 2436 factus
671 2388 734 2425 est
757 2385 874 2427 sicut
894 2387 1112 2438 mortuus,
1137 2387 1206 2427 ita
1234 2386 1285 2427 ut
1301 2383 1431 2426 multi
1450 2383 1665 2439 dicerent,
1691 2387 1797 2440 qnia
1824 2390 2027 2430 mortuus

141 2445 206 2485 est
225 2456 242 2483 .·
266 2443 546 2500 quandoque
568 2444 707 2489 etiam
726 2458 831 2490 cum
855 2445 1026 2491 damno
1050 2459 1224 2502 rerum,
1260 2446 1380 2491 sicut
1403 2446 1590 2503 quando
1609 2447 1843 2493 daemones
1865 2449 1923 2494 ad
1945 2462 2025 2494 eo-

139 2514 246 2547 rum
267 2517 427 2561 preces
444 2505 569 2550 misit
589 2506 638 2550 in
653 2519 834 2564 porcos,
857 2521 974 2565 quos
995 2509 1400 2566 praecipitaverunt
1421 2508 1471 2552 in
1493 2521 1647 2553 mare:
1672 2510 1798 2555 unde
1820 2511 1946 2556 cives
1968 2511 2024 2556 il-

139 2564 231 2609 lius
261 2565 463 2622 regionis
497 2574 780 2623 rogaverunt
812 2582 921 2615 eum
957 2575 1010 2616 ut
1041 2571 1257 2615 transiret
1293 2571 1320 2614 a
1358 2570 1531 2615 finibus
1570 2573 1745 2627 eornm,
1771 2576 1825 2617 ut
1855 2572 2025 2629 legitur

141 2625 309 2669 matth.
324 2628 427 2681 vm).
447 2630 564 2684 Ergo
593 2629 775 2674 videtur
793 2630 1174 2676 inconvenienter
1193 2631 1360 2676 secisse
1386 2631 1650 2688 huiusmodi
1673 2632 1912 2678 miracula.

196 2685 285 2730 Sed
305 2694 461 2730 contra
483 2693 555 2733 est
575 2690 698 2746 quod
720 2693 867 2744 (Zaeh.
884 2706 975 2748 xm,
996 2696 1037 2747 2)
1057 2693 1145 2737 hoe
1162 2692 1522 2749 praenuntiatum
1540 2692 1707 2749 suerat,
1726 2693 2022 2740 ubidicitur:

141 2747 362 2802 Spiritum
379 2752 656 2794 immundum
677 2757 885 2808 anferam
911 2755 969 2798 de
990 2759 1116 2798 terra
1139 2756 1211 2809 (3).

141 2819 549 2915 viggffiplgsm‘t—
571 2825 821 2867 Conveniens
837 2828 918 2868 fuit
935 2831 984 2867 ut
998 2828 1185 2868 Christus
1198 2829 1222 2868 a
1237 2827 1424 2868 daemone
1441 2839 1584 2868 omnes
1597 2828 1777 2868 obsessos
1792 2829 2024 2871 divinitatis

323 2887 335 2913 1
388 2887 472 2915 rare
495 2906 505 2915 .

198 2937 465 2992 Respondeo
481 2938 728 2985 dicendum
748 2943 871 2999 quod
886 2945 1110 2989 miracula
1125 2958 1228 3003 quae
1244 2946 1448 2989 Christus
1461 2944 1587 3001 fecit,
1603 2950 1877 3002 argumenta
1892 2961 2022 3004 quae-

143 2994 249 3040 dam
266 2997 454 3042 fuerunt
475 2998 580 3044 fidei
599 3013 740 3057 quam
753 3003 851 3061 ipse
870 3005 1083 3052 docebat.
1103 3009 1328 3051 Futurum
1349 3014 1503 3051 autem
1525 3012 1623 3051 erat
1639 3013 1690 3051 ut
1709 3020 1790 3064 per
1802 3009 2019 3054 virtutem
2068 3035 2071 3037 -

141 3056 397 3103 Divinitatis
420 3059 522 3116 ejus
547 3062 811 3111 excluderet
831 3067 1095 3113 daemonum
1115 3073 1387 3126 potestatem
1410 3068 1469 3112 ab
1488 3069 1751 3119 hominibus
1780 3072 2022 3117 credituris

195 3193 227 3234 l)
245 3194 343 3228 Circa
356 3195 549 3236 spirituales
559 3197 774 3239 substantiae,
790 3202 919 3238 scilicet
931 3216 1036 3245 quum
1121 3206 1145 3240 ὰ
1165 3205 1292 3239 multis
1313 3205 1528 3246 clamantia,
1551 3209 1591 3240 tu
1609 3218 1644 3241 es
1664 3209 1785 3242 Filius
1810 3209 1895 3243 Dei.-
1915 3215 1947 3244 ει
1968 3213 2021 3244 in·

142 3240 290 3294 Spiritus
304 3241 407 3295 verbo
427 3243 564 3282 ejiceret
578 3245 696 3285 (Matth
710 3273 719 3281 .
743 3255 807 3281 vni
835 3252 867 3283 et
886 3251 993 3290 alihii.
1121 3261 1279 3295 crepans
1295 3262 1371 3286 non
1388 3253 1529 3287 sinebat
1545 3265 1586 3289 ea
1600 3255 1711 3297 qutsi.

179 3287 224 3330 (2)
256 3289 311 3321 Sic
341 3301 432 3323 enim
459 3291 705 3347 (matth-12⁶4,
735 3295 787 3336 25)
814 3296 948 3336 spiritui
976 3297 1038 3333 im·
1164 3301 1208 3341 (5)
1238 3300 1336 3342 Quod
1363 3300 1403 3334 ad
1433 3301 1738 3343 pseudoprophetas
1771 3303 1827 3344 qni
1858 3302 2017 3344 maligno,

141 3335 267 3391 mundo
294 3337 492 3391 exclamanti
515 3352 524 3373 :
552 3340 637 3394 ..Scio
662 3344 693 3375 te
715 3344 778 3385 qui
800 3345 861 3384 sis,
882 3346 1036 3380 Sanctus
1121 3346 1276 3389 improbo
1293 3352 1326 3382 et
1352 3348 1527 3383 immundo
1542 3351 1663 3391 spiritu
1675 3351 1763 3391 pleni
1784 3358 1898 3392 ριιιιιῐ,
1914 3351 2015 3392 cyril·

141 3382 222 3422 Det,
233 3389 455 3419 comminatus
468 3390 518 3421 est
533 3387 668 3422 dicens:
686 3389 892 3425 Obmutesce
907 3405 918 3432 ,·
939 3403 1035 3430 gene·
1121 3394 1186 3437 lus,
1201 3396 1434 3431 Tlieodoretus
1451 3403 1484 3432 et
1503 3398 1561 3433 alii
1579 3399 1694 3433 Patres
1714 3399 1876 3432 referunt.

142 3431 243 3466 ralids
262 3437 373 3467 autem
390 3435 480 3475 (Luc.
504 3443 552 3477 lv,
569 3436 622 3477 M)
646 3448 654 3471 ε
673 3438 836 3474 Exibunt
856 3440 996 3476 daemtm
