2170 3808
231 237 290 281 24
920 233 1117 285 QUAEST.
1149 234 1207 289 Π,
1238 234 1356 276 ART.
1387 233 1455 276 VI.

239 323 367 374 tura,
390 317 453 361 ita
469 316 594 373 quod
613 315 944 360 confiterentur
966 315 1194 359 Christum
1220 326 1322 359 esse
1342 326 1398 358 ex
1428 312 1612 358 duabus
1639 311 1842 370 naturis,
1867 310 2003 367 quasi
2027 315 2134 356 ante

238 380 460 424 unionem
485 378 733 434 distinctis,
758 389 853 421 non
873 381 1029 420 autem
1052 377 1097 420 in
1119 375 1303 420 duabus
1329 375 1524 431 naturis,
1543 374 1677 431 quasi
1694 377 1799 430 post
1817 372 2036 416 unionem
2055 385 2135 426 na·
2161 364 2167 384 ⁹

238 445 448 485 turarum
472 439 769 485 distinctione
790 443 1020 483 cessante.
1045 438 1141 483 Alia
1170 437 1282 482 vero
1306 437 1394 482 fuit
1412 436 1603 481 haeresis
1623 435 1813 480 Nestorii
1844 438 1890 478 et
1912 433 2132 478 Theodori

238 502 546 559 Mopsuesteni
568 501 887 557 separantium
909 513 1151 557 personas.
1182 503 1444 544 Posuerunt
1461 498 1586 543 enim
1602 499 1741 542 aliam
1760 509 1864 541 esse
1886 507 2134 552 personam

239 565 336 608 Filii
371 563 471 616 Dei,
493 570 538 608 et
561 563 640 607 filii
665 562 867 607 hominis
884 596 896 617 ,
922 574 1040 620 quas
1066 561 1284 606 dic-‚ebant
1307 560 1390 604 sibi
1427 560 1626 604 invicem
1658 571 1764 604 esse
1786 558 1964 612 unitas,
1984 555 2134 613 primo

239 625 426 682 quidem
452 625 711 670 secundum
731 623 1127 679 inhabitationem,
1148 624 1426 679 inquantum
1447 620 1620 666 scilicet
1638 620 1837 665 Verbum
1856 618 1928 662 Dei
1957 617 2132 662 habita-

238 687 304 731 vit
323 688 368 730 in
388 688 465 731 ilio
488 687 676 731 homine
691 686 813 730 sicut
831 686 879 730 in
897 686 1096 742 templo·,
1114 684 1339 739 secundo,
1359 696 1442 740 per
1459 683 1687 727 unitatem
1707 683 1918 735 affecmS,
1938 680 2135 736 inquan-

240 751 338 792 tum
361 749 537 793 scilicet
560 748 779 792 voluntas
798 746 924 791 illius
954 746 1156 791 hominis
1179 751 1251 791 est
1275 757 1458 801 semper
1480 744 1731 789 conformis
1750 740 1978 788 voluntati
1999 740 2135 785 Verbi

238 810 311 854 Dei
327 824 339 864 ς
354 811 503 866 tertio,
526 810 783 854 secundum
799 809 1133 866 operationem,
1153 813 1290 865 prout
1313 807 1489 852 scilicet
1510 807 1726 852 dicebant
1746 805 1981 850 hominem
2003 802 2134 847 illum

237 884 342 917 esse
358 873 489 916 Verbi
506 873 578 917 Dei
596 872 981 926 instrumentum,
1008 870 1188 927 quarto,
1210 869 1468 916 secundum
1487 869 1756 926 dignitatem
1771 867 1975 920 honoris,
1997 870 2135 923 prout

237 935 390 979 omnis
421 936 570 979 honor
590 935 667 991 qui
705 933 948 978 exhibetur
981 933 1092 977 Filio
1125 933 1229 986 Dei,
1254 931 1558 977 coexhibetur
1590 931 1686 976 filio
1712 929 1914 976 hominis
1946 932 2135 984 propter

238 997 618 1053 conjunctionem
639 996 698 1040 ad
721 995 885 1040 Filium
905 995 980 1039 Dei
999 1010 1011 1051 ς
1037 994 1218 1052 quinto,
1239 993 1499 1039 secundum
1521 993 1951 1050 aequivocationem,
1976 989 2022 1034 id
2044 996 2131 1047 est,

238 1058 707 1102 communicationem
742 1057 1002 1112 nominum,
1027 1060 1165 1113 prout
1191 1056 1368 1100 scilicet
1389 1054 1588 1100 dicimus
1618 1053 1750 1098 illum
1774 1053 2010 1098 hominem
2030 1062 2134 1096 esse

236 1122 381 1164 Deum
405 1126 452 1165 et
474 1120 638 1164 Filium
670 1120 764 1163 Dei.
788 1119 1079 1163 Manifestum
1111 1122 1182 1163 est
1215 1122 1370 1162 autem
1394 1117 1508 1161 istos
1539 1128 1703 1160 omnes
1729 1116 1892 1160 modos
1916 1113 2134 1159 acciden-

238 1181 376 1225 talem
397 1182 618 1226 unionem
635 1182 884 1238 importare
903 1182 977 1235 (1).
996 1180 1190 1232 Quidam
1211 1184 1367 1224 autem
1386 1178 1668 1235 posteriores
1686 1177 1894 1233 magistri
1915 1180 2135 1232 putantes

238 1255 289 1288 se
305 1244 388 1287 has
406 1244 610 1289 haereses
629 1243 878 1298 declinare,
896 1243 943 1286 in
964 1255 1043 1287 eas
1063 1255 1145 1299 per
1167 1242 1476 1298 ignorantiam
1501 1241 1782 1285 inciderunt.
1801 1238 1994 1292 Quidam
2008 1235 2134 1281 enim

237 1316 398 1349 eorum
417 1309 753 1349 concesserunt
775 1317 919 1348 unam
938 1303 1100 1348 Christi
1123 1315 1370 1360 personam
1388 1337 1400 1360 ,
1429 1303 1512 1348 sed
1530 1306 1790 1360 posuerunt
1812 1301 1928 1345 duas
1957 1301 2136 1358 hypos-

237 1372 378 1423 tases,
413 1368 514 1412 sive
547 1367 642 1412 duo
676 1366 942 1423 supposita,
968 1366 1177 1411 dicentes
1199 1365 1433 1409 hominem
1463 1364 1711 1421 quemdam
1736 1361 2043 1419 compositum
2076 1373 2133 1405 ex

237 1440 430 1486 corpore
452 1435 498 1473 et
521 1428 677 1472 anima
697 1428 890 1485 a·princi
898 1428 972 1484 pio
991 1440 1089 1472 suae
1103 1427 1422 1483 conceptionis
1443 1439 1547 1472 esse
1564 1431 1859 1482 assumptum
1876 1424 1904 1467 a
1922 1422 1999 1468 Dei
2022 1425 2135 1468 Ver-

235 1489 313 1534 bo.
334 1493 387 1535 Et
406 1492 506 1535 haec
525 1496 596 1534 est
614 1491 763 1546 prima
785 1489 968 1546 opinio,
999 1502 1141 1547 quam
1169 1489 1383 1545 Magister
1409 1489 1541 1546 ponit
1565 1490 1705 1539 (Sent.
1728 1487 1811 1531 lib.
1837 1500 1909 1542 111,
1934 1485 2040 1530 dist.
2070 1487 2131 1538 6).

238 1551 321 1595 Alii
344 1551 456 1597 vero
478 1551 690 1596 volentes
714 1564 900 1596 servare
922 1552 1151 1596 unitatem
1182 1563 1420 1608 personae,
1449 1554 1708 1607 posuerunt
1738 1549 1899 1593 Christi
1930 1548 2134 1592 animam

238 1624 333 1656 non
366 1625 469 1658 esse
498 1612 677 1669 corpori
708 1612 913 1668 unitam,
947 1613 1029 1656 sed
1052 1613 1151 1657 haec
1178 1612 1270 1657 duo
1297 1616 1510 1668 separata
1547 1612 1607 1656 ab
1635 1611 1836 1654 invicem
1870 1622 1974 1654 esse
2002 1609 2135 1653 unita

238 1674 385 1718 Verbo
412 1673 776 1731 accidentaliter,
799 1678 852 1718 ut
881 1673 948 1717 sic
980 1686 1074 1718 non
1099 1678 1328 1718 cresceret
1359 1685 1584 1717 numerus
1606 1683 1927 1729 personarum.
1956 1673 2011 1714 Et
2035 1671 2134 1715 haec

238 1741 310 1780 est
328 1736 462 1779 tertia
481 1735 638 1792 opinio
653 1770 664 1787 ‚
687 1747 827 1792 quam
847 1735 1059 1790 Magister
1081 1735 1250 1779 ibidem
1277 1735 1423 1790 ponit.
1446 1737 1647 1791 Utraque
1669 1739 1824 1778 autem
1846 1734 2015 1777 harum
2033 1732 2136 1789 opi-

239 1798 433 1842 nionum
459 1798 621 1842 incidit
643 1798 690 1841 in
715 1797 930 1842 haeresim
961 1797 1171 1842 Nestorii.
1193 1796 1342 1840 Prima
1365 1796 1576 1854 quidem,
1599 1796 1710 1853 quia
1733 1796 1854 1840 idem
1875 1798 1944 1838 est
1963 1806 2136 1850 ponere

241 1860 361 1904 duas
378 1861 656 1916 hypostases
674 1859 749 1903 vel
771 1860 865 1904 duo
881 1859 1120 1915 supposita
1145 1859 1192 1902 in
1210 1859 1403 1915 Christo,
1426 1859 1552 1915 quod
1567 1870 1739 1915 ponere
1758 1857 1876 1902 duas
1893 1869 2132 1912 personas,

238 1928 291 1966 ut
309 1934 453 1977 supra
475 1920 653 1965 dictum
676 1925 749 1965 est
779 1923 884 1974 (art.
912 1923 938 1964 3
959 1921 1056 1976 huj.
1089 1921 1291 1976 quaest)
1314 1922 1366 1963 Et
1385 1921 1425 1964 si
1444 1919 1523 1963 fiat
1540 1920 1613 1964 vis
1633 1920 1678 1963 in
1701 1919 1888 1962 nomine
1907 1931 2133 1976 personae,

239 1983 631 2028 considerandum
655 1989 725 2027 est
747 1983 872 2039 quod
897 1983 1036 2027 etiarn
1058 1983 1295 2027 Nestorius
1313 1982 1534 2027 utebatur
1555 1983 1732 2027 unitate
1747 1994 1978 2038 personae,
1999 1994 2135 2039 prop-

238 2050 310 2090 ter
330 2045 555 2089 unitatem
576 2044 816 2100 dignitatis
842 2049 887 2089 et
917 2045 1123 2089 honoris.
1155 2045 1285 2090 Unde
1307 2045 1444 2089 etiam
1468 2044 1633 2101 quinta
1655 2044 1864 2101 synodus
1879 2044 2132 2098 (Constant.

238 2111 282 2163 2,
309 2119 466 2163 gener.
492 2110 534 2163 5,
558 2107 713 2150 collat.
735 2110 779 2164 8,
800 2120 903 2151 can.
928 2107 971 2162 5)
997 2106 1157 2151 definit
1183 2108 1430 2151 anathema
1446 2119 1554 2151 eum
1582 2106 1660 2162 qui
1685 2105 1795 2150 dicit
1822 2123 1841 2142 «
1862 2118 2004 2149 unam
2027 2118 2135 2160 per-

240 2181 404 2212 sonam
424 2169 685 2213 secundum
710 2168 1000 2225 dignitatem,
1025 2174 1070 2212 et
1093 2169 1338 2224 honorem,
1361 2173 1408 2212 et
1426 2168 1766 2223 adorationem,
1794 2166 1914 2211 sicut
1932 2167 2134 2212 Theodo-

239 2243 322 2274 rus
348 2235 395 2274 et
416 2230 655 2274 Nestorius
685 2230 968 2275 insanientes
994 2230 1387 2285 conscripserunt.
1414 2249 1433 2267 »
1460 2229 1558 2273 Alia
1581 2229 1690 2273 vero
1713 2229 1870 2285 opinio
1899 2229 2062 2274 incidit
2084 2230 2132 2274 in

239 2303 444 2335 errorem
461 2292 655 2335 Nestorii
671 2296 897 2348 quantum
921 2292 979 2336 ad
1002 2292 1089 2335 hoc
1111 2292 1235 2348 qued
1259 2292 1414 2347 posuit
1431 2292 1653 2336 unionem
1670 2292 2016 2337 accidentalem.
2036 2295 2134 2337 Non

239 2354 365 2398 enim
381 2353 535 2398 differt
553 2353 706 2398 dicere
726 2354 850 2410 quod
866 2354 1066 2398 Verbum
1086 2353 1163 2397 Dei
1186 2354 1371 2398 unitum
1391 2359 1462 2398 est
1481 2354 1655 2398 homini
1679 2354 1854 2398 Christo
1873 2355 2131 2399 secundum

239 2415 626 2460 inhabitationem
645 2449 657 2472 ,
682 2416 804 2459 sicut
826 2416 873 2459 in
905 2415 1076 2472 templo
1107 2428 1193 2459 suo
1217 2415 1355 2470 (sicut
1379 2416 1562 2460 dicebat
1582 2416 1866 2473 Nestorius),
1901 2421 1947 2461 et
1979 2417 2132 2463 dicere

240 2477 366 2535 quod
385 2477 570 2521 unitum
587 2477 675 2522 fuit
698 2477 900 2522 Verbum
923 2477 999 2520 Dei
1031 2477 1206 2521 homini
1232 2478 1493 2522 secundum
1522 2478 1846 2534 induitionem,
1880 2477 2002 2523 sicut
2030 2492 2131 2525 ves·

240 2539 448 2592 timente,
473 2538 595 2583 sicut
613 2539 724 2583 dicit
748 2539 882 2584 tertia
900 2538 1057 2594 opinio
1077 2553 1086 2580 z
1106 2551 1211 2595 quae
1230 2538 1369 2583 etiam
1389 2540 1524 2596 pejus
1548 2541 1657 2585 dicit
1675 2541 1849 2597 aliquid
1868 2540 2010 2598 quam
2027 2544 2133 2586 Nes-

239 2600 404 2653 torius,
429 2599 605 2644 scilicet
624 2601 749 2657 quod
777 2601 932 2644 anima
952 2605 999 2644 et
1024 2612 1195 2656 corpus
1223 2613 1318 2644 non
1340 2606 1452 2646 sunt
1475 2603 1622 2647 unita.
1649 2603 1780 2647 Fides
1800 2607 1957 2648 autem
1979 2604 2132 2648 catho-

239 2663 328 2707 lica
351 2661 556 2707 medium
579 2663 702 2706 inter
730 2662 974 2719 praedictas
1003 2662 1258 2718 positiones
1274 2668 1454 2720 tenens,
1481 2676 1574 2709 non
1590 2664 1700 2709 dicit
1722 2665 1946 2708 unionem
1963 2664 2130 2710 factam

239 2724 315 2769 Dei
343 2729 390 2769 et
411 2723 615 2768 hominis
634 2724 894 2768 secundum
914 2724 1165 2769 essentiam
1195 2724 1267 2768 vel
1296 2730 1508 2770 naturam
1529 2730 1602 2782 (2),
1623 2739 1775 2783 neque
1797 2727 1934 2770 etiam
1969 2739 2130 2771 secun-

240 2787 352 2831 dum
381 2785 612 2842 accidens,
646 2786 728 2830 sed
757 2786 910 2831 medio
946 2785 1083 2830 modo
1115 2786 1374 2830 secundum
1411 2788 1760 2833 subsistentiam
1793 2801 1877 2832 seu
1909 2789 2131 2845 hyposta-

242 2848 329 2892 sim
356 2849 426 2898 (3).
454 2846 581 2890 Unde
601 2846 646 2889 in
663 2847 825 2903 quinta
843 2848 1024 2905 synodo
1047 2847 1152 2900 (loe.
1174 2859 1277 2903 sup.
1301 2848 1397 2903 cit.)
1418 2848 1612 2896 dicitur:
1636 2867 1655 2887 «
1678 2851 1788 2894 Cum
1808 2850 1966 2894 multis
1981 2852 2130 2897 modis

241 2910 396 2954 unitas
416 2909 806 2966 intelligatur,qui
826 2909 1108 2966 impietatem
1128 2909 1394 2964 Apollinarii
1414 2915 1459 2955 et
1476 2913 1742 2968 Eutychetis
1760 2917 2039 2970 sequuntur,
2059 2914 2131 2959 in-

242 2972 595 3028 teremptionem
615 2983 778 3016 eorum
806 2983 911 3029 quae
930 2979 1249 3022 convenerunt
1275 2973 1481 3017 colentes
1503 2976 1579 3028 (4),
1616 2973 1662 3019 id
1696 2979 1782 3029 est,
1811 2974 2131 3022 interimentes

241 3039 487 3090 utramque
523 3038 767 3090 naturam,
805 3033 1026 3078 unionem
1050 3033 1308 3078 secundum
1338 3036 1661 3080 confusionem
1693 3037 1880 3094 dicunt3
1906 3039 2131 3084 Theodori

241 3100 396 3141 autem
426 3103 472 3139 et
502 3095 698 3140 Nestorii
726 3108 950 3153 sequaces
968 3130 980 3151 ,
1017 3095 1244 3140 divisione
1272 3099 1544 3157 gaudentes,
1578 3100 1868 3144 affectualem
1904 3101 2131 3147 unitatem

282 3193 326 3234 (l)
340 3193 430 3235 Quos
447 3192 557 3226 varios
575 3204 708 3227 errores
723 3192 914 3227 luculenter
926 3193 961 3227 in
978 3192 1012 3226 S.
1027 3192 1143 3234 cyrilli
1231 3199 1264 3227 et
1283 3193 1500 3235 hypostatica,
1521 3196 1601 3237 qnia
1615 3207 1652 3230 ex
1674 3195 1799 3230 duabus
1819 3196 1950 3230 naturis
1975 3209 2042 3232 una
2059 3202 2131 3233 tan-

241 3238 509 3275 nnathematibus
541 3239 697 3281 expositis
724 3239 871 3274 Ecclesia
900 3240 986 3278 apud
1023 3240 1145 3275 concil.
1231 3241 1301 3274 tum
1326 3254 1464 3282 persona
1489 3243 1650 3278 coalescit.

243 3287 364 3330 Ephes.
381 3286 582 3342 profligavit.
1273 3290 1315 3331 (Ji)
1333 3291 1388 3325 Ila
1417 3303 1500 3326 cum
1525 3303 1595 3328 ms.
1615 3292 1746 3326 Alcan.
1773 3293 1933 3336 aliisque
1958 3295 2131 3338 pluribus

283 3336 328 3377 (2)
348 3335 444 3369 Uniri
471 3336 654 3369 secundam
678 3338 854 3369 essentiam
879 3342 927 3369 cst
956 3337 1090 3376 quando
1108 3349 1144 3371 cx
1231 3338 1317 3373 edit.
1344 3338 1447 3373 Rom.
1478 3335 1752 3383 Theolo'yorum‚
1771 3344 1804 3374 et
1826 3342 1955 3376 Patav.
1977 3343 2131 3378 Νἰεοὶαί

243 3382 401 3424 pluribus
416 3382 633 3417 resultatum
652 3383 950 3422 tantumrssrntia,
968 3385 1143 3426 (100118011-
1230 3390 1403 3426 ponentes.
1432 3386 1505 3426 AL,
1541 3385 1575 3418 in
1610 3387 1876 3429 pri-emptionem
1907 3401 2024 3423 corum
2057 3403 2130 3432 quaa

239 3435 399 3473 posuerat
421 3430 588 3470 Eutychos
616 3431 674 3471 qui
696 3436 832 3464 naturas
849 3432 1142 3466 itai-ons1111dcl)at.
1230 3440 1472 3472 convenerant.
1511 3433 1685 3472 tollentes.
1724 3434 1797 3476 At„
1831 3435 2130 3479 interemptionem

289 3479 329 3521 15)
346 3478 422 3513 Hoec
452 3479 533 3514 unio
561 3478 787 3514 substantialis
819 3479 943 3513 dicitur
965 3481 1145 3520 personalis
1230 3493 1348 3516 eorum
1367 3494 1439 3522 quae
1453 3489 1695 3522 convenerunt,
1714 3483 1879 3518 tollentes.
