2170 3808
169 257 254 298 ⁴104
763 251 962 302 QUAEST.
992 250 1116 304 xvn,
1147 250 1267 293 ART.
1296 250 1315 292 1
1341 251 1408 293 ET
1435 251 1484 294 11.

170 334 302 389 fin.)‚
333 334 413 378 ubi
438 334 544 378 cum
574 332 769 379 dixisset
794 349 815 370 «c
848 334 899 376 ln
930 331 1187 377 mediatore
1207 330 1287 375 Dei
1319 335 1367 376 et
1389 331 1635 376 hominum
1661 330 1787 375 aliud
1809 330 1883 374 Dei
1911 330 2074 388 Filius„

173 396 300 441 aliud
320 396 520 440 hominis
539 395 696 453 Filius,
723 413 743 434 a»
768 393 928 439 subdit
950 409 962 439 ε
986 411 1007 432 α
1031 393 1183 450 Aliud,
1208 392 1425 449 inquam,
1455 406 1542 451 pro
1557 393 1838 438 discretione
1859 392 2077 437 substan·

173 458 282 513 tiae,
317 470 410 501 non
441 457 570 502 aliud
600 469 687 515 pro
704 457 892 501 unitate
924 467 1156 514 personae.
1190 473 1210 495 ›-
1238 455 1369 500 Unde
1395 455 1643 512 Gregorius
1676 454 1993 499 Nazianzenus
2012 454 2076 508 (in

172 521 309 576 epist.
331 524 374 574 1,
394 519 517 563 inter
539 519 689 576 princ.
716 523 762 563 et
791 518 938 573 med.)
970 518 1028 563 ad
1053 516 1327 562 Cledonium
1362 516 1506 562 dicit:
1532 535 1551 554 «ι
1580 517 1621 561 Si
1645 521 1828 574 oportet
1855 527 2078 572 compen-

174 582 304 626 diose
325 581 497 639 dicere,
520 580 647 626 aliud
667 579 856 638 quidem
886 585 933 625 et
952 580 1079 625 aliud
1109 592 1164 623 ea
1187 591 1247 624 ex
1268 577 1442 635 quibus
1471 579 1680 623 Salvator
1698 583 1801 622 est:
1827 579 1864 622 si
1890 577 2078 635 quidem

172 656 268 688 non
289 643 419 688 idem
438 649 511 688 est
525 643 759 688 invisibile
777 642 968 698 visibili,
988 647 1035 687 et
1057 641 1183 698 quod
1199 640 1378 698 absque
1398 646 1623 698 tempore,
1639 640 1681 685 ei
1696 639 1827 698 quod
1850 639 1941 684 sub
1958 644 2079 685 tem-

177 717 289 762 pore
310 716 323 750 t
346 718 444 760 non
465 711 622 750 autem
640 705 760 750 alius
779 710 827 750 et
849 705 968 749 alius
993 719 1006 749 ι
1037 703 1160 748 absit
1181 717 1194 749 ε
1221 704 1323 747 haec
1345 702 1471 747 enim
1491 703 1629 748 ambo
1651 714 1819 747 unum.
1840 720 1861 741 »ι

228 767 296 812 Ad
331 769 513 811 tertium
543 767 792 813 dicendum
809 802 822 821 ‚
849 766 977 823 quod
1007 766 1107 811 haec
1130 770 1202 810 est
1224 765 1343 809 falsa
1369 779 1380 807 ε
1404 765 1614 808 Christus
1637 768 1705 808 est
1729 765 1908 807 tantiam
1930 762 2078 820 homo,

158 829 286 885 ‘quia
306 842 401 874 non
425 830 632 874 excludit
653 829 779 874 aliud
801 828 1114 886 suppositum,
1135 826 1218 872 sed
1243 827 1382 871 aliam
1404 832 1638 882 naturam,
1663 825 1719 871 eo
1742 824 1868 882 quod
1895 824 2081 870 termini

172 890 223 935 in
263 892 512 948 praedicato
547 893 685 950 positi
719 893 976 937 formaliter
1000 897 1235 936 tenentur.
1273 889 1316 934 Si
1339 889 1452 934 vero
1483 889 1734 935 adderetur
1763 887 1966 944 aliquid,
1997 899 2082 943 per

173 955 302 1010 quod
322 956 581 999 traheretur
595 954 654 999 ad
669 955 982 1011 suppositum,
1008 956 1134 998 esset
1150 964 1262 997 vera
1281 951 1471 1008 locutio,
1489 950 1602 1008 puta
1622 964 1634 994 ε
1661 951 1874 994 Chr-istus
1890 952 1956 992 est
1974 953 2082 992 tan-

174 1017 273 1060 tiam
290 1019 342 1061 id
364 1017 484 1073 quod
504 1020 571 1060 est
602 1018 750 1060 homo.
782 1019 879 1062 Non
908 1022 1063 1061 tamen
1089 1014 1302 1072 sequitur
1325 1014 1450 1070 quod
1488 1013 1548 1058 sit
1583 1013 1758 1070 aliquid
1785 1011 1913 1057 aliud
1940 1011 2083 1068 quam

176 1077 337 1135 hom03
368 1079 481 1136 quia
507 1078 557 1135 ly
580 1080 732 1137 aliud,
758 1082 867 1124 cum
887 1079 948 1123 sit
978 1078 1226 1124 relativum
1248 1076 1532 1121 diversitatis
1561 1074 1837 1120 substantiae
1857 1076 1944 1128 (1),
1969 1085 2081 1130 pro-

175 1140 276 1196 prie
293 1141 493 1186 refertur
514 1140 573 1186 ad
598 1141 912 1199 suppositum,
936 1140 1057 1186 sicut
1077 1144 1123 1184 et
1142 1138 1300 1183 omnia
1319 1137 1514 1182 relativa
1544 1136 1758 1181 facientia
1785 1136 2082 1194 personalem

172 1202 463 1247 relationem.
489 1203 705 1260 Sequitur
727 1208 884 1248 autem
908 1218 919 1247 z
949 1214 1061 1259 ergo
1082 1202 1224 1246 habet
1240 1200 1379 1244 aliam
1406 1206 1636 1244 naturam.

231 1264 299 1310 Ad
317 1269 532 1320 quartum
553 1266 819 1324 dicendum,
849 1263 975 1322 quod
991 1268 1099 1309 cum
1120 1263 1289 1308 dicitur
1311 1278 1323 1307 ι
1346 1263 1560 1306 Christus
1585 1264 1653 1304 est
1673 1260 1856 1316 aliquid
1879 1260 1999 1316 quod
2016 1263 2084 1304 est

173 1330 332 1384 Pater,
358 1328 408 1386 ly
426 1329 607 1385 aliqu-id
630 1334 815 1374 tenetur
837 1341 922 1386 pro
942 1333 1110 1373 natura
1133 1326 1309 1382 divina,
1328 1337 1434 1382 quae
1462 1324 1603 1370 etiam
1632 1323 1679 1368 In
1710 1324 1944 1368 abstracto
1962 1336 2084 1380 prae-

174 1389 361 1435 dicatur
381 1391 440 1436 de
469 1394 601 1436 Patre
623 1397 670 1437 et
696 1391 825 1437 Filio.
851 1391 937 1436 Sed
960 1394 1068 1435 cum
1103 1389 1288 1445 dicitur,
1315 1389 1526 1433 Christus
1549 1391 1616 1431 est
1639 1387 1821 1443 aliquid
1847 1387 1969 1443 quod
1993 1400 2084 1429 non

176 1456 243 1496 est
263 1455 421 1508 Pater,
454 1452 503 1511 ly
535 1454 717 1510 aliquid
750 1457 937 1499 tenetur
974 1465 1068 1496 non
1103 1465 1188 1509 pro
1219 1451 1322 1508 ipsa
1354 1456 1524 1494 natura
1554 1450 1793 1506 humana,
1820 1447 2082 1493 secundum

176 1515 303 1571 quod
332 1515 622 1572 significatur
650 1516 699 1561 in
729 1517 980 1574 abstracto,
1002 1515 1086 1560 sed
1118 1514 1380 1559 secundum
1416 1511 1543 1570 quod
1581 1508 1875 1568 significatur
1893 1511 1942 1555 in
1971 1523 2084 1555 con-

176 1583 320 1632 cret0,
338 1590 431 1622 non
454 1578 645 1635 quidem
665 1578 924 1624 secundum
958 1577 1254 1634 suppositum
1271 1575 1564 1632 distinctum,
1587 1574 1672 1619 sed
1687 1573 1948 1618 secundum
1973 1586 2086 1630 sup-

176 1639 379 1695 positum
403 1640 754 1698 indistinctum3
783 1646 922 1698 prout
946 1640 1124 1685 scilicet
1145 1639 1326 1684 substat
1345 1642 1553 1694 naturai,
1583 1648 1680 1681 non
1704 1640 1862 1682 autem
1885 1635 2088 1692 proprie-

177 1682 351 1747 tatibus
386 1702 806 1748 individuantibus.
838 1706 890 1748 Et
926 1702 1031 1747 ideo
1054 1714 1149 1746 non
1174 1701 1387 1758 sequitur
1409 1699 1535 1757 quod
1567 1698 1778 1744 Christus
1803 1698 1863 1743 sit
1890 1696 2017 1742 aliud
2040 1701 2088 1742 et

175 1763 321 1822 aliud,
337 1764 410 1809 vel
426 1765 551 1822 quod
573 1766 633 1810 sit
655 1765 773 1822 duo3
790 1765 901 1822 quia
916 1763 1213 1821 suppositum
1236 1764 1451 1807 humanae
1471 1765 1651 1805 naturae
1673 1760 1722 1804 in
1742 1760 1939 1817 Christo,
1959 1760 2084 1816 quod

175 1830 248 1871 est
283 1839 483 1882 persona
517 1827 614 1872 Filii
645 1827 751 1881 Dei,
789 1840 883 1871 non
912 1826 1046 1883 ponit
1077 1826 1125 1870 in
1154 1835 1402 1869 numerum
1434 1835 1543 1868 cum
1572 1828 1742 1867 natura
1767 1821 1954 1879 divina,
1981 1834 2088 1880 quae

177 1889 456 1945 praedicatur
478 1889 537 1934 de
559 1892 693 1935 Patre
716 1894 763 1934 et
780 1889 909 1934 Filio.

233 1951 300 1995 Ad
330 1954 537 2007 quintum
569 1951 821 1997 dicendum
841 1983 854 2007 ,
878 1950 1005 2008 quod
1035 1951 1083 1995 in
1113 1949 1338 2008 mysterio
1360 1949 1534 1994 divinae
1561 1946 1799 1993 Trinitatis
1820 1950 1991 1991 natura
2014 1945 2088 1992 di-

176 2013 286 2057 vina
310 2014 589 2070 praedic-,atur
610 2014 752 2058 etiam
774 2014 823 2058 in
847 2014 1085 2058 abstracto
1108 2013 1167 2058 de
1195 2012 1347 2057 tribus
1369 2010 1584 2068 personis
1611 2024 1625 2055 :
1660 2013 1709 2054 et
1730 2008 1836 2054 ideo
1860 2009 2088 2065 simplici-

177 2081 250 2120 ter
266 2080 419 2133 potest
435 2075 524 2120 dici
544 2076 671 2133 quod
695 2083 788 2121 tres
804 2088 1020 2133 personae
1035 2076 1132 2120 sint
1144 2085 1313 2120 unum.
1331 2074 1420 2120 Sed
1436 2074 1484 2118 in
1505 2072 1730 2129 mysterio
1750 2071 2088 2116 incarnationis

179 2150 272 2182 non
296 2137 608 2194 praedicantur
628 2137 780 2182 ambae
804 2143 985 2182 naturae
1010 2137 1059 2181 in
1085 2137 1322 2182 abstracto
1353 2136 1412 2181 de
1441 2135 1623 2180 Christo
1643 2147 1656 2179 ε
1676 2138 1724 2178 et
1752 2132 1859 2177 ideo
1882 2145 1978 2177 non
1999 2146 2088 2191 po·-

183 2204 275 2244 test
293 2199 567 2255 simpliciter
586 2199 674 2244 dici
697 2199 822 2256 qudd
841 2200 1051 2245 Christus
1074 2199 1135 2244 sit
1153 2199 1263 2244 duo.

232 2261 299 2306 Ad
318 2266 497 2305 sextum
520 2261 771 2306 dicendum
784 2296 798 2318 ,
818 2261 943 2318 quod
963 2261 1057 2306 duo
1076 2261 1274 2317 dicitur,
1298 2259 1433 2316 quasi
1455 2257 1637 2303 habens
1659 2256 1932 2303 dualitatem
1949 2290 1963 2314 ,
1989 2270 2087 2303 non

177 2323 368 2380 quidem
388 2323 436 2366 in
456 2322 611 2379 aliquo
632 2322 741 2378 alio,
764 2323 846 2368 sed
870 2323 917 2367 in
936 2323 1040 2380 ipso
1058 2322 1117 2367 de
1146 2334 1240 2379 quo
1263 2322 1352 2364 duo
1372 2320 1668 2378 praedicatur.
1687 2319 1758 2364 Fit
1782 2324 1940 2364 autem
1963 2332 2089 2376 prae-

175 2385 347 2430 dicatio
365 2386 424 2430 de
444 2385 702 2442 supposito,
732 2385 860 2442 quod
880 2385 1159 2441 importatur
1177 2396 1259 2441 per
1288 2384 1377 2428 hoc
1400 2395 1571 2428 nomen
1602 2381 1832 2426 Christus.
1867 2383 2088 2435 Quamvis

178 2447 323 2503 igitur
340 2446 546 2492 Christus
570 2445 738 2491 habeat
767 2446 1038 2491 dualitatem
1062 2451 1361 2502 naturarum,
1383 2445 1494 2502 quia
1512 2449 1667 2489 tamen
1695 2455 1790 2488 non
1813 2443 1955 2489 habet
1972 2444 2088 2489 dua-

178 2509 358 2554 litatem
375 2509 743 2565 suppositorum,
766 2521 860 2553 non
883 2513 1038 2566 potest
1060 2509 1150 2553 dici
1171 2507 1384 2552 Christus
1407 2520 1511 2552 esse
1535 2506 1647 2551 duo.

234 2572 302 2618 Ad
318 2575 560 2628 septimum
581 2571 853 2627 dicendum,
878 2571 1002 2628 qudd
1026 2571 1226 2614 alterum
1242 2570 1459 2626 importat
1474 2568 1792 2614 diversitatem
1813 2568 2085 2614 accidentis.

179 2637 234 2680 Et
254 2634 360 2679 ideo
382 2634 627 2679 diversitas
648 2633 905 2678 accidentis
932 2633 1107 2677 sufficit
1126 2632 1184 2678 ad
1209 2632 1298 2676 hoc
1319 2631 1445 2688 quod
1473 2629 1649 2686 aliquid
1675 2630 1946 2687 simpliciter
1963 2631 2088 2675 dica-

179 2703 256 2741 tur
275 2697 488 2741 alterum.
514 2696 601 2740 Sed
631 2696 762 2740 aliud
791 2696 1012 2753 importat
1033 2694 1351 2740 diversitatem
1378 2693 1684 2748 substantiae;
1710 2692 1975 2738 substantia
1999 2706 2084 2738 au-

179 2766 273 2804 tem
292 2759 461 2804 dicitur
480 2771 573 2802 non
600 2758 752 2802 solum
773 2763 957 2809 natura,
982 2757 1067 2802 sed
1088 2757 1226 2802 etiam
1255 2756 1554 2813 suppositum
1568 2789 1580 2811 ,
1604 2760 1659 2799 ut
1677 2755 1844 2799 dicitur
1870 2755 2084 2812 (Metaph.

180 2822 262 2867 lib.
284 2836 328 2876 v,
351 2826 461 2865 text.
483 2823 569 2875 15).
592 2823 646 2865 Et
668 2820 773 2865 ideo
789 2820 1035 2865 diversitas
1057 2824 1236 2864 naturae
1263 2831 1356 2862 non
1381 2817 1553 2862 sufficit
1576 2817 1636 2862 ad
1655 2817 1742 2862 hoc
1760 2817 1886 2874 quod
1912 2817 2086 2875 aliquid

181 2884 452 2942 simpliciter
469 2884 652 2929 dicatur
674 2882 819 2935 aliud,
845 2883 935 2928 nisi
960 2882 1083 2927 adsit
1100 2881 1346 2927 diversitas
1367 2879 1628 2925 secundum
1652 2880 1946 2936 suppositum
1969 2892 1982 2923 :
2004 2879 2089 2924 sed

180 2947 427 2992 diversitas
450 2952 630 2990 naturae
643 2945 756 2990 facit
778 2945 905 2990 aliud
925 2945 1187 2990 secundum
1207 2943 1346 3001 quid,
1375 2943 1553 2988 scilicet
1570 2943 1833 2988 secundum
1854 2949 2086 2998 naturam,

180 3010 221 3053 si
242 3022 337 3053 non
361 3008 483 3052 adsit
505 3008 752 3053 diversitas
774 3008 1022 3065 suppositi.

350 3073 693 3114 ARTICULUS
714 3072 774 3114 Π.
805 3093 862 3102 -
884 3083 1022 3113 UTRUM
1043 3082 1084 3112 m
1109 3082 1286 3113 cums'ro
1308 3082 1371 3112 sn·
1392 3081 1562 3111 'murum
1586 3081 1698 3111 unum
1719 3080 1818 3111 Essa
1837 3068 1920 3121 (2).

183 3139 231 3174 De
246 3138 415 3174 bisetium
436 3141 532 3174 Sent.
548 3148 604 3182 nl,
623 3139 703 3174 dist.
720 3140 754 3183 4,
769 3143 886 3180 quoest.
906 3148 931 3180 1,
951 3143 1015 3174 art.
1034 3138 1069 3180 2,
1086 3143 1202 3180 qnaest.
1222 3147 1339 3179 [corp.
1357 3137 1417 3172 fin.
1437 3142 1473 3172 et
1493 3137 1573 3172 dist.
1592 3137 1625 3178 6,
1647 3140 1762 3178 quaest.
1782 3144 1829 3177 n,
1846 3139 1911 3170 art.
1925 3135 1960 3177 2,
1976 3138 2012 3170 et
2033 3147 2093 3169 un.

505 3192 570 3221 art.
586 3189 620 3228 4,
636 3192 672 3222 et
686 3187 803 3229 quodi.
822 3196 872 3227 11,
892 3192 1009 3230 quaest.
1026 3196 1065 3228 11,
1082 3193 1149 3221 art.
1171 3187 1205 3229 2,
1221 3192 1254 3221 et
1273 3188 1397 3227 opusc.
1412 3195 1453 3227 n,
1473 3198 1546 3226 cap.
1559 3185 1624 3219 210
1638 3190 1673 3219 et
1687 3185 1764 3220 tm.

236 3242 305 3287 Ad
324 3242 585 3287 secundum
606 3242 674 3286 sic
696 3242 980 3298 proceditur.
1004 3245 1048 3287 1.
1070 3241 1261 3286 Videtur
1284 3240 1411 3298 quod
1430 3241 1478 3284 in
1506 3240 1686 3284 Christo
1706 3251 1800 3283 non
1822 3239 1882 3284 sit
1906 3239 2088 3282 tantum
2165 3211 2168 3229 ¹

189 3316 341 3348 unum
359 3316 490 3356 esse,
519 3303 602 3347 sed
623 3303 732 3347 du0.
755 3304 870 3348 Dicit
888 3304 1014 3348 enim
1040 3307 1358 3348 Damascenus
1378 3302 1522 3357 (Orth.
1544 3300 1623 3345 fid.
1648 3300 1730 3345 lib.
1759 3314 1803 3343 111
1819 3333 1832 3356 ,
1862 3313 1967 3357 cap.
1987 3302 2087 3356 13),
2164 3321 2167 3335 =

179 3433 263 3463 uno,
281 3421 404 3462 inquit.
417 3420 557 3455 homine
572 3420 665 3455 aliud
683 3421 829 3461 animus,
845 3422 937 3456 aliud
955 3434 1087 3463 corpus.
1174 3421 1308 3456 Christo
1323 3420 1460 3454 unicam
1477 3418 1700 3454 existentiam.
1725 3418 1917 3452 Paludanns
1935 3421 1968 3451 et
1989 3417 2087 3457 pauci
2163 3431 2165 3449 ι

223 3471 266 3512 (4)
285 3471 355 3504 Hoc
375 3470 625 3504 estsnbstamiae
638 3470 870 3504 diversitatem
881 3470 1087 3510 significans.
1175 3470 1233 3504 alii
1255 3469 1376 3503 volunt
1390 3480 1451 3510 per
1467 3479 1585 3502 unum
1612 3478 1685 3502 esse
1707 3466 1898 3504 intelligere
1919 3465 2085 3499 unitatem
2162 3474 2164 3511 g

221 3517 267 3557 (2)
286 3520 321 3553 S.
346 3519 471 3553 Doctor
492 3518 614 3557 probat
632 3518 668 3552 in
697 3518 761 3552 hoc
786 3518 932 3551 articulo
954 3529 1025 3552 esse
1053 3518 1090 3552 in
1176 3516 1411 3555 subsistentiae,
1448 3515 1504 3550 sed
1547 3515 1616 3549 haec
1649 3514 1814 3548 sententia
1851 3524 1919 3547 nou
1954 3512 2089 3546 videtur
