<?xml version="1.0" encoding="UTF-8"?>
<!DOCTYPE html PUBLIC "-//W3C//DTD XHTML 1.0 Transitional//EN"
    "http://www.w3.org/TR/xhtml1/DTD/xhtml1-transitional.dtd">
<html xmlns="http://www.w3.org/1999/xhtml" xml:lang="en" lang="en">
 <head>
  <title>
</title>
<meta http-equiv="Content-Type" content="text/html;charset=utf-8" />
  <meta name='ocr-system' content='tesseract 3.04.00' />
  <meta name='ocr-capabilities' content='ocr_page ocr_carea ocr_par ocr_line ocrx_word'/>
</head>
<body>
  <div class='ocr_page' id='page_1' title='image "./summatheologica06thomuoft_0038.png"; bbox 0 0 2170 3808; ppageno 0'>
   <div class='ocr_carea' id='block_1_1' title="bbox 401 245 1918 265">
    <p class='ocr_par' dir='ltr' id='par_1_1' title="bbox 401 245 1918 265">
     <span class='ocr_line' id='line_1_1' title="bbox 401 245 1918 265; baseline 0 3543"><span class='ocrx_word' id='word_1_1' title='bbox 401 245 1918 265; x_wconf 95' lang='lat' dir='ltr'> </span> 
     </span>
    </p>
   </div>
   <div class='ocr_carea' id='block_1_2' title="bbox 390 465 1929 522">
    <p class='ocr_par' dir='ltr' id='par_1_2' title="bbox 390 465 1929 522">
     <span class='ocr_line' id='line_1_2' title="bbox 390 465 1929 522; baseline -0.009 -7"><span class='ocrx_word' id='word_1_2' title='bbox 390 480 449 515; x_wconf 93' lang='lat' dir='ltr'>DE</span> <span class='ocrx_word' id='word_1_3' title='bbox 483 476 827 513; x_wconf 80' lang='lat' dir='ltr'><strong>CONVENIENTIA</strong></span> <span class='ocrx_word' id='word_1_4' title='bbox 863 472 1240 522; x_wconf 69' lang='lat' dir='ltr'>INCARNATIONIS,</span> <span class='ocrx_word' id='word_1_5' title='bbox 1272 472 1319 508; x_wconf 73' lang='lat' dir='ltr'>m</span> <span class='ocrx_word' id='word_1_6' title='bbox 1353 471 1443 507; x_wconf 66' lang='lat' dir='ltr'>SEX</span> <span class='ocrx_word' id='word_1_7' title='bbox 1473 469 1730 506; x_wconf 79' lang='lat' dir='ltr'>ARTICULOS</span> <span class='ocrx_word' id='word_1_8' title='bbox 1762 465 1929 503; x_wconf 78' lang='lat' dir='ltr'>DIVISA.</span> 
     </span>
    </p>
   </div>
   <div class='ocr_carea' id='block_1_3' title="bbox 186 554 2126 1060">
    <p class='ocr_par' dir='ltr' id='par_1_3' title="bbox 186 554 2126 1060">
     <span class='ocr_line' id='line_1_3' title="bbox 259 554 2110 619; baseline -0.009 -10"><span class='ocrx_word' id='word_1_9' title='bbox 259 568 373 610; x_wconf 83' lang='lat' dir='ltr'>Circa</span> <span class='ocrx_word' id='word_1_10' title='bbox 392 568 576 619; x_wconf 80' lang='lat' dir='ltr'>prixrum</span> <span class='ocrx_word' id='word_1_11' title='bbox 592 565 671 606; x_wconf 86' lang='lat' dir='ltr'>tria</span> <span class='ocrx_word' id='word_1_12' title='bbox 689 563 982 605; x_wconf 85' lang='lat' dir='ltr'>consideranda</span> <span class='ocrx_word' id='word_1_13' title='bbox 1000 563 1218 601; x_wconf 86' lang='lat' dir='ltr'>occurrunt</span> <span class='ocrx_word' id='word_1_14' title='bbox 1237 573 1248 600; x_wconf 71' lang='grc' dir='ltr'>ε</span> <span class='ocrx_word' id='word_1_15' title='bbox 1270 559 1405 610; x_wconf 81' lang='lat' dir='ltr'>primo</span> <span class='ocrx_word' id='word_1_16' title='bbox 1426 558 1594 610; x_wconf 90' lang='lat' dir='ltr'>quidem</span> <span class='ocrx_word' id='word_1_17' title='bbox 1610 558 1659 598; x_wconf 93' lang='lat' dir='ltr'>de</span> <span class='ocrx_word' id='word_1_18' title='bbox 1674 554 1959 597; x_wconf 86' lang='lat' dir='ltr'>convenientia</span> <span class='ocrx_word' id='word_1_19' title='bbox 1977 554 2110 594; x_wconf 82' lang='lat' dir='ltr'>incar-</span> 
     </span>
     <span class='ocr_line' id='line_1_4' title="bbox 186 611 2111 669; baseline -0.008 -4"><span class='ocrx_word' id='word_1_20' title='bbox 186 635 187 638; x_wconf 49' lang='lat'><em>*</em></span> <span class='ocrx_word' id='word_1_21' title='bbox 218 623 399 665; x_wconf 86' lang='lat' dir='ltr'>nationis</span> <span class='ocrx_word' id='word_1_22' title='bbox 419 621 573 664; x_wconf 75' lang='lat' dir='ltr'><strong>Christi</strong></span> <span class='ocrx_word' id='word_1_23' title='bbox 589 635 605 669; x_wconf 87' lang='lat'>;.</span> <span class='ocrx_word' id='word_1_24' title='bbox 618 619 810 667; x_wconf 84' lang='lat' dir='ltr'>secundo,</span> <span class='ocrx_word' id='word_1_25' title='bbox 827 619 875 659; x_wconf 85' lang='lat' dir='ltr'>de</span> <span class='ocrx_word' id='word_1_26' title='bbox 889 618 1012 657; x_wconf 86' lang='lat' dir='ltr'>modo</span> <span class='ocrx_word' id='word_1_27' title='bbox 1033 615 1202 656; x_wconf 74' lang='lat' dir='ltr'>unionis</span> <span class='ocrx_word' id='word_1_28' title='bbox 1212 614 1333 655; x_wconf 70' lang='lat' dir='ltr'>Verbi</span> <span class='ocrx_word' id='word_1_29' title='bbox 1350 614 1583 662; x_wconf 83' lang='lat' dir='ltr'>incarnati;</span> <span class='ocrx_word' id='word_1_30' title='bbox 1599 612 1733 661; x_wconf 75' lang='lat' dir='ltr'>tertio,</span> <span class='ocrx_word' id='word_1_31' title='bbox 1750 611 1800 652; x_wconf 73' lang='lat' dir='ltr'>de</span> <span class='ocrx_word' id='word_1_32' title='bbox 1818 611 1887 650; x_wconf 85' lang='lat' dir='ltr'>his</span> <span class='ocrx_word' id='word_1_33' title='bbox 1902 621 1997 661; x_wconf 76' lang='lat' dir='ltr'>quae</span> <span class='ocrx_word' id='word_1_34' title='bbox 2013 621 2111 650; x_wconf 84' lang='lat' dir='ltr'>con-</span> 
     </span>
     <span class='ocr_line' id='line_1_5' title="bbox 212 665 2126 730; baseline -0.01 -11"><span class='ocrx_word' id='word_1_35' title='bbox 212 681 441 730; x_wconf 77' lang='lat' dir='ltr'>sequuntur</span> <span class='ocrx_word' id='word_1_36' title='bbox 465 677 517 718; x_wconf 67' lang='lat' dir='ltr'>ad</span> <span class='ocrx_word' id='word_1_37' title='bbox 543 676 650 716; x_wconf 84' lang='lat' dir='ltr'>hanc</span> <span class='ocrx_word' id='word_1_38' title='bbox 675 675 889 715; x_wconf 84' lang='lat' dir='ltr'>unionem.</span> <span class='ocrx_word' id='word_1_39' title='bbox 915 672 1028 713; x_wconf 75' lang='lat' dir='ltr'>Circa</span> <span class='ocrx_word' id='word_1_40' title='bbox 1052 671 1237 722; x_wconf 74' lang='lat' dir='ltr'>primum</span> <span class='ocrx_word' id='word_1_41' title='bbox 1256 671 1499 722; x_wconf 79' lang='lat' dir='ltr'>quaeruntur</span> <span class='ocrx_word' id='word_1_42' title='bbox 1520 680 1589 710; x_wconf 73' lang='lat' dir='ltr'>sex</span> <span class='ocrx_word' id='word_1_43' title='bbox 1604 681 1618 709; x_wconf 73' lang='grc' dir='ltr'><strong>ε</strong></span> <span class='ocrx_word' id='word_1_44' title='bbox 1638 673 1674 708; x_wconf 82' lang='lat'>1⁰</span> <span class='ocrx_word' id='word_1_45' title='bbox 1696 667 1845 708; x_wconf 77' lang='lat' dir='ltr'>Utrum</span> <span class='ocrx_word' id='word_1_46' title='bbox 1863 665 2126 706; x_wconf 66' lang='lat' dir='ltr'>conveniens,</span> 
     </span>
     <span class='ocr_line' id='line_1_6' title="bbox 212 719 2111 775; baseline -0.008 -1"><span class='ocrx_word' id='word_1_47' title='bbox 212 733 341 774; x_wconf 83' lang='lat' dir='ltr'>fuerit</span> <span class='ocrx_word' id='word_1_48' title='bbox 354 734 486 773; x_wconf 87' lang='lat' dir='ltr'>Deum</span> <span class='ocrx_word' id='word_1_49' title='bbox 505 731 732 772; x_wconf 79' lang='lat' dir='ltr'>incarnari.</span> <span class='ocrx_word' id='word_1_50' title='bbox 748 751 794 760; x_wconf 93' lang='lat'>-—</span> <span class='ocrx_word' id='word_1_51' title='bbox 815 736 858 769; x_wconf 64' lang='lat'>2⁰</span> <span class='ocrx_word' id='word_1_52' title='bbox 871 728 1021 768; x_wconf 69' lang='lat' dir='ltr'>Utrum</span> <span class='ocrx_word' id='word_1_53' title='bbox 1034 725 1158 767; x_wconf 79' lang='lat' dir='ltr'>fuerit</span> <span class='ocrx_word' id='word_1_54' title='bbox 1174 724 1452 767; x_wconf 78' lang='lat' dir='ltr'>necessarium</span> <span class='ocrx_word' id='word_1_55' title='bbox 1467 723 1518 764; x_wconf 83' lang='lat' dir='ltr'>ad</span> <span class='ocrx_word' id='word_1_56' title='bbox 1537 723 1834 775; x_wconf 76' lang='lat' dir='ltr'>reparationem</span> <span class='ocrx_word' id='word_1_57' title='bbox 1851 720 2010 773; x_wconf 78' lang='lat' dir='ltr'>generis</span> <span class='ocrx_word' id='word_1_58' title='bbox 2034 719 2111 760; x_wconf 92' lang='lat' dir='ltr'>hu-</span> 
     </span>
     <span class='ocr_line' id='line_1_7' title="bbox 212 776 2112 833; baseline -0.008 -3"><span class='ocrx_word' id='word_1_59' title='bbox 212 791 344 830; x_wconf 88' lang='lat' dir='ltr'>mani.</span> <span class='ocrx_word' id='word_1_60' title='bbox 365 811 407 817; x_wconf 92' lang='lat'>—</span> <span class='ocrx_word' id='word_1_61' title='bbox 433 793 472 828; x_wconf 82' lang='lat'>3⁰</span> <span class='ocrx_word' id='word_1_62' title='bbox 492 787 640 828; x_wconf 80' lang='lat' dir='ltr'>Utrum</span> <span class='ocrx_word' id='word_1_63' title='bbox 658 786 691 825; x_wconf 90' lang='lat' dir='ltr'>si</span> <span class='ocrx_word' id='word_1_64' title='bbox 718 796 801 824; x_wconf 90' lang='lat' dir='ltr'>non</span> <span class='ocrx_word' id='word_1_65' title='bbox 830 783 972 823; x_wconf 80' lang='lat' dir='ltr'>fuisset</span> <span class='ocrx_word' id='word_1_66' title='bbox 995 786 1228 833; x_wconf 83' lang='lat' dir='ltr'>peecatum,</span> <span class='ocrx_word' id='word_1_67' title='bbox 1254 781 1362 820; x_wconf 91' lang='lat' dir='ltr'>Deus</span> <span class='ocrx_word' id='word_1_68' title='bbox 1387 781 1625 819; x_wconf 82' lang='lat' dir='ltr'>incarnatus</span> <span class='ocrx_word' id='word_1_69' title='bbox 1647 779 1806 819; x_wconf 83' lang='lat' dir='ltr'>fuisset.</span> <span class='ocrx_word' id='word_1_70' title='bbox 1823 799 1871 808; x_wconf 94' lang='lat'>—</span> <span class='ocrx_word' id='word_1_71' title='bbox 1896 781 1937 816; x_wconf 78' lang='lat'>4⁰</span> <span class='ocrx_word' id='word_1_72' title='bbox 1961 776 2112 816; x_wconf 76' lang='lat' dir='ltr'>Utrum</span> 
     </span>
     <span class='ocr_line' id='line_1_8' title="bbox 216 830 2110 897; baseline -0.007 -13"><span class='ocrx_word' id='word_1_73' title='bbox 216 844 490 897; x_wconf 65' lang='lat' dir='ltr'>principantis</span> <span class='ocrx_word' id='word_1_74' title='bbox 520 843 576 882; x_wconf 86' lang='lat' dir='ltr'>sit</span> <span class='ocrx_word' id='word_1_75' title='bbox 606 842 846 882; x_wconf 86' lang='lat' dir='ltr'>incarnatus</span> <span class='ocrx_word' id='word_1_76' title='bbox 881 837 933 877; x_wconf 87' lang='lat' dir='ltr'>ad</span> <span class='ocrx_word' id='word_1_77' title='bbox 961 836 1193 876; x_wconf 89' lang='lat' dir='ltr'>tollendum</span> <span class='ocrx_word' id='word_1_78' title='bbox 1222 834 1423 885; x_wconf 83' lang='lat' dir='ltr'>originale</span> <span class='ocrx_word' id='word_1_79' title='bbox 1455 837 1667 885; x_wconf 89' lang='lat' dir='ltr'>peceatum</span> <span class='ocrx_word' id='word_1_80' title='bbox 1701 833 1830 885; x_wconf 75' lang='lat' dir='ltr'>quam</span> <span class='ocrx_word' id='word_1_81' title='bbox 1858 830 2033 872; x_wconf 85' lang='lat' dir='ltr'>actuale.</span> <span class='ocrx_word' id='word_1_82' title='bbox 2063 852 2110 862; x_wconf 88' lang='lat'>-</span> 
     </span>
     <span class='ocr_line' id='line_1_9' title="bbox 213 885 2112 940; baseline -0.007 -1"><span class='ocrx_word' id='word_1_83' title='bbox 213 905 257 939; x_wconf 71' lang='lat'>5⁰</span> <span class='ocrx_word' id='word_1_84' title='bbox 278 899 426 939; x_wconf 76' lang='lat' dir='ltr'>Utrum</span> <span class='ocrx_word' id='word_1_85' title='bbox 443 896 691 937; x_wconf 81' lang='lat' dir='ltr'>conveniens</span> <span class='ocrx_word' id='word_1_86' title='bbox 715 894 837 934; x_wconf 78' lang='lat' dir='ltr'>fuerit</span> <span class='ocrx_word' id='word_1_87' title='bbox 858 894 990 932; x_wconf 82' lang='lat' dir='ltr'>Deum</span> <span class='ocrx_word' id='word_1_88' title='bbox 1018 890 1226 930; x_wconf 75' lang='lat' dir='ltr'>incarnari</span> <span class='ocrx_word' id='word_1_89' title='bbox 1248 890 1273 929; x_wconf 74' lang='lat' dir='ltr'>a</span> <span class='ocrx_word' id='word_1_90' title='bbox 1295 887 1499 940; x_wconf 81' lang='lat' dir='ltr'>principio</span> <span class='ocrx_word' id='word_1_91' title='bbox 1521 887 1686 928; x_wconf 78' lang='lat' dir='ltr'>mundi.</span> <span class='ocrx_word' id='word_1_92' title='bbox 1712 910 1762 916; x_wconf 92' lang='lat'><strong>—</strong></span> <span class='ocrx_word' id='word_1_93' title='bbox 1790 894 1830 927; x_wconf 70' lang='grc' dir='ltr'>θ’</span> <span class='ocrx_word' id='word_1_94' title='bbox 1851 887 2003 927; x_wconf 76' lang='lat' dir='ltr'>Utrum</span> <span class='ocrx_word' id='word_1_95' title='bbox 2022 885 2112 937; x_wconf 69' lang='lat' dir='ltr'>ejus</span> 
     </span>
     <span class='ocr_line' id='line_1_10' title="bbox 216 942 1366 998; baseline -0.009 -4"><span class='ocrx_word' id='word_1_96' title='bbox 216 954 448 995; x_wconf 83' lang='lat' dir='ltr'><strong>incarnatio</strong></span> <span class='ocrx_word' id='word_1_97' title='bbox 467 951 621 992; x_wconf 86' lang='lat' dir='ltr'>differri</span> <span class='ocrx_word' id='word_1_98' title='bbox 643 949 827 990; x_wconf 75' lang='lat' dir='ltr'>debuerit</span> <span class='ocrx_word' id='word_1_99' title='bbox 849 958 977 998; x_wconf 85' lang='lat' dir='ltr'>usque</span> <span class='ocrx_word' id='word_1_100' title='bbox 995 947 1039 985; x_wconf 91' lang='lat' dir='ltr'>in</span> <span class='ocrx_word' id='word_1_101' title='bbox 1055 946 1181 985; x_wconf 89' lang='lat' dir='ltr'>finem</span> <span class='ocrx_word' id='word_1_102' title='bbox 1202 942 1366 984; x_wconf 88' lang='lat' dir='ltr'>mundi.</span> 
     </span>
     <span class='ocr_line' id='line_1_11' title="bbox 358 1007 1961 1060; baseline -0.008 0"><span class='ocrx_word' id='word_1_103' title='bbox 358 1015 698 1059; x_wconf 87' lang='lat' dir='ltr'>ARTICULUS</span> <span class='ocrx_word' id='word_1_104' title='bbox 727 1014 765 1055; x_wconf 88' lang='lat'>1.</span> <span class='ocrx_word' id='word_1_105' title='bbox 792 1035 847 1042; x_wconf 95' lang='lat'>—</span> <span class='ocrx_word' id='word_1_106' title='bbox 876 1022 1011 1053; x_wconf 65' lang='lat' dir='ltr'>U‘rmm</span> <span class='ocrx_word' id='word_1_107' title='bbox 1041 1020 1296 1052; x_wconf 53' lang='lat' dir='ltr'>conveximus</span> <span class='ocrx_word' id='word_1_108' title='bbox 1324 1020 1473 1050; x_wconf 65' lang='lat' dir='ltr'>numm</span> <span class='ocrx_word' id='word_1_109' title='bbox 1501 1020 1611 1049; x_wconf 71' lang='lat' dir='ltr'>naun</span> <span class='ocrx_word' id='word_1_110' title='bbox 1639 1018 1858 1049; x_wconf 67' lang='lat' dir='ltr'>mmmmm</span> <span class='ocrx_word' id='word_1_111' title='bbox 1888 1007 1961 1060; x_wconf 77' lang='lat'>(1).</span> 
     </span>
    </p>
   </div>
   <div class='ocr_carea' id='block_1_4' title="bbox 215 1074 2112 1170">
    <p class='ocr_par' dir='ltr' id='par_1_4' title="bbox 215 1074 2112 1170">
     <span class='ocr_line' id='line_1_12' title="bbox 215 1074 2112 1123; baseline -0.007 -2"><span class='ocrx_word' id='word_1_112' title='bbox 215 1085 263 1121; x_wconf 76' lang='lat' dir='ltr'>De</span> <span class='ocrx_word' id='word_1_113' title='bbox 287 1084 340 1120; x_wconf 79' lang='lat' dir='ltr'>his</span> <span class='ocrx_word' id='word_1_114' title='bbox 357 1085 461 1120; x_wconf 83' lang='lat' dir='ltr'>etiam</span> <span class='ocrx_word' id='word_1_115' title='bbox 480 1085 574 1118; x_wconf 86' lang='lat' dir='ltr'>Sent.</span> <span class='ocrx_word' id='word_1_116' title='bbox 602 1091 655 1123; x_wconf 80' lang='grc' dir='ltr'>ιιι,</span> <span class='ocrx_word' id='word_1_117' title='bbox 677 1079 756 1115; x_wconf 67' lang='lat' dir='ltr'>dist.</span> <span class='ocrx_word' id='word_1_118' title='bbox 771 1081 803 1120; x_wconf 65' lang='lat'>4,</span> <span class='ocrx_word' id='word_1_119' title='bbox 828 1084 944 1122; x_wconf 78' lang='lat' dir='ltr'>quaest.</span> <span class='ocrx_word' id='word_1_120' title='bbox 966 1086 992 1121; x_wconf 72' lang='grc' dir='ltr'>ι,</span> <span class='ocrx_word' id='word_1_121' title='bbox 1008 1082 1077 1112; x_wconf 70' lang='grc' dir='ltr'>επὶ.</span> <span class='ocrx_word' id='word_1_122' title='bbox 1099 1079 1131 1118; x_wconf 72' lang='grc'>4,</span> <span class='ocrx_word' id='word_1_123' title='bbox 1148 1081 1183 1112; x_wconf 84' lang='lat' dir='ltr'>et</span> <span class='ocrx_word' id='word_1_124' title='bbox 1199 1077 1299 1111; x_wconf 73' lang='lat' dir='ltr'>Com.</span> <span class='ocrx_word' id='word_1_125' title='bbox 1317 1080 1409 1115; x_wconf 68' lang='lat' dir='ltr'>gent.</span> <span class='ocrx_word' id='word_1_126' title='bbox 1424 1075 1487 1110; x_wconf 87' lang='lat' dir='ltr'>lib.</span> <span class='ocrx_word' id='word_1_127' title='bbox 1507 1083 1556 1116; x_wconf 82' lang='lat' dir='ltr'>lv,</span> <span class='ocrx_word' id='word_1_128' title='bbox 1572 1086 1645 1116; x_wconf 80' lang='lat' dir='ltr'>cap.</span> <span class='ocrx_word' id='word_1_129' title='bbox 1662 1076 1726 1117; x_wconf 67' lang='lat'>40,</span> <span class='ocrx_word' id='word_1_130' title='bbox 1747 1075 1801 1114; x_wconf 68' lang='lat'>49,</span> <span class='ocrx_word' id='word_1_131' title='bbox 1819 1075 1874 1116; x_wconf 77' lang='lat'>55,</span> <span class='ocrx_word' id='word_1_132' title='bbox 1891 1076 1934 1109; x_wconf 66' lang='lat'>5¹4</span> <span class='ocrx_word' id='word_1_133' title='bbox 1954 1080 1988 1108; x_wconf 79' lang='lat' dir='ltr'>et</span> <span class='ocrx_word' id='word_1_134' title='bbox 2006 1074 2062 1115; x_wconf 76' lang='lat'>55,</span> <span class='ocrx_word' id='word_1_135' title='bbox 2076 1076 2112 1109; x_wconf 77' lang='lat' dir='ltr'>et</span> 
     </span>
     <span class='ocr_line' id='line_1_13' title="bbox 671 1123 1652 1170; baseline -0.006 -8"><span class='ocrx_word' id='word_1_136' title='bbox 671 1130 794 1170; x_wconf 86' lang='lat' dir='ltr'>Opusc.</span> <span class='ocrx_word' id='word_1_137' title='bbox 815 1135 854 1168; x_wconf 84' lang='lat'>11,</span> <span class='ocrx_word' id='word_1_138' title='bbox 871 1138 944 1168; x_wconf 52' lang='lat' dir='ltr'>cap„</span> <span class='ocrx_word' id='word_1_139' title='bbox 958 1127 981 1161; x_wconf 73' lang='lat'>5</span> <span class='ocrx_word' id='word_1_140' title='bbox 993 1129 1028 1161; x_wconf 85' lang='lat' dir='ltr'>et</span> <span class='ocrx_word' id='word_1_141' title='bbox 1041 1125 1078 1166; x_wconf 84' lang='lat'>6,</span> <span class='ocrx_word' id='word_1_142' title='bbox 1092 1128 1125 1159; x_wconf 87' lang='lat' dir='ltr'>et</span> <span class='ocrx_word' id='word_1_143' title='bbox 1141 1125 1264 1166; x_wconf 80' lang='lat' dir='ltr'>Opusc.</span> <span class='ocrx_word' id='word_1_144' title='bbox 1282 1132 1341 1164; x_wconf 76' lang='lat'>11¹,</span> <span class='ocrx_word' id='word_1_145' title='bbox 1354 1135 1428 1166; x_wconf 75' lang='lat' dir='ltr'>cap.</span> <span class='ocrx_word' id='word_1_146' title='bbox 1443 1123 1506 1158; x_wconf 79' lang='lat'>207</span> <span class='ocrx_word' id='word_1_147' title='bbox 1528 1128 1561 1157; x_wconf 89' lang='lat' dir='ltr'>et</span> <span class='ocrx_word' id='word_1_148' title='bbox 1577 1123 1652 1158; x_wconf 80' lang='lat'><strong>208.</strong></span> 
     </span>
    </p>
   </div>
   <div class='ocr_carea' id='block_1_5' title="bbox 212 1176 2170 3273">
    <p class='ocr_par' dir='ltr' id='par_1_5' title="bbox 212 1176 2114 1488">
     <span class='ocr_line' id='line_1_14' title="bbox 267 1176 2112 1242; baseline -0.004 -12"><span class='ocrx_word' id='word_1_149' title='bbox 267 1186 347 1231; x_wconf 83' lang='lat' dir='ltr'>Ad.</span> <span class='ocrx_word' id='word_1_150' title='bbox 362 1185 565 1242; x_wconf 86' lang='lat' dir='ltr'>primum</span> <span class='ocrx_word' id='word_1_151' title='bbox 589 1184 658 1229; x_wconf 91' lang='lat' dir='ltr'>sic</span> <span class='ocrx_word' id='word_1_152' title='bbox 675 1181 956 1239; x_wconf 69' lang='lat' dir='ltr'>proceditur.</span> <span class='ocrx_word' id='word_1_153' title='bbox 978 1184 999 1225; x_wconf 79' lang='lat'><strong>1</strong></span> <span class='ocrx_word' id='word_1_154' title='bbox 1011 1213 1023 1225; x_wconf 91' lang='lat'><strong>.</strong></span> <span class='ocrx_word' id='word_1_155' title='bbox 1042 1179 1230 1224; x_wconf 87' lang='lat' dir='ltr'>Videtur</span> <span class='ocrx_word' id='word_1_156' title='bbox 1248 1178 1373 1236; x_wconf 82' lang='lat' dir='ltr'>quod</span> <span class='ocrx_word' id='word_1_157' title='bbox 1395 1190 1488 1222; x_wconf 93' lang='lat' dir='ltr'>non</span> <span class='ocrx_word' id='word_1_158' title='bbox 1509 1177 1647 1222; x_wconf 84' lang='lat' dir='ltr'>suerit</span> <span class='ocrx_word' id='word_1_159' title='bbox 1668 1176 1951 1221; x_wconf 86' lang='lat' dir='ltr'>conveniens</span> <span class='ocrx_word' id='word_1_160' title='bbox 1968 1178 2112 1222; x_wconf 90' lang='lat' dir='ltr'>Deum</span> 
     </span>
     <span class='ocr_line' id='line_1_15' title="bbox 213 1237 2113 1297; baseline -0.004 -8"><span class='ocrx_word' id='word_1_161' title='bbox 213 1246 462 1292; x_wconf 85' lang='lat' dir='ltr'>incarnari.</span> <span class='ocrx_word' id='word_1_162' title='bbox 487 1248 599 1290; x_wconf 79' lang='lat' dir='ltr'>curn</span> <span class='ocrx_word' id='word_1_163' title='bbox 621 1245 747 1290; x_wconf 90' lang='lat' dir='ltr'>enim</span> <span class='ocrx_word' id='word_1_164' title='bbox 776 1247 898 1287; x_wconf 89' lang='lat' dir='ltr'>Deus</span> <span class='ocrx_word' id='word_1_165' title='bbox 921 1242 980 1287; x_wconf 89' lang='lat' dir='ltr'>ab</span> <span class='ocrx_word' id='word_1_166' title='bbox 1004 1245 1183 1286; x_wconf 78' lang='lat' dir='ltr'>aeterno</span> <span class='ocrx_word' id='word_1_167' title='bbox 1204 1240 1265 1284; x_wconf 87' lang='lat' dir='ltr'>sit</span> <span class='ocrx_word' id='word_1_168' title='bbox 1284 1240 1387 1297; x_wconf 88' lang='lat' dir='ltr'>ipsa</span> <span class='ocrx_word' id='word_1_169' title='bbox 1410 1239 1614 1284; x_wconf 82' lang='lat' dir='ltr'>essentia</span> <span class='ocrx_word' id='word_1_170' title='bbox 1639 1237 1878 1295; x_wconf 77' lang='lat' dir='ltr'>bonitatis,</span> <span class='ocrx_word' id='word_1_171' title='bbox 1902 1237 1969 1283; x_wconf 89' lang='lat' dir='ltr'>sic</span> <span class='ocrx_word' id='word_1_172' title='bbox 1992 1237 2113 1295; x_wconf 88' lang='lat' dir='ltr'>opti-</span> 
     </span>
     <span class='ocr_line' id='line_1_16' title="bbox 217 1300 2114 1364; baseline -0.003 -11"><span class='ocrx_word' id='word_1_173' title='bbox 217 1320 343 1353; x_wconf 90' lang='lat' dir='ltr'>mum</span> <span class='ocrx_word' id='word_1_174' title='bbox 362 1312 435 1353; x_wconf 91' lang='lat' dir='ltr'>est</span> <span class='ocrx_word' id='word_1_175' title='bbox 457 1308 610 1364; x_wconf 88' lang='lat' dir='ltr'>ipsum</span> <span class='ocrx_word' id='word_1_176' title='bbox 634 1317 739 1350; x_wconf 90' lang='lat' dir='ltr'>esse</span> <span class='ocrx_word' id='word_1_177' title='bbox 761 1305 882 1349; x_wconf 86' lang='lat' dir='ltr'>sicut</span> <span class='ocrx_word' id='word_1_178' title='bbox 905 1304 962 1347; x_wconf 89' lang='lat' dir='ltr'>ab</span> <span class='ocrx_word' id='word_1_179' title='bbox 986 1308 1159 1347; x_wconf 87' lang='lat' dir='ltr'>aeterno</span> <span class='ocrx_word' id='word_1_180' title='bbox 1182 1302 1288 1346; x_wconf 85' lang='lat' dir='ltr'>fuit.</span> <span class='ocrx_word' id='word_1_181' title='bbox 1310 1301 1397 1346; x_wconf 91' lang='lat' dir='ltr'>Sed</span> <span class='ocrx_word' id='word_1_182' title='bbox 1417 1304 1539 1346; x_wconf 89' lang='lat' dir='ltr'>Deus</span> <span class='ocrx_word' id='word_1_183' title='bbox 1560 1301 1620 1345; x_wconf 87' lang='lat' dir='ltr'>ab</span> <span class='ocrx_word' id='word_1_184' title='bbox 1638 1306 1811 1345; x_wconf 81' lang='lat' dir='ltr'>aeterno</span> <span class='ocrx_word' id='word_1_185' title='bbox 1832 1300 1921 1345; x_wconf 89' lang='lat' dir='ltr'>fuit</span> <span class='ocrx_word' id='word_1_186' title='bbox 1935 1300 2114 1357; x_wconf 84' lang='lat' dir='ltr'>absque</span> 
     </span>
     <span class='ocr_line' id='line_1_17' title="bbox 212 1362 2112 1424; baseline -0.004 -10"><span class='ocrx_word' id='word_1_187' title='bbox 212 1370 337 1413; x_wconf 90' lang='lat' dir='ltr'>omni</span> <span class='ocrx_word' id='word_1_188' title='bbox 356 1381 511 1413; x_wconf 86' lang='lat' dir='ltr'>carne.</span> <span class='ocrx_word' id='word_1_189' title='bbox 527 1372 643 1424; x_wconf 85' lang='lat' dir='ltr'>Ergo</span> <span class='ocrx_word' id='word_1_190' title='bbox 658 1365 1154 1411; x_wconf 87' lang='lat' dir='ltr'>convenientissimum</span> <span class='ocrx_word' id='word_1_191' title='bbox 1168 1364 1410 1422; x_wconf 84' lang='lat' dir='ltr'>estipsum</span> <span class='ocrx_word' id='word_1_192' title='bbox 1425 1376 1522 1408; x_wconf 84' lang='lat' dir='ltr'>non</span> <span class='ocrx_word' id='word_1_193' title='bbox 1535 1375 1639 1408; x_wconf 86' lang='lat' dir='ltr'>esse</span> <span class='ocrx_word' id='word_1_194' title='bbox 1653 1362 1781 1406; x_wconf 89' lang='lat' dir='ltr'>carni</span> <span class='ocrx_word' id='word_1_195' title='bbox 1795 1362 1998 1407; x_wconf 90' lang='lat' dir='ltr'>unitum.</span> <span class='ocrx_word' id='word_1_196' title='bbox 2012 1364 2112 1407; x_wconf 89' lang='lat' dir='ltr'>Non</span> 
     </span>
     <span class='ocr_line' id='line_1_18' title="bbox 213 1425 1177 1488; baseline -0.006 -12"><span class='ocrx_word' id='word_1_197' title='bbox 213 1442 324 1488; x_wconf 83' lang='lat' dir='ltr'>ergo</span> <span class='ocrx_word' id='word_1_198' title='bbox 347 1431 436 1475; x_wconf 84' lang='lat' dir='ltr'>fuit</span> <span class='ocrx_word' id='word_1_199' title='bbox 457 1429 741 1475; x_wconf 88' lang='lat' dir='ltr'>conveniens</span> <span class='ocrx_word' id='word_1_200' title='bbox 762 1431 907 1472; x_wconf 86' lang='lat' dir='ltr'>Deum</span> <span class='ocrx_word' id='word_1_201' title='bbox 928 1425 1177 1471; x_wconf 83' lang='lat' dir='ltr'>incarnari.</span> 
     </span>
    </p>

    <p class='ocr_par' dir='ltr' id='par_1_6' title="bbox 213 1487 2116 1798">
     <span class='ocr_line' id='line_1_19' title="bbox 268 1487 2110 1548; baseline -0.003 -11"><span class='ocrx_word' id='word_1_202' title='bbox 268 1496 310 1537; x_wconf 74' lang='lat'>2.</span> <span class='ocrx_word' id='word_1_203' title='bbox 343 1496 582 1548; x_wconf 79' lang='lat' dir='ltr'>Praeterea,</span> <span class='ocrx_word' id='word_1_204' title='bbox 600 1504 706 1548; x_wconf 88' lang='lat' dir='ltr'>quae</span> <span class='ocrx_word' id='word_1_205' title='bbox 721 1495 833 1535; x_wconf 87' lang='lat' dir='ltr'>sunt</span> <span class='ocrx_word' id='word_1_206' title='bbox 851 1490 898 1533; x_wconf 91' lang='lat' dir='ltr'>in</span> <span class='ocrx_word' id='word_1_207' title='bbox 920 1489 1151 1535; x_wconf 86' lang='lat' dir='ltr'>infinitum</span> <span class='ocrx_word' id='word_1_208' title='bbox 1171 1489 1404 1545; x_wconf 80' lang='lat' dir='ltr'>distantia,</span> <span class='ocrx_word' id='word_1_209' title='bbox 1426 1487 1806 1532; x_wconf 83' lang='lat' dir='ltr'>inconvenienter</span> <span class='ocrx_word' id='word_1_210' title='bbox 1823 1487 2110 1544; x_wconf 78' lang='lat' dir='ltr'>Junguntur3</span> 
     </span>
     <span class='ocr_line' id='line_1_20' title="bbox 214 1548 2115 1610; baseline -0.004 -11"><span class='ocrx_word' id='word_1_211' title='bbox 214 1555 334 1599; x_wconf 84' lang='lat' dir='ltr'>sicut</span> <span class='ocrx_word' id='word_1_212' title='bbox 359 1554 695 1599; x_wconf 74' lang='lat' dir='ltr'>Inconveniens</span> <span class='ocrx_word' id='word_1_213' title='bbox 713 1553 935 1610; x_wconf 82' lang='lat' dir='ltr'>junctura</span> <span class='ocrx_word' id='word_1_214' title='bbox 956 1556 1097 1609; x_wconf 83' lang='lat' dir='ltr'>esset,</span> <span class='ocrx_word' id='word_1_215' title='bbox 1120 1552 1160 1597; x_wconf 89' lang='lat' dir='ltr'>si</span> <span class='ocrx_word' id='word_1_216' title='bbox 1183 1551 1290 1609; x_wconf 91' lang='lat' dir='ltr'>quis</span> <span class='ocrx_word' id='word_1_217' title='bbox 1313 1552 1527 1608; x_wconf 82' lang='lat' dir='ltr'>pingeret</span> <span class='ocrx_word' id='word_1_218' title='bbox 1548 1549 1815 1604; x_wconf 73' lang='lat' dir='ltr'>imaginem,</span> <span class='ocrx_word' id='word_1_219' title='bbox 1838 1548 1887 1592; x_wconf 92' lang='lat' dir='ltr'>in</span> <span class='ocrx_word' id='word_1_220' title='bbox 1909 1560 2003 1604; x_wconf 91' lang='lat' dir='ltr'>qua</span> <span class='ocrx_word' id='word_1_221' title='bbox 2024 1549 2115 1592; x_wconf 92' lang='lat' dir='ltr'>hu-</span> 
     </span>
     <span class='ocr_line' id='line_1_21' title="bbox 215 1606 2114 1673; baseline -0.003 -12"><span class='ocrx_word' id='word_1_222' title='bbox 215 1628 352 1660; x_wconf 89' lang='lat' dir='ltr'>mano</span> <span class='ocrx_word' id='word_1_223' title='bbox 376 1617 515 1673; x_wconf 88' lang='lat' dir='ltr'>capiti</span> <span class='ocrx_word' id='word_1_224' title='bbox 540 1616 697 1660; x_wconf 84' lang='lat' dir='ltr'>cervix</span> <span class='ocrx_word' id='word_1_225' title='bbox 724 1614 1003 1672; x_wconf 70' lang='lat' dir='ltr'>iungeretur</span> <span class='ocrx_word' id='word_1_226' title='bbox 1024 1614 1198 1670; x_wconf 88' lang='lat' dir='ltr'>equina</span> <span class='ocrx_word' id='word_1_227' title='bbox 1222 1615 1294 1669; x_wconf 72' lang='lat'><strong>(2).</strong></span> <span class='ocrx_word' id='word_1_228' title='bbox 1321 1613 1407 1658; x_wconf 87' lang='lat' dir='ltr'>Sed</span> <span class='ocrx_word' id='word_1_229' title='bbox 1439 1615 1560 1656; x_wconf 88' lang='lat' dir='ltr'>Deus</span> <span class='ocrx_word' id='word_1_230' title='bbox 1582 1615 1628 1655; x_wconf 93' lang='lat' dir='ltr'>et</span> <span class='ocrx_word' id='word_1_231' title='bbox 1658 1623 1765 1654; x_wconf 87' lang='lat' dir='ltr'>caro</span> <span class='ocrx_word' id='word_1_232' title='bbox 1796 1609 1845 1653; x_wconf 90' lang='lat' dir='ltr'>in</span> <span class='ocrx_word' id='word_1_233' title='bbox 1877 1606 2114 1655; x_wconf 87' lang='lat' dir='ltr'>infinitum</span> 
     </span>
     <span class='ocr_line' id='line_1_22' title="bbox 213 1671 2116 1735; baseline -0.003 -12"><span class='ocrx_word' id='word_1_234' title='bbox 213 1678 409 1735; x_wconf 81' lang='lat' dir='ltr'>distant3</span> <span class='ocrx_word' id='word_1_235' title='bbox 437 1679 544 1722; x_wconf 77' lang='lat' dir='ltr'>cum</span> <span class='ocrx_word' id='word_1_236' title='bbox 572 1681 691 1722; x_wconf 88' lang='lat' dir='ltr'>Deus</span> <span class='ocrx_word' id='word_1_237' title='bbox 717 1676 777 1720; x_wconf 90' lang='lat' dir='ltr'>sit</span> <span class='ocrx_word' id='word_1_238' title='bbox 804 1675 1203 1731; x_wconf 84' lang='lat' dir='ltr'>simplicissimus,</span> <span class='ocrx_word' id='word_1_239' title='bbox 1227 1687 1337 1720; x_wconf 91' lang='lat' dir='ltr'>caro</span> <span class='ocrx_word' id='word_1_240' title='bbox 1360 1678 1517 1719; x_wconf 90' lang='lat' dir='ltr'>autem</span> <span class='ocrx_word' id='word_1_241' title='bbox 1538 1672 1743 1717; x_wconf 79' lang='lat' dir='ltr'>maxime</span> <span class='ocrx_word' id='word_1_242' title='bbox 1765 1671 2040 1729; x_wconf 77' lang='lat' dir='ltr'>composita,</span> <span class='ocrx_word' id='word_1_243' title='bbox 2066 1674 2116 1717; x_wconf 87' lang='lat' dir='ltr'>et</span> 
     </span>
     <span class='ocr_line' id='line_1_23' title="bbox 214 1732 2112 1798; baseline -0.002 -14"><span class='ocrx_word' id='word_1_244' title='bbox 214 1740 444 1798; x_wconf 81' lang='lat' dir='ltr'>praecipue</span> <span class='ocrx_word' id='word_1_245' title='bbox 457 1741 679 1784; x_wconf 88' lang='lat' dir='ltr'>humana.</span> <span class='ocrx_word' id='word_1_246' title='bbox 688 1738 1149 1794; x_wconf 86' lang='lat' dir='ltr'>Ergoinconveniens</span> <span class='ocrx_word' id='word_1_247' title='bbox 1160 1737 1248 1782; x_wconf 82' lang='lat' dir='ltr'>fuit</span> <span class='ocrx_word' id='word_1_248' title='bbox 1259 1736 1516 1794; x_wconf 76' lang='lat' dir='ltr'>quodDeus</span> <span class='ocrx_word' id='word_1_249' title='bbox 1522 1734 1651 1779; x_wconf 86' lang='lat' dir='ltr'>carni</span> <span class='ocrx_word' id='word_1_250' title='bbox 1660 1732 1870 1778; x_wconf 74' lang='lat' dir='ltr'>uniretur</span> <span class='ocrx_word' id='word_1_251' title='bbox 1878 1733 2112 1780; x_wconf 66' lang='lat' dir='ltr'>hnmanae.</span> 
     </span>
    </p>

    <p class='ocr_par' dir='ltr' id='par_1_7' title="bbox 212 1794 2123 2041">
     <span class='ocr_line' id='line_1_24' title="bbox 268 1794 2121 1858; baseline -0.003 -12"><span class='ocrx_word' id='word_1_252' title='bbox 268 1805 311 1847; x_wconf 85' lang='lat'>3.</span> <span class='ocrx_word' id='word_1_253' title='bbox 342 1805 588 1858; x_wconf 79' lang='lat' dir='ltr'>Praeterea,</span> <span class='ocrx_word' id='word_1_254' title='bbox 610 1801 678 1846; x_wconf 86' lang='lat' dir='ltr'>sic</span> <span class='ocrx_word' id='word_1_255' title='bbox 699 1800 841 1845; x_wconf 84' lang='lat' dir='ltr'>distat</span> <span class='ocrx_word' id='word_1_256' title='bbox 861 1811 1033 1856; x_wconf 82' lang='lat' dir='ltr'>corpus</span> <span class='ocrx_word' id='word_1_257' title='bbox 1056 1800 1085 1844; x_wconf 73' lang='lat' dir='ltr'>a</span> <span class='ocrx_word' id='word_1_258' title='bbox 1113 1810 1298 1844; x_wconf 87' lang='lat' dir='ltr'>summo</span> <span class='ocrx_word' id='word_1_259' title='bbox 1322 1798 1517 1855; x_wconf 71' lang='lat' dir='ltr'>spiritu,</span> <span class='ocrx_word' id='word_1_260' title='bbox 1535 1797 1657 1842; x_wconf 84' lang='lat' dir='ltr'>sicut</span> <span class='ocrx_word' id='word_1_261' title='bbox 1678 1795 1855 1840; x_wconf 81' lang='lat' dir='ltr'>malitia</span> <span class='ocrx_word' id='word_1_262' title='bbox 1879 1794 1908 1838; x_wconf 74' lang='lat' dir='ltr'>a</span> <span class='ocrx_word' id='word_1_263' title='bbox 1930 1804 2121 1840; x_wconf 69' lang='lat' dir='ltr'>summa</span> 
     </span>
     <span class='ocr_line' id='line_1_25' title="bbox 212 1856 2121 1917; baseline -0.004 -8"><span class='ocrx_word' id='word_1_264' title='bbox 212 1863 433 1909; x_wconf 87' lang='lat' dir='ltr'>bonitate.</span> <span class='ocrx_word' id='word_1_265' title='bbox 458 1863 546 1908; x_wconf 88' lang='lat' dir='ltr'>Sed</span> <span class='ocrx_word' id='word_1_266' title='bbox 567 1861 760 1907; x_wconf 86' lang='lat' dir='ltr'>omnino</span> <span class='ocrx_word' id='word_1_267' title='bbox 785 1861 1125 1906; x_wconf 75' lang='lat' dir='ltr'>inconveniens</span> <span class='ocrx_word' id='word_1_268' title='bbox 1144 1865 1271 1906; x_wconf 89' lang='lat' dir='ltr'>esset</span> <span class='ocrx_word' id='word_1_269' title='bbox 1301 1860 1427 1917; x_wconf 75' lang='lat' dir='ltr'>quod</span> <span class='ocrx_word' id='word_1_270' title='bbox 1457 1862 1594 1914; x_wconf 79' lang='lat' dir='ltr'>Deus,</span> <span class='ocrx_word' id='word_1_271' title='bbox 1613 1857 1692 1914; x_wconf 83' lang='lat' dir='ltr'>qui</span> <span class='ocrx_word' id='word_1_272' title='bbox 1719 1861 1797 1901; x_wconf 87' lang='lat' dir='ltr'>est</span> <span class='ocrx_word' id='word_1_273' title='bbox 1822 1867 2013 1901; x_wconf 81' lang='lat' dir='ltr'>summa</span> <span class='ocrx_word' id='word_1_274' title='bbox 2029 1856 2121 1902; x_wconf 80' lang='lat' dir='ltr'>bo-</span> 
     </span>
     <span class='ocr_line' id='line_1_26' title="bbox 213 1916 2123 1983; baseline -0.004 -13"><span class='ocrx_word' id='word_1_275' title='bbox 213 1925 351 1983; x_wconf 80' lang='lat' dir='ltr'>nitas,</span> <span class='ocrx_word' id='word_1_276' title='bbox 378 1925 604 1969; x_wconf 87' lang='lat' dir='ltr'>malitiam</span> <span class='ocrx_word' id='word_1_277' title='bbox 624 1928 902 1969; x_wconf 86' lang='lat' dir='ltr'>assumeret.</span> <span class='ocrx_word' id='word_1_278' title='bbox 925 1925 1048 1979; x_wconf 82' lang='lat' dir='ltr'>Ergo</span> <span class='ocrx_word' id='word_1_279' title='bbox 1076 1935 1170 1968; x_wconf 87' lang='lat' dir='ltr'>non</span> <span class='ocrx_word' id='word_1_280' title='bbox 1200 1922 1289 1968; x_wconf 86' lang='lat' dir='ltr'>fuit</span> <span class='ocrx_word' id='word_1_281' title='bbox 1316 1921 1605 1967; x_wconf 84' lang='lat' dir='ltr'>conveniens</span> <span class='ocrx_word' id='word_1_282' title='bbox 1627 1917 1755 1976; x_wconf 76' lang='lat' dir='ltr'>quod</span> <span class='ocrx_word' id='word_1_283' title='bbox 1781 1929 2000 1964; x_wconf 79' lang='lat' dir='ltr'>summus</span> <span class='ocrx_word' id='word_1_284' title='bbox 2017 1916 2123 1975; x_wconf 76' lang='lat' dir='ltr'>spi-</span> 
     </span>
     <span class='ocr_line' id='line_1_27' title="bbox 212 1987 1085 2041; baseline -0.001 -10"><span class='ocrx_word' id='word_1_285' title='bbox 212 1987 329 2032; x_wconf 88' lang='lat' dir='ltr'>ritus</span> <span class='ocrx_word' id='word_1_286' title='bbox 352 1987 589 2031; x_wconf 86' lang='lat' dir='ltr'>increatus</span> <span class='ocrx_word' id='word_1_287' title='bbox 611 1997 782 2041; x_wconf 82' lang='lat' dir='ltr'>corpus</span> <span class='ocrx_word' id='word_1_288' title='bbox 806 1989 1085 2030; x_wconf 82' lang='lat' dir='ltr'>assumeret.</span> 
     </span>
    </p>

    <p class='ocr_par' dir='ltr' id='par_1_8' title="bbox 212 2041 2141 2535">
     <span class='ocr_line' id='line_1_28' title="bbox 264 2041 2122 2104; baseline -0.002 -11"><span class='ocrx_word' id='word_1_289' title='bbox 264 2052 307 2093; x_wconf 78' lang='lat'>4.</span> <span class='ocrx_word' id='word_1_290' title='bbox 339 2051 578 2102; x_wconf 62' lang='lat' dir='ltr'>Praeterea,</span> <span class='ocrx_word' id='word_1_291' title='bbox 599 2047 938 2092; x_wconf 85' lang='lat' dir='ltr'>inconveniens</span> <span class='ocrx_word' id='word_1_292' title='bbox 960 2051 1031 2091; x_wconf 87' lang='lat' dir='ltr'>est</span> <span class='ocrx_word' id='word_1_293' title='bbox 1052 2050 1106 2091; x_wconf 92' lang='lat' dir='ltr'>ut</span> <span class='ocrx_word' id='word_1_294' title='bbox 1127 2047 1209 2104; x_wconf 86' lang='lat' dir='ltr'>qui</span> <span class='ocrx_word' id='word_1_295' title='bbox 1229 2046 1413 2092; x_wconf 79' lang='lat' dir='ltr'>excedit</span> <span class='ocrx_word' id='word_1_296' title='bbox 1435 2056 1627 2101; x_wconf 82' lang='lat' dir='ltr'>magna,</span> <span class='ocrx_word' id='word_1_297' title='bbox 1643 2042 1935 2087; x_wconf 84' lang='lat' dir='ltr'>contineatur</span> <span class='ocrx_word' id='word_1_298' title='bbox 1956 2042 2004 2087; x_wconf 88' lang='lat' dir='ltr'>in</span> <span class='ocrx_word' id='word_1_299' title='bbox 2024 2041 2122 2089; x_wconf 74' lang='lat' dir='ltr'>mi·-</span> 
     </span>
     <span class='ocr_line' id='line_1_29' title="bbox 215 2103 2114 2167; baseline -0.003 -12"><span class='ocrx_word' id='word_1_300' title='bbox 215 2109 357 2166; x_wconf 77' lang='lat' dir='ltr'>nimo,</span> <span class='ocrx_word' id='word_1_301' title='bbox 376 2117 421 2154; x_wconf 84' lang='lat' dir='ltr'>et</span> <span class='ocrx_word' id='word_1_302' title='bbox 439 2110 514 2154; x_wconf 91' lang='lat' dir='ltr'>cui</span> <span class='ocrx_word' id='word_1_303' title='bbox 538 2109 750 2153; x_wconf 85' lang='lat' dir='ltr'>imminet</span> <span class='ocrx_word' id='word_1_304' title='bbox 774 2121 888 2152; x_wconf 89' lang='lat' dir='ltr'>cura</span> <span class='ocrx_word' id='word_1_305' title='bbox 913 2120 1220 2167; x_wconf 76' lang='lat' dir='ltr'>magnorum,</span> <span class='ocrx_word' id='word_1_306' title='bbox 1237 2107 1295 2153; x_wconf 78' lang='lat' dir='ltr'>ad</span> <span class='ocrx_word' id='word_1_307' title='bbox 1320 2119 1465 2164; x_wconf 84' lang='lat' dir='ltr'>parva</span> <span class='ocrx_word' id='word_1_308' title='bbox 1487 2118 1538 2151; x_wconf 89' lang='lat' dir='ltr'>se</span> <span class='ocrx_word' id='word_1_309' title='bbox 1557 2103 1821 2149; x_wconf 79' lang='lat' dir='ltr'>transferat.</span> <span class='ocrx_word' id='word_1_310' title='bbox 1842 2103 1930 2148; x_wconf 89' lang='lat' dir='ltr'>Sed</span> <span class='ocrx_word' id='word_1_311' title='bbox 1952 2106 2114 2165; x_wconf 87' lang='lat' dir='ltr'>Deum,</span> 
     </span>
     <span class='ocr_line' id='line_1_30' title="bbox 213 2165 2113 2230; baseline -0.003 -14"><span class='ocrx_word' id='word_1_312' title='bbox 213 2171 295 2230; x_wconf 84' lang='lat' dir='ltr'>qui</span> <span class='ocrx_word' id='word_1_313' title='bbox 320 2172 462 2215; x_wconf 83' lang='lat' dir='ltr'>totius</span> <span class='ocrx_word' id='word_1_314' title='bbox 479 2171 644 2215; x_wconf 86' lang='lat' dir='ltr'>mundi</span> <span class='ocrx_word' id='word_1_315' title='bbox 662 2182 824 2215; x_wconf 86' lang='lat' dir='ltr'>curam</span> <span class='ocrx_word' id='word_1_316' title='bbox 852 2169 995 2227; x_wconf 74' lang='lat' dir='ltr'>gerit,</span> <span class='ocrx_word' id='word_1_317' title='bbox 1015 2174 1110 2214; x_wconf 86' lang='lat' dir='ltr'>tota</span> <span class='ocrx_word' id='word_1_318' title='bbox 1132 2181 1293 2213; x_wconf 82' lang='lat' dir='ltr'>rerum</span> <span class='ocrx_word' id='word_1_319' title='bbox 1313 2167 1597 2213; x_wconf 81' lang='lat' dir='ltr'>universitas</span> <span class='ocrx_word' id='word_1_320' title='bbox 1618 2176 1785 2223; x_wconf 79' lang='lat' dir='ltr'>capere</span> <span class='ocrx_word' id='word_1_321' title='bbox 1809 2176 1904 2209; x_wconf 90' lang='lat' dir='ltr'>non</span> <span class='ocrx_word' id='word_1_322' title='bbox 1924 2165 2113 2216; x_wconf 78' lang='lat' dir='ltr'>sufficit.</span> 
     </span>
     <span class='ocr_line' id='line_1_31' title="bbox 214 2226 2117 2288; baseline -0.001 -11"><span class='ocrx_word' id='word_1_323' title='bbox 214 2235 330 2288; x_wconf 81' lang='lat' dir='ltr'>Ergo</span> <span class='ocrx_word' id='word_1_324' title='bbox 357 2233 542 2276; x_wconf 88' lang='lat' dir='ltr'>videtur</span> <span class='ocrx_word' id='word_1_325' title='bbox 564 2231 901 2275; x_wconf 87' lang='lat' dir='ltr'>inconveniens</span> <span class='ocrx_word' id='word_1_326' title='bbox 933 2230 1059 2286; x_wconf 81' lang='lat' dir='ltr'>quod</span> <span class='ocrx_word' id='word_1_327' title='bbox 1087 2247 1107 2268; x_wconf 89' lang='lat'>«</span> <span class='ocrx_word' id='word_1_328' title='bbox 1136 2230 1259 2274; x_wconf 83' lang='lat' dir='ltr'>intra</span> <span class='ocrx_word' id='word_1_329' title='bbox 1291 2228 1621 2286; x_wconf 80' lang='lat' dir='ltr'>corpusculum</span> <span class='ocrx_word' id='word_1_330' title='bbox 1651 2226 1885 2283; x_wconf 82' lang='lat' dir='ltr'>vagientis</span> <span class='ocrx_word' id='word_1_331' title='bbox 1907 2226 2117 2276; x_wconf 65' lang='lat' dir='ltr'>infantia}</span> 
     </span>
     <span class='ocr_line' id='line_1_32' title="bbox 213 2287 2116 2350; baseline -0.002 -11"><span class='ocrx_word' id='word_1_332' title='bbox 213 2293 378 2350; x_wconf 79' lang='lat' dir='ltr'>lateat,</span> <span class='ocrx_word' id='word_1_333' title='bbox 403 2294 479 2338; x_wconf 90' lang='lat' dir='ltr'>cui</span> <span class='ocrx_word' id='word_1_334' title='bbox 508 2305 652 2349; x_wconf 88' lang='lat' dir='ltr'>parva</span> <span class='ocrx_word' id='word_1_335' title='bbox 680 2296 872 2348; x_wconf 82' lang='lat' dir='ltr'>putatur</span> <span class='ocrx_word' id='word_1_336' title='bbox 891 2292 1198 2347; x_wconf 70' lang='lat' dir='ltr'>universitas3</span> <span class='ocrx_word' id='word_1_337' title='bbox 1223 2296 1271 2336; x_wconf 89' lang='lat' dir='ltr'>et</span> <span class='ocrx_word' id='word_1_338' title='bbox 1298 2290 1479 2335; x_wconf 87' lang='lat' dir='ltr'>tamdiu</span> <span class='ocrx_word' id='word_1_339' title='bbox 1506 2290 1535 2334; x_wconf 77' lang='lat' dir='ltr'>a</span> <span class='ocrx_word' id='word_1_340' title='bbox 1559 2289 1754 2335; x_wconf 87' lang='lat' dir='ltr'>sedibus</span> <span class='ocrx_word' id='word_1_341' title='bbox 1767 2288 1867 2333; x_wconf 86' lang='lat' dir='ltr'>suis</span> <span class='ocrx_word' id='word_1_342' title='bbox 1887 2287 2011 2335; x_wconf 80' lang='lat' dir='ltr'>absit</span> <span class='ocrx_word' id='word_1_343' title='bbox 2035 2289 2116 2339; x_wconf 72' lang='lat' dir='ltr'>ilio</span> 
     </span>
     <span class='ocr_line' id='line_1_33' title="bbox 212 2350 2112 2412; baseline -0.003 -12"><span class='ocrx_word' id='word_1_344' title='bbox 212 2360 447 2412; x_wconf 80' lang='lat' dir='ltr'>regnator,</span> <span class='ocrx_word' id='word_1_345' title='bbox 474 2360 613 2411; x_wconf 86' lang='lat' dir='ltr'>atque</span> <span class='ocrx_word' id='word_1_346' title='bbox 642 2353 702 2398; x_wconf 87' lang='lat' dir='ltr'>ad</span> <span class='ocrx_word' id='word_1_347' title='bbox 722 2365 871 2397; x_wconf 89' lang='lat' dir='ltr'>unum</span> <span class='ocrx_word' id='word_1_348' title='bbox 893 2352 1225 2409; x_wconf 75' lang='lat' dir='ltr'>corpusculum</span> <span class='ocrx_word' id='word_1_349' title='bbox 1250 2353 1395 2397; x_wconf 86' lang='lat' dir='ltr'>totius</span> <span class='ocrx_word' id='word_1_350' title='bbox 1415 2351 1579 2397; x_wconf 89' lang='lat' dir='ltr'>mundi</span> <span class='ocrx_word' id='word_1_351' title='bbox 1602 2364 1716 2395; x_wconf 86' lang='lat' dir='ltr'>cura</span> <span class='ocrx_word' id='word_1_352' title='bbox 1745 2350 2112 2410; x_wconf 65' lang='lat' dir='ltr'>transferatur-,n</span> 
     </span>
     <span class='ocr_line' id='line_1_34' title="bbox 213 2412 2112 2472; baseline -0.001 -10"><span class='ocrx_word' id='word_1_353' title='bbox 213 2421 268 2462; x_wconf 84' lang='lat' dir='ltr'>ut</span> <span class='ocrx_word' id='word_1_354' title='bbox 295 2417 569 2461; x_wconf 78' lang='lat' dir='ltr'>Volusianus</span> <span class='ocrx_word' id='word_1_355' title='bbox 597 2414 761 2461; x_wconf 87' lang='lat' dir='ltr'>scribit</span> <span class='ocrx_word' id='word_1_356' title='bbox 785 2413 846 2459; x_wconf 87' lang='lat' dir='ltr'>ad</span> <span class='ocrx_word' id='word_1_357' title='bbox 873 2414 1186 2470; x_wconf 81' lang='lat' dir='ltr'>Augustinum</span> <span class='ocrx_word' id='word_1_358' title='bbox 1209 2416 1299 2472; x_wconf 85' lang='lat' dir='ltr'>(ep.</span> <span class='ocrx_word' id='word_1_359' title='bbox 1328 2417 1429 2470; x_wconf 78' lang='lat'>135,</span> <span class='ocrx_word' id='word_1_360' title='bbox 1453 2415 1517 2458; x_wconf 83' lang='lat' dir='ltr'>al.</span> <span class='ocrx_word' id='word_1_361' title='bbox 1544 2416 1599 2470; x_wconf 76' lang='lat'>2,</span> <span class='ocrx_word' id='word_1_362' title='bbox 1623 2412 1651 2457; x_wconf 80' lang='lat' dir='ltr'>a</span> <span class='ocrx_word' id='word_1_363' title='bbox 1674 2412 1817 2469; x_wconf 73' lang='lat' dir='ltr'>med,</span> <span class='ocrx_word' id='word_1_364' title='bbox 1840 2412 1964 2459; x_wconf 86' lang='lat' dir='ltr'>inter</span> <span class='ocrx_word' id='word_1_365' title='bbox 1983 2424 2112 2472; x_wconf 82' lang='lat' dir='ltr'>oper.</span> 
     </span>
     <span class='ocr_line' id='line_1_35' title="bbox 213 2480 2141 2535; baseline -0.004 -12"><span class='ocrx_word' id='word_1_366' title='bbox 213 2480 444 2535; x_wconf 68' lang='lat' dir='ltr'>August).</span> <span class='ocrx_word' id='word_1_367' title='bbox 1403 2508 1405 2510; x_wconf 4' lang='lat' dir='ltr'>a</span> <span class='ocrx_word' id='word_1_368' title='bbox 2139 2492 2141 2494; x_wconf 96' lang='lat'>·</span> 
     </span>
    </p>

    <p class='ocr_par' dir='ltr' id='par_1_9' title="bbox 213 2534 2170 3212">
     <span class='ocr_line' id='line_1_36' title="bbox 270 2534 2114 2594; baseline -0.001 -10"><span class='ocrx_word' id='word_1_369' title='bbox 270 2539 357 2584; x_wconf 89' lang='lat' dir='ltr'>Sed</span> <span class='ocrx_word' id='word_1_370' title='bbox 381 2541 558 2594; x_wconf 82' lang='lat' dir='ltr'>contra,</span> <span class='ocrx_word' id='word_1_371' title='bbox 578 2537 694 2582; x_wconf 89' lang='lat' dir='ltr'>illud</span> <span class='ocrx_word' id='word_1_372' title='bbox 724 2536 905 2581; x_wconf 89' lang='lat' dir='ltr'>videtur</span> <span class='ocrx_word' id='word_1_373' title='bbox 924 2547 1028 2580; x_wconf 88' lang='lat' dir='ltr'>esse</span> <span class='ocrx_word' id='word_1_374' title='bbox 1046 2535 1540 2580; x_wconf 88' lang='lat' dir='ltr'>convenientissimum</span> <span class='ocrx_word' id='word_1_375' title='bbox 1560 2543 1613 2580; x_wconf 88' lang='lat' dir='ltr'>ut</span> <span class='ocrx_word' id='word_1_376' title='bbox 1634 2548 1718 2592; x_wconf 87' lang='lat' dir='ltr'>per</span> <span class='ocrx_word' id='word_1_377' title='bbox 1732 2534 1934 2580; x_wconf 85' lang='lat' dir='ltr'>visibilia</span> <span class='ocrx_word' id='word_1_378' title='bbox 1955 2548 2114 2583; x_wconf 80' lang='lat' dir='ltr'>mons-</span> 
     </span>
     <span class='ocr_line' id='line_1_37' title="bbox 216 2598 2115 2657; baseline -0.001 -12"><span class='ocrx_word' id='word_1_379' title='bbox 216 2605 395 2646; x_wconf 87' lang='lat' dir='ltr'>trentur</span> <span class='ocrx_word' id='word_1_380' title='bbox 410 2598 660 2657; x_wconf 84' lang='lat' dir='ltr'>invisibilia</span> <span class='ocrx_word' id='word_1_381' title='bbox 679 2599 755 2643; x_wconf 92' lang='lat' dir='ltr'>Dei</span> <span class='ocrx_word' id='word_1_382' title='bbox 775 2613 786 2642; x_wconf 73' lang='grc' dir='ltr'><strong>ι</strong></span> <span class='ocrx_word' id='word_1_383' title='bbox 808 2598 867 2642; x_wconf 91' lang='lat' dir='ltr'>ad</span> <span class='ocrx_word' id='word_1_384' title='bbox 892 2598 980 2641; x_wconf 95' lang='lat' dir='ltr'>hoc</span> <span class='ocrx_word' id='word_1_385' title='bbox 999 2598 1124 2642; x_wconf 89' lang='lat' dir='ltr'>enim</span> <span class='ocrx_word' id='word_1_386' title='bbox 1146 2601 1270 2642; x_wconf 89' lang='lat' dir='ltr'>totus</span> <span class='ocrx_word' id='word_1_387' title='bbox 1294 2598 1502 2643; x_wconf 89' lang='lat' dir='ltr'>mundus</span> <span class='ocrx_word' id='word_1_388' title='bbox 1521 2602 1592 2643; x_wconf 89' lang='lat' dir='ltr'>est</span> <span class='ocrx_word' id='word_1_389' title='bbox 1614 2598 1780 2655; x_wconf 82' lang='lat' dir='ltr'>factus,</span> <span class='ocrx_word' id='word_1_390' title='bbox 1803 2601 1858 2642; x_wconf 91' lang='lat' dir='ltr'>ut</span> <span class='ocrx_word' id='word_1_391' title='bbox 1881 2601 2011 2654; x_wconf 83' lang='lat' dir='ltr'>patet</span> <span class='ocrx_word' id='word_1_392' title='bbox 2033 2610 2115 2656; x_wconf 88' lang='lat' dir='ltr'>per</span> 
     </span>
     <span class='ocr_line' id='line_1_38' title="bbox 213 2659 2117 2718; baseline -0.001 -12"><span class='ocrx_word' id='word_1_393' title='bbox 213 2661 328 2706; x_wconf 83' lang='lat' dir='ltr'>illud</span> <span class='ocrx_word' id='word_1_394' title='bbox 346 2660 548 2717; x_wconf 86' lang='lat' dir='ltr'>Apostoli</span> <span class='ocrx_word' id='word_1_395' title='bbox 569 2662 713 2714; x_wconf 91' lang='lat' dir='ltr'>(Rom.</span> <span class='ocrx_word' id='word_1_396' title='bbox 725 2716 727 2718; x_wconf 10' lang='lat' dir='ltr'>q</span> <span class='ocrx_word' id='word_1_397' title='bbox 739 2673 753 2704; x_wconf 92' lang='lat'>1</span> <span class='ocrx_word' id='word_1_398' title='bbox 765 2692 779 2716; x_wconf 83' lang='lat'>‚</span> <span class='ocrx_word' id='word_1_399' title='bbox 801 2661 871 2713; x_wconf 73' lang='lat'>20&gt;</span> <span class='ocrx_word' id='word_1_400' title='bbox 890 2671 904 2703; x_wconf 69' lang='grc' dir='ltr'>ι</span> <span class='ocrx_word' id='word_1_401' title='bbox 923 2659 1173 2702; x_wconf 73' lang='lat' dir='ltr'>Invisibilia</span> <span class='ocrx_word' id='word_1_402' title='bbox 1192 2661 1279 2702; x_wconf 79' lang='lat' dir='ltr'>Dei</span> <span class='ocrx_word' id='word_1_403' title='bbox 1297 2672 1382 2715; x_wconf 85' lang='lat' dir='ltr'>per</span> <span class='ocrx_word' id='word_1_404' title='bbox 1401 2673 1455 2703; x_wconf 86' lang='lat' dir='ltr'>ea</span> <span class='ocrx_word' id='word_1_405' title='bbox 1474 2671 1573 2715; x_wconf 82' lang='lat' dir='ltr'>quae</span> <span class='ocrx_word' id='word_1_406' title='bbox 1591 2662 1720 2714; x_wconf 75' lang='lat' dir='ltr'>sacta</span> <span class='ocrx_word' id='word_1_407' title='bbox 1738 2663 1861 2716; x_wconf 79' lang='lat' dir='ltr'>sunt,</span> <span class='ocrx_word' id='word_1_408' title='bbox 1881 2659 2117 2706; x_wconf 75' lang='lat' dir='ltr'>intellecta</span> 
     </span>
     <span class='ocr_line' id='line_1_39' title="bbox 215 2720 2110 2780; baseline 0.001 -13"><span class='ocrx_word' id='word_1_409' title='bbox 215 2726 565 2780; x_wconf 76' lang='lat' dir='ltr'>conspiciuntur.</span> <span class='ocrx_word' id='word_1_410' title='bbox 591 2722 702 2777; x_wconf 90' lang='lat' dir='ltr'>Sed,</span> <span class='ocrx_word' id='word_1_411' title='bbox 730 2720 851 2768; x_wconf 71' lang='lat' dir='ltr'>sicut</span> <span class='ocrx_word' id='word_1_412' title='bbox 883 2723 1198 2765; x_wconf 89' lang='lat' dir='ltr'>Damascenus</span> <span class='ocrx_word' id='word_1_413' title='bbox 1230 2720 1343 2765; x_wconf 86' lang='lat' dir='ltr'>dicit</span> <span class='ocrx_word' id='word_1_414' title='bbox 1369 2720 1434 2774; x_wconf 91' lang='lat' dir='ltr'>(in</span> <span class='ocrx_word' id='word_1_415' title='bbox 1464 2721 1611 2778; x_wconf 86' lang='lat' dir='ltr'>princ.</span> <span class='ocrx_word' id='word_1_416' title='bbox 1640 2722 1723 2766; x_wconf 89' lang='lat' dir='ltr'>lib.</span> <span class='ocrx_word' id='word_1_417' title='bbox 1750 2734 1822 2775; x_wconf 81' lang='grc' dir='ltr'>ιιι,</span> <span class='ocrx_word' id='word_1_418' title='bbox 1845 2723 1910 2766; x_wconf 83' lang='lat' dir='ltr'>De</span> <span class='ocrx_word' id='word_1_419' title='bbox 1929 2721 2110 2768; x_wconf 73' lang='lat' dir='ltr'>orthod.</span> 
     </span>
     <span class='ocr_line' id='line_1_40' title="bbox 215 2782 2170 2840; baseline 0 -12"><span class='ocrx_word' id='word_1_420' title='bbox 215 2784 321 2840; x_wconf 81' lang='lat' dir='ltr'>fide,</span> <span class='ocrx_word' id='word_1_421' title='bbox 340 2796 443 2840; x_wconf 88' lang='lat' dir='ltr'>cap.</span> <span class='ocrx_word' id='word_1_422' title='bbox 471 2785 528 2837; x_wconf 80' lang='lat'>1),</span> <span class='ocrx_word' id='word_1_423' title='bbox 545 2795 627 2839; x_wconf 90' lang='lat' dir='ltr'>per</span> <span class='ocrx_word' id='word_1_424' title='bbox 646 2782 982 2827; x_wconf 77' lang='lat' dir='ltr'>Incarnationis</span> <span class='ocrx_word' id='word_1_425' title='bbox 999 2782 1276 2838; x_wconf 84' lang='lat' dir='ltr'>mysterium</span> <span class='ocrx_word' id='word_1_426' title='bbox 1296 2787 1584 2827; x_wconf 78' lang='lat' dir='ltr'>monstratur</span> <span class='ocrx_word' id='word_1_427' title='bbox 1599 2782 1739 2828; x_wconf 89' lang='lat' dir='ltr'>simul</span> <span class='ocrx_word' id='word_1_428' title='bbox 1758 2782 1955 2840; x_wconf 83' lang='lat' dir='ltr'>bonitas,</span> <span class='ocrx_word' id='word_1_429' title='bbox 1969 2787 2017 2828; x_wconf 87' lang='lat' dir='ltr'>et</span> <span class='ocrx_word' id='word_1_430' title='bbox 2038 2795 2114 2828; x_wconf 86' lang='lat' dir='ltr'>sa·</span> <span class='ocrx_word' id='word_1_431' title='bbox 2167 2807 2170 2809; x_wconf 90' lang='grc'>-</span> 
     </span>
     <span class='ocr_line' id='line_1_41' title="bbox 217 2843 2115 2903; baseline 0 -12"><span class='ocrx_word' id='word_1_432' title='bbox 217 2846 412 2903; x_wconf 86' lang='lat' dir='ltr'>pientia,</span> <span class='ocrx_word' id='word_1_433' title='bbox 435 2849 482 2890; x_wconf 91' lang='lat' dir='ltr'>et</span> <span class='ocrx_word' id='word_1_434' title='bbox 492 2844 690 2900; x_wconf 82' lang='lat' dir='ltr'>justitia,</span> <span class='ocrx_word' id='word_1_435' title='bbox 713 2848 759 2889; x_wconf 90' lang='lat' dir='ltr'>et</span> <span class='ocrx_word' id='word_1_436' title='bbox 775 2844 981 2900; x_wconf 88' lang='lat' dir='ltr'>potentia</span> <span class='ocrx_word' id='word_1_437' title='bbox 1004 2844 1083 2888; x_wconf 90' lang='lat' dir='ltr'>Dei</span> <span class='ocrx_word' id='word_1_438' title='bbox 1098 2877 1109 2892; x_wconf 80' lang='grc'>,</span> <span class='ocrx_word' id='word_1_439' title='bbox 1130 2843 1205 2888; x_wconf 87' lang='lat' dir='ltr'>vel</span> <span class='ocrx_word' id='word_1_440' title='bbox 1226 2843 1391 2888; x_wconf 89' lang='lat' dir='ltr'>virtus.</span> <span class='ocrx_word' id='word_1_441' title='bbox 1411 2846 1596 2889; x_wconf 86' lang='lat' dir='ltr'>Bonitas</span> <span class='ocrx_word' id='word_1_442' title='bbox 1618 2845 1869 2902; x_wconf 85' lang='lat' dir='ltr'>«quidem,</span> <span class='ocrx_word' id='word_1_443' title='bbox 1893 2845 2115 2902; x_wconf 87' lang='lat' dir='ltr'>quoniam</span> 
     </span>
     <span class='ocr_line' id='line_1_42' title="bbox 217 2905 2114 2963; baseline 0 -11"><span class='ocrx_word' id='word_1_444' title='bbox 217 2920 309 2952; x_wconf 88' lang='lat' dir='ltr'>non</span> <span class='ocrx_word' id='word_1_445' title='bbox 329 2906 540 2963; x_wconf 83' lang='lat' dir='ltr'>despexit</span> <span class='ocrx_word' id='word_1_446' title='bbox 555 2905 728 2963; x_wconf 82' lang='lat' dir='ltr'>proprii</span> <span class='ocrx_word' id='word_1_447' title='bbox 745 2905 985 2962; x_wconf 88' lang='lat' dir='ltr'>plasmatis</span> <span class='ocrx_word' id='word_1_448' title='bbox 999 2905 1336 2961; x_wconf 77' lang='lat' dir='ltr'>infirmitatem3</span> <span class='ocrx_word' id='word_1_449' title='bbox 1348 2905 1531 2962; x_wconf 86' lang='lat' dir='ltr'>justitia</span> <span class='ocrx_word' id='word_1_450' title='bbox 1543 2906 1671 2962; x_wconf 80' lang='lat' dir='ltr'>vero,</span> <span class='ocrx_word' id='word_1_451' title='bbox 1686 2906 1906 2963; x_wconf 87' lang='lat' dir='ltr'>quoniam</span> <span class='ocrx_word' id='word_1_452' title='bbox 1926 2906 2114 2953; x_wconf 83' lang='lat' dir='ltr'>homine</span> 
     </span>
     <span class='ocr_line' id='line_1_43' title="bbox 217 2967 2115 3026; baseline 0.001 -14"><span class='ocrx_word' id='word_1_453' title='bbox 217 2969 353 3026; x_wconf 73' lang='lat' dir='ltr'>victo,</span> <span class='ocrx_word' id='word_1_454' title='bbox 377 2981 468 3012; x_wconf 89' lang='lat' dir='ltr'>non</span> <span class='ocrx_word' id='word_1_455' title='bbox 491 2968 580 3012; x_wconf 89' lang='lat' dir='ltr'>alio</span> <span class='ocrx_word' id='word_1_456' title='bbox 598 2968 657 3024; x_wconf 72' lang='lat'>(9)</span> <span class='ocrx_word' id='word_1_457' title='bbox 672 2967 815 3024; x_wconf 78' lang='lat' dir='ltr'>quam</span> <span class='ocrx_word' id='word_1_458' title='bbox 836 2967 1023 3012; x_wconf 90' lang='lat' dir='ltr'>homine</span> <span class='ocrx_word' id='word_1_459' title='bbox 1041 2967 1151 3012; x_wconf 87' lang='lat' dir='ltr'>fecit</span> <span class='ocrx_word' id='word_1_460' title='bbox 1168 2967 1293 3019; x_wconf 89' lang='lat' dir='ltr'>vinei</span> <span class='ocrx_word' id='word_1_461' title='bbox 1315 2972 1592 3025; x_wconf 76' lang='lat' dir='ltr'>tyrannum,</span> <span class='ocrx_word' id='word_1_462' title='bbox 1617 2980 1771 3025; x_wconf 89' lang='lat' dir='ltr'>neque</span> <span class='ocrx_word' id='word_1_463' title='bbox 1795 2968 1843 3012; x_wconf 88' lang='lat' dir='ltr'>vi</span> <span class='ocrx_word' id='word_1_464' title='bbox 1866 2968 2035 3025; x_wconf 86' lang='lat' dir='ltr'>eripuit</span> <span class='ocrx_word' id='word_1_465' title='bbox 2055 2981 2115 3015; x_wconf 87' lang='lat' dir='ltr'>ex</span> 
     </span>
     <span class='ocr_line' id='line_1_44' title="bbox 217 3029 2114 3086; baseline -0.001 -10"><span class='ocrx_word' id='word_1_466' title='bbox 217 3035 363 3076; x_wconf 89' lang='lat' dir='ltr'>morte</span> <span class='ocrx_word' id='word_1_467' title='bbox 383 3029 646 3086; x_wconf 68' lang='lat' dir='ltr'>hominen‘g</span> <span class='ocrx_word' id='word_1_468' title='bbox 673 3029 900 3086; x_wconf 85' lang='lat' dir='ltr'>sapientia</span> <span class='ocrx_word' id='word_1_469' title='bbox 920 3029 1047 3086; x_wconf 81' lang='lat' dir='ltr'>vero,</span> <span class='ocrx_word' id='word_1_470' title='bbox 1068 3029 1289 3085; x_wconf 85' lang='lat' dir='ltr'>quoniam</span> <span class='ocrx_word' id='word_1_471' title='bbox 1312 3029 1489 3075; x_wconf 90' lang='lat' dir='ltr'>invenit</span> <span class='ocrx_word' id='word_1_472' title='bbox 1507 3030 1765 3076; x_wconf 89' lang='lat' dir='ltr'>difficillimi</span> <span class='ocrx_word' id='word_1_473' title='bbox 1787 3030 1920 3086; x_wconf 85' lang='lat' dir='ltr'>pretii</span> <span class='ocrx_word' id='word_1_474' title='bbox 1941 3031 2114 3075; x_wconf 83' lang='lat' dir='ltr'>decen-</span> 
     </span>
     <span class='ocr_line' id='line_1_45' title="bbox 218 3091 2118 3151; baseline 0.001 -13"><span class='ocrx_word' id='word_1_475' title='bbox 218 3093 443 3139; x_wconf 86' lang='lat' dir='ltr'>tissimam</span> <span class='ocrx_word' id='word_1_476' title='bbox 459 3092 762 3148; x_wconf 72' lang='lat' dir='ltr'>solutionem3</span> <span class='ocrx_word' id='word_1_477' title='bbox 779 3092 985 3148; x_wconf 89' lang='lat' dir='ltr'>potentia</span> <span class='ocrx_word' id='word_1_478' title='bbox 998 3091 1108 3136; x_wconf 81' lang='lat' dir='ltr'>vero</span> <span class='ocrx_word' id='word_1_479' title='bbox 1123 3092 1221 3136; x_wconf 89' lang='lat' dir='ltr'>sive</span> <span class='ocrx_word' id='word_1_480' title='bbox 1236 3093 1385 3137; x_wconf 88' lang='lat' dir='ltr'>virtus</span> <span class='ocrx_word' id='word_1_481' title='bbox 1399 3093 1597 3149; x_wconf 87' lang='lat' dir='ltr'>infinita,</span> <span class='ocrx_word' id='word_1_482' title='bbox 1618 3093 1728 3151; x_wconf 86' lang='lat' dir='ltr'>quia</span> <span class='ocrx_word' id='word_1_483' title='bbox 1742 3092 1858 3137; x_wconf 88' lang='lat' dir='ltr'>nihil</span> <span class='ocrx_word' id='word_1_484' title='bbox 1871 3097 1943 3137; x_wconf 88' lang='lat' dir='ltr'>est</span> <span class='ocrx_word' id='word_1_485' title='bbox 1961 3092 2118 3150; x_wconf 68' lang='lat' dir='ltr'>majus</span> 
     </span>
     <span class='ocr_line' id='line_1_46' title="bbox 219 3150 1943 3212; baseline -0.002 -13"><span class='ocrx_word' id='word_1_486' title='bbox 219 3155 357 3212; x_wconf 79' lang='lat' dir='ltr'>quam</span> <span class='ocrx_word' id='word_1_487' title='bbox 380 3157 521 3197; x_wconf 87' lang='lat' dir='ltr'>Deum</span> <span class='ocrx_word' id='word_1_488' title='bbox 545 3150 641 3197; x_wconf 83' lang='lat' dir='ltr'>fieri</span> <span class='ocrx_word' id='word_1_489' title='bbox 665 3153 916 3198; x_wconf 90' lang='lat' dir='ltr'>hominem.</span> <span class='ocrx_word' id='word_1_490' title='bbox 937 3173 957 3193; x_wconf 89' lang='lat'>»</span> <span class='ocrx_word' id='word_1_491' title='bbox 980 3156 1098 3209; x_wconf 83' lang='lat' dir='ltr'>Ergo</span> <span class='ocrx_word' id='word_1_492' title='bbox 1122 3155 1406 3199; x_wconf 89' lang='lat' dir='ltr'>conveniens</span> <span class='ocrx_word' id='word_1_493' title='bbox 1424 3155 1511 3200; x_wconf 86' lang='lat' dir='ltr'>fuit</span> <span class='ocrx_word' id='word_1_494' title='bbox 1529 3159 1673 3200; x_wconf 90' lang='lat' dir='ltr'>Deum</span> <span class='ocrx_word' id='word_1_495' title='bbox 1695 3153 1943 3198; x_wconf 87' lang='lat' dir='ltr'>incarnari.</span> 
     </span>
    </p>

    <p class='ocr_par' dir='ltr' id='par_1_10' title="bbox 264 3220 2110 3273">
     <span class='ocr_line' id='line_1_47' title="bbox 264 3220 2110 3273; baseline -0.002 -10"><span class='ocrx_word' id='word_1_496' title='bbox 264 3221 556 3263; x_wconf 88' lang='lat' dir='ltr'>CONCLUSlO.</span> <span class='ocrx_word' id='word_1_497' title='bbox 579 3243 627 3250; x_wconf 89' lang='lat'>—</span> <span class='ocrx_word' id='word_1_498' title='bbox 652 3220 758 3260; x_wconf 81' lang='lat' dir='ltr'>Gum</span> <span class='ocrx_word' id='word_1_499' title='bbox 774 3220 863 3272; x_wconf 86' lang='lat' dir='ltr'>ipsa</span> <span class='ocrx_word' id='word_1_500' title='bbox 887 3222 960 3261; x_wconf 92' lang='lat' dir='ltr'>Dei</span> <span class='ocrx_word' id='word_1_501' title='bbox 975 3226 1123 3261; x_wconf 85' lang='lat' dir='ltr'>natura</span> <span class='ocrx_word' id='word_1_502' title='bbox 1150 3221 1206 3261; x_wconf 88' lang='lat' dir='ltr'>sit</span> <span class='ocrx_word' id='word_1_503' title='bbox 1233 3223 1409 3263; x_wconf 87' lang='lat' dir='ltr'>essentia</span> <span class='ocrx_word' id='word_1_504' title='bbox 1429 3223 1648 3271; x_wconf 83' lang='lat' dir='ltr'>bonitatis,</span> <span class='ocrx_word' id='word_1_505' title='bbox 1677 3225 1800 3273; x_wconf 85' lang='lat' dir='ltr'>atque</span> <span class='ocrx_word' id='word_1_506' title='bbox 1828 3220 1881 3261; x_wconf 82' lang='lat' dir='ltr'>ad</span> <span class='ocrx_word' id='word_1_507' title='bbox 1910 3221 2110 3262; x_wconf 84' lang='lat' dir='ltr'>rationem</span> 
     </span>
    </p>
   </div>
   <div class='ocr_carea' id='block_1_6' title="bbox 217 3322 2117 3509">
    <p class='ocr_par' dir='ltr' id='par_1_11' title="bbox 217 3322 2117 3509">
     <span class='ocr_line' id='line_1_48' title="bbox 255 3322 2115 3366; baseline 0 -8"><span class='ocrx_word' id='word_1_508' title='bbox 255 3324 299 3366; x_wconf 78' lang='lat' dir='ltr'>(l)</span> <span class='ocrx_word' id='word_1_509' title='bbox 315 3323 487 3366; x_wconf 75' lang='lat' dir='ltr'>Apellitae,</span> <span class='ocrx_word' id='word_1_510' title='bbox 506 3323 681 3358; x_wconf 76' lang='lat' dir='ltr'>manichaei</span> <span class='ocrx_word' id='word_1_511' title='bbox 704 3326 740 3357; x_wconf 87' lang='lat' dir='ltr'>et</span> <span class='ocrx_word' id='word_1_512' title='bbox 758 3322 817 3358; x_wconf 82' lang='lat' dir='ltr'>alii</span> <span class='ocrx_word' id='word_1_513' title='bbox 838 3323 989 3357; x_wconf 83' lang='lat' dir='ltr'>haeretici</span> <span class='ocrx_word' id='word_1_514' title='bbox 1014 3323 1116 3357; x_wconf 85' lang='lat' dir='ltr'>reali·</span> <span class='ocrx_word' id='word_1_515' title='bbox 1244 3324 1287 3366; x_wconf 81' lang='lat'>(2)</span> <span class='ocrx_word' id='word_1_516' title='bbox 1305 3325 1507 3366; x_wconf 71' lang='lat' dir='ltr'>Usurpatum</span> <span class='ocrx_word' id='word_1_517' title='bbox 1526 3336 1565 3358; x_wconf 85' lang='lat' dir='ltr'>ex</span> <span class='ocrx_word' id='word_1_518' title='bbox 1585 3324 1727 3358; x_wconf 85' lang='lat' dir='ltr'>Horatio</span> <span class='ocrx_word' id='word_1_519' title='bbox 1753 3323 1793 3358; x_wconf 87' lang='lat' dir='ltr'>de</span> <span class='ocrx_word' id='word_1_520' title='bbox 1816 3326 1890 3358; x_wconf 82' lang='lat' dir='ltr'>arte</span> <span class='ocrx_word' id='word_1_521' title='bbox 1917 3323 2052 3365; x_wconf 79' lang='lat' dir='ltr'>poetica</span> <span class='ocrx_word' id='word_1_522' title='bbox 2080 3323 2115 3352; x_wconf 83' lang='lat' dir='ltr'>in</span> 
     </span>
     <span class='ocr_line' id='line_1_49' title="bbox 218 3371 2117 3414; baseline -0.002 -6"><span class='ocrx_word' id='word_1_523' title='bbox 218 3375 323 3408; x_wconf 77' lang='lat' dir='ltr'>tatem</span> <span class='ocrx_word' id='word_1_524' title='bbox 346 3371 494 3413; x_wconf 82' lang='lat' dir='ltr'>corporis</span> <span class='ocrx_word' id='word_1_525' title='bbox 518 3371 643 3406; x_wconf 80' lang='lat' dir='ltr'>Christi</span> <span class='ocrx_word' id='word_1_526' title='bbox 664 3376 840 3412; x_wconf 82' lang='lat' dir='ltr'>negantes,</span> <span class='ocrx_word' id='word_1_527' title='bbox 861 3371 1049 3405; x_wconf 83' lang='lat' dir='ltr'>docuerunt</span> <span class='ocrx_word' id='word_1_528' title='bbox 1063 3373 1117 3405; x_wconf 89' lang='lat' dir='ltr'>in·</span> <span class='ocrx_word' id='word_1_529' title='bbox 1202 3372 1383 3412; x_wconf 83' lang='lat' dir='ltr'>principio,</span> <span class='ocrx_word' id='word_1_530' title='bbox 1409 3371 1468 3406; x_wconf 90' lang='lat' dir='ltr'>ubi</span> <span class='ocrx_word' id='word_1_531' title='bbox 1497 3372 1545 3406; x_wconf 83' lang='lat' dir='ltr'>ait</span> <span class='ocrx_word' id='word_1_532' title='bbox 1570 3384 1577 3405; x_wconf 94' lang='lat'><strong>:</strong></span> <span class='ocrx_word' id='word_1_533' title='bbox 1602 3371 1777 3405; x_wconf 77' lang='lat' dir='ltr'>Humano</span> <span class='ocrx_word' id='word_1_534' title='bbox 1794 3372 1912 3414; x_wconf 76' lang='lat' dir='ltr'>capiti</span> <span class='ocrx_word' id='word_1_535' title='bbox 1942 3371 2117 3406; x_wconf 77' lang='lat' dir='ltr'>cervicem</span> 
     </span>
     <span class='ocr_line' id='line_1_50' title="bbox 218 3418 1936 3463; baseline -0.002 -8"><span class='ocrx_word' id='word_1_536' title='bbox 218 3419 447 3455; x_wconf 75' lang='lat' dir='ltr'>ear-nationem</span> <span class='ocrx_word' id='word_1_537' title='bbox 464 3420 533 3453; x_wconf 84' lang='lat' dir='ltr'>Deo</span> <span class='ocrx_word' id='word_1_538' title='bbox 549 3430 618 3452; x_wconf 84' lang='lat' dir='ltr'>esse</span> <span class='ocrx_word' id='word_1_539' title='bbox 634 3418 820 3461; x_wconf 81' lang='lat' dir='ltr'>indignam,</span> <span class='ocrx_word' id='word_1_540' title='bbox 839 3418 929 3460; x_wconf 84' lang='lat' dir='ltr'>quod</span> <span class='ocrx_word' id='word_1_541' title='bbox 941 3419 960 3453; x_wconf 64' lang='lat' dir='ltr'>a</span> <span class='ocrx_word' id='word_1_542' title='bbox 976 3419 1118 3454; x_wconf 87' lang='lat' dir='ltr'>concilio</span> <span class='ocrx_word' id='word_1_543' title='bbox 1202 3421 1324 3463; x_wconf 72' lang='lat' dir='ltr'>pictor</span> <span class='ocrx_word' id='word_1_544' title='bbox 1341 3421 1513 3463; x_wconf 75' lang='lat' dir='ltr'>equinam</span> <span class='ocrx_word' id='word_1_545' title='bbox 1530 3419 1692 3461; x_wconf 73' lang='lat' dir='ltr'>anqere</span> <span class='ocrx_word' id='word_1_546' title='bbox 1706 3420 1740 3453; x_wconf 79' lang='lat' dir='ltr'>si</span> <span class='ocrx_word' id='word_1_547' title='bbox 1755 3419 1856 3460; x_wconf 74' lang='lat' dir='ltr'>velit,</span> <span class='ocrx_word' id='word_1_548' title='bbox 1871 3424 1936 3452; x_wconf 80' lang='lat' dir='ltr'>ete.</span> 
     </span>
     <span class='ocr_line' id='line_1_51' title="bbox 217 3465 1634 3509; baseline -0.001 -6"><span class='ocrx_word' id='word_1_549' title='bbox 217 3467 482 3503; x_wconf 66' lang='lat' dir='ltr'>chalcedonense</span> <span class='ocrx_word' id='word_1_550' title='bbox 502 3465 718 3509; x_wconf 77' lang='lat' dir='ltr'>profligatum</span> <span class='ocrx_word' id='word_1_551' title='bbox 732 3469 794 3501; x_wconf 80' lang='lat' dir='ltr'>est.</span> <span class='ocrx_word' id='word_1_552' title='bbox 1245 3469 1285 3508; x_wconf 62' lang='lat'>(5,</span> <span class='ocrx_word' id='word_1_553' title='bbox 1314 3467 1447 3502; x_wconf 83' lang='lat' dir='ltr'>Nicolai</span> <span class='ocrx_word' id='word_1_554' title='bbox 1480 3466 1524 3501; x_wconf 72' lang='lat' dir='ltr'>ab</span> <span class='ocrx_word' id='word_1_555' title='bbox 1543 3466 1634 3501; x_wconf 79' lang='lat' dir='ltr'>alio.</span> 
     </span>
    </p>
   </div>
  </div>
 </body>
</html>
