2170 3808
672 167 873 220 QUAEST.
899 167 1085 228 xxxvl,
1110 169 1231 214 ART.
1260 169 1314 213 lV
1340 168 1406 212 ET
1432 166 1482 210 V.
1937 168 2014 212 301

135 255 262 295 turas
295 249 550 295 Divinitatis
585 247 804 294 virtutem
836 249 884 294 in
917 262 968 294 se
999 249 1290 295 monstravit.
1333 251 1387 294 Et
1425 248 1530 294 ideo
1569 247 1775 292 Christus
1810 259 1903 292 non
1934 261 2019 305 per

64 360 70 363 ,
133 312 338 368 seipsum
375 322 509 356 suam
546 310 835 355 nativitatem
866 310 1200 367 manifestavit,
1236 311 1318 356 sed
1352 323 1436 367 per
1470 310 1695 367 quasdam
1734 308 1848 354 alias
1884 321 2017 354 crea-

133 379 278 418 turaS.

186 434 253 480 Ad
269 439 466 492 primum
486 446 597 490 ergo
621 433 886 489 dicendum,
905 432 1028 490 quod
1061 434 1109 477 in
1140 432 1216 476 via
1245 433 1558 488 generationis
1588 438 1634 478 et
1659 436 1814 477 motus
1835 437 2016 489 oportet

132 508 214 552 per
227 496 493 554 imperfecta
507 495 566 540 ad
583 495 838 552 perfectum
859 494 1106 552 perveniri.
1128 497 1181 538 Et
1200 494 1302 538 ideo
1319 494 1526 538 Christus
1547 495 1675 550 prius
1690 494 2014 539 manifestatus

131 562 203 602 est
216 570 296 615 per
308 558 421 603 alias
439 562 692 615 creaturas,
703 562 751 602 et
763 562 924 615 postea
939 555 1251 601 manifestavit
1261 567 1312 599 se
1324 568 1406 613 per
1420 555 1627 612 seipsum
1642 556 2015 601 manifestatione

131 619 303 664 divina.

183 679 249 725 Ad
267 681 509 724 secundum
523 679 789 735 dicendum,
805 679 945 737 quod,
970 678 1076 724 licet
1091 679 1318 735 sapientia
1339 678 1606 723 abscondita
1626 678 1686 722 sit
1703 678 1896 736 inutilis,
1917 691 2010 724 non

133 747 284 801 tamen
303 743 362 787 ad
383 742 655 799 sapientiam
678 742 875 798 pertinet
896 746 949 786 ut
966 740 1172 798 quolibet
1192 747 1398 797 tempore
1415 740 1679 785 manifestet
1698 741 1914 798 seipsam,
1929 741 2012 786 sed

129 807 333 860 tempore
351 815 573 860 congruo,
590 803 761 848 Dicitur
778 803 902 848 enim
917 803 1070 857 (Eccli.
1090 817 1159 858 xx,
1179 806 1220 859 6)
1236 817 1247 844 :
1265 806 1347 846 Est
1365 806 1533 858 tacens,
1549 815 1637 845 non
1650 802 1818 845 habens
1835 816 2014 847 sensum

130 863 329 920 loquelae,
358 869 403 908 et
425 869 492 909 est
513 869 681 918 tacens,
706 867 848 908 sciens
873 868 1044 921 tempus
1070 866 1128 920 (1)
1165 868 1266 921 apti.
1288 866 1518 920 temporis.
1541 863 1613 907 Sic
1645 875 1756 918 ergo
1786 863 2014 920 sapientia

130 925 304 971 Christo
340 927 447 972 data
484 939 577 971 non
612 927 700 971 fuit
734 926 927 982 inutilis,
961 926 1069 984 quia
1089 925 1296 983 seipsum
1321 931 1525 981 tempore
1555 936 1762 981 congruo
1794 925 2013 970 manifes-

133 987 262 1043 tavit3
288 993 335 1033 et
355 990 444 1034 hoc
463 989 617 1046 ipsum
631 988 755 1045 quod
772 993 978 1045 tempore
1006 1000 1216 1045 congruo
1238 985 1628 1043 abscondebatur,
1669 991 1739 1032 est
1771 987 2013 1043 sapientiae

129 1048 368 1095 indicium.

183 1110 250 1156 Ad
273 1115 453 1156 tertium
470 1112 732 1168 dicendum,
766 1110 891 1168 qued
912 1110 1030 1156 liber
1053 1111 1129 1156 ille
1150 1114 1211 1155 De
1230 1110 1425 1155 infantia
1445 1110 1692 1155 Salvatoris
1720 1115 1791 1155 est
1813 1122 2010 1169 apocry-

129 1172 250 1228 phus
267 1175 341 1228 (2).
355 1177 408 1219 Et
418 1175 772 1232 chrysostomus
780 1173 890 1218 dicit
902 1176 1058 1230 (super
1067 1175 1196 1218 Joan.
1211 1174 1336 1217 horn.
1350 1186 1421 1226 xx,
1431 1177 1538 1217 ante
1553 1173 1711 1227 med.)‚
1731 1171 1856 1230 quod
1867 1173 2015 1217 Chris-

130 1239 206 1278 tus
230 1246 323 1279 non
343 1236 450 1280 fecit
467 1236 715 1293 miracula,
731 1239 983 1292 antequam
1005 1247 1174 1290 aquam
1205 1234 1433 1279 convertit
1467 1235 1515 1278 in
1539 1234 1699 1278 vinum
1720 1267 1732 1290 ,
1754 1234 2012 1280 secundum

128 1293 244 1340 illud
253 1298 376 1353 quod
386 1298 552 1342 dicitur
568 1300 710 1353 (Joan.
726 1299 773 1353 n)
786 1309 798 1340 ε
813 1301 908 1340 Hoc
919 1300 1027 1350 fecit
1038 1299 1458 1353 initiumsiqnorum
1468 1295 1792 1339 Jesus.Sienim
1810 1314 1831 1334 «
1844 1307 2013 1340 secun·

127 1356 239 1402 dum
263 1356 458 1415 primam
476 1365 659 1405 aetatem
676 1360 899 1406 miracula
917 1358 1117 1413 fecisset,
1137 1372 1230 1403 non
1247 1358 1556 1415 indiguissent
1574 1358 1791 1403 Israelitae
1805 1358 1896 1403 alio
1914 1370 2013 1403 ma-

130 1419 376 1466 nifestante
391 1434 516 1477 eum,
532 1441 552 1461 »
563 1423 670 1466 cum
684 1427 842 1466 tamen
858 1425 1058 1466 Joannes
1068 1421 1271 1478 Baptista
1285 1421 1408 1466 dicat
1423 1423 1569 1477 (Joan.
1580 1434 1610 1476 1,
1620 1422 1706 1475 31):
1726 1422 1784 1464 Ut
1797 1423 2012 1474 manifes-

129 1484 248 1526 tetur
271 1486 320 1526 in
341 1485 503 1538 Israel,
539 1487 781 1541 propterea
814 1486 914 1527 veni
947 1486 998 1526 in
1031 1496 1151 1539 aqua
1174 1484 1428 1539 baptizans.
1461 1485 1717 1526 «Decenter
1737 1486 1894 1526 autem
1919 1494 2012 1526 non

128 1543 301 1601 incepit
313 1545 464 1591 facere
484 1546 619 1603 signa
642 1546 690 1590 in
708 1546 856 1603 prima
892 1549 1053 1602 aetate,
1090 1546 1433 1591 existimassent
1453 1544 1578 1589 enim
1598 1544 1872 1600 phantasma
1908 1557 2014 1590 esse

75 1644 78 1656 ι
128 1603 492 1652 incarnationem
514 1623 525 1652 z
547 1612 594 1653 et
611 1612 717 1652 ante
738 1612 1052 1664 opportunum
1072 1611 1257 1664 tempus
1275 1607 1401 1652 cruci
1420 1618 1528 1651 eum
1550 1605 1848 1651 tradidissent
1869 1605 2013 1651 livore

129 1665 378 1723 liquefacti.
400 1689 420 1707 η
1065 1678 1070 1684 ·

130 1743 469 1788 ARTICULUS
495 1747 554 1788 V.
579 1769 633 1776 —
655 1757 795 1790 uranu
812 1757 1026 1789 m‘rrvtus
1044 1757 1203 1788 camsi-1
1221 1757 1424 1788 nsaussmr
1448 1757 1528 1787 ren
1546 1755 1732 1787 moetos
1753 1756 1806 1786 m·
1825 1756 2011 1787 smum

928 1819 1213 1851 MAMFESTARI.

184 1880 250 1924 Ad
270 1880 483 1938 quintum
497 1880 565 1926 sic
583 1881 863 1938 proceditur.
879 1884 919 1926 1.
941 1881 1129 1926 Videtur
1144 1881 1268 1937 quod
1292 1893 1385 1925 non
1402 1880 1613 1926 debuerit
1630 1880 1912 1925 manifestari
1931 1893 2014 1937 per

130 1941 321 1998 angelos
332 1942 493 1987 Christi
507 1943 737 1987 nativitas.
751 1942 911 2000 Angeli
922 1943 1044 1987 enim
1058 1950 1169 1987 sunt
1180 1943 1442 1999 spirituales
1454 1942 1741 2000 substantiae,
1756 1943 2014 1988 secundum

130 2003 243 2048 illud
268 2004 400 2058 (Psal.
419 2017 507 2060 cnr,
523 2008 566 2058 4)
585 2018 596 2048 :
624 2007 711 2061 Qui
722 2007 839 2059 facit
853 2005 1033 2062 angelos
1051 2019 1151 2048 suos
1169 2007 1371 2062 spiritus.
1398 2005 1482 2048 Sed
1499 2004 1661 2049 Christi
1683 2004 1897 2048 nativitas
1914 2011 2014 2050 erat

129 2064 386 2110 secundum
416 2077 621 2122 carnem,
645 2077 739 2109 non
774 2070 929 2110 autem
952 2066 1211 2110 secundum
1243 2065 1531 2123 spiritualem
1561 2065 1664 2122 eJus
1687 2064 2010 2111 substantiam.

129 2128 248 2181 Ergo
267 2138 358 2170 non
382 2126 541 2171 debuit
559 2139 640 2184 per
669 2128 861 2186 angelos
882 2128 1182 2172 manifestari.

185 2191 228 2231 2.
259 2189 495 2245 Praeterea,
513 2188 661 2245 maj01·
681 2194 752 2233 est
772 2189 974 2232 affinitas
987 2189 1220 2244 justorum
1240 2189 1297 2233 ad
1317 2188 1509 2244 angelos
1527 2188 1666 2245 quam
1685 2188 1745 2233 ad
1764 2201 2013 2246 quoscum-

131 2261 222 2306 que
236 2249 367 2306 alios,
383 2249 641 2294 secundum
656 2249 768 2294 illud
784 2250 917 2305 (Psal.
939 2264 1027 2306 un,
1047 2251 1089 2307 8)
1111 2267 1121 2294 ε
1142 2254 1354 2294 immittet
1366 2250 1552 2307 anqelus
1570 2254 1747 2293 Domini
1762 2254 1809 2294 in
1824 2255 2013 2296 circuita

131 2314 383 2355 timentium
403 2324 521 2368 eum,
545 2316 587 2355 et
606 2315 765 2369 ere‘piet
785 2326 875 2356 eos.
899 2312 984 2357 Sed
1001 2312 1159 2369 ju-stis,
1177 2313 1353 2357 scilicet
1375 2311 1574 2356 Simeoni
1592 2317 1637 2357 et
1653 2316 1811 2369 Annae,
1831 2325 1922 2358 non
1942 2320 2014 2358 est

131 2372 423 2417 manifestata
445 2372 607 2417 Christi
631 2372 846 2418 nativitas
867 2386 952 2431 per
968 2374 1175 2429 angelos.
1195 2376 1312 2430 Ergo
1329 2386 1416 2419 nec
1433 2373 1698 2431 pastoribus
1714 2387 1796 2431 per
1819 2375 2012 2433 angelos

131 2434 413 2479 manifestari
435 2434 609 2480 debuit.

185 2499 227 2541 3.
258 2498 496 2550 Praeterea,
533 2497 715 2542 videtur
733 2496 857 2553 quod
879 2509 965 2541 nec
991 2498 1141 2553 magis
1160 2497 1371 2542 debuerit
1397 2496 1679 2541 manifestari
1703 2510 1785 2554 per
1811 2499 2008 2544 stellam.

131 2560 224 2602 Hoc
237 2558 358 2602 enim
370 2558 552 2603 videtur
566 2570 669 2603 esse
684 2558 854 2603 erroris
865 2558 1062 2614 occasio,
1078 2562 1303 2615 quantum
1322 2558 1381 2604 ad
1396 2558 1499 2603 iilos
1518 2558 1598 2615 qui
1615 2559 1847 2604 aestimant
1861 2560 2011 2605 sidera

132 2619 447 2664 nativitatibus
462 2619 701 2664 hominum
719 2620 960 2664 dominari.
983 2620 1069 2664 Sed
1085 2621 1352 2664 occasiones
1374 2619 1595 2676 peccandi
1619 2626 1728 2664 sunt
1747 2621 2010 2666 hominibus

131 2682 409 2726 auferendae.
434 2684 532 2726 Non
565 2694 677 2738 ergo
704 2681 790 2726 fuit
820 2682 1105 2726 conveniens
1125 2682 1250 2738 quod
1268 2692 1350 2738 per
1385 2681 1566 2725 stellam
1596 2681 1759 2726 Christi
1796 2683 2011 2728 nativitas

133 2743 517 2788 manifestaretur.

187 2807 231 2848 4.
261 2807 496 2860 Praeterea,
531 2805 719 2862 signum
755 2810 935 2863 oportet
965 2817 1068 2849 esse
1106 2809 1308 2860 certum,
1349 2804 1408 2848 ad
1447 2805 1535 2849 hoc
1577 2805 1700 2862 qued
1736 2819 1819 2863 pcr
1858 2807 2009 2863 ipsum

132 2865 306 2921 aliquid
335 2866 666 2912 manifestetur.
701 2867 789 2912 Sed
822 2867 956 2912 stella
991 2878 1085 2910 non
1120 2867 1304 2911 videtur
1343 2877 1447 2911 esse
1469 2867 1656 2921 signum
1688 2874 1866 2912 certum
1889 2869 2011 2914 nati-

133 2926 289 2970 vitatis
323 2925 502 2970 Christi.
545 2929 665 2982 Ergo
700 2927 1082 2973 inconvenienter
1125 2926 1211 2971 fuit
1250 2927 1413 2971 Christi
1449 2928 1663 2972 nativitas
1709 2941 1791 2986 per
1829 2930 2008 2976 stellam

133 2987 437 3030 manifestata.

189 3048 275 3092 Sed
290 3051 448 3091 contra
482 3051 553 3092 est
573 3048 696 3104 quod
719 3049 886 3094 dicitur
910 3053 1106 3105 (Deuter.
1132 3063 1260 3105 xxxn,
1278 3051 1321 3103 4)
1348 3062 1360 3092 ε
1382 3052 1466 3092 Dei
1493 3053 1692 3106 perfecta
1725 3055 1828 3096 sunt
1851 3066 2004 3110 opera.

133 3111 218 3155 Sed
239 3110 342 3155 talis
363 3109 670 3154 manifestatio
687 3111 774 3156 fuit
799 3124 917 3169 opus
940 3113 1167 3158 divinum.
1194 3114 1312 3167 Ergo
1331 3123 1413 3168 per
1430 3113 1754 3158 convenientia
1771 3115 1905 3172 signa
1924 3116 2009 3160 fuit

133 3173 310 3217 effecta.

173 3302 215 3341 (l)
238 3302 287 3335 na
308 3312 424 3335 omnes
447 3301 529 3338 edit.
552 3303 589 3337 S.
613 3301 750 3335 'rhomae
774 3313 850 3335 cum
878 3303 956 3338 Mss.
974 3304 1024 3338 An
1148 3283 1194 3343 '(2)
1222 3302 1277 3336 Sic
1301 3304 1391 3337 enim
1418 3303 1452 3339 in
1486 3305 1636 3339 Decretis
1670 3306 1818 3341 distinct.
1857 3315 1914 3350 xV,
1934 3319 2006 3350 cap.

130 3348 232 3391 primi
255 3349 465 3383 amanuensis
484 3348 635 3390 sphalma
659 3347 747 3383 fuit?
763 3348 917 3389 Vulgata,
944 3354 1026 3384 tem·
1107 3351 1246 3385 Sancta
1262 3351 1427 3385 Romana
1442 3352 1660 3387 ‹leclaraturii
1679 3354 1808 3387 Gelasio
1824 3366 1906 3395 papa
1921 3355 2010 3388 inti-r

131 3408 200 3442 pus
220 3402 367 3440 aptum,
386 3404 423 3431 ut
442 3398 496 3431 hic
521 3410 653 3440 quoque
677 3397 855 3437 legendum
883 3398 1026 3434 videtur.
1109 3407 1244 3434 coetcros
1263 3399 1366 3435 libros
1384 3413 1466 3442 quos
1487 3402 1614 3436 ibidem
1635 3402 1793 3444 reprobat
1821 3414 1858 3436 ac
1884 3404 2006 3443 rejicit.
