2170 3808
699 279 895 332 QUAEST.
925 279 976 334 11,
1009 281 1123 322 ΛΒΤ.
1154 281 1208 323 IX
1235 281 1298 323 ET
1326 282 1376 324 X.
1923 284 1977 326 29

153 359 220 404 Ad
237 362 434 416 prim-um
448 371 560 416 ergo
579 359 846 417 dicendum,
862 360 987 418 quod
1003 360 1159 405 unitas
1179 361 1346 406 divinae
1360 373 1571 418 personae
1585 365 1656 406 est
1671 362 1819 418 major
1833 362 1975 418 quam

99 421 254 464 unitas
277 421 553 477 numeralis,
575 433 682 478 quae
701 422 876 467 scilicet
895 427 968 467 est
985 421 1263 478 principium
1284 422 1482 467 numeri.
1501 425 1613 467 Nam
1633 423 1788 467 unitas
1810 423 1974 469 divinae

97 492 311 538 personae
332 488 403 528 est
425 483 579 527 unitas
600 483 804 528 increata
828 495 911 541 per
939 495 990 528 se
1019 483 1303 540 subsistens,
1328 496 1422 528 non
1443 490 1627 540 recepta
1649 485 1694 528 in
1715 485 1870 542 aliquo
1893 498 1976 542 per

98 544 493 601 participationem
513 559 524 589 ι
550 549 622 590 est
641 545 780 590 etiam
797 545 847 590 in
870 557 920 590 se
939 545 1183 601 completa,
1204 544 1381 589 habens
1401 546 1448 589 in
1468 558 1518 590 se
1537 546 1756 603 quicquid
1777 547 1975 603 pertinet

98 605 157 649 ad
178 606 402 651 rationem
427 607 642 663 unitatis;
667 613 714 652 et
738 607 841 653 ideo
875 620 970 652 non
1001 607 1219 664 competit
1250 607 1292 652 ei
1326 606 1442 651 ratio
1464 608 1631 663 partis,
1662 608 1781 653 sicut
1808 608 1972 655 unitati

96 667 338 723 numerali,
359 679 466 724 quae
483 673 555 712 est
572 681 681 725 pars
702 667 901 726 numeri,
935 672 982 712 et
1006 680 1112 725 quae
1130 667 1429 725 participatur
1454 667 1501 710 in
1532 668 1672 712 rebus
1702 671 1971 716 numeratis.

94 727 149 771 Et
170 727 273 772 ideo
296 730 523 785 quantum
546 730 604 774 ad
627 730 714 775 hoc
735 731 848 775 unio
880 729 1212 775 incarnationis
1235 730 1503 786 praeeminet
1531 729 1696 774 unitati
1729 733 1971 790 numerali,

95 789 273 834 ratione
293 789 469 836 scilicet
491 791 683 836 unitatis
712 792 881 837 divinae
909 804 1147 849 personae3
1177 804 1272 837 non
1305 797 1459 836 autem
1487 790 1664 835 ratione
1690 795 1867 836 naturae
1887 794 1971 838 hu-

94 860 262 907 manae,
282 864 387 908 quae
410 865 503 896 non
527 857 599 897 est
619 854 720 910 ipsa
738 855 895 899 unitas
918 854 1086 899 divinae
1109 866 1336 911 personae,
1359 854 1441 898 sed
1466 858 1537 898 est
1559 852 1601 897 ei
1624 852 1771 898 unita.

148 912 216 958 Ad
230 915 474 958 secundum
496 914 762 970 dicendum,
783 916 908 974 quod
927 917 1042 960 ratio
1062 916 1137 960 illa
1152 915 1358 973 procedit
1371 928 1430 960 ex
1446 919 1577 972 parte
1597 915 1970 972 conjunctorum,

95 985 188 1018 non
210 981 366 1020 autem
390 989 449 1021 ex
470 982 600 1033 parte
618 990 845 1035 personae,
869 978 917 1022 in
941 991 1033 1035 qua
1052 978 1173 1022 facta
1191 982 1262 1023 est
1282 978 1410 1022 unio.

147 1034 216 1080 Ad
246 1039 430 1080 tertium
458 1038 732 1095 dicendum,
761 1038 886 1096 quod
917 1039 1072 1083 unitas
1105 1039 1273 1084 divinae
1306 1050 1517 1094 personae
1545 1042 1617 1083 est
1646 1037 1794 1094 major
1816 1037 1972 1083 unitas

94 1097 235 1152 quam
254 1099 410 1144 unitas
428 1105 475 1144 et
495 1112 706 1156 personae
724 1105 772 1145 et
794 1106 973 1145 naturae
989 1101 1037 1145 in
1054 1100 1190 1145 nobis
1209 1116 1219 1145 :
1244 1104 1290 1145 et
1307 1100 1411 1145 ideo
1426 1100 1537 1144 unio
1555 1099 1888 1144 incarnationis
1903 1104 1971 1144 est

94 1157 242 1214 maJ‘or
261 1161 402 1216 quam
425 1162 537 1206 unio
559 1162 726 1206 animae
744 1167 792 1207 et
814 1163 1019 1219 corporis
1041 1163 1088 1206 in
1112 1162 1262 1207 nobis.

148 1220 261 1272 Quia
283 1222 392 1266 vero
417 1222 532 1268 illud
558 1224 684 1280 quod
711 1224 759 1267 in
789 1227 1067 1268 contrarium
1096 1224 1309 1282 objicitur
1340 1223 1509 1268 falsum
1539 1223 1776 1280 supponit,
1797 1222 1972 1267 scilicet

94 1281 218 1338 quod
244 1284 393 1341 major
410 1286 469 1330 sit
488 1286 601 1331 unio
623 1287 955 1332 incarnationis
978 1288 1117 1344 quam
1141 1288 1297 1332 unitas
1316 1298 1622 1343 personarum
1645 1286 1905 1337 divinarum
1921 1286 1970 1330 in

93 1346 295 1389 essentia
313 1348 387 1401 (1),
411 1346 659 1393 dicendum
679 1354 750 1393 est
772 1349 831 1393 ad
858 1350 1178 1394 auctoritatem
1206 1349 1474 1406 Augustini,
1504 1348 1629 1406 quod
1656 1348 1860 1392 humana
1889 1359 1970 1391 113-

92 1409 198 1451 tura
214 1419 305 1451 non
322 1413 394 1453 est
408 1410 559 1466 magis
577 1410 625 1453 in
644 1410 756 1455 Filio
773 1411 850 1456 Dei
868 1412 1007 1469 quam
1028 1412 1167 1456 Filius
1187 1413 1263 1457 Dei
1285 1412 1332 1455 in
1349 1414 1506 1469 Patre,
1531 1410 1614 1455 sed
1633 1407 1778 1454 multo
1796 1409 1967 1454 minus.

94 1468 180 1512 Sed
198 1468 296 1526 ipse
314 1470 452 1516 homo
471 1476 697 1529 quantum
718 1474 777 1519 ad
796 1473 970 1530 aliquid
999 1480 1069 1518 est
1093 1475 1139 1518 in
1169 1474 1278 1519 Filio
1299 1474 1451 1530 magis
1473 1473 1612 1530 quam
1642 1471 1781 1516 Filius
1809 1471 1855 1514 in
1884 1473 1970 1514 Pa-

93 1534 188 1586 tre3
219 1530 493 1588 inquantum
525 1534 701 1579 scilicet
732 1534 854 1579 idem
887 1535 1164 1592 supponitur
1195 1535 1242 1580 in
1275 1535 1363 1580 1100
1387 1534 1513 1592 quod
1541 1533 1644 1579 dico
1665 1533 1812 1587 homo,
1832 1536 1969 1588 prout

91 1591 291 1637 sumitur
318 1607 401 1650 pro
429 1595 621 1649 Christo,
641 1600 688 1640 et
713 1596 760 1640 in
791 1597 879 1641 hoc
898 1597 1021 1652 quod
1043 1597 1147 1642 dico
1167 1598 1317 1641 Filius
1335 1599 1422 1640 Dei
1430 1612 1448 1653 ,·
1468 1608 1562 1640 non
1584 1599 1739 1639 autem
1759 1599 1830 1639 est
1845 1594 1967 1638 idem

92 1655 382 1710 suppositum
405 1656 551 1701 Patris
574 1662 620 1701 et
637 1658 751 1702 Filii.

92 1716 432 1762 ARTICULUS
453 1721 514 1762 X.
536 1742 592 1750 —
612 1731 748 1762 mmm
777 1732 872 1764 unio
900 1734 1065 1765 1111111011
1095 1735 1341 1766 1111031303
1369 1734 1410 1764 m
1440 1733 1611 1769 cnms‘ro
1641 1732 1705 1763 511
1734 1730 1859 1761 FACTA
1889 1731 1966 1760 PER

916 1795 1113 1827 GRATIAM.

44 1876 47 1877 γ
93 1841 143 1877 De
156 1842 210 1879 his
222 1844 326 1881 otiam
341 1846 442 1889 infra,
455 1852 571 1889 quaest.
587 1857 638 1891 vt,
655 1853 721 1884 nrt.
731 1851 764 1893 6,
781 1855 815 1885 et
829 1852 879 1886 De
892 1852 991 1886 verit.
1010 1855 1126 1934 quiest.
1141 1860 1234 1891 xxix.
1251 1854 1317 1886 art.
1331 1851 1347 1885 4
1362 1877 1372 1893 ‚
1387 1855 1421 1886 et
1435 1852 1530 1886 Sent.
1546 1858 1600 1891 111,
1616 1848 1694 1882 dist.
1708 1847 1765 1888 45.
1783 1849 1899 1889 quaest.
1914 1854 1967 1888 1¹¹·

975 1905 1040 1934 art.
1082 1926 1091 1934 .

146 1947 214 1992 Ad
242 1948 473 1995 decimum
497 1952 565 1996 510
594 1954 873 2009 proceditur.
896 1959 939 1999 1.
975 1954 1162 1998 Videtur
1183 1953 1306 2010 quod
1325 1954 1437 1998 unio
1454 1950 1783 1996 incarnationis
1797 1962 1892 1993 non
1908 1948 1968 1993 sit

93 2006 213 2053 facta
227 2022 311 2066 per
331 2013 544 2068 gratiam.
567 2015 717 2059 Gratia
734 2016 859 2060 enim
874 2021 944 2060 est
957 2016 1172 2060 accidens
1200 2015 1450 2072 quoddam,
1470 2018 1524 2058 ut
1546 2014 1592 2057 in
1613 2013 1816 2058 secunda
1837 2014 1967 2067 parte

91 2068 298 2114 habitum
318 2078 388 2116 est
404 2075 439 2128 (1
465 2078 508 2130 2,
530 2081 693 2132 quaest.
714 2090 782 2135 cx,
803 2082 889 2122 art.
910 2081 966 2133 2).
989 2078 1076 2122 Sed
1097 2078 1313 2122 humanae
1342 2082 1521 2121 naturae
1537 2075 1650 2120 unio
1679 2074 1737 2119 ad
1759 2073 1966 2118 divinam

92 2142 185 2175 non
204 2138 276 2176 est
303 2134 424 2179 facta
445 2149 528 2192 per
556 2138 786 2195 accidens,
814 2144 867 2185 ut
891 2153 1033 2196 supra
1054 2146 1294 2185 ostensum
1317 2143 1389 2184 est
1409 2141 1513 2192 (art.
1537 2140 1563 2183 6
1592 2137 1734 2194 hujus
1765 2137 1963 2192 quaest.)-

88 2194 208 2250 Ergo
227 2195 409 2240 videtur
427 2198 550 2254 quod
564 2200 676 2244 unio
693 2201 1023 2246 incarnationis
1043 2215 1137 2246 non
1160 2202 1219 2246 sit
1234 2202 1353 2246 facta
1375 2213 1458 2257 per
1476 2200 1689 2256 gratiam.

144 2257 187 2300 2.
212 2259 448 2316 Praeterea,
466 2262 624 2315 gratiae
641 2263 902 2320 subiectum
920 2270 992 2310 est
1005 2264 1175 2308 anima.
1196 2263 1300 2319 Sed,
1320 2263 1440 2307 sicut
1455 2262 1624 2307 dicitur
1634 2260 1807 2315 (Coloss
1844 2272 1888 2313 11,
1905 2259 1962 2313 9),

91 2320 140 2360 in
162 2320 346 2362 Christo
378 2323 603 2367 inhabitat
619 2325 855 2381 plenitudo
875 2330 1139 2371 Divinitatz‘s
1158 2326 1472 2383 corporaliter.
1495 2327 1614 2381 Ergo
1635 2322 1817 2367 videtur
1839 2321 1962 2378 quod

90 2378 170 2423 illa
188 2381 299 2426 unio
319 2395 412 2427 non
435 2386 495 2428 sit
514 2385 635 2431 facta
656 2400 737 2444 per
758 2388 970 2444 gratiam.

144 2443 187 2485 3.
218 2444 457 2501 Praeterea,
475 2448 668 2503 quilibet
686 2455 878 2494 sanctus
900 2454 990 2495 Deo
1012 2451 1174 2495 unitur
1191 2462 1275 2506 per
1294 2450 1504 2506 gratiam.
1530 2449 1573 2493 Si
1595 2448 1737 2504 igitur
1758 2445 1964 2491 111110111-

92 2504 369 2550 carnationis
383 2507 469 2552 fuit
487 2521 567 2565 per
588 2511 799 2568 gratiam,
818 2512 998 2558 videtur
1018 2514 1143 2570 qued
1166 2525 1258 2557 non
1285 2512 1418 2557 aliter
1439 2512 1620 2557 dicatur
1639 2509 1844 2555 Christus
1862 2519 1963 2553 esse

91 2567 225 2622 Deus,
239 2567 378 2624 quam
397 2570 474 2614 alii
496 2571 643 2616 sancti
663 2572 891 2620 homines.

146 2631 233 2675 Sed
263 2636 423 2676 contra
445 2638 516 2679 est
548 2637 672 2692 quod
703 2637 991 2694 Augustinus
1019 2637 1130 2683 dicit
1161 2638 1256 2691 (lib.
1291 2640 1352 2682 De
1381 2637 1646 2694 praedestin.
1677 2640 1959 2693 sanctorum,

92 2702 190 2749 cap.
215 2697 286 2749 15,
311 2703 414 2740 ante
437 2697 576 2751 med.)
600 2713 612 2742 ε
644 2701 736 2742 «Ea
766 2700 913 2756 gratia
933 2699 983 2743 fit
1005 2699 1063 2744 ab
1089 2698 1219 2743 initio
1243 2699 1349 2744 fidei
1385 2711 1482 2743 suae
1511 2699 1649 2743 homo
1681 2698 1962 2755 quicumque

91 2753 383 2813 christianus,
403 2762 496 2814 qua
514 2760 661 2814 gratia
692 2761 827 2806 homo
846 2762 922 2807 ille
942 2762 1001 2806 ab
1035 2761 1166 2805 initio
1198 2773 1284 2806 suo
1308 2761 1457 2805 factus
1486 2767 1556 2806 est
1579 2761 1800 2806 Christus.
1819 2780 1839 2799 ι»
1875 2762 1959 2807 Sed

92 2812 228 2860 homo
245 2818 320 2863 ille
338 2819 488 2864 factus
504 2827 575 2865 est
596 2822 801 2870 Christus
823 2839 905 2882 per
924 2825 1146 2870 unionem
1166 2823 1226 2868 ad
1244 2822 1448 2869 divinam
1470 2829 1701 2868 naturam.
1715 2826 1831 2880 Ergo
1848 2823 1961 2869 unio

92 2877 169 2923 illa
183 2881 268 2924 fuit
288 2893 371 2937 per
387 2882 595 2938 gratiam.

137 2949 423 3012 CONCLUSlO.
450 2975 495 2982 —
520 2953 639 2995 Facta
656 2960 715 2996 est
733 2957 886 2999 divinae
910 2963 949 3001 et
971 2961 1165 3000 humanae
1187 2964 1344 3000 naturae
1363 2961 1464 3001 unio
1489 2961 1533 3000 in
1558 2961 1732 3014 Christo,
1756 2974 1839 3002 11011
1863 2969 1959 3017 qui-

87 3003 180 3044 dem
199 3004 422 3044 secundum
440 3006 619 3058 aliquam
640 3013 814 3061 gratiam
836 3014 1103 3065 habitualem,
1122 3015 1191 3055 sed
1211 3017 1391 3066 gratuito
1410 3018 1481 3056 Dei
1495 3018 1603 3059 dono
1618 3025 1657 3060 et
1678 3021 1903 3075 voluntate,
1921 3024 1966 3064 et

85 3069 169 3100 11011
188 3071 235 3100 ex
250 3059 455 3111 aliquibus
474 3063 785 3112 praecedentibus
801 3072 972 3111 meritis.

138 3123 408 3178 Respondeo
419 3123 664 3193 dicendum
675 3131 814 3186 quod,
827 3133 1005 3178 sicutin
1023 3134 1228 3178 secunda
1239 3138 1369 3190 parte
1386 3135 1561 3182 dictum
1578 3142 1650 3183 est
1669 3141 1704 3192 (1
1732 3143 1775 3198 2,
1792 3146 1954 3197 quaest.

84 3195 153 3238 cx,
172 3189 257 3228 art.
277 3186 335 3238 1),
355 3189 500 3239 gratia
525 3186 768 3243 dupliciter
785 3192 952 3238 dicitur
973 3209 984 3238 z
1002 3206 1097 3238 uno
1120 3195 1257 3239 modo
1271 3195 1371 3252 ipsa
1384 3197 1600 3243 voluntas
1618 3199 1694 3244 Dei
1712 3203 1854 3256 gratis
1871 3203 1957 3246 ali-

82 3243 193 3300 quid
220 3244 397 3295 dantis:
421 3246 511 3289 alio
532 3247 669 3292 modo
694 3249 846 3305 ipsum
870 3256 1122 3310 gratuitum
1153 3255 1327 3301 donum
1363 3259 1457 3304 Dei.
1499 3261 1678 3318 indiget
1700 3269 1852 3308 autem
1875 3264 1956 3308 hu·

80 3317 219 3349 mana
242 3310 408 3350 natura
432 3309 632 3362 gratuita
650 3311 728 3355 Dei
749 3313 984 3361 voluntate
1006 3317 1065 3361 ad
1087 3318 1174 3362 hoc
1197 3319 1321 3375 quod
1347 3320 1552 3367 elevetur
1585 3324 1633 3367 in
1653 3327 1813 3375 Deum.
1848 3326 1952 3370 cum

122 3424 163 3463 (1)
179 3422 271 3456 Unde
289 3423 373 3457 dixit
388 3425 422 3459 S.
439 3425 629 3460 Bernardus
641 3427 704 3469 (De
716 3427 842 3463 consid.
858 3429 918 3464 lib.
938 3440 972 3473 v,
1059 3445 1123 3467 una
1139 3435 1325 3472 substantia
1349 3444 1438 3480 sunt,
1462 3440 1607 3474 secundo
1627 3440 1700 3474 loco
1716 3441 1774 3474 illa
1793 3441 1954 3482 praecellit

79 3480 151 3510 cap.
168 3471 199 3510 8)
219 3484 226 3504 :
245 3471 337 3505 lnter
352 3473 462 3506 omnia
481 3484 555 3514 quae
569 3475 660 3508 recta
675 3487 780 3510 unum
796 3477 969 3521 dicuntur,
1057 3487 1122 3523 qua
1139 3484 1157 3517 ὲ
1182 3496 1341 3520 converso
1364 3492 1432 3521 tres
1459 3487 1650 3523 substantiae
1674 3499 1740 3522 una
1763 3488 1800 3522 in
1823 3487 1952 3524 Christo

77 3527 186 3552 arcem
202 3522 297 3555 tenet
318 3520 429 3555 unitas
443 3521 619 3557 Trinitatis
633 3550 641 3564 ,
656 3527 721 3566 qua
736 3529 804 3560 tres
822 3538 971 3567 persono
1055 3542 1195 3569 persona
1210 3539 1294 3567 sunt.
