2170 3808
1381 119 1394 153 l

223 237 306 280 530
780 229 979 283 QUAEST.
1010 229 1150 283 LXIII,
1181 228 1299 272 ΛΒΤ.
1331 229 1385 271 III
1410 230 1476 273 ET
1506 229 1575 273 lv.

223 327 316 368 quae
352 315 487 355 divini
524 314 622 353 sunt
659 310 816 359 cultus,
853 309 1060 350 character
1097 308 1250 349 Christi
1288 310 1348 348 est
1361 339 1372 358 ,
1395 321 1475 361 quo
1511 309 1663 350 Christi
1701 309 1838 351 fideles
1873 310 1910 351 ei
1939 311 2128 364 configu-

227 374 386 411 rantur.

282 429 551 487 Respondeo
565 427 816 473 dicendum
828 425 967 483 quod,
990 426 1112 471 sicut
1126 437 1186 470 ex
1198 437 1340 481 supra
1356 425 1490 471 dictis
1501 431 1628 483 patet
1640 429 1654 482 (
1657 432 1745 472 art.
1759 430 1780 472 1
1797 427 1900 484 huj.
1920 431 2124 488 quaest.),

224 493 462 538 character
495 489 678 547 proprie
712 493 784 533 est
817 488 1114 544 signaculum
1145 486 1398 544 quoddam,
1432 499 1525 545 quo
1556 488 1733 545 aliquid
1766 488 2037 545 insignitur,
2077 496 2125 537 ut

224 553 490 599 ordinatum
527 552 575 595 in
612 551 815 608 aliquem
850 550 993 595 finem
1022 564 1033 595 ι
1058 549 1182 594 sicut
1225 549 1491 595 charactere
1527 550 1782 607 insignitur
1817 551 2038 596 denarius
2069 553 2126 599 ad

224 627 364 661 usum
380 614 829 670 commutationum;
861 617 910 658 et
935 611 1106 657 milites
1131 612 1398 656 charactere
1423 611 1757 670 insigniuntur,
1775 612 1910 670 quasi
1925 612 1986 659 ad
2006 614 2124 659 mili·

224 677 336 723 tiam
362 676 589 735 deputati.
618 678 762 720 Homo
792 678 948 720 autem
977 674 1128 720 fidelis
1156 673 1217 719 ad
1242 673 1336 719 duo
1362 673 1643 730 deputatur:
1674 675 1826 732 primo
1859 674 2048 732 quidem
2081 681 2128 723 et

223 738 539 797 principaliter
555 738 615 784 ad
627 738 897 783 fruitionem
926 736 1111 794 gloriae,
1132 741 1180 781 et
1212 735 1272 781 ad
1300 737 1390 780 hoc
1409 736 1656 793 insignitur
1685 735 1930 796 signaculo
1947 738 2124 797 gratiae,

223 801 486 847 secundum
501 800 616 846 illud
633 799 810 854 (Ezech.
823 812 882 852 ix,
895 801 939 853 4)
959 800 1129 856 :Siqua
1144 799 1272 842 Thau
1291 811 1426 855 super
1446 801 1619 852 frontes
1635 801 1836 844 virorum
1856 803 2127 856 qementium

223 866 268 907 et
291 863 571 919 dolentium‚·
593 866 639 906 et
655 864 810 918 (Apoc.
832 874 908 915 vn,
924 862 967 916 3)
986 873 997 904 :
1016 861 1168 905 Nolite
1183 874 1343 905 nocere
1361 865 1496 905 terrae
1508 864 1549 905 et
1566 864 1704 919 mari,
1725 875 1862 919 neque
1874 861 2126 920 arboribus,

222 927 509 981 quoadusque
530 927 754 982 stynemus
782 935 934 967 servos
952 925 1033 966 Dei
1048 926 1192 966 nostri
1222 926 1270 966 in
1295 923 1520 977 frontibus
1545 937 1716 968 eorum.
1745 923 1953 970 Secundo
1971 928 2130 971 autem

223 987 474 1044 deputatur
485 987 686 1044 quisque
702 984 854 1030 fidelis
869 984 928 1030 ad
945 984 1267 1042 recipiendum
1284 984 1358 1030 vel
1377 983 1654 1031 tradendum
1670 985 1773 1031 aliis
1788 998 1845 1031 ea
1862 998 1968 1043 quae
1989 987 2131 1043 perti-

224 1056 337 1094 nent
359 1049 417 1093 ad
447 1048 626 1094 cultum
648 1048 755 1104 Dei3
775 1052 821 1092 et
847 1047 907 1093 ad
932 1048 1020 1092 hoc
1033 1047 1219 1104 proprie
1234 1047 1484 1104 deputatur
1505 1048 1744 1094 character
1758 1049 2126 1094 sacramentalis.

222 1114 363 1156 Totus
385 1115 543 1155 autem
570 1110 688 1155 ritus
716 1109 980 1155 christianae
995 1109 1233 1166 religionis
1254 1109 1493 1154 derivatur
1517 1107 1544 1153 a
1571 1109 1830 1156 sacerdotio
1864 1110 2046 1157 Christi.
2077 1113 2131 1157 Et

221 1172 324 1217 ideo
339 1172 641 1217 manifestum
668 1176 739 1217 est
759 1171 885 1229 quod
899 1172 1138 1216 character
1153 1171 1505 1217 sacramentalis
1520 1171 1784 1230 specialiter
1801 1175 1876 1218 est
1890 1172 2130 1219 character

221 1235 404 1293 Christi,
435 1235 570 1292 cujus
600 1235 858 1281 sacerdotio
887 1235 1241 1290 configurantur
1272 1234 1436 1280 fideles
1465 1233 1726 1280 secundum
1756 1235 2129 1280 sacramentales

221 1297 530 1354 charactereS,
555 1297 636 1353 qui
652 1297 767 1342 nihil
782 1296 909 1342 aliud
942 1301 1054 1342 sunt
1085 1296 1227 1354 quam
1253 1296 1470 1354 quaedam
1484 1296 1866 1354 participationes
1879 1296 2129 1343 sacerdotii

222 1359 387 1404 Christi
409 1360 584 1417 abipso
607 1359 787 1404 Christo
801 1359 1038 1405 derivatae.

276 1420 342 1466 Ad
353 1423 553 1478 primum
568 1431 679 1477 ergo
697 1420 964 1477 dicendum,
981 1419 1369 1478 quod‘Apostolus
1384 1420 1448 1465 ibi
1459 1420 1666 1478 loquitur
1679 1420 1738 1466 de
1751 1420 2126 1477 consignatione,

221 1483 483 1529 secundum
502 1495 643 1541 quam
660 1483 826 1539 aliquis
843 1482 1095 1539 deputatur
1109 1482 1168 1527 ad
1182 1483 1390 1527 futuram
1410 1482 1622 1539 gloriam,
1633 1495 1740 1540 quae
1755 1483 1805 1528 fit
1819 1496 1903 1540 per
1916 1483 2128 1541 gratiam3

220 1549 267 1589 et
280 1545 465 1603 Spiritui
482 1549 643 1591 sancto
659 1545 926 1590 attribuitur
940 1545 1220 1602 inquantum
1235 1556 1293 1590 ex
1314 1557 1473 1590 amore
1489 1545 1699 1602 procedit
1714 1545 1841 1603 quod
1856 1548 1978 1590 Deus
1993 1545 2130 1592 nohis

220 1607 395 1664 aliquid
412 1607 556 1665 gratis
575 1607 790 1664 largitur,
807 1606 933 1664 quod
961 1607 1020 1654 ad
1054 1606 1282 1653 rationem
1312 1608 1478 1664 gratiae
1509 1608 1725 1665 pertinet.
1747 1608 1944 1664 Spiritus
1974 1612 2130 1653 autem

220 1673 414 1714 sanctus
433 1679 565 1713 amor
585 1673 688 1714 est:
710 1669 838 1714 unde
852 1674 899 1714 et
922 1671 973 1724 (l.
989 1668 1191 1714 Corinth.
1214 1683 1288 1726 xn,
1306 1674 1347 1724 4)
1374 1669 1570 1715 dicitur:
1591 1672 1842 1714 Divisiones
1868 1673 2131 1726 qratiarum

219 1734 339 1786 sunt,
355 1731 476 1775 idem
497 1734 645 1775 autem
669 1732 888 1787 Spiritus,

275 1793 343 1839 Ad
361 1795 606 1838 secundum
634 1792 900 1851 dicendum,
917 1791 1045 1850 quod
1074 1792 1315 1839 character
1341 1793 1693 1839 sacramentalis
1709 1797 1783 1839 est
1811 1805 1890 1839 res
1909 1798 2129 1852 respectu

219 1856 500 1902 sacramenti
515 1855 776 1912 exterioriS,
792 1860 838 1900 et
859 1859 931 1901 est
953 1860 1300 1900 sacramentum
1315 1860 1534 1913 respectu
1550 1855 1702 1900 ultimi
1719 1855 1930 1902 effectus.
1958 1859 2012 1902 Et
2026 1856 2130 1904 ideo

219 1918 465 1975 dupliciter
485 1923 637 1976 potest
653 1918 829 1975 aliquid
844 1917 1099 1963 characteri
1114 1918 1301 1968 attribui
1323 1934 1335 1962 ι
1352 1931 1449 1964 uno
1465 1917 1603 1964 modo
1625 1918 1886 1964 secundum
1899 1919 2131 1968 rationem

219 1981 518 2039 sacramenti,
538 1986 585 2027 et
599 1982 687 2026 hoc
701 1980 841 2026 modo
855 1985 927 2026 est
942 1981 1131 2038 signum
1154 1980 1403 2027 invisibilis
1422 1981 1597 2038 gratiae,
1618 1993 1724 2039 quae
1757 1980 1804 2024 in
1830 1987 2130 2030 sacramento

218 2042 482 2100 confertur3
510 2042 601 2088 alio
632 2042 773 2089 modo
802 2043 1063 2088 secundum
1094 2043 1330 2100 propriam
1361 2043 1592 2088 rationem
1612 2043 1926 2100 characteris3
1961 2048 2010 2089 et
2040 2046 2130 2092 hoc

218 2105 356 2150 modo
375 2110 446 2150 est
465 2104 656 2162 signum
677 2104 1069 2162 configurativum
1085 2105 1224 2151 alicui
1243 2105 1506 2163 principali,
1525 2105 1651 2162 apud
1672 2117 1814 2164 quem
1833 2105 2003 2152 residet
2016 2119 2127 2153 auc·

221 2166 380 2211 toritas
399 2165 503 2224 ejus
533 2166 592 2212 ad
620 2167 747 2224 quod
773 2167 940 2224 aliquis
970 2167 1246 2225 deputatur,
1273 2168 1395 2213 sicut
1419 2168 1607 2225 militeS,
1640 2168 1721 2226 qui
1744 2168 2033 2223 deputantur
2051 2171 2130 2227 „ad

220 2240 443 2286 pugnam,
465 2228 788 2286 insigniuntur
806 2230 942 2285 signo
958 2229 1108 2287 ducis,
1129 2242 1223 2287 quo
1246 2230 1590 2288 quodammodo
1610 2230 1652 2276 ei
1680 2230 2051 2288 configurantur.
2076 2236 2129 2280 Et

218 2291 308 2335 hoc
330 2290 468 2335 modo
504 2290 569 2335 illi
602 2292 682 2348 qui
703 2291 987 2348 deputantur
1009 2291 1069 2338 ad
1108 2292 1289 2339 cultum
1328 2292 1658 2350 christianum,
1681 2291 1822 2350 cujus
1861 2296 2024 2338 auctor
2054 2299 2129 2342 est

217 2352 441 2409 ChristUS,
458 2353 771 2397 characterem
786 2353 1037 2412 accipiunt,
1061 2366 1155 2412 quo
1169 2355 1351 2401 Christo
1377 2354 1763 2413 configurantur3
1791 2354 1919 2401 unde
1940 2356 2128 2414 proprie

219 2418 289 2459 est
310 2414 552 2459 character
574 2414 756 2459 Christi.

273 2475 340 2521 Ad
370 2478 552 2519 tertium
582 2475 848 2534 dicendum,
870 2476 994 2533 quod
1025 2477 1292 2523 charactere
1329 2478 1635 2535 distinguitur
1657 2477 1827 2535 aliquis
1855 2477 1915 2522 ab
1934 2478 2026 2524 alio
2042 2491 2129 2537 per

219 2537 613 2594 comparationem
659 2537 717 2583 ad
752 2537 955 2594 aliquem
1001 2538 1157 2596 finem,
1180 2538 1225 2582 in
1259 2551 1400 2596 quem
1424 2540 1669 2585 ordinatur
1707 2539 1787 2597 qui
1810 2539 2127 2588 characterem

219 2598 404 2656 accipit,
433 2598 555 2644 sicut
578 2598 753 2644 dictum
777 2604 848 2644 est
882 2604 990 2652 (art.
1012 2604 1034 2645 1
1065 2601 1163 2658 huj.
1195 2604 1380 2658 quaest.)
1409 2602 1467 2647 de
1497 2602 1765 2647 charactere
1794 2602 2000 2660 militari,
2031 2616 2126 2661 quo

217 2661 267 2706 in
287 2659 452 2706 ordine
470 2660 530 2707 ad
549 2673 758 2719 pugnam
777 2661 1080 2718 distinguitur
1105 2663 1239 2709 miles
1261 2664 1385 2721 regis
1409 2663 1436 2707 a
1458 2664 1607 2709 milite
1639 2663 1804 2708 hostis.
1830 2666 1883 2708 Et
1913 2664 2130 2712 similiter

218 2723 457 2769 character
473 2722 683 2769 fidelium
700 2727 772 2769 est
796 2736 890 2781 quo
907 2724 1260 2781 distinguuntur
1283 2722 1445 2772 fideles
1468 2725 1637 2777 Christi
1658 2725 1686 2770 a
1710 2725 1859 2772 servis
1877 2725 2046 2772 diaboli
2063 2728 2126 2787 (1)

219 2785 292 2830 vel
321 2783 370 2829 in
393 2785 560 2835 ordine,
579 2784 638 2830 ad
653 2785 798 2831 vitam
814 2790 1053 2843 aeternam,
1077 2787 1153 2832 vel
1175 2788 1223 2832 in
1243 2788 1406 2834 ordine
1427 2788 1487 2835 ad
1508 2788 1686 2833 cultum
1701 2788 1949 2846 praesentis
1970 2790 2122 2835 Eccle-

218 2847 322 2901 siae,
357 2859 557 2904 quorum
578 2847 781 2905 primum
803 2848 855 2893 fit
875 2861 959 2906 per
987 2849 1257 2895 charitatem
1282 2855 1327 2895 et
1353 2851 1569 2908 gratiam,
1590 2855 1644 2895 ut
1664 2850 1864 2908 objectio
1887 2851 2119 2908 procedit,
2168 2888 2170 2890 .

219 2909 479 2954 secundum
509 2914 666 2955 autern
706 2910 758 2955 fit
780 2923 863 2968 per
898 2910 1211 2956 characterem
1242 2913 1643 2957 sacramentalem.
1664 2912 1792 2958 Unde
1821 2917 1867 2957 et
1885 2914 2123 2959 character

219 2971 380 3015 bestiae
402 2971 595 3029 intelligi
638 2977 790 3030 potest
816 2985 899 3030 per
920 2974 1186 3031 oppositum
1203 2975 1274 3019 vel
1300 2976 1533 3019 obstinata
1554 2974 1743 3031 malitia,
1765 2977 1860 3033 qua
1874 2974 2015 3032 aliqui
2035 2975 2122 3021 de-

223 3036 443 3089 putantur
466 3033 525 3079 ad
539 3046 731 3091 poenam
755 3038 997 3093 aeternam,
1017 3035 1093 3081 vel
1115 3035 1342 3093 professio
1360 3036 1506 3081 illiciti
1524 3036 1697 3082 cultus.

290 3109 637 3159 ARTICULUS
673 3109 752 3158 IV.
777 3136 842 3145 --
875 3128 1012 3161 uranu
1039 3128 1274 3159 emmeram
1305 3130 1366 3159 srr
1395 3129 1433 3158 m
1463 3127 1675 3160 POTENTHS
1700 3126 1838 3159 mimz
1863 3125 1979 3160 srcnr
2005 3126 2045 3157 m

1019 3187 1215 3220 sumsero
1246 3179 1318 3230 (Ξ).

446 3240 496 3269 De
515 3240 570 3270 his
591 3241 696 3271 etiam
716 3240 810 3271 Sent.
832 3249 881 3277 xv,
899 3241 982 3271 dist.
999 3242 1029 3278 4,
1053 3243 1173 3277 quaest.
1196 3248 1250 3276 111,
1271 3241 1338 3270 art.
1360 3241 1375 3269 1
1400 3248 1491 3277 corp.
1510 3240 1544 3269 et
1562 3242 1628 3270 art.
1648 3240 1679 3274 3,
1700 3238 1821 3277 quaest.
1837 3245 1894 3270 111.

275 3292 342 3336 Ad
364 3296 580 3346 quartum
599 3294 667 3338 sic
685 3294 966 3349 proceditur.
986 3298 1023 3337 l.
1040 3293 1228 3338 Videtur
1245 3293 1371 3350 quod
1388 3294 1628 3337 character
1641 3303 1737 3337 non
1755 3292 1815 3337 sit
1831 3292 1881 3336 in
1898 3290 2118 3348 potentiis

263 3403 314 3443 (1)
336 3405 399 3441 Qui
427 3405 569 3442 proinde
586 3403 707 3443 (Apoc.
721 3413 801 3442 xm,
821 3407 871 3441 17,
889 3407 928 3436 ut
948 3408 983 3436 et
1007 3414 1084 3443 xxv,
1106 3404 1141 3444 9)
1204 3407 1356 3436 christus
1375 3405 1594 3443 intelligitur,
1611 3404 1670 3435 sed
1688 3404 1831 3442 perinde
1852 3403 1915 3441 est,
1929 3404 2009 3442 quia
2028 3403 2120 3432 totus

221 3453 382 3483 dicuntur
401 3454 575 3491 accepisse
592 3454 710 3483 bestiae
727 3456 962 3484 characterem
975 3456 1008 3483 in
1027 3455 1141 3484 fronte
1204 3455 1239 3484 in
1256 3455 1465 3484 antichristo
1482 3453 1654 3484 diabolus.

221 3508 284 3534 tua
304 3503 337 3534 et
357 3503 391 3532 in
411 3509 516 3534 manu
535 3510 597 3534 sua
617 3512 625 3532 ε
647 3504 707 3533 ubi
727 3503 840 3534 bestia
872 3504 1011 3540 quidem
1041 3505 1139 3534 anti-
1245 3501 1295 3542 (2)
1318 3503 1338 3533 J
1345 3507 1425 3532 uxta
1444 3503 1594 3532 mentem
1612 3503 1656 3532 D.
1676 3502 1813 3532 Thomae
1846 3500 2023 3531 character
2045 3499 2117 3528 im-
