<?xml version="1.0" encoding="UTF-8"?>
<!DOCTYPE html PUBLIC "-//W3C//DTD XHTML 1.0 Transitional//EN"
    "http://www.w3.org/TR/xhtml1/DTD/xhtml1-transitional.dtd">
<html xmlns="http://www.w3.org/1999/xhtml" xml:lang="en" lang="en">
 <head>
  <title>
</title>
<meta http-equiv="Content-Type" content="text/html;charset=utf-8" />
  <meta name='ocr-system' content='tesseract 3.04.00' />
  <meta name='ocr-capabilities' content='ocr_page ocr_carea ocr_par ocr_line ocrx_word'/>
</head>
<body>
  <div class='ocr_page' id='page_1' title='image "./summatheologica06thomuoft_0628.png"; bbox 0 0 2170 3808; ppageno 0'>
   <div class='ocr_carea' id='block_1_1' title="bbox 111 223 1466 276">
    <p class='ocr_par' dir='ltr' id='par_1_1' title="bbox 111 223 1466 276">
     <span class='ocr_line' id='line_1_1' title="bbox 111 223 1466 276; baseline -0.006 -2"><span class='ocrx_word' id='word_1_1' title='bbox 111 231 196 274; x_wconf 75' lang='lat'>592</span> <span class='ocrx_word' id='word_1_2' title='bbox 663 223 864 276; x_wconf 83' lang='lat' dir='ltr'>QUAEST.</span> <span class='ocrx_word' id='word_1_3' title='bbox 894 223 1069 272; x_wconf 81' lang='lat' dir='ltr'>LXVIII,</span> <span class='ocrx_word' id='word_1_4' title='bbox 1101 223 1220 265; x_wconf 80' lang='lat' dir='ltr'>ART.</span> <span class='ocrx_word' id='word_1_5' title='bbox 1246 223 1300 266; x_wconf 88' lang='lat' dir='ltr'>IV</span> <span class='ocrx_word' id='word_1_6' title='bbox 1321 224 1386 266; x_wconf 88' lang='lat' dir='ltr'>ET</span> <span class='ocrx_word' id='word_1_7' title='bbox 1413 223 1466 266; x_wconf 83' lang='lat' dir='ltr'>V.</span> 
     </span>
    </p>
   </div>
   <div class='ocr_carea' id='block_1_2' title="bbox 113 303 2020 549">
    <p class='ocr_par' dir='ltr' id='par_1_2' title="bbox 113 303 2020 549">
     <span class='ocr_line' id='line_1_2' title="bbox 113 303 2020 365; baseline -0.002 -10"><span class='ocrx_word' id='word_1_8' title='bbox 113 309 254 356; x_wconf 86' lang='lat' dir='ltr'>modo</span> <span class='ocrx_word' id='word_1_9' title='bbox 276 311 431 365; x_wconf 86' lang='lat' dir='ltr'>potest</span> <span class='ocrx_word' id='word_1_10' title='bbox 451 305 543 350; x_wconf 89' lang='lat' dir='ltr'>dici</span> <span class='ocrx_word' id='word_1_11' title='bbox 563 304 732 361; x_wconf 88' lang='lat' dir='ltr'>aliquis</span> <span class='ocrx_word' id='word_1_12' title='bbox 753 307 971 360; x_wconf 85' lang='lat' dir='ltr'>peccator</span> <span class='ocrx_word' id='word_1_13' title='bbox 990 315 1048 346; x_wconf 86' lang='lat' dir='ltr'>ex</span> <span class='ocrx_word' id='word_1_14' title='bbox 1063 303 1308 346; x_wconf 83' lang='lat' dir='ltr'>voluntate</span> <span class='ocrx_word' id='word_1_15' title='bbox 1329 303 1569 359; x_wconf 85' lang='lat' dir='ltr'>peccandi,</span> <span class='ocrx_word' id='word_1_16' title='bbox 1594 303 1831 361; x_wconf 86' lang='lat' dir='ltr'>proposito</span> <span class='ocrx_word' id='word_1_17' title='bbox 1849 306 2020 361; x_wconf 78' lang='lat' dir='ltr'>persis-</span> 
     </span>
     <span class='ocr_line' id='line_1_3' title="bbox 115 364 2020 426; baseline -0.002 -9"><span class='ocrx_word' id='word_1_18' title='bbox 115 371 244 418; x_wconf 87' lang='lat' dir='ltr'>tendi</span> <span class='ocrx_word' id='word_1_19' title='bbox 265 370 314 414; x_wconf 91' lang='lat' dir='ltr'>in</span> <span class='ocrx_word' id='word_1_20' title='bbox 338 371 551 426; x_wconf 60' lang='lat' dir='ltr'>peccato,</span> <span class='ocrx_word' id='word_1_21' title='bbox 567 371 616 411; x_wconf 87' lang='lat' dir='ltr'>et</span> <span class='ocrx_word' id='word_1_22' title='bbox 639 366 709 410; x_wconf 88' lang='lat' dir='ltr'>sic</span> <span class='ocrx_word' id='word_1_23' title='bbox 722 364 1047 422; x_wconf 85' lang='lat' dir='ltr'>peccatoribus</span> <span class='ocrx_word' id='word_1_24' title='bbox 1069 377 1164 408; x_wconf 89' lang='lat' dir='ltr'>non</span> <span class='ocrx_word' id='word_1_25' title='bbox 1185 368 1258 408; x_wconf 85' lang='lat' dir='ltr'>est</span> <span class='ocrx_word' id='word_1_26' title='bbox 1280 370 1626 410; x_wconf 80' lang='lat' dir='ltr'>sacramentum</span> <span class='ocrx_word' id='word_1_27' title='bbox 1655 366 1874 422; x_wconf 80' lang='lat' dir='ltr'>baptismi</span> <span class='ocrx_word' id='word_1_28' title='bbox 1904 380 2020 413; x_wconf 90' lang='lat' dir='ltr'>con-</span> 
     </span>
     <span class='ocr_line' id='line_1_4' title="bbox 115 426 2020 486; baseline -0.002 -8"><span class='ocrx_word' id='word_1_29' title='bbox 115 432 377 486; x_wconf 86' lang='lat' dir='ltr'>ferendum,</span> <span class='ocrx_word' id='word_1_30' title='bbox 403 428 553 485; x_wconf 78' lang='lat' dir='ltr'>primo</span> <span class='ocrx_word' id='word_1_31' title='bbox 582 427 774 485; x_wconf 89' lang='lat' dir='ltr'>quidem</span> <span class='ocrx_word' id='word_1_32' title='bbox 803 426 913 483; x_wconf 87' lang='lat' dir='ltr'>quia</span> <span class='ocrx_word' id='word_1_33' title='bbox 936 439 1019 483; x_wconf 89' lang='lat' dir='ltr'>per</span> <span class='ocrx_word' id='word_1_34' title='bbox 1044 426 1331 483; x_wconf 89' lang='lat' dir='ltr'>baptismum</span> <span class='ocrx_word' id='word_1_35' title='bbox 1356 427 1571 472; x_wconf 86' lang='lat' dir='ltr'>homines</span> <span class='ocrx_word' id='word_1_36' title='bbox 1603 428 1783 473; x_wconf 89' lang='lat' dir='ltr'>Christo</span> <span class='ocrx_word' id='word_1_37' title='bbox 1802 429 2020 486; x_wconf 88' lang='lat' dir='ltr'>incorpo-</span> 
     </span>
     <span class='ocr_line' id='line_1_5' title="bbox 115 488 2015 549; baseline -0.003 -10"><span class='ocrx_word' id='word_1_38' title='bbox 115 500 296 546; x_wconf 76' lang='lat' dir='ltr'>rantur,</span> <span class='ocrx_word' id='word_1_39' title='bbox 318 489 577 536; x_wconf 77' lang='lat' dir='ltr'>secundum</span> <span class='ocrx_word' id='word_1_40' title='bbox 598 489 715 534; x_wconf 86' lang='lat' dir='ltr'>illud</span> <span class='ocrx_word' id='word_1_41' title='bbox 735 488 848 543; x_wconf 85' lang='lat' dir='ltr'>(Gal.</span> <span class='ocrx_word' id='word_1_42' title='bbox 870 502 932 544; x_wconf 83' lang='lat'>111,</span> <span class='ocrx_word' id='word_1_43' title='bbox 949 490 1021 543; x_wconf 84' lang='lat'>37)</span> <span class='ocrx_word' id='word_1_44' title='bbox 1049 503 1060 532; x_wconf 72' lang='grc' dir='ltr'>ε</span> <span class='ocrx_word' id='word_1_45' title='bbox 1088 491 1362 544; x_wconf 78' lang='lat' dir='ltr'>Quicumque</span> <span class='ocrx_word' id='word_1_46' title='bbox 1385 490 1432 531; x_wconf 83' lang='lat' dir='ltr'>in</span> <span class='ocrx_word' id='word_1_47' title='bbox 1457 490 1643 532; x_wconf 73' lang='lat' dir='ltr'>Christo</span> <span class='ocrx_word' id='word_1_48' title='bbox 1659 490 1882 546; x_wconf 79' lang='lat' dir='ltr'>baptizati</span> <span class='ocrx_word' id='word_1_49' title='bbox 1896 494 2015 549; x_wconf 76' lang='lat' dir='ltr'>estis,</span> 
     </span>
    </p>
   </div>
   <div class='ocr_carea' id='block_1_3' title="bbox 43 550 2017 674">
    <p class='ocr_par' dir='ltr' id='par_1_3' title="bbox 43 550 2017 674">
     <span class='ocr_line' id='line_1_6' title="bbox 47 550 2017 610; baseline 0.001 -15"><span class='ocrx_word' id='word_1_50' title='bbox 47 593 49 595; x_wconf 83' lang='grc'><em>,</em></span> <span class='ocrx_word' id='word_1_51' title='bbox 117 557 354 601; x_wconf 72' lang='lat' dir='ltr'>Christum</span> <span class='ocrx_word' id='word_1_52' title='bbox 382 553 617 596; x_wconf 77' lang='lat' dir='ltr'><strong><em>induistis,</em></strong></span> <span class='ocrx_word' id='word_1_53' title='bbox 638 551 867 604; x_wconf 81' lang='lat' dir='ltr'>Quamdiu</span> <span class='ocrx_word' id='word_1_54' title='bbox 905 555 1062 594; x_wconf 85' lang='lat' dir='ltr'>autem</span> <span class='ocrx_word' id='word_1_55' title='bbox 1099 550 1267 606; x_wconf 88' lang='lat' dir='ltr'>aliquis</span> <span class='ocrx_word' id='word_1_56' title='bbox 1288 550 1429 594; x_wconf 85' lang='lat' dir='ltr'>habet</span> <span class='ocrx_word' id='word_1_57' title='bbox 1459 551 1743 596; x_wconf 85' lang='lat' dir='ltr'>voluntatem</span> <span class='ocrx_word' id='word_1_58' title='bbox 1779 552 2017 610; x_wconf 88' lang='lat' dir='ltr'>peccandi,</span> 
     </span>
     <span class='ocr_line' id='line_1_7' title="bbox 43 612 2016 674; baseline -0.001 -12"><span class='ocrx_word' id='word_1_59' title='bbox 43 662 48 667; x_wconf 76' lang='grc'><em>,</em></span> <span class='ocrx_word' id='word_1_60' title='bbox 115 630 211 663; x_wconf 91' lang='lat' dir='ltr'>non</span> <span class='ocrx_word' id='word_1_61' title='bbox 241 620 394 674; x_wconf 86' lang='lat' dir='ltr'>potest</span> <span class='ocrx_word' id='word_1_62' title='bbox 423 626 529 659; x_wconf 90' lang='lat' dir='ltr'>esse</span> <span class='ocrx_word' id='word_1_63' title='bbox 548 614 728 658; x_wconf 82' lang='lat' dir='ltr'>Christo</span> <span class='ocrx_word' id='word_1_64' title='bbox 753 613 1053 670; x_wconf 89' lang='lat' dir='ltr'>conjunctus,</span> <span class='ocrx_word' id='word_1_65' title='bbox 1075 612 1338 657; x_wconf 80' lang='lat' dir='ltr'>secundum</span> <span class='ocrx_word' id='word_1_66' title='bbox 1361 612 1479 658; x_wconf 90' lang='lat' dir='ltr'>illud</span> <span class='ocrx_word' id='word_1_67' title='bbox 1506 615 1572 667; x_wconf 87' lang='grc' dir='ltr'><strong>(ΙΙ.</strong></span> <span class='ocrx_word' id='word_1_68' title='bbox 1601 614 1803 658; x_wconf 83' lang='lat' dir='ltr'>Corinth.</span> <span class='ocrx_word' id='word_1_69' title='bbox 1824 628 1884 668; x_wconf 79' lang='lat' dir='ltr'>w,</span> <span class='ocrx_word' id='word_1_70' title='bbox 1911 617 2016 668; x_wconf 83' lang='lat'>14):</span> 
     </span>
    </p>
   </div>
   <div class='ocr_carea' id='block_1_4' title="bbox 108 673 2024 2776">
    <p class='ocr_par' dir='ltr' id='par_1_4' title="bbox 111 673 2024 1476">
     <span class='ocr_line' id='line_1_8' title="bbox 117 673 2023 735; baseline -0.001 -11"><span class='ocrx_word' id='word_1_71' title='bbox 117 680 220 733; x_wconf 83' lang='lat' dir='ltr'>Quae</span> <span class='ocrx_word' id='word_1_72' title='bbox 243 679 550 735; x_wconf 78' lang='lat' dir='ltr'>participatio</span> <span class='ocrx_word' id='word_1_73' title='bbox 563 677 755 731; x_wconf 68' lang='lat' dir='ltr'>Justitiae</span> <span class='ocrx_word' id='word_1_74' title='bbox 777 689 880 719; x_wconf 81' lang='lat' dir='ltr'>cum</span> <span class='ocrx_word' id='word_1_75' title='bbox 897 673 1172 730; x_wconf 74' lang='lat' dir='ltr'>iniquitate?</span> <span class='ocrx_word' id='word_1_76' title='bbox 1192 675 1319 719; x_wconf 85' lang='lat' dir='ltr'>Unde</span> <span class='ocrx_word' id='word_1_77' title='bbox 1334 678 1382 718; x_wconf 89' lang='lat' dir='ltr'>et</span> <span class='ocrx_word' id='word_1_78' title='bbox 1400 675 1689 731; x_wconf 80' lang='lat' dir='ltr'>Augustinus</span> <span class='ocrx_word' id='word_1_79' title='bbox 1711 675 1823 721; x_wconf 92' lang='lat' dir='ltr'>dicit</span> <span class='ocrx_word' id='word_1_80' title='bbox 1845 676 1941 731; x_wconf 89' lang='lat' dir='ltr'>(lib.</span> <span class='ocrx_word' id='word_1_81' title='bbox 1958 679 2023 722; x_wconf 86' lang='lat' dir='ltr'>De</span> 
     </span>
     <span class='ocr_line' id='line_1_9' title="bbox 113 736 2024 799; baseline -0.001 -14"><span class='ocrx_word' id='word_1_82' title='bbox 113 740 404 799; x_wconf 86' lang='lat' dir='ltr'>poenitentia,</span> <span class='ocrx_word' id='word_1_83' title='bbox 428 739 553 783; x_wconf 90' lang='lat' dir='ltr'>hom.</span> <span class='ocrx_word' id='word_1_84' title='bbox 579 739 664 783; x_wconf 91' lang='lat' dir='ltr'>ult.</span> <span class='ocrx_word' id='word_1_85' title='bbox 692 738 814 782; x_wconf 89' lang='lat' dir='ltr'>inter</span> <span class='ocrx_word' id='word_1_86' title='bbox 828 740 900 790; x_wconf 69' lang='lat'>20,</span> <span class='ocrx_word' id='word_1_87' title='bbox 922 750 1024 793; x_wconf 83' lang='lat' dir='ltr'>cap.</span> <span class='ocrx_word' id='word_1_88' title='bbox 1049 740 1092 794; x_wconf 73' lang='lat'>2,</span> <span class='ocrx_word' id='word_1_89' title='bbox 1121 737 1149 780; x_wconf 81' lang='lat' dir='ltr'>a</span> <span class='ocrx_word' id='word_1_90' title='bbox 1170 736 1355 793; x_wconf 65' lang='lat' dir='ltr'>princ),</span> <span class='ocrx_word' id='word_1_91' title='bbox 1379 737 1507 793; x_wconf 78' lang='lat' dir='ltr'>quod</span> <span class='ocrx_word' id='word_1_92' title='bbox 1529 755 1548 775; x_wconf 93' lang='lat'><strong><em>«</em></strong></span> <span class='ocrx_word' id='word_1_93' title='bbox 1568 738 1727 783; x_wconf 91' lang='lat' dir='ltr'>nullus</span> <span class='ocrx_word' id='word_1_94' title='bbox 1746 750 1845 783; x_wconf 87' lang='lat' dir='ltr'>suae</span> <span class='ocrx_word' id='word_1_95' title='bbox 1860 739 2024 784; x_wconf 86' lang='lat' dir='ltr'>volun-</span> 
     </span>
     <span class='ocr_line' id='line_1_10' title="bbox 114 798 2024 856; baseline -0.001 -8"><span class='ocrx_word' id='word_1_96' title='bbox 114 803 223 848; x_wconf 85' lang='lat' dir='ltr'>tatis</span> <span class='ocrx_word' id='word_1_97' title='bbox 239 802 410 846; x_wconf 85' lang='lat' dir='ltr'>arbiter</span> <span class='ocrx_word' id='word_1_98' title='bbox 429 800 715 845; x_wconf 88' lang='lat' dir='ltr'>constitutus</span> <span class='ocrx_word' id='word_1_99' title='bbox 732 804 888 856; x_wconf 83' lang='lat' dir='ltr'>potest</span> <span class='ocrx_word' id='word_1_100' title='bbox 902 811 1071 843; x_wconf 83' lang='lat' dir='ltr'>novam</span> <span class='ocrx_word' id='word_1_101' title='bbox 1082 798 1226 842; x_wconf 82' lang='lat' dir='ltr'>vitam</span> <span class='ocrx_word' id='word_1_102' title='bbox 1240 799 1476 855; x_wconf 86' lang='lat' dir='ltr'>inchoare,</span> <span class='ocrx_word' id='word_1_103' title='bbox 1498 799 1587 844; x_wconf 89' lang='lat' dir='ltr'>nisi</span> <span class='ocrx_word' id='word_1_104' title='bbox 1607 812 1717 844; x_wconf 90' lang='lat' dir='ltr'>eum</span> <span class='ocrx_word' id='word_1_105' title='bbox 1730 799 1900 844; x_wconf 85' lang='lat' dir='ltr'>veteris</span> <span class='ocrx_word' id='word_1_106' title='bbox 1916 800 2024 846; x_wconf 85' lang='lat' dir='ltr'>vitae</span> 
     </span>
     <span class='ocr_line' id='line_1_11' title="bbox 112 861 2023 921; baseline -0.001 -12"><span class='ocrx_word' id='word_1_107' title='bbox 112 865 355 921; x_wconf 85' lang='lat' dir='ltr'>poeniteat.</span> <span class='ocrx_word' id='word_1_108' title='bbox 383 882 402 901; x_wconf 75' lang='lat' dir='ltr'>n</span> <span class='ocrx_word' id='word_1_109' title='bbox 430 862 643 907; x_wconf 80' lang='lat' dir='ltr'>Secundo</span> <span class='ocrx_word' id='word_1_110' title='bbox 666 874 777 918; x_wconf 74' lang='lat' dir='ltr'>quia</span> <span class='ocrx_word' id='word_1_111' title='bbox 807 862 855 905; x_wconf 88' lang='lat' dir='ltr'>in</span> <span class='ocrx_word' id='word_1_112' title='bbox 874 861 1096 917; x_wconf 81' lang='lat' dir='ltr'>operibus</span> <span class='ocrx_word' id='word_1_113' title='bbox 1118 861 1282 905; x_wconf 76' lang='lat' dir='ltr'>Christi</span> <span class='ocrx_word' id='word_1_114' title='bbox 1306 867 1351 905; x_wconf 90' lang='lat' dir='ltr'>et</span> <span class='ocrx_word' id='word_1_115' title='bbox 1376 861 1591 905; x_wconf 83' lang='lat' dir='ltr'>Ecclesiae</span> <span class='ocrx_word' id='word_1_116' title='bbox 1623 862 1735 907; x_wconf 87' lang='lat' dir='ltr'>nihil</span> <span class='ocrx_word' id='word_1_117' title='bbox 1764 862 1902 907; x_wconf 90' lang='lat' dir='ltr'>debet</span> <span class='ocrx_word' id='word_1_118' title='bbox 1922 862 2023 909; x_wconf 83' lang='lat' dir='ltr'>fieri</span> 
     </span>
     <span class='ocr_line' id='line_1_12' title="bbox 112 919 2023 980; baseline -0.001 -10"><span class='ocrx_word' id='word_1_119' title='bbox 112 925 302 971; x_wconf 85' lang='lat' dir='ltr'>frustra.</span> <span class='ocrx_word' id='word_1_120' title='bbox 323 927 513 970; x_wconf 84' lang='lat' dir='ltr'>Frustra</span> <span class='ocrx_word' id='word_1_121' title='bbox 532 928 689 967; x_wconf 87' lang='lat' dir='ltr'>autem</span> <span class='ocrx_word' id='word_1_122' title='bbox 710 927 782 968; x_wconf 87' lang='lat' dir='ltr'>est</span> <span class='ocrx_word' id='word_1_123' title='bbox 798 923 926 979; x_wconf 90' lang='lat' dir='ltr'>quod</span> <span class='ocrx_word' id='word_1_124' title='bbox 944 935 1039 967; x_wconf 89' lang='lat' dir='ltr'>non</span> <span class='ocrx_word' id='word_1_125' title='bbox 1066 922 1288 979; x_wconf 83' lang='lat' dir='ltr'>pertingit</span> <span class='ocrx_word' id='word_1_126' title='bbox 1315 922 1374 967; x_wconf 89' lang='lat' dir='ltr'>ad</span> <span class='ocrx_word' id='word_1_127' title='bbox 1395 919 1539 966; x_wconf 89' lang='lat' dir='ltr'>finem</span> <span class='ocrx_word' id='word_1_128' title='bbox 1557 922 1615 967; x_wconf 89' lang='lat' dir='ltr'>ad</span> <span class='ocrx_word' id='word_1_129' title='bbox 1638 936 1779 980; x_wconf 91' lang='lat' dir='ltr'>quem</span> <span class='ocrx_word' id='word_1_130' title='bbox 1805 928 1877 969; x_wconf 88' lang='lat' dir='ltr'>est</span> <span class='ocrx_word' id='word_1_131' title='bbox 1894 924 2023 970; x_wconf 90' lang='lat' dir='ltr'>ordi-</span> 
     </span>
     <span class='ocr_line' id='line_1_13' title="bbox 113 983 2021 1042; baseline 0 -11"><span class='ocrx_word' id='word_1_132' title='bbox 113 995 295 1033; x_wconf 85' lang='lat' dir='ltr'>natum.</span> <span class='ocrx_word' id='word_1_133' title='bbox 318 987 481 1032; x_wconf 90' lang='lat' dir='ltr'>Nullus</span> <span class='ocrx_word' id='word_1_134' title='bbox 502 992 659 1030; x_wconf 87' lang='lat' dir='ltr'>autem</span> <span class='ocrx_word' id='word_1_135' title='bbox 683 985 862 1029; x_wconf 86' lang='lat' dir='ltr'>habens</span> <span class='ocrx_word' id='word_1_136' title='bbox 886 985 1170 1030; x_wconf 85' lang='lat' dir='ltr'>voluntatem</span> <span class='ocrx_word' id='word_1_137' title='bbox 1196 983 1421 1041; x_wconf 85' lang='lat' dir='ltr'>peccandi</span> <span class='ocrx_word' id='word_1_138' title='bbox 1456 984 1594 1029; x_wconf 89' lang='lat' dir='ltr'>simul</span> <span class='ocrx_word' id='word_1_139' title='bbox 1617 986 1810 1042; x_wconf 77' lang='lat' dir='ltr'>potesta</span> <span class='ocrx_word' id='word_1_140' title='bbox 1832 990 2021 1042; x_wconf 83' lang='lat' dir='ltr'>peccato</span> 
     </span>
     <span class='ocr_line' id='line_1_14' title="bbox 113 1046 2022 1106; baseline -0.001 -11"><span class='ocrx_word' id='word_1_141' title='bbox 113 1050 347 1105; x_wconf 85' lang='lat' dir='ltr'>mundari,</span> <span class='ocrx_word' id='word_1_142' title='bbox 368 1050 426 1093; x_wconf 87' lang='lat' dir='ltr'>ad</span> <span class='ocrx_word' id='word_1_143' title='bbox 453 1049 578 1106; x_wconf 91' lang='lat' dir='ltr'>quod</span> <span class='ocrx_word' id='word_1_144' title='bbox 594 1047 837 1091; x_wconf 87' lang='lat' dir='ltr'>ordinatur</span> <span class='ocrx_word' id='word_1_145' title='bbox 855 1046 1143 1104; x_wconf 77' lang='lat' dir='ltr'>baptismusz,</span> <span class='ocrx_word' id='word_1_146' title='bbox 1166 1047 1278 1103; x_wconf 88' lang='lat' dir='ltr'>quia</span> <span class='ocrx_word' id='word_1_147' title='bbox 1303 1047 1392 1091; x_wconf 84' lang='lat' dir='ltr'>hoc</span> <span class='ocrx_word' id='word_1_148' title='bbox 1417 1053 1542 1091; x_wconf 86' lang='lat' dir='ltr'>esset</span> <span class='ocrx_word' id='word_1_149' title='bbox 1560 1059 1734 1104; x_wconf 88' lang='lat' dir='ltr'>ponere</span> <span class='ocrx_word' id='word_1_150' title='bbox 1757 1048 2022 1094; x_wconf 86' lang='lat' dir='ltr'>contradic-</span> 
     </span>
     <span class='ocr_line' id='line_1_15' title="bbox 113 1109 2022 1167; baseline -0.001 -10"><span class='ocrx_word' id='word_1_151' title='bbox 113 1113 232 1157; x_wconf 73' lang='lat' dir='ltr'>toria</span> <span class='ocrx_word' id='word_1_152' title='bbox 254 1124 359 1157; x_wconf 87' lang='lat' dir='ltr'>esse</span> <span class='ocrx_word' id='word_1_153' title='bbox 379 1110 536 1155; x_wconf 88' lang='lat' dir='ltr'>simul.</span> <span class='ocrx_word' id='word_1_154' title='bbox 559 1109 708 1155; x_wconf 81' lang='lat' dir='ltr'>Tertio</span> <span class='ocrx_word' id='word_1_155' title='bbox 722 1109 832 1167; x_wconf 88' lang='lat' dir='ltr'>quia</span> <span class='ocrx_word' id='word_1_156' title='bbox 850 1109 898 1153; x_wconf 91' lang='lat' dir='ltr'>in</span> <span class='ocrx_word' id='word_1_157' title='bbox 930 1109 1349 1154; x_wconf 84' lang='lat' dir='ltr'>sacramentalibus</span> <span class='ocrx_word' id='word_1_158' title='bbox 1373 1109 1523 1164; x_wconf 83' lang='lat' dir='ltr'>signis</span> <span class='ocrx_word' id='word_1_159' title='bbox 1538 1122 1633 1153; x_wconf 91' lang='lat' dir='ltr'>non</span> <span class='ocrx_word' id='word_1_160' title='bbox 1657 1109 1795 1155; x_wconf 87' lang='lat' dir='ltr'>debet</span> <span class='ocrx_word' id='word_1_161' title='bbox 1815 1123 1921 1155; x_wconf 87' lang='lat' dir='ltr'>esse</span> <span class='ocrx_word' id='word_1_162' title='bbox 1940 1111 2022 1156; x_wconf 85' lang='lat' dir='ltr'>ali-</span> 
     </span>
     <span class='ocr_line' id='line_1_16' title="bbox 113 1171 2019 1232; baseline 0 -14"><span class='ocrx_word' id='word_1_163' title='bbox 113 1184 209 1232; x_wconf 76' lang='lat' dir='ltr'>qua</span> <span class='ocrx_word' id='word_1_164' title='bbox 229 1173 428 1218; x_wconf 81' lang='lat' dir='ltr'>falsitas.</span> <span class='ocrx_word' id='word_1_165' title='bbox 451 1175 529 1217; x_wconf 86' lang='lat' dir='ltr'>Est</span> <span class='ocrx_word' id='word_1_166' title='bbox 561 1177 718 1216; x_wconf 86' lang='lat' dir='ltr'>autem</span> <span class='ocrx_word' id='word_1_167' title='bbox 738 1171 927 1226; x_wconf 82' lang='lat' dir='ltr'>signum</span> <span class='ocrx_word' id='word_1_168' title='bbox 947 1172 1136 1228; x_wconf 87' lang='lat' dir='ltr'>falsum,</span> <span class='ocrx_word' id='word_1_169' title='bbox 1156 1171 1231 1215; x_wconf 87' lang='lat' dir='ltr'>cui</span> <span class='ocrx_word' id='word_1_170' title='bbox 1255 1184 1332 1216; x_wconf 89' lang='lat' dir='ltr'>res</span> <span class='ocrx_word' id='word_1_171' title='bbox 1351 1171 1609 1227; x_wconf 83' lang='lat' dir='ltr'>significata</span> <span class='ocrx_word' id='word_1_172' title='bbox 1633 1184 1728 1215; x_wconf 90' lang='lat' dir='ltr'>non</span> <span class='ocrx_word' id='word_1_173' title='bbox 1751 1173 2019 1229; x_wconf 83' lang='lat' dir='ltr'>respondet,</span> 
     </span>
     <span class='ocr_line' id='line_1_17' title="bbox 111 1231 2022 1291; baseline 0 -12"><span class='ocrx_word' id='word_1_174' title='bbox 111 1236 180 1279; x_wconf 83' lang='lat' dir='ltr'>Ex</span> <span class='ocrx_word' id='word_1_175' title='bbox 199 1235 289 1279; x_wconf 87' lang='lat' dir='ltr'>hoc</span> <span class='ocrx_word' id='word_1_176' title='bbox 304 1239 462 1278; x_wconf 86' lang='lat' dir='ltr'>autem</span> <span class='ocrx_word' id='word_1_177' title='bbox 487 1233 611 1290; x_wconf 76' lang='lat' dir='ltr'>quod</span> <span class='ocrx_word' id='word_1_178' title='bbox 630 1233 801 1290; x_wconf 85' lang='lat' dir='ltr'>aliquis</span> <span class='ocrx_word' id='word_1_179' title='bbox 822 1233 1075 1278; x_wconf 85' lang='lat' dir='ltr'>lavandum</span> <span class='ocrx_word' id='word_1_180' title='bbox 1095 1246 1146 1277; x_wconf 88' lang='lat' dir='ltr'>se</span> <span class='ocrx_word' id='word_1_181' title='bbox 1164 1234 1340 1289; x_wconf 82' lang='lat' dir='ltr'>praebet</span> <span class='ocrx_word' id='word_1_182' title='bbox 1362 1246 1445 1290; x_wconf 88' lang='lat' dir='ltr'>per</span> <span class='ocrx_word' id='word_1_183' title='bbox 1460 1233 1762 1290; x_wconf 84' lang='lat' dir='ltr'>baptismum,</span> <span class='ocrx_word' id='word_1_184' title='bbox 1779 1231 2022 1291; x_wconf 81' lang='lat' dir='ltr'>significa-</span> 
     </span>
     <span class='ocr_line' id='line_1_18' title="bbox 113 1296 2021 1353; baseline 0.001 -12"><span class='ocrx_word' id='word_1_185' title='bbox 113 1301 191 1341; x_wconf 77' lang='lat' dir='ltr'>tur</span> <span class='ocrx_word' id='word_1_186' title='bbox 213 1297 338 1353; x_wconf 79' lang='lat' dir='ltr'>quod</span> <span class='ocrx_word' id='word_1_187' title='bbox 362 1308 412 1341; x_wconf 86' lang='lat' dir='ltr'>se</span> <span class='ocrx_word' id='word_1_188' title='bbox 429 1296 647 1352; x_wconf 84' lang='lat' dir='ltr'>disponat</span> <span class='ocrx_word' id='word_1_189' title='bbox 664 1296 723 1340; x_wconf 89' lang='lat' dir='ltr'>ad</span> <span class='ocrx_word' id='word_1_190' title='bbox 738 1296 1006 1340; x_wconf 86' lang='lat' dir='ltr'>interiorem</span> <span class='ocrx_word' id='word_1_191' title='bbox 1025 1296 1340 1352; x_wconf 82' lang='lat' dir='ltr'>ablutionem3</span> <span class='ocrx_word' id='word_1_192' title='bbox 1360 1296 1487 1353; x_wconf 85' lang='lat' dir='ltr'>quod</span> <span class='ocrx_word' id='word_1_193' title='bbox 1508 1308 1602 1339; x_wconf 91' lang='lat' dir='ltr'>non</span> <span class='ocrx_word' id='word_1_194' title='bbox 1623 1296 1851 1352; x_wconf 74' lang='lat' dir='ltr'>confingit</span> <span class='ocrx_word' id='word_1_195' title='bbox 1879 1296 1936 1342; x_wconf 88' lang='lat' dir='ltr'>de</span> <span class='ocrx_word' id='word_1_196' title='bbox 1964 1308 2021 1342; x_wconf 86' lang='lat' dir='ltr'>eo</span> 
     </span>
     <span class='ocr_line' id='line_1_19' title="bbox 113 1358 2022 1417; baseline 0.001 -15"><span class='ocrx_word' id='word_1_197' title='bbox 113 1359 191 1416; x_wconf 90' lang='lat' dir='ltr'>qui</span> <span class='ocrx_word' id='word_1_198' title='bbox 216 1360 356 1403; x_wconf 86' lang='lat' dir='ltr'>habet</span> <span class='ocrx_word' id='word_1_199' title='bbox 374 1358 665 1415; x_wconf 89' lang='lat' dir='ltr'>propositum</span> <span class='ocrx_word' id='word_1_200' title='bbox 699 1358 979 1414; x_wconf 80' lang='lat' dir='ltr'>persistendi</span> <span class='ocrx_word' id='word_1_201' title='bbox 1004 1358 1053 1402; x_wconf 88' lang='lat' dir='ltr'>in</span> <span class='ocrx_word' id='word_1_202' title='bbox 1077 1363 1285 1415; x_wconf 86' lang='lat' dir='ltr'>peccato.</span> <span class='ocrx_word' id='word_1_203' title='bbox 1305 1358 1434 1403; x_wconf 83' lang='lat' dir='ltr'>Unde</span> <span class='ocrx_word' id='word_1_204' title='bbox 1469 1359 1773 1403; x_wconf 81' lang='lat' dir='ltr'>manifestum</span> <span class='ocrx_word' id='word_1_205' title='bbox 1802 1363 1874 1404; x_wconf 88' lang='lat' dir='ltr'>est</span> <span class='ocrx_word' id='word_1_206' title='bbox 1896 1359 2022 1417; x_wconf 82' lang='lat' dir='ltr'>quod</span> 
     </span>
     <span class='ocr_line' id='line_1_20' title="bbox 114 1419 1461 1476; baseline 0.001 -13"><span class='ocrx_word' id='word_1_207' title='bbox 114 1420 293 1465; x_wconf 87' lang='lat' dir='ltr'>talibus.</span> <span class='ocrx_word' id='word_1_208' title='bbox 309 1426 657 1465; x_wconf 84' lang='lat' dir='ltr'>sacramentum</span> <span class='ocrx_word' id='word_1_209' title='bbox 673 1420 891 1476; x_wconf 81' lang='lat' dir='ltr'>baptismi</span> <span class='ocrx_word' id='word_1_210' title='bbox 912 1432 1006 1464; x_wconf 91' lang='lat' dir='ltr'>non</span> <span class='ocrx_word' id='word_1_211' title='bbox 1026 1424 1099 1464; x_wconf 88' lang='lat' dir='ltr'>est</span> <span class='ocrx_word' id='word_1_212' title='bbox 1110 1419 1461 1465; x_wconf 78' lang='lat' dir='ltr'>conferendum.</span> 
     </span>
    </p>

    <p class='ocr_par' dir='ltr' id='par_1_5' title="bbox 112 1482 2022 1601">
     <span class='ocr_line' id='line_1_21' title="bbox 167 1482 2022 1539; baseline 0.001 -11"><span class='ocrx_word' id='word_1_213' title='bbox 167 1483 232 1528; x_wconf 86' lang='lat' dir='ltr'>Ad</span> <span class='ocrx_word' id='word_1_214' title='bbox 250 1486 448 1539; x_wconf 78' lang='lat' dir='ltr'>primum</span> <span class='ocrx_word' id='word_1_215' title='bbox 468 1495 580 1539; x_wconf 85' lang='lat' dir='ltr'>ergo</span> <span class='ocrx_word' id='word_1_216' title='bbox 602 1482 870 1530; x_wconf 85' lang='lat' dir='ltr'>dicendum,</span> <span class='ocrx_word' id='word_1_217' title='bbox 882 1482 1008 1538; x_wconf 66' lang='lat' dir='ltr'>qued</span> <span class='ocrx_word' id='word_1_218' title='bbox 1026 1482 1145 1527; x_wconf 88' lang='lat' dir='ltr'>illud</span> <span class='ocrx_word' id='word_1_219' title='bbox 1158 1483 1357 1527; x_wconf 85' lang='lat' dir='ltr'>verbum</span> <span class='ocrx_word' id='word_1_220' title='bbox 1372 1487 1444 1527; x_wconf 90' lang='lat' dir='ltr'>est</span> <span class='ocrx_word' id='word_1_221' title='bbox 1459 1482 1816 1539; x_wconf 81' lang='lat' dir='ltr'>intelligendum</span> <span class='ocrx_word' id='word_1_222' title='bbox 1836 1482 1895 1528; x_wconf 89' lang='lat' dir='ltr'>de</span> <span class='ocrx_word' id='word_1_223' title='bbox 1910 1495 2022 1539; x_wconf 86' lang='lat' dir='ltr'>pee-</span> 
     </span>
     <span class='ocr_line' id='line_1_22' title="bbox 112 1544 1487 1601; baseline 0 -12"><span class='ocrx_word' id='word_1_224' title='bbox 112 1544 346 1589; x_wconf 83' lang='lat' dir='ltr'>catoribus</span> <span class='ocrx_word' id='word_1_225' title='bbox 367 1544 445 1601; x_wconf 90' lang='lat' dir='ltr'>qui</span> <span class='ocrx_word' id='word_1_226' title='bbox 463 1544 637 1588; x_wconf 87' lang='lat' dir='ltr'>habent</span> <span class='ocrx_word' id='word_1_227' title='bbox 650 1544 941 1588; x_wconf 85' lang='lat' dir='ltr'>voluntatem</span> <span class='ocrx_word' id='word_1_228' title='bbox 959 1544 1207 1588; x_wconf 84' lang='lat' dir='ltr'>recedendi</span> <span class='ocrx_word' id='word_1_229' title='bbox 1232 1544 1260 1588; x_wconf 80' lang='lat' dir='ltr'>a</span> <span class='ocrx_word' id='word_1_230' title='bbox 1281 1549 1487 1600; x_wconf 82' lang='lat' dir='ltr'>peccato.</span> 
     </span>
    </p>

    <p class='ocr_par' dir='ltr' id='par_1_6' title="bbox 110 1605 2023 2099">
     <span class='ocr_line' id='line_1_23' title="bbox 168 1605 2023 1665; baseline 0.001 -13"><span class='ocrx_word' id='word_1_231' title='bbox 168 1608 235 1652; x_wconf 89' lang='lat' dir='ltr'>Ad</span> <span class='ocrx_word' id='word_1_232' title='bbox 253 1608 501 1650; x_wconf 79' lang='lat' dir='ltr'>secundum</span> <span class='ocrx_word' id='word_1_233' title='bbox 522 1607 791 1661; x_wconf 88' lang='lat' dir='ltr'>dicendum,</span> <span class='ocrx_word' id='word_1_234' title='bbox 812 1607 937 1662; x_wconf 83' lang='lat' dir='ltr'>quod</span> <span class='ocrx_word' id='word_1_235' title='bbox 956 1606 1210 1662; x_wconf 85' lang='lat' dir='ltr'>spiritualis</span> <span class='ocrx_word' id='word_1_236' title='bbox 1229 1606 1459 1664; x_wconf 89' lang='lat' dir='ltr'>medicus,</span> <span class='ocrx_word' id='word_1_237' title='bbox 1476 1605 1654 1651; x_wconf 88' lang='lat' dir='ltr'>scilicet</span> <span class='ocrx_word' id='word_1_238' title='bbox 1674 1606 1899 1664; x_wconf 87' lang='lat' dir='ltr'>Christus,</span> <span class='ocrx_word' id='word_1_239' title='bbox 1913 1620 2023 1665; x_wconf 90' lang='lat' dir='ltr'>ope-</span> 
     </span>
     <span class='ocr_line' id='line_1_24' title="bbox 111 1668 2023 1725; baseline 0.002 -13"><span class='ocrx_word' id='word_1_240' title='bbox 111 1674 243 1713; x_wconf 83' lang='lat' dir='ltr'>ratur</span> <span class='ocrx_word' id='word_1_241' title='bbox 258 1668 536 1724; x_wconf 82' lang='lat' dir='ltr'>dupliciter:</span> <span class='ocrx_word' id='word_1_242' title='bbox 559 1681 657 1712; x_wconf 90' lang='lat' dir='ltr'>uno</span> <span class='ocrx_word' id='word_1_243' title='bbox 675 1668 815 1712; x_wconf 90' lang='lat' dir='ltr'>modo</span> <span class='ocrx_word' id='word_1_244' title='bbox 848 1668 1046 1713; x_wconf 79' lang='lat' dir='ltr'>interius</span> <span class='ocrx_word' id='word_1_245' title='bbox 1069 1681 1152 1724; x_wconf 85' lang='lat' dir='ltr'>per</span> <span class='ocrx_word' id='word_1_246' title='bbox 1171 1669 1396 1725; x_wconf 86' lang='lat' dir='ltr'>seipsum,</span> <span class='ocrx_word' id='word_1_247' title='bbox 1414 1673 1460 1712; x_wconf 85' lang='lat' dir='ltr'>et</span> <span class='ocrx_word' id='word_1_248' title='bbox 1479 1668 1547 1713; x_wconf 89' lang='lat' dir='ltr'>sic</span> <span class='ocrx_word' id='word_1_249' title='bbox 1570 1673 1802 1725; x_wconf 79' lang='lat' dir='ltr'>praeparat</span> <span class='ocrx_word' id='word_1_250' title='bbox 1812 1668 2023 1715; x_wconf 82' lang='lat' dir='ltr'>volunta·</span> 
     </span>
     <span class='ocr_line' id='line_1_25' title="bbox 111 1730 2022 1789; baseline 0.001 -13"><span class='ocrx_word' id='word_1_251' title='bbox 111 1735 205 1776; x_wconf 88' lang='lat' dir='ltr'>tem</span> <span class='ocrx_word' id='word_1_252' title='bbox 229 1732 450 1785; x_wconf 86' lang='lat' dir='ltr'>hominis,</span> <span class='ocrx_word' id='word_1_253' title='bbox 472 1737 526 1775; x_wconf 89' lang='lat' dir='ltr'>ut</span> <span class='ocrx_word' id='word_1_254' title='bbox 545 1730 725 1776; x_wconf 88' lang='lat' dir='ltr'>bonum</span> <span class='ocrx_word' id='word_1_255' title='bbox 745 1731 872 1787; x_wconf 85' lang='lat' dir='ltr'>velit,</span> <span class='ocrx_word' id='word_1_256' title='bbox 890 1735 937 1775; x_wconf 87' lang='lat' dir='ltr'>et</span> <span class='ocrx_word' id='word_1_257' title='bbox 955 1732 1130 1775; x_wconf 85' lang='lat' dir='ltr'>malum</span> <span class='ocrx_word' id='word_1_258' title='bbox 1154 1732 1303 1788; x_wconf 83' lang='lat' dir='ltr'>odiat3</span> <span class='ocrx_word' id='word_1_259' title='bbox 1334 1731 1424 1776; x_wconf 89' lang='lat' dir='ltr'>alio</span> <span class='ocrx_word' id='word_1_260' title='bbox 1443 1731 1583 1776; x_wconf 91' lang='lat' dir='ltr'>modo</span> <span class='ocrx_word' id='word_1_261' title='bbox 1602 1736 1822 1787; x_wconf 82' lang='lat' dir='ltr'>operatur</span> <span class='ocrx_word' id='word_1_262' title='bbox 1838 1744 1920 1789; x_wconf 83' lang='lat' dir='ltr'>per</span> <span class='ocrx_word' id='word_1_263' title='bbox 1935 1733 2022 1778; x_wconf 90' lang='lat' dir='ltr'>mi-</span> 
     </span>
     <span class='ocr_line' id='line_1_26' title="bbox 111 1793 2021 1850; baseline 0.002 -13"><span class='ocrx_word' id='word_1_264' title='bbox 111 1793 300 1848; x_wconf 87' lang='lat' dir='ltr'>nistros,</span> <span class='ocrx_word' id='word_1_265' title='bbox 317 1793 524 1839; x_wconf 77' lang='lat' dir='ltr'>exterius</span> <span class='ocrx_word' id='word_1_266' title='bbox 536 1793 801 1838; x_wconf 87' lang='lat' dir='ltr'>adhibendo</span> <span class='ocrx_word' id='word_1_267' title='bbox 814 1798 1124 1849; x_wconf 83' lang='lat' dir='ltr'>sacramenta,</span> <span class='ocrx_word' id='word_1_268' title='bbox 1140 1793 1268 1838; x_wconf 84' lang='lat' dir='ltr'>etsie</span> <span class='ocrx_word' id='word_1_269' title='bbox 1285 1799 1504 1850; x_wconf 87' lang='lat' dir='ltr'>operatur</span> <span class='ocrx_word' id='word_1_270' title='bbox 1521 1794 1804 1850; x_wconf 86' lang='lat' dir='ltr'>perficiendo</span> <span class='ocrx_word' id='word_1_271' title='bbox 1818 1795 2021 1840; x_wconf 73' lang='lat' dir='ltr'>exterius</span> 
     </span>
     <span class='ocr_line' id='line_1_27' title="bbox 110 1854 2023 1914; baseline 0.002 -14"><span class='ocrx_word' id='word_1_272' title='bbox 110 1854 158 1900; x_wconf 86' lang='lat' dir='ltr'>id</span> <span class='ocrx_word' id='word_1_273' title='bbox 186 1856 314 1914; x_wconf 90' lang='lat' dir='ltr'>quod</span> <span class='ocrx_word' id='word_1_274' title='bbox 333 1860 405 1900; x_wconf 89' lang='lat' dir='ltr'>est</span> <span class='ocrx_word' id='word_1_275' title='bbox 426 1856 624 1900; x_wconf 81' lang='lat' dir='ltr'>interius</span> <span class='ocrx_word' id='word_1_276' title='bbox 656 1856 944 1900; x_wconf 89' lang='lat' dir='ltr'>inchoatum.</span> <span class='ocrx_word' id='word_1_277' title='bbox 967 1858 1022 1900; x_wconf 87' lang='lat' dir='ltr'>Et</span> <span class='ocrx_word' id='word_1_278' title='bbox 1057 1855 1161 1901; x_wconf 82' lang='lat' dir='ltr'>ideo</span> <span class='ocrx_word' id='word_1_279' title='bbox 1199 1860 1547 1901; x_wconf 87' lang='lat' dir='ltr'>sacramentum</span> <span class='ocrx_word' id='word_1_280' title='bbox 1582 1856 1801 1913; x_wconf 85' lang='lat' dir='ltr'>baptismi</span> <span class='ocrx_word' id='word_1_281' title='bbox 1821 1869 1916 1901; x_wconf 92' lang='lat' dir='ltr'>non</span> <span class='ocrx_word' id='word_1_282' title='bbox 1951 1863 2023 1903; x_wconf 87' lang='lat' dir='ltr'>est</span> 
     </span>
     <span class='ocr_line' id='line_1_28' title="bbox 111 1917 2022 1977; baseline 0.001 -15"><span class='ocrx_word' id='word_1_283' title='bbox 111 1917 430 1963; x_wconf 82' lang='lat' dir='ltr'>exhibendum</span> <span class='ocrx_word' id='word_1_284' title='bbox 468 1918 558 1961; x_wconf 89' lang='lat' dir='ltr'>nisi</span> <span class='ocrx_word' id='word_1_285' title='bbox 589 1917 630 1963; x_wconf 88' lang='lat' dir='ltr'>ei</span> <span class='ocrx_word' id='word_1_286' title='bbox 650 1918 699 1961; x_wconf 89' lang='lat' dir='ltr'>in</span> <span class='ocrx_word' id='word_1_287' title='bbox 723 1930 817 1974; x_wconf 92' lang='lat' dir='ltr'>quo</span> <span class='ocrx_word' id='word_1_288' title='bbox 840 1917 1074 1962; x_wconf 86' lang='lat' dir='ltr'>interioris</span> <span class='ocrx_word' id='word_1_289' title='bbox 1097 1918 1418 1963; x_wconf 86' lang='lat' dir='ltr'>conversionis</span> <span class='ocrx_word' id='word_1_290' title='bbox 1450 1918 1636 1975; x_wconf 86' lang='lat' dir='ltr'>aliquod</span> <span class='ocrx_word' id='word_1_291' title='bbox 1662 1918 1852 1975; x_wconf 86' lang='lat' dir='ltr'>signum</span> <span class='ocrx_word' id='word_1_292' title='bbox 1882 1931 2022 1977; x_wconf 85' lang='lat' dir='ltr'>appa-</span> 
     </span>
     <span class='ocr_line' id='line_1_29' title="bbox 110 1979 2022 2039; baseline 0.002 -15"><span class='ocrx_word' id='word_1_293' title='bbox 110 1983 183 2024; x_wconf 89' lang='lat' dir='ltr'>ret</span> <span class='ocrx_word' id='word_1_294' title='bbox 199 1981 284 2036; x_wconf 88' lang='lat'>(1);</span> <span class='ocrx_word' id='word_1_295' title='bbox 316 1979 437 2025; x_wconf 89' lang='lat' dir='ltr'>sicut</span> <span class='ocrx_word' id='word_1_296' title='bbox 458 1991 547 2024; x_wconf 87' lang='lat' dir='ltr'>nec</span> <span class='ocrx_word' id='word_1_297' title='bbox 568 1979 804 2025; x_wconf 88' lang='lat' dir='ltr'>medicina</span> <span class='ocrx_word' id='word_1_298' title='bbox 822 1979 1079 2037; x_wconf 88' lang='lat' dir='ltr'>corporalis</span> <span class='ocrx_word' id='word_1_299' title='bbox 1096 1979 1344 2025; x_wconf 88' lang='lat' dir='ltr'>adhibetur</span> <span class='ocrx_word' id='word_1_300' title='bbox 1362 1979 1565 2035; x_wconf 82' lang='lat' dir='ltr'>infirmO,</span> <span class='ocrx_word' id='word_1_301' title='bbox 1591 1979 1682 2024; x_wconf 91' lang='lat' dir='ltr'>nisi</span> <span class='ocrx_word' id='word_1_302' title='bbox 1699 1980 1748 2024; x_wconf 92' lang='lat' dir='ltr'>in</span> <span class='ocrx_word' id='word_1_303' title='bbox 1778 1992 1835 2026; x_wconf 86' lang='lat' dir='ltr'>eo</span> <span class='ocrx_word' id='word_1_304' title='bbox 1851 1981 2022 2039; x_wconf 87' lang='lat' dir='ltr'>aliquis</span> 
     </span>
     <span class='ocr_line' id='line_1_30' title="bbox 110 2040 907 2099; baseline 0 -14"><span class='ocrx_word' id='word_1_305' title='bbox 110 2044 267 2085; x_wconf 83' lang='lat' dir='ltr'>motus</span> <span class='ocrx_word' id='word_1_306' title='bbox 287 2040 443 2085; x_wconf 86' lang='lat' dir='ltr'>vitalis</span> <span class='ocrx_word' id='word_1_307' title='bbox 466 2046 647 2085; x_wconf 82' lang='lat' dir='ltr'>naturae</span> <span class='ocrx_word' id='word_1_308' title='bbox 669 2046 907 2099; x_wconf 87' lang='lat' dir='ltr'>appareat.</span> 
     </span>
    </p>

    <p class='ocr_par' dir='ltr' id='par_1_7' title="bbox 108 2102 2022 2654">
     <span class='ocr_line' id='line_1_31' title="bbox 166 2102 2022 2160; baseline 0.001 -12"><span class='ocrx_word' id='word_1_309' title='bbox 166 2103 234 2148; x_wconf 86' lang='lat' dir='ltr'>Ad</span> <span class='ocrx_word' id='word_1_310' title='bbox 254 2106 441 2147; x_wconf 74' lang='lat' dir='ltr'>tertium</span> <span class='ocrx_word' id='word_1_311' title='bbox 469 2102 739 2158; x_wconf 84' lang='lat' dir='ltr'>dicendum,</span> <span class='ocrx_word' id='word_1_312' title='bbox 753 2102 879 2159; x_wconf 83' lang='lat' dir='ltr'>quod</span> <span class='ocrx_word' id='word_1_313' title='bbox 900 2102 1165 2160; x_wconf 79' lang='lat' dir='ltr'>baptismus</span> <span class='ocrx_word' id='word_1_314' title='bbox 1187 2107 1261 2147; x_wconf 89' lang='lat' dir='ltr'>est</span> <span class='ocrx_word' id='word_1_315' title='bbox 1274 2103 1384 2148; x_wconf 88' lang='lat' dir='ltr'>fidei</span> <span class='ocrx_word' id='word_1_316' title='bbox 1402 2106 1770 2149; x_wconf 83' lang='lat' dir='ltr'>sacramentum.</span> <span class='ocrx_word' id='word_1_317' title='bbox 1795 2104 1927 2150; x_wconf 87' lang='lat' dir='ltr'>Fides</span> <span class='ocrx_word' id='word_1_318' title='bbox 1941 2118 2022 2150; x_wconf 88' lang='lat' dir='ltr'>au-</span> 
     </span>
     <span class='ocr_line' id='line_1_32' title="bbox 109 2164 2021 2222; baseline 0.002 -13"><span class='ocrx_word' id='word_1_319' title='bbox 109 2169 204 2210; x_wconf 86' lang='lat' dir='ltr'>tem</span> <span class='ocrx_word' id='word_1_320' title='bbox 227 2165 441 2210; x_wconf 87' lang='lat' dir='ltr'>informis</span> <span class='ocrx_word' id='word_1_321' title='bbox 463 2178 556 2209; x_wconf 91' lang='lat' dir='ltr'>non</span> <span class='ocrx_word' id='word_1_322' title='bbox 578 2166 752 2210; x_wconf 87' lang='lat' dir='ltr'>sufficit</span> <span class='ocrx_word' id='word_1_323' title='bbox 767 2166 825 2210; x_wconf 88' lang='lat' dir='ltr'>ad</span> <span class='ocrx_word' id='word_1_324' title='bbox 849 2165 1067 2222; x_wconf 88' lang='lat' dir='ltr'>salutem,</span> <span class='ocrx_word' id='word_1_325' title='bbox 1087 2177 1176 2209; x_wconf 86' lang='lat' dir='ltr'>nec</span> <span class='ocrx_word' id='word_1_326' title='bbox 1194 2164 1298 2221; x_wconf 86' lang='lat' dir='ltr'>ipsa</span> <span class='ocrx_word' id='word_1_327' title='bbox 1317 2165 1788 2221; x_wconf 81' lang='lat' dir='ltr'>estfundamentum;</span> <span class='ocrx_word' id='word_1_328' title='bbox 1811 2167 1894 2211; x_wconf 89' lang='lat' dir='ltr'>sed</span> <span class='ocrx_word' id='word_1_329' title='bbox 1921 2167 2021 2212; x_wconf 85' lang='lat' dir='ltr'>sola</span> 
     </span>
     <span class='ocr_line' id='line_1_33' title="bbox 109 2226 2021 2285; baseline 0.003 -15"><span class='ocrx_word' id='word_1_330' title='bbox 109 2226 225 2271; x_wconf 88' lang='lat' dir='ltr'>fides</span> <span class='ocrx_word' id='word_1_331' title='bbox 241 2227 457 2284; x_wconf 86' lang='lat' dir='ltr'>formata,</span> <span class='ocrx_word' id='word_1_332' title='bbox 475 2239 580 2284; x_wconf 83' lang='lat' dir='ltr'>quae</span> <span class='ocrx_word' id='word_1_333' title='bbox 599 2240 683 2284; x_wconf 90' lang='lat' dir='ltr'>per</span> <span class='ocrx_word' id='word_1_334' title='bbox 699 2227 993 2272; x_wconf 88' lang='lat' dir='ltr'>dilectionem</span> <span class='ocrx_word' id='word_1_335' title='bbox 1027 2231 1265 2284; x_wconf 86' lang='lat' dir='ltr'>operatur,</span> <span class='ocrx_word' id='word_1_336' title='bbox 1284 2232 1338 2272; x_wconf 88' lang='lat' dir='ltr'>ut</span> <span class='ocrx_word' id='word_1_337' title='bbox 1370 2228 1660 2285; x_wconf 84' lang='lat' dir='ltr'>Augustinus</span> <span class='ocrx_word' id='word_1_338' title='bbox 1693 2227 1806 2272; x_wconf 87' lang='lat' dir='ltr'>dicit</span> <span class='ocrx_word' id='word_1_339' title='bbox 1839 2228 1939 2283; x_wconf 89' lang='lat' dir='ltr'>(lib.</span> <span class='ocrx_word' id='word_1_340' title='bbox 1958 2232 2021 2275; x_wconf 89' lang='lat' dir='ltr'>De</span> 
     </span>
     <span class='ocr_line' id='line_1_34' title="bbox 108 2287 2020 2347; baseline 0.002 -14"><span class='ocrx_word' id='word_1_341' title='bbox 108 2287 201 2334; x_wconf 89' lang='lat' dir='ltr'>fide</span> <span class='ocrx_word' id='word_1_342' title='bbox 221 2294 269 2334; x_wconf 86' lang='lat' dir='ltr'>et</span> <span class='ocrx_word' id='word_1_343' title='bbox 290 2289 528 2346; x_wconf 76' lang='lat' dir='ltr'>operibus,</span> <span class='ocrx_word' id='word_1_344' title='bbox 549 2302 651 2346; x_wconf 87' lang='lat' dir='ltr'>cap.</span> <span class='ocrx_word' id='word_1_345' title='bbox 678 2293 765 2343; x_wconf 71' lang='lat'>16).</span> <span class='ocrx_word' id='word_1_346' title='bbox 788 2290 917 2335; x_wconf 90' lang='lat' dir='ltr'>Unde</span> <span class='ocrx_word' id='word_1_347' title='bbox 937 2301 1026 2334; x_wconf 87' lang='lat' dir='ltr'>nec</span> <span class='ocrx_word' id='word_1_348' title='bbox 1052 2293 1399 2334; x_wconf 87' lang='lat' dir='ltr'>sacramentum</span> <span class='ocrx_word' id='word_1_349' title='bbox 1426 2290 1645 2347; x_wconf 88' lang='lat' dir='ltr'>baptismi</span> <span class='ocrx_word' id='word_1_350' title='bbox 1672 2290 1870 2335; x_wconf 86' lang='lat' dir='ltr'>salutem</span> <span class='ocrx_word' id='word_1_351' title='bbox 1903 2304 2020 2336; x_wconf 88' lang='lat' dir='ltr'>con-</span> 
     </span>
     <span class='ocr_line' id='line_1_35' title="bbox 108 2350 2020 2408; baseline 0.003 -14"><span class='ocrx_word' id='word_1_352' title='bbox 108 2350 231 2395; x_wconf 86' lang='lat' dir='ltr'>ferre</span> <span class='ocrx_word' id='word_1_353' title='bbox 249 2356 401 2408; x_wconf 88' lang='lat' dir='ltr'>potest</span> <span class='ocrx_word' id='word_1_354' title='bbox 417 2363 527 2396; x_wconf 89' lang='lat' dir='ltr'>cum</span> <span class='ocrx_word' id='word_1_355' title='bbox 546 2352 786 2395; x_wconf 86' lang='lat' dir='ltr'>voluntate</span> <span class='ocrx_word' id='word_1_356' title='bbox 816 2351 1058 2407; x_wconf 85' lang='lat' dir='ltr'>peccandi,</span> <span class='ocrx_word' id='word_1_357' title='bbox 1080 2364 1186 2408; x_wconf 82' lang='lat' dir='ltr'>quae</span> <span class='ocrx_word' id='word_1_358' title='bbox 1219 2351 1326 2396; x_wconf 82' lang='lat' dir='ltr'>fidei</span> <span class='ocrx_word' id='word_1_359' title='bbox 1346 2352 1546 2397; x_wconf 81' lang='lat' dir='ltr'>formam</span> <span class='ocrx_word' id='word_1_360' title='bbox 1570 2351 1792 2396; x_wconf 82' lang='lat' dir='ltr'>excludit.</span> <span class='ocrx_word' id='word_1_361' title='bbox 1823 2354 1924 2397; x_wconf 91' lang='lat' dir='ltr'>Non</span> <span class='ocrx_word' id='word_1_362' title='bbox 1947 2359 2020 2399; x_wconf 82' lang='lat' dir='ltr'>est</span> 
     </span>
     <span class='ocr_line' id='line_1_36' title="bbox 109 2412 2019 2471; baseline 0.004 -17"><span class='ocrx_word' id='word_1_363' title='bbox 109 2416 267 2456; x_wconf 86' lang='lat' dir='ltr'>autem</span> <span class='ocrx_word' id='word_1_364' title='bbox 300 2425 383 2469; x_wconf 89' lang='lat' dir='ltr'>per</span> <span class='ocrx_word' id='word_1_365' title='bbox 402 2413 759 2469; x_wconf 85' lang='lat' dir='ltr'>impressionem</span> <span class='ocrx_word' id='word_1_366' title='bbox 786 2413 1067 2457; x_wconf 86' lang='lat' dir='ltr'>characteris</span> <span class='ocrx_word' id='word_1_367' title='bbox 1085 2413 1380 2469; x_wconf 86' lang='lat' dir='ltr'>baptismalis</span> <span class='ocrx_word' id='word_1_368' title='bbox 1410 2412 1580 2471; x_wconf 86' lang='lat' dir='ltr'>aliquis</span> <span class='ocrx_word' id='word_1_369' title='bbox 1607 2413 1931 2469; x_wconf 85' lang='lat' dir='ltr'>disponendus</span> <span class='ocrx_word' id='word_1_370' title='bbox 1959 2416 2019 2461; x_wconf 83' lang='lat' dir='ltr'>ad</span> 
     </span>
     <span class='ocr_line' id='line_1_37' title="bbox 109 2472 2019 2532; baseline 0.003 -16"><span class='ocrx_word' id='word_1_371' title='bbox 109 2472 325 2530; x_wconf 77' lang='lat' dir='ltr'>gratiam,</span> <span class='ocrx_word' id='word_1_372' title='bbox 350 2474 574 2530; x_wconf 81' lang='lat' dir='ltr'>quamdiu</span> <span class='ocrx_word' id='word_1_373' title='bbox 597 2474 644 2517; x_wconf 90' lang='lat' dir='ltr'>in</span> <span class='ocrx_word' id='word_1_374' title='bbox 670 2486 726 2519; x_wconf 91' lang='lat' dir='ltr'>eo</span> <span class='ocrx_word' id='word_1_375' title='bbox 749 2479 940 2530; x_wconf 85' lang='lat' dir='ltr'>apparet</span> <span class='ocrx_word' id='word_1_376' title='bbox 955 2474 1171 2518; x_wconf 88' lang='lat' dir='ltr'>voluntas</span> <span class='ocrx_word' id='word_1_377' title='bbox 1194 2475 1439 2530; x_wconf 84' lang='lat' dir='ltr'>peccandi,</span> <span class='ocrx_word' id='word_1_378' title='bbox 1464 2475 1575 2532; x_wconf 91' lang='lat' dir='ltr'>quia</span> <span class='ocrx_word' id='word_1_379' title='bbox 1590 2492 1612 2513; x_wconf 74' lang='grc' dir='ltr'>ιι</span> <span class='ocrx_word' id='word_1_380' title='bbox 1635 2478 1756 2519; x_wconf 88' lang='lat' dir='ltr'>Deus</span> <span class='ocrx_word' id='word_1_381' title='bbox 1780 2475 2019 2521; x_wconf 88' lang='lat' dir='ltr'>neminem</span> 
     </span>
     <span class='ocr_line' id='line_1_38' title="bbox 109 2534 2014 2595; baseline 0.002 -16"><span class='ocrx_word' id='word_1_382' title='bbox 109 2534 169 2579; x_wconf 86' lang='lat' dir='ltr'>ad</span> <span class='ocrx_word' id='word_1_383' title='bbox 183 2534 403 2580; x_wconf 87' lang='lat' dir='ltr'>virtutem</span> <span class='ocrx_word' id='word_1_384' title='bbox 423 2534 676 2591; x_wconf 71' lang='lat' dir='ltr'>compellit,</span> <span class='ocrx_word' id='word_1_385' title='bbox 707 2553 727 2574; x_wconf 69' lang='grc' dir='ltr'>ι)</span> <span class='ocrx_word' id='word_1_386' title='bbox 755 2535 878 2580; x_wconf 90' lang='lat' dir='ltr'>sicut</span> <span class='ocrx_word' id='word_1_387' title='bbox 900 2538 1217 2580; x_wconf 86' lang='lat' dir='ltr'>Damascenus</span> <span class='ocrx_word' id='word_1_388' title='bbox 1241 2535 1353 2579; x_wconf 89' lang='lat' dir='ltr'>dicit</span> <span class='ocrx_word' id='word_1_389' title='bbox 1372 2538 1515 2591; x_wconf 76' lang='lat' dir='ltr'>(Orth.</span> <span class='ocrx_word' id='word_1_390' title='bbox 1535 2534 1615 2580; x_wconf 85' lang='lat' dir='ltr'>fid.</span> <span class='ocrx_word' id='word_1_391' title='bbox 1636 2535 1719 2580; x_wconf 87' lang='lat' dir='ltr'>lib.</span> <span class='ocrx_word' id='word_1_392' title='bbox 1740 2549 1786 2592; x_wconf 85' lang='lat'>11,</span> <span class='ocrx_word' id='word_1_393' title='bbox 1816 2548 1921 2595; x_wconf 86' lang='lat' dir='ltr'>cap.</span> <span class='ocrx_word' id='word_1_394' title='bbox 1943 2540 2014 2595; x_wconf 88' lang='lat'>30,</span> 
     </span>
     <span class='ocr_line' id='line_1_39' title="bbox 109 2595 365 2654; baseline 0.008 -14"><span class='ocrx_word' id='word_1_395' title='bbox 109 2595 159 2641; x_wconf 90' lang='lat' dir='ltr'>in</span> <span class='ocrx_word' id='word_1_396' title='bbox 178 2597 365 2654; x_wconf 63' lang='lat' dir='ltr'>princ).</span> 
     </span>
    </p>

    <p class='ocr_par' dir='ltr' id='par_1_8' title="bbox 164 2661 1960 2707">
     <span class='ocr_line' id='line_1_40' title="bbox 164 2661 1960 2707; baseline 0.002 -4"><span class='ocrx_word' id='word_1_397' title='bbox 164 2661 510 2705; x_wconf 83' lang='lat' dir='ltr'>ARTICULUS</span> <span class='ocrx_word' id='word_1_398' title='bbox 533 2661 595 2704; x_wconf 85' lang='lat' dir='ltr'>V.</span> <span class='ocrx_word' id='word_1_399' title='bbox 621 2683 679 2692; x_wconf 92' lang='lat'>-</span> <span class='ocrx_word' id='word_1_400' title='bbox 695 2672 836 2703; x_wconf 69' lang='lat' dir='ltr'>uranu</span> <span class='ocrx_word' id='word_1_401' title='bbox 869 2672 1174 2704; x_wconf 70' lang='lat' dir='ltr'>PECCA’roninus</span> <span class='ocrx_word' id='word_1_402' title='bbox 1203 2673 1436 2704; x_wconf 70' lang='lat' dir='ltr'>BAprle&#39;rls</span> <span class='ocrx_word' id='word_1_403' title='bbox 1466 2673 1558 2705; x_wconf 80' lang='lat' dir='ltr'>slm-</span> <span class='ocrx_word' id='word_1_404' title='bbox 1576 2673 1810 2705; x_wconf 61' lang='lat' dir='ltr'>amorinum</span> <span class='ocrx_word' id='word_1_405' title='bbox 1825 2675 1960 2707; x_wconf 67' lang='lat' dir='ltr'>oram</span> 
     </span>
    </p>

    <p class='ocr_par' dir='ltr' id='par_1_9' title="bbox 859 2724 1274 2776">
     <span class='ocr_line' id='line_1_41' title="bbox 859 2724 1274 2776; baseline 0.005 -12"><span class='ocrx_word' id='word_1_406' title='bbox 859 2734 1178 2765; x_wconf 62' lang='lat' dir='ltr'>suismc‘romix</span> <span class='ocrx_word' id='word_1_407' title='bbox 1197 2724 1274 2776; x_wconf 72' lang='lat'>(2).</span> 
     </span>
    </p>
   </div>
   <div class='ocr_carea' id='block_1_5' title="bbox 109 2787 2017 2931">
    <p class='ocr_par' dir='ltr' id='par_1_10' title="bbox 109 2787 2017 2931">
     <span class='ocr_line' id='line_1_42' title="bbox 109 2787 2017 2836; baseline 0.003 -13"><span class='ocrx_word' id='word_1_408' title='bbox 109 2789 160 2824; x_wconf 84' lang='lat' dir='ltr'>De</span> <span class='ocrx_word' id='word_1_409' title='bbox 175 2787 229 2824; x_wconf 86' lang='lat' dir='ltr'>his</span> <span class='ocrx_word' id='word_1_410' title='bbox 247 2789 348 2824; x_wconf 81' lang='lat' dir='ltr'>etiam</span> <span class='ocrx_word' id='word_1_411' title='bbox 360 2801 475 2831; x_wconf 81' lang='lat' dir='ltr'>supra,</span> <span class='ocrx_word' id='word_1_412' title='bbox 490 2793 606 2831; x_wconf 77' lang='lat' dir='ltr'>quaest.</span> <span class='ocrx_word' id='word_1_413' title='bbox 623 2798 718 2832; x_wconf 76' lang='lat' dir='ltr'>xux,</span> <span class='ocrx_word' id='word_1_414' title='bbox 734 2794 799 2824; x_wconf 80' lang='lat' dir='ltr'>art.</span> <span class='ocrx_word' id='word_1_415' title='bbox 812 2790 835 2825; x_wconf 80' lang='lat'>5</span> <span class='ocrx_word' id='word_1_416' title='bbox 850 2790 892 2824; x_wconf 82' lang='lat' dir='ltr'>ad</span> <span class='ocrx_word' id='word_1_417' title='bbox 907 2790 941 2831; x_wconf 83' lang='lat'>2,</span> <span class='ocrx_word' id='word_1_418' title='bbox 961 2794 995 2824; x_wconf 82' lang='lat' dir='ltr'>et</span> <span class='ocrx_word' id='word_1_419' title='bbox 1009 2790 1112 2829; x_wconf 79' lang='lat' dir='ltr'>infra.</span> <span class='ocrx_word' id='word_1_420' title='bbox 1130 2794 1197 2826; x_wconf 78' lang='lat' dir='ltr'>art.</span> <span class='ocrx_word' id='word_1_421' title='bbox 1210 2790 1232 2824; x_wconf 85' lang='grc'>6</span> <span class='ocrx_word' id='word_1_422' title='bbox 1246 2801 1341 2833; x_wconf 76' lang='lat' dir='ltr'>eorp-</span> <span class='ocrx_word' id='word_1_423' title='bbox 1359 2793 1394 2826; x_wconf 64' lang='grc' dir='ltr'>οἱ</span> <span class='ocrx_word' id='word_1_424' title='bbox 1409 2792 1507 2826; x_wconf 84' lang='lat' dir='ltr'>Sent.</span> <span class='ocrx_word' id='word_1_425' title='bbox 1526 2800 1568 2833; x_wconf 84' lang='lat'>11,</span> <span class='ocrx_word' id='word_1_426' title='bbox 1583 2790 1662 2826; x_wconf 82' lang='lat' dir='ltr'>dist.</span> <span class='ocrx_word' id='word_1_427' title='bbox 1675 2791 1712 2834; x_wconf 76' lang='lat'>6,</span> <span class='ocrx_word' id='word_1_428' title='bbox 1723 2795 1843 2833; x_wconf 68' lang='lat' dir='ltr'>quaest.</span> <span class='ocrx_word' id='word_1_429' title='bbox 1857 2801 1884 2833; x_wconf 75' lang='grc' dir='ltr'>Ι.</span> <span class='ocrx_word' id='word_1_430' title='bbox 1899 2796 1966 2829; x_wconf 78' lang='lat' dir='ltr'>nrt.</span> <span class='ocrx_word' id='word_1_431' title='bbox 1980 2793 2017 2836; x_wconf 64' lang='lat' dir='ltr'>l.</span> 
     </span>
     <span class='ocr_line' id='line_1_43' title="bbox 141 2838 2017 2886; baseline 0.003 -13"><span class='ocrx_word' id='word_1_432' title='bbox 141 2842 260 2879; x_wconf 62' lang='lat' dir='ltr'>quast.</span> <span class='ocrx_word' id='word_1_433' title='bbox 276 2847 288 2872; x_wconf 95' lang='lat'>1</span> <span class='ocrx_word' id='word_1_434' title='bbox 306 2850 399 2880; x_wconf 80' lang='lat' dir='ltr'>corp.</span> <span class='ocrx_word' id='word_1_435' title='bbox 417 2842 526 2879; x_wconf 78' lang='lat' dir='ltr'>etin,</span> <span class='ocrx_word' id='word_1_436' title='bbox 544 2838 622 2873; x_wconf 87' lang='lat' dir='ltr'>dist.</span> <span class='ocrx_word' id='word_1_437' title='bbox 643 2839 696 2879; x_wconf 71' lang='lat'>49,</span> <span class='ocrx_word' id='word_1_438' title='bbox 713 2843 779 2874; x_wconf 80' lang='lat' dir='ltr'>art.</span> <span class='ocrx_word' id='word_1_439' title='bbox 799 2839 833 2881; x_wconf 86' lang='lat'>5,</span> <span class='ocrx_word' id='word_1_440' title='bbox 852 2842 970 2880; x_wconf 80' lang='lat' dir='ltr'>quaest.</span> <span class='ocrx_word' id='word_1_441' title='bbox 988 2847 1014 2874; x_wconf 91' lang='lat'>11</span> <span class='ocrx_word' id='word_1_442' title='bbox 1035 2839 1076 2873; x_wconf 86' lang='lat' dir='ltr'>ad</span> <span class='ocrx_word' id='word_1_443' title='bbox 1095 2839 1128 2882; x_wconf 76' lang='grc'>1,</span> <span class='ocrx_word' id='word_1_444' title='bbox 1148 2843 1182 2875; x_wconf 83' lang='lat' dir='ltr'>et</span> <span class='ocrx_word' id='word_1_445' title='bbox 1203 2847 1254 2881; x_wconf 73' lang='grc' dir='ltr'>ιν.</span> <span class='ocrx_word' id='word_1_446' title='bbox 1271 2839 1353 2875; x_wconf 80' lang='lat' dir='ltr'>dist.</span> <span class='ocrx_word' id='word_1_447' title='bbox 1367 2840 1401 2881; x_wconf 80' lang='lat'>6,</span> <span class='ocrx_word' id='word_1_448' title='bbox 1421 2844 1538 2882; x_wconf 76' lang='lat' dir='ltr'>quaest.</span> <span class='ocrx_word' id='word_1_449' title='bbox 1558 2848 1592 2881; x_wconf 89' lang='lat'>1,</span> <span class='ocrx_word' id='word_1_450' title='bbox 1607 2840 1707 2875; x_wconf 67' lang='grc' dir='ltr'>ιιι-Μ</span> <span class='ocrx_word' id='word_1_451' title='bbox 1728 2867 1739 2883; x_wconf 90' lang='grc'><em>,</em></span> <span class='ocrx_word' id='word_1_452' title='bbox 1756 2844 1874 2883; x_wconf 78' lang='lat' dir='ltr'>quaest.</span> <span class='ocrx_word' id='word_1_453' title='bbox 1891 2850 1905 2877; x_wconf 85' lang='grc' dir='ltr'>ι</span> <span class='ocrx_word' id='word_1_454' title='bbox 1919 2853 2017 2886; x_wconf 71' lang='lat' dir='ltr'>corp.</span> 
     </span>
     <span class='ocr_line' id='line_1_44' title="bbox 150 2886 1095 2931; baseline 0.002 -11"><span class='ocrx_word' id='word_1_455' title='bbox 150 2887 298 2928; x_wconf 76' lang='lat' dir='ltr'>etCont.</span> <span class='ocrx_word' id='word_1_456' title='bbox 314 2891 408 2927; x_wconf 82' lang='lat' dir='ltr'>gent.</span> <span class='ocrx_word' id='word_1_457' title='bbox 430 2886 488 2921; x_wconf 87' lang='lat' dir='ltr'>lib.</span> <span class='ocrx_word' id='word_1_458' title='bbox 506 2896 553 2931; x_wconf 79' lang='lat' dir='ltr'>w,</span> <span class='ocrx_word' id='word_1_459' title='bbox 572 2898 645 2929; x_wconf 82' lang='lat' dir='ltr'>cap.</span> <span class='ocrx_word' id='word_1_460' title='bbox 661 2888 716 2929; x_wconf 78' lang='lat'>58,</span> <span class='ocrx_word' id='word_1_461' title='bbox 733 2891 767 2923; x_wconf 84' lang='lat' dir='ltr'>et</span> <span class='ocrx_word' id='word_1_462' title='bbox 782 2888 879 2921; x_wconf 82' lang='lat' dir='ltr'>Rom.</span> <span class='ocrx_word' id='word_1_463' title='bbox 900 2895 948 2929; x_wconf 73' lang='lat' dir='ltr'>xl,</span> <span class='ocrx_word' id='word_1_464' title='bbox 968 2886 1045 2921; x_wconf 84' lang='lat' dir='ltr'>lect.</span> <span class='ocrx_word' id='word_1_465' title='bbox 1062 2888 1095 2922; x_wconf 64' lang='lat'>4.</span> 
     </span>
    </p>
   </div>
   <div class='ocr_carea' id='block_1_6' title="bbox 108 2947 2061 3131">
    <p class='ocr_par' dir='ltr' id='par_1_11' title="bbox 108 2947 2061 3131">
     <span class='ocr_line' id='line_1_45' title="bbox 163 2947 2015 3006; baseline 0.003 -14"><span class='ocrx_word' id='word_1_466' title='bbox 163 2947 230 2992; x_wconf 87' lang='lat' dir='ltr'>Ad</span> <span class='ocrx_word' id='word_1_467' title='bbox 246 2947 464 3005; x_wconf 86' lang='lat' dir='ltr'>quintum</span> <span class='ocrx_word' id='word_1_468' title='bbox 484 2948 552 2992; x_wconf 91' lang='lat' dir='ltr'>sic</span> <span class='ocrx_word' id='word_1_469' title='bbox 579 2948 863 3005; x_wconf 90' lang='lat' dir='ltr'>proceditur.</span> <span class='ocrx_word' id='word_1_470' title='bbox 885 2952 926 2993; x_wconf 88' lang='lat'>1.</span> <span class='ocrx_word' id='word_1_471' title='bbox 953 2948 1143 2993; x_wconf 87' lang='lat' dir='ltr'>Videtur</span> <span class='ocrx_word' id='word_1_472' title='bbox 1165 2949 1292 3006; x_wconf 81' lang='lat' dir='ltr'>quod</span> <span class='ocrx_word' id='word_1_473' title='bbox 1311 2949 1637 3006; x_wconf 85' lang='lat' dir='ltr'>peccatoribus</span> <span class='ocrx_word' id='word_1_474' title='bbox 1651 2949 1898 3006; x_wconf 86' lang='lat' dir='ltr'>baptizatis</span> <span class='ocrx_word' id='word_1_475' title='bbox 1922 2951 2015 2997; x_wconf 87' lang='lat' dir='ltr'>sint</span> 
     </span>
     <span class='ocr_line' id='line_1_46' title="bbox 108 3009 2016 3067; baseline 0.002 -13"><span class='ocrx_word' id='word_1_476' title='bbox 108 3022 251 3067; x_wconf 86' lang='lat' dir='ltr'>opera</span> <span class='ocrx_word' id='word_1_477' title='bbox 270 3009 579 3054; x_wconf 82' lang='lat' dir='ltr'>satisfactoria</span> <span class='ocrx_word' id='word_1_478' title='bbox 595 3010 892 3066; x_wconf 86' lang='lat' dir='ltr'>imponenda.</span> <span class='ocrx_word' id='word_1_479' title='bbox 906 3013 1000 3055; x_wconf 86' lang='lat' dir='ltr'>Hoc</span> <span class='ocrx_word' id='word_1_480' title='bbox 1012 3011 1137 3054; x_wconf 86' lang='lat' dir='ltr'>enim</span> <span class='ocrx_word' id='word_1_481' title='bbox 1156 3011 1214 3056; x_wconf 88' lang='lat' dir='ltr'>ad</span> <span class='ocrx_word' id='word_1_482' title='bbox 1233 3011 1466 3067; x_wconf 63' lang='lat' dir='ltr'>,iustitiam</span> <span class='ocrx_word' id='word_1_483' title='bbox 1480 3011 1558 3055; x_wconf 89' lang='lat' dir='ltr'>Dei</span> <span class='ocrx_word' id='word_1_484' title='bbox 1583 3011 1817 3067; x_wconf 84' lang='lat' dir='ltr'>pertinere</span> <span class='ocrx_word' id='word_1_485' title='bbox 1831 3011 2016 3057; x_wconf 88' lang='lat' dir='ltr'>videtur</span> 
     </span>
     <span class='ocr_line' id='line_1_47' title="bbox 108 3072 2061 3131; baseline 0.001 -13"><span class='ocrx_word' id='word_1_486' title='bbox 108 3076 162 3118; x_wconf 92' lang='lat' dir='ltr'>ut</span> <span class='ocrx_word' id='word_1_487' title='bbox 179 3084 264 3129; x_wconf 92' lang='lat' dir='ltr'>pro</span> <span class='ocrx_word' id='word_1_488' title='bbox 281 3072 488 3128; x_wconf 81' lang='lat' dir='ltr'>quolibet</span> <span class='ocrx_word' id='word_1_489' title='bbox 507 3078 698 3129; x_wconf 86' lang='lat' dir='ltr'>peccato</span> <span class='ocrx_word' id='word_1_490' title='bbox 730 3073 900 3130; x_wconf 88' lang='lat' dir='ltr'>aliquis</span> <span class='ocrx_word' id='word_1_491' title='bbox 932 3073 1172 3131; x_wconf 83' lang='lat' dir='ltr'>puniatur,</span> <span class='ocrx_word' id='word_1_492' title='bbox 1190 3074 1453 3119; x_wconf 80' lang='lat' dir='ltr'>secundum</span> <span class='ocrx_word' id='word_1_493' title='bbox 1473 3073 1587 3118; x_wconf 90' lang='lat' dir='ltr'>illud</span> <span class='ocrx_word' id='word_1_494' title='bbox 1606 3073 1771 3128; x_wconf 88' lang='lat' dir='ltr'>(Eccle.</span> <span class='ocrx_word' id='word_1_495' title='bbox 1797 3073 1883 3118; x_wconf 88' lang='lat' dir='ltr'>ult.</span> <span class='ocrx_word' id='word_1_496' title='bbox 1902 3078 1973 3130; x_wconf 76' lang='lat'>14)</span> <span class='ocrx_word' id='word_1_497' title='bbox 1996 3089 2009 3120; x_wconf 78' lang='grc' dir='ltr'><strong><em>ε</em></strong></span> <span class='ocrx_word' id='word_1_498' title='bbox 2059 3079 2061 3082; x_wconf 85' lang='grc'><strong>’</strong></span> 
     </span>
    </p>
   </div>
   <div class='ocr_carea' id='block_1_7' title="bbox 107 3181 2016 3369">
    <p class='ocr_par' dir='ltr' id='par_1_12' title="bbox 107 3181 2016 3369">
     <span class='ocr_line' id='line_1_48' title="bbox 149 3181 2015 3226; baseline 0.001 -9"><span class='ocrx_word' id='word_1_499' title='bbox 149 3182 194 3224; x_wconf 69' lang='lat' dir='ltr'>(l)</span> <span class='ocrx_word' id='word_1_500' title='bbox 207 3181 411 3217; x_wconf 82' lang='lat' dir='ltr'>Poenitentia</span> <span class='ocrx_word' id='word_1_501' title='bbox 427 3187 505 3217; x_wconf 87' lang='lat' dir='ltr'>ante</span> <span class='ocrx_word' id='word_1_502' title='bbox 521 3182 728 3223; x_wconf 79' lang='lat' dir='ltr'>baptismum</span> <span class='ocrx_word' id='word_1_503' title='bbox 743 3184 905 3225; x_wconf 74' lang='lat' dir='ltr'>requisita</span> <span class='ocrx_word' id='word_1_504' title='bbox 918 3183 1019 3219; x_wconf 82' lang='lat' dir='ltr'>debet</span> <span class='ocrx_word' id='word_1_505' title='bbox 1145 3183 1189 3221; x_wconf 73' lang='grc'>(2)</span> <span class='ocrx_word' id='word_1_506' title='bbox 1209 3184 1317 3224; x_wconf 80' lang='lat' dir='ltr'>Hujus</span> <span class='ocrx_word' id='word_1_507' title='bbox 1338 3183 1540 3218; x_wconf 78' lang='lat' dir='ltr'>sacramenti</span> <span class='ocrx_word' id='word_1_508' title='bbox 1570 3183 1729 3226; x_wconf 81' lang='lat' dir='ltr'>effectus,</span> <span class='ocrx_word' id='word_1_509' title='bbox 1757 3183 1806 3218; x_wconf 75' lang='lat' dir='ltr'>ait</span> <span class='ocrx_word' id='word_1_510' title='bbox 1827 3183 2015 3219; x_wconf 77' lang='lat' dir='ltr'>concilium-</span> 
     </span>
     <span class='ocr_line' id='line_1_49' title="bbox 107 3230 2014 3275; baseline 0.001 -10"><span class='ocrx_word' id='word_1_511' title='bbox 107 3242 177 3266; x_wconf 83' lang='lat' dir='ltr'>esse</span> <span class='ocrx_word' id='word_1_512' title='bbox 204 3241 284 3264; x_wconf 85' lang='lat' dir='ltr'>vera</span> <span class='ocrx_word' id='word_1_513' title='bbox 316 3230 493 3273; x_wconf 83' lang='lat' dir='ltr'>contritio,</span> <span class='ocrx_word' id='word_1_514' title='bbox 527 3232 645 3266; x_wconf 79' lang='lat' dir='ltr'>saltem</span> <span class='ocrx_word' id='word_1_515' title='bbox 678 3231 889 3273; x_wconf 69' lang='lat' dir='ltr'>imperfecta.</span> <span class='ocrx_word' id='word_1_516' title='bbox 921 3232 1019 3273; x_wconf 81' lang='lat' dir='ltr'>Quod</span> <span class='ocrx_word' id='word_1_517' title='bbox 1104 3231 1414 3275; x_wconf 79' lang='lat' dir='ltr'>Florentinuxn,est</span> <span class='ocrx_word' id='word_1_518' title='bbox 1428 3232 1581 3267; x_wconf 84' lang='lat' dir='ltr'>remissio</span> <span class='ocrx_word' id='word_1_519' title='bbox 1597 3232 1708 3266; x_wconf 83' lang='lat' dir='ltr'>omnis</span> <span class='ocrx_word' id='word_1_520' title='bbox 1723 3232 2014 3273; x_wconf 74' lang='lat' dir='ltr'>culpaeoriginalis</span> 
     </span>
     <span class='ocr_line' id='line_1_50' title="bbox 107 3277 2016 3323; baseline 0.001 -10"><span class='ocrx_word' id='word_1_521' title='bbox 107 3277 305 3314; x_wconf 71' lang='lat' dir='ltr'>confirmari</span> <span class='ocrx_word' id='word_1_522' title='bbox 328 3283 450 3319; x_wconf 83' lang='lat' dir='ltr'>potest,</span> <span class='ocrx_word' id='word_1_523' title='bbox 473 3279 520 3313; x_wconf 82' lang='lat' dir='ltr'>ait</span> <span class='ocrx_word' id='word_1_524' title='bbox 542 3279 687 3319; x_wconf 77' lang='lat' dir='ltr'>Sylvius,</span> <span class='ocrx_word' id='word_1_525' title='bbox 714 3292 753 3314; x_wconf 84' lang='lat' dir='ltr'>ex</span> <span class='ocrx_word' id='word_1_526' title='bbox 777 3280 899 3315; x_wconf 80' lang='lat' dir='ltr'>concil.</span> <span class='ocrx_word' id='word_1_527' title='bbox 919 3280 1017 3315; x_wconf 79' lang='lat' dir='ltr'>Trid.</span> <span class='ocrx_word' id='word_1_528' title='bbox 1104 3285 1139 3315; x_wconf 84' lang='lat' dir='ltr'>et</span> <span class='ocrx_word' id='word_1_529' title='bbox 1161 3281 1321 3323; x_wconf 76' lang='lat' dir='ltr'>actualis3</span> <span class='ocrx_word' id='word_1_530' title='bbox 1347 3281 1459 3315; x_wconf 87' lang='lat' dir='ltr'>omnis</span> <span class='ocrx_word' id='word_1_531' title='bbox 1482 3292 1617 3322; x_wconf 86' lang='lat' dir='ltr'>quoque</span> <span class='ocrx_word' id='word_1_532' title='bbox 1641 3291 1737 3320; x_wconf 85' lang='lat' dir='ltr'>poena</span> <span class='ocrx_word' id='word_1_533' title='bbox 1760 3292 1833 3320; x_wconf 78' lang='lat' dir='ltr'>quae</span> <span class='ocrx_word' id='word_1_534' title='bbox 1855 3292 1917 3322; x_wconf 86' lang='lat' dir='ltr'>pro</span> <span class='ocrx_word' id='word_1_535' title='bbox 1943 3280 2016 3321; x_wconf 67' lang='lat' dir='ltr'>ipsa</span> 
     </span>
     <span class='ocr_line' id='line_1_51' title="bbox 108 3326 2012 3369; baseline 0.001 -8"><span class='ocrx_word' id='word_1_536' title='bbox 108 3329 197 3368; x_wconf 82' lang='lat' dir='ltr'>(sess.</span> <span class='ocrx_word' id='word_1_537' title='bbox 216 3335 288 3368; x_wconf 82' lang='lat' dir='ltr'>xlv,</span> <span class='ocrx_word' id='word_1_538' title='bbox 308 3338 340 3362; x_wconf 81' lang='lat' dir='ltr'>c.</span> <span class='ocrx_word' id='word_1_539' title='bbox 365 3327 410 3368; x_wconf 62' lang='lat' dir='ltr'>k),</span> <span class='ocrx_word' id='word_1_540' title='bbox 445 3327 503 3361; x_wconf 81' lang='lat' dir='ltr'>ubi</span> <span class='ocrx_word' id='word_1_541' title='bbox 533 3326 633 3361; x_wconf 66' lang='lat' dir='ltr'>allata</span> <span class='ocrx_word' id='word_1_542' title='bbox 656 3328 876 3363; x_wconf 81' lang='lat' dir='ltr'>contritionis</span> <span class='ocrx_word' id='word_1_543' title='bbox 896 3328 1018 3363; x_wconf 83' lang='lat' dir='ltr'>defini·</span> <span class='ocrx_word' id='word_1_544' title='bbox 1106 3329 1203 3368; x_wconf 80' lang='lat' dir='ltr'>culpa</span> <span class='ocrx_word' id='word_1_545' title='bbox 1225 3329 1381 3362; x_wconf 80' lang='lat' dir='ltr'>debetur.</span> <span class='ocrx_word' id='word_1_546' title='bbox 1410 3330 1598 3369; x_wconf 80' lang='lat' dir='ltr'>Propterea</span> <span class='ocrx_word' id='word_1_547' title='bbox 1627 3329 1805 3368; x_wconf 80' lang='lat' dir='ltr'>baptizatis</span> <span class='ocrx_word' id='word_1_548' title='bbox 1834 3327 1927 3362; x_wconf 78' lang='lat' dir='ltr'>nulla</span> <span class='ocrx_word' id='word_1_549' title='bbox 1949 3340 2012 3369; x_wconf 79' lang='lat' dir='ltr'>pro</span> 
     </span>
    </p>
   </div>
   <div class='ocr_carea' id='block_1_8' title="bbox 107 3374 1959 3508">
    <p class='ocr_par' dir='ltr' id='par_1_13' title="bbox 107 3374 1959 3508">
     <span class='ocr_line' id='line_1_52' title="bbox 107 3374 1959 3422; baseline 0.001 -13"><span class='ocrx_word' id='word_1_550' title='bbox 107 3374 201 3409; x_wconf 85' lang='lat' dir='ltr'>tione</span> <span class='ocrx_word' id='word_1_551' title='bbox 217 3374 300 3409; x_wconf 80' lang='lat' dir='ltr'>dicit</span> <span class='ocrx_word' id='word_1_552' title='bbox 320 3388 329 3409; x_wconf 75' lang='grc' dir='ltr'><em>ε</em></span> <span class='ocrx_word' id='word_1_553' title='bbox 354 3375 446 3422; x_wconf 65' lang='lat' dir='ltr'>Ruit</span> <span class='ocrx_word' id='word_1_554' title='bbox 473 3379 597 3408; x_wconf 75' lang='lat' dir='ltr'>autem</span> <span class='ocrx_word' id='word_1_555' title='bbox 620 3378 745 3418; x_wconf 80' lang='lat' dir='ltr'>quovis</span> <span class='ocrx_word' id='word_1_556' title='bbox 767 3381 948 3420; x_wconf 79' lang='lat' dir='ltr'>tempore,</span> <span class='ocrx_word' id='word_1_557' title='bbox 969 3378 1018 3412; x_wconf 84' lang='lat' dir='ltr'>ad</span> <span class='ocrx_word' id='word_1_558' title='bbox 1104 3377 1252 3417; x_wconf 73' lang='lat' dir='ltr'>peccatis</span> <span class='ocrx_word' id='word_1_559' title='bbox 1271 3378 1454 3417; x_wconf 67' lang='lat' dir='ltr'>praeteritis</span> <span class='ocrx_word' id='word_1_560' title='bbox 1470 3376 1680 3417; x_wconf 79' lang='lat' dir='ltr'>injungenda</span> <span class='ocrx_word' id='word_1_561' title='bbox 1695 3383 1744 3410; x_wconf 82' lang='lat' dir='ltr'>est</span> <span class='ocrx_word' id='word_1_562' title='bbox 1758 3375 1959 3411; x_wconf 77' lang='lat' dir='ltr'>satisfactio.</span> 
     </span>
     <span class='ocr_line' id='line_1_53' title="bbox 109 3423 1017 3466; baseline 0.003 -9"><span class='ocrx_word' id='word_1_563' title='bbox 109 3423 379 3465; x_wconf 76' lang='lat' dir='ltr'>impetrandam</span> <span class='ocrx_word' id='word_1_564' title='bbox 407 3424 554 3458; x_wconf 71' lang='lat' dir='ltr'>veniam</span> <span class='ocrx_word' id='word_1_565' title='bbox 584 3429 817 3466; x_wconf 69' lang='lat' dir='ltr'>peccatorum</span> <span class='ocrx_word' id='word_1_566' title='bbox 844 3426 901 3460; x_wconf 76' lang='lat' dir='ltr'>hic</span> <span class='ocrx_word' id='word_1_567' title='bbox 935 3436 1017 3460; x_wconf 84' lang='lat' dir='ltr'>con·</span> 
     </span>
     <span class='ocr_line' id='line_1_54' title="bbox 108 3471 678 3508; baseline 0.004 -2"><span class='ocrx_word' id='word_1_568' title='bbox 108 3471 276 3506; x_wconf 62' lang='lat' dir='ltr'>trasonis</span> <span class='ocrx_word' id='word_1_569' title='bbox 289 3475 408 3506; x_wconf 74' lang='lat' dir='ltr'>molas</span> <span class='ocrx_word' id='word_1_570' title='bbox 431 3474 678 3508; x_wconf 71' lang='lat' dir='ltr'>necessarius.</span> 
     </span>
    </p>
   </div>
   <div class='ocr_carea' id='block_1_9' title="bbox 2072 0 2170 862">
    <p class='ocr_par' dir='ltr' id='par_1_14' title="bbox 2072 0 2170 862">
     <span class='ocr_line' id='line_1_55' title="bbox 2072 0 2170 862; baseline 0 0"><span class='ocrx_word' id='word_1_571' title='bbox 2072 0 2170 862; x_wconf 95' lang='lat' dir='ltr'> </span> 
     </span>
    </p>
   </div>
  </div>
 </body>
</html>
