2170 3808
673 237 872 289 QUAEST.
908 236 1012 287 XXI,
1044 233 1161 276 ART.
1190 231 1208 272 Ι
1237 231 1300 272 ΕΤ
1327 230 1380 273 11.
1887 227 1969 270 189

100 322 194 367 iam
210 325 392 366 motus:
416 324 462 365 et
479 320 567 364 hoc
581 317 719 363 modo
735 315 996 359 intellectus
1014 310 1177 356 Christi
1192 321 1376 365 semper
1389 306 1599 352 ascendit
1616 307 1664 350 in
1683 309 1844 361 Deum,
1861 304 1969 358 quia

100 395 272 439 {emper
288 381 622 437 contemplatur
641 379 792 434 ipsum
817 381 867 419 ut
894 386 1035 430 supra
1053 385 1104 417 se
1125 371 1402 415 existentem
1421 372 1497 423 (1).

174 444 512 489 ARTICULUS
550 444 608 485 11.
640 463 696 471 —-
725 450 861 481 uranu
891 448 1066 480 cumsro
1096 445 1326 477 commum·
1362 444 1497 475 olunt:
1539 443 1749 474 sacuunmu
1789 440 1894 472 sum

159 504 162 507 ’
802 508 1129 542 εεΝευΑιιτΑτεΜ
1175 494 1247 547 (9.).

92 575 137 609 ne
164 574 218 608 his
234 572 337 608 etiam
349 572 452 611 infra,
473 573 538 604 nrt.
553 569 575 603 4
591 579 686 610 corp.
700 570 736 602 et
762 566 805 601 ad
818 566 1094 648 AE’Zosentbm'
1115 561 1195 595 dist.
1213 561 1268 600 Π,
1293 564 1360 595 art.
1377 560 1412 601 5,
1428 565 1545 601 quoest.
1567 568 1623 600 ιιι,
1648 563 1683 592 et
1701 559 1824 599 opusc.
1839 565 1879 597 11.
1894 567 1968 597 cap.

923 640 930 652 ,
948 617 983 647 et
1035 622 1125 652 pusc.
1141 618 1204 645 vn.

142 675 207 720 Ad
242 672 500 719 secundum
532 670 600 716 sic
630 668 910 727 proceditur.
934 670 977 711 1.
1000 665 1187 709 Videtur
1208 662 1333 719 quod
1352 661 1530 706 Christo
1561 660 1808 705 conveniat
1834 671 1968 704 orare

89 735 342 780 secundum
372 744 503 777 suam
533 730 898 775 sensualitatem.
934 726 1106 772 Dicitur
1127 725 1252 768 enim
1270 723 1404 778 (Psal.
1424 735 1599 775 mxxxiii,
1619 724 1665 776 3)
1691 734 1748 766 ex
1767 732 1967 777 persona

74 797 249 842 “Christi
268 812 278 840 z
304 798 394 840 Cor
411 806 558 837 meum
572 796 615 836 et
631 806 739 836 caro
757 803 855 834 mea
879 790 1196 832 eoeultaverwzt
1213 789 1261 829 in
1282 789 1425 828 Deum
1446 787 1611 827 vivum.
1635 783 1721 827 Sed
1743 782 1968 827 sensuali·

78 862 159 904 ,tas
181 858 344 902 dicitur
365 855 595 912 appetitus
615 853 783 898 carnis.
813 855 931 908 Ergo
963 849 1242 895 sensualitas
1263 846 1428 892 Christi
1449 845 1600 903 potuit
1629 845 1881 903 ascendere
1915 844 1964 888 in

0 914 5 925 ''
86 921 229 964 Deum
245 918 397 962 vivum
414 915 682 971 exultando,
704 920 750 958 et
770 914 866 970 pari
888 913 1026 957 modo
1044 909 1238 955 orando.

142 984 185 1025 2.
205 983 439 1034 Praeterea‚
460 978 563 1034 eJus
580 976 763 1020 videtur
786 986 890 1019 esse
908 985 1055 1028 orare,
1079 972 1215 1028 qu'us
1233 974 1304 1018 est
1328 969 1590 1014 desiderare
1611 967 1727 1011 illud
1745 966 1870 1024 quod
1884 979 1960 1023 pe-

88 1042 212 1086 titur.
237 1040 322 1085 Sed
350 1039 557 1084 Christus
578 1037 738 1095 petivit
764 1036 938 1093 aliquid
956 1035 1080 1091 quod
1112 1031 1388 1078 desideravit
1405 1031 1509 1088 eJus
1530 1029 1824 1084 sensualitas,
1857 1032 1965 1072 cum

87 1104 225 1149 dixit:
255 1105 475 1146 Transeat
498 1103 528 1143 ὰ
549 1113 619 1143 me
638 1100 764 1143 calix
781 1101 880 1153 iste,
911 1096 1032 1142 sicut
1059 1095 1226 1140 dicitur
1247 1093 1414 1149 (Matth.
1446 1105 1558 1147 xxvi,
1581 1093 1670 1145 39).
1709 1093 1826 1147 Ergo
1853 1103 1966 1135 sen-

87 1166 276 1209 sualitas
297 1163 460 1207 Christi
479 1161 641 1206 oravit.

140 1227 183 1269 3.
208 1228 442 1279 Praeterea,
466 1222 615 1279 magis
633 1225 703 1265 est
722 1219 843 1265 uniri
863 1222 955 1263 Deo
990 1218 1035 1262 in
1067 1229 1267 1275 persona
1296 1215 1438 1272 quam
1470 1214 1722 1259 ascendere
1743 1213 1791 1258 in
1820 1217 1966 1258 Deum

86 1299 169 1343 per
180 1286 450 1330 orationem.
469 1285 554 1329 Sed
570 1282 847 1328 sensualitas
861 1281 948 1324 fuit
961 1284 1197 1335 assumpta
1209 1279 1235 1321 a
1245 1281 1335 1322 Deo
1348 1277 1393 1320 in
1407 1276 1633 1321 unitatem
1652 1288 1878 1332 personae,
1903 1275 1966 1319 si-

85 1353 166 1392 cut
189 1353 235 1391 et
258 1347 480 1403 quaelibet»
491 1358 599 1402 pars
616 1345 832 1389 humanae
850 1347 1045 1386 naturae.
1066 1343 1182 1397 Ergo
1198 1339 1346 1384 multo
1368 1338 1519 1394 magis
1539 1337 1690 1394 potuit
1712 1337 1967 1382 ascendere

85 1408 134 1453 in
151 1412 292 1453 Deum
313 1408 502 1452 orando.

140 1469 226 1514 Sed
243 1472 400 1512 contra
415 1474 485 1513 est
500 1467 624 1524 quod
638 1466 805 1512 dicitur
820 1464 1029 1521 (Philipp.
1054 1465 1118 1520 u),
1143 1462 1267 1519 quod
1284 1462 1425 1506 Filius
1444 1461 1524 1505 Dei
1547 1461 1807 1505 secundum
1827 1464 1968 1504 natu-

86 1543 184 1574 ram
203 1543 343 1588 quam
368 1529 636 1586 assumpsit,
653 1531 702 1571 in
721 1527 1066 1570 similitudinem
1089 1528 1318 1569 hominum
1336 1527 1487 1577 sactus
1506 1526 1586 1568 est.
1609 1522 1695 1567 Sed
1721 1522 1796 1566 alii
1817 1523 1968 1566 homi-

87 1605 172 1637 nes
193 1605 286 1636 non
311 1598 445 1635 orant
477 1590 734 1636 secundum
769 1588 1130 1634 sensualitatem.
1152 1589 1271 1643 Ergo
1292 1599 1380 1630 nec
1401 1583 1608 1630 Christus
1636 1585 1786 1628 oravit
1806 1596 1971 1630 secun-

87 1653 197 1698 dum
220 1653 582 1698 sensualitatem.
1022 1694 1024 1696 ,

136 1720 423 1760 CONCLUSIO.
447 1742 495 1749 —
515 1720 619 1760 Csim
645 1720 774 1758 oratio
798 1718 853 1757 sit
878 1717 1049 1757 rationis
1070 1721 1186 1757 actus
1206 1720 1246 1756 et
1267 1717 1419 1756 mentis
1441 1714 1487 1755 in
1511 1716 1643 1755 Deum
1668 1713 1858 1763 elevatio,
1881 1725 1966 1754 non

87 1776 276 1814 convenit
293 1774 450 1814 Christo
471 1773 695 1813 secundum
715 1771 1021 1812 sensualitatem
1038 1783 1165 1820 orare,
1187 1771 1271 1811 nisi
1288 1769 1494 1822 quatenus
1522 1771 1611 1821 ejus
1630 1770 1777 1818 oratio,
1797 1779 1967 1808 sensua-

87 1828 217 1869 litatis
236 1828 439 1877 affectum,
455 1831 653 1879 tanquam
675 1827 868 1868 advocata
883 1827 970 1879 ejus
984 1827 1189 1878 exprimit.

142 1890 410 1946 Respondeo
429 1889 673 1935 dicendum
689 1889 813 1946 quod
825 1902 957 1934 orare
974 1889 1230 1934 secundum
1242 1888 1587 1933 sensualitatem
1603 1891 1756 1944 potest
1775 1887 1966 1943 intelligi

85 1950 342 2007 dupliciter.
359 1952 458 1994 Uno
471 1950 608 1995 modo
623 1950 690 1994 sic
703 1949 826 2006 quod
838 1950 938 2006 ipsa
950 1950 1094 1994 oratio
1105 1950 1164 1994 sit
1176 1954 1308 1994 actus
1319 1948 1634 1994 sensualitatis
1646 1963 1657 1990 ε
1675 1953 1721 1992 et
1731 1949 1818 1992 hoc
1830 1949 1967 1992 modo

85 2013 290 2057 Christus
308 2013 563 2057 secundum
579 2013 922 2057 sensualitatem
940 2025 1031 2056 non
1045 2012 1212 2056 oravit:
1229 2012 1337 2068 quia
1352 2011 1454 2068 ejus
1465 2010 1743 2055 sensualitas
1758 2010 1967 2066 eJusdem

84 2079 263 2118 naturae
284 2081 330 2118 et
349 2074 516 2130 speciei
535 2073 621 2117 fuit
642 2074 688 2117 in
707 2074 884 2118 Christo
900 2079 946 2117 et
966 2074 1013 2117 in
1028 2072 1385 2117 nobis.1nnobis
1400 2076 1555 2116 autem
1574 2083 1669 2115 non
1690 2077 1842 2127 potest
1859 2083 1967 2115 sen-

84 2134 274 2179 sualitas
296 2147 444 2189 orare,
467 2134 638 2190 duplici
654 2136 846 2180 ratione.
864 2135 1014 2179 Primo
1026 2134 1229 2191 quidem,
1247 2134 1356 2190 quia
1369 2139 1524 2178 motus
1540 2132 1855 2178 sensualitatis
1871 2145 1965 2176 non

84 2200 234 2252 potest
253 2196 485 2241 sensibilia
497 2197 844 2240 transcendere:
862 2204 908 2240 et
920 2196 1022 2241 ideo
1034 2209 1124 2240 non
1149 2201 1300 2252 potest
1322 2197 1369 2240 in
1382 2199 1526 2240 Deum
1548 2195 1816 2250 ascendere,
1839 2195 1966 2250 quod

84 2257 335 2313 requiritur
349 2258 407 2302 ad
421 2257 688 2301 orationem.
703 2258 929 2313 Secundo,
939 2259 1047 2314 quia
1059 2259 1206 2302 oratio
1216 2258 1434 2314 importat
1456 2256 1705 2314 quamdam
1721 2256 1966 2300 ordinatio-

86 2330 193 2363 nem
211 2333 222 2363 :
242 2324 375 2375 prout
392 2319 566 2363 scilicet
585 2318 751 2375 aliquis
766 2319 996 2363 desiderat
1014 2319 1186 2376 aliquid
1196 2319 1330 2376 quasi
1345 2319 1370 2362 a
1385 2322 1477 2364 Deo
1492 2318 1780 2375 implendum
1794 2330 1806 2361 ε
1819 2323 1866 2362 et
1878 2318 1965 2363 hoc

85 2383 154 2423 est
168 2379 311 2423 solius
322 2379 527 2423 rationis.
537 2403 590 2410 -
603 2379 732 2424 Unde
743 2380 889 2424 oratio
904 2385 973 2424 est
989 2385 1119 2424 actus
1136 2379 1343 2435 rationis,
1352 2379 1463 2423 utin
1480 2379 1685 2424 secunda
1696 2383 1826 2436 parte
1839 2379 1965 2423 hahi-

85 2445 180 2484 tum
198 2445 267 2485 est
284 2443 326 2494 (2
344 2444 387 2496 2,
401 2445 563 2497 quaest.
585 2455 753 2497 Lxxxm,
773 2446 857 2486 art.
876 2445 936 2496 1).
957 2442 1118 2486 -Alio
1135 2431 1274 2487 modo
1292 2445 1443 2498 potest
1457 2441 1546 2486 dici
1568 2441 1736 2497 aliquis
1750 2453 1882 2485 orare
1897 2454 1965 2486 se—

83 2501 286 2546 cundum
302 2502 646 2547 sensualitatem
665 2518 676 2546 :
701 2503 810 2559 quia
833 2504 1009 2548 scilicet
1028 2504 1128 2561 ejus
1144 2504 1290 2547 oratio
1306 2503 1482 2548 orando
1504 2507 1596 2547 Deo
1616 2503 1964 2560 proponitquod

83 2567 152 2606 est
172 2563 217 2606 in
238 2563 442 2619 appetitu
458 2564 769 2609 sensualitatis
783 2564 954 2621 ipsius:
973 2571 1018 2610 et
1033 2566 1289 2610 secundum
1313 2566 1401 2609 hoc
1415 2565 1623 2610 Christus
1642 2564 1787 2608 oravit
1801 2577 1964 2608 secun-

84 2623 193 2666 dum
210 2624 555 2669 sensualitatem
567 2641 577 2669 ε
589 2625 867 2682 inquantum
880 2627 1060 2671 scilicet
1073 2627 1219 2670 oratio
1231 2627 1333 2683 ejus
1347 2625 1634 2683 exprimebat
1651 2626 1965 2670 sensualitatis

83 2684 297 2729 affectum
316 2717 328 2741 .,
353 2689 574 2742 tanquam
606 2688 919 2732 sensualitatis
953 2688 1178 2732 advocata
1213 2689 1271 2744 (3)
1287 2703 1300 2744 ς
1324 2693 1370 2732 et
1400 2688 1490 2732 hoc
1525 2693 1578 2731 ut
1609 2700 1695 2731 nos
1728 2687 1785 2732 de
1815 2687 1966 2733 tribus

85 2744 358 2791 instrueret:
380 2747 528 2804 primo
549 2748 735 2805 quidem
753 2753 806 2793 ut
820 2749 1081 2794 ostenderet
1099 2762 1150 2795 se
1170 2762 1324 2794 veram
1347 2755 1563 2794 naturam
1584 2748 1838 2794 humanam
1861 2762 1964 2794 sus-

85 2806 260 2861 cepisse
280 2819 387 2851 cum
408 2809 626 2853 omnibus
651 2810 942 2855 naturalibus
957 2811 1222 2866 affectibu53
1241 2811 1464 2869 secundo,
1487 2815 1541 2855 ut
1556 2810 1823 2855 ostenderet
1839 2811 1966 2867 quod

78 2858 256 2909 'homini
286 2867 390 2912 licet
414 2870 672 2914 secundum
704 2872 961 2916 naturalem
992 2873 1209 2917 affectum
1238 2872 1414 2928 aliquid
1441 2871 1560 2916 velle
1583 2871 1706 2928 quod
1727 2874 1846 2915 Deus
1871 2884 1964 2916 non

84 2927 210 2981 vult3
237 2928 382 2983 tertio,
401 2933 454 2972 ut
476 2932 688 2975 ostendat
710 2932 833 2989 quod
866 2933 1103 2990 proprium
1133 2934 1349 2978 affectum
1369 2932 1507 2978 debet
1524 2932 1664 2977 homo
1693 2932 1861 2977 divinae
1889 2945 1965 2976 vo-

84 2987 246 3030 luntati
266 2987 506 3044 subjicere.
529 2990 653 3035 Unde
671 2994 957 3048 Augustinus
978 2994 1115 3048 (Psal.
1140 3007 1280 3048 xxxu,
1309 3005 1440 3037 conc.
1470 2996 1514 3049 1,
1547 3005 1712 3050 parum
1742 2993 1769 3036 a
1797 2993 1957 3050 princ.)

83 3048 194 3093 dicit
214 3063 226 3091 t
253 3067 273 3087 «
298 3049 504 3094 Christus
525 3050 758 3098 hominem
781 3066 948 3110 gerens
963 3088 976 3111 ,
996 3055 1199 3100 ostendit
1226 3055 1452 3111 privatam
1486 3054 1734 3110 quamdam
1762 3055 1966 3101 hominis

83 3109 383 3164 voluntatem,
403 3111 510 3154 cum
530 3111 667 3156 dicit:
692 3117 911 3160 Transeat
929 3118 959 3159 ὰ
972 3130 1040 3159 me
1060 3117 1186 3159 caliae
1217 3119 1333 3172 iste5
1363 3116 1464 3160 haec
1488 3116 1614 3160 enim
1637 3120 1737 3160 erat
1758 3118 1964 3160 humana

125 3204 167 3246 (l)
190 3205 342 3239 Attamen
363 3205 398 3239 in
426 3207 635 3242 orationibus
654 3208 798 3250 publicis
824 3211 977 3246 Ecclesiae
1103 3213 1143 3250 ‹2›
1164 3213 1227 3247 Per
1264 3212 1512 3247 sensualitatem
1542 3212 1597 3246 hic
1626 3212 1884 3253 intelligendum
1916 3219 1964 3245 cst

82 3252 287 3285 consuetudo
320 3258 409 3287 vetat
438 3266 480 3288 ne
518 3255 649 3289 dicatur
675 3267 683 3289 :
717 3256 871 3297 Christe,
907 3269 977 3293 ora
1061 3260 1228 3300 appetitus
1259 3260 1437 3295 sensitivus
1468 3260 1525 3301 qui
1558 3261 1642 3302 soepe
1678 3265 1818 3295 vocatur
1847 3272 1855 3292 ε
1887 3270 1964 3300 pars

81 3309 154 3341 pro
175 3300 292 3339 nobis,
306 3306 442 3341 propter
465 3302 616 3337 vitandos
628 3315 760 3337 errores
773 3306 978 3340 nestoriano-
1063 3306 1184 3338 aniniae
1204 3305 1362 3341 inferior.

87 3356 164 3379 rum
188 3354 222 3380 et
243 3348 435 3382 arianorum
452 3350 508 3390 qui
529 3350 697 3384 Christum
727 3362 850 3391 purum
870 3352 979 3387 homi·
1104 3354 1147 3394 (5)
1179 3355 1229 3387 Ita
1257 3355 1367 3389 oravit
1393 3355 1473 3389 dum
1503 3355 1585 3389 dixit
1611 3367 1619 3389 ε
1652 3355 1829 3389 Transeat
1860 3353 1883 3386 ὰ
1909 3363 1963 3386 me

85 3404 161 3427 nem
177 3395 465 3437 reputabant;se‹l
482 3397 579 3431 nobis
593 3398 772 3432 dicendum
795 3412 802 3432 :
825 3399 980 3440 Christe,
1065 3401 1169 3434 calix
1184 3401 1250 3435 iste
1265 3415 1277 3442 ,·
1296 3406 1547 3438 verumtamen
1576 3414 1651 3437 mm
1673 3404 1769 3436 sicut
1785 3412 1847 3443 eqo
1861 3400 1961 3439 volo.

81 3442 255 3477 miserere
272 3443 402 3482 nobis.-
421 3444 576 3486 Christe,
598 3447 737 3481 eaeaudi
750 3457 828 3481 nos.
1065 3447 1127 3481 sed
1142 3450 1236 3482 sicut
1252 3454 1303 3484 tu.
