2170 3808
945 271 1112 308 mnltx.
1882 269 1973 310 m

271 406 326 436 nu·
348 402 617 435 οοσΝΑΉοΝΕ
640 401 792 431 meam
818 399 912 436 orm
937 400 1014 430 ns'r
1035 399 1117 430 PER
1139 399 1428 442 anor-norrun.
1455 412 1504 422 -
1530 391 1702 438 Quaestio
1725 392 1788 430 57.

85 479 213 525 Utrum
231 478 377 528 adoptio
401 475 660 516 convenienter
681 475 884 514 definiatur.
962 522 971 529 ·
1144 521 1153 529 ι
1271 521 1278 528 .
1464 521 1472 529 ι
1563 522 1570 527 .

134 550 182 557 -—
231 538 276 567 ex
299 524 494 581 adoptione
514 524 749 578 contrahatur
769 521 916 571 aliquod
935 521 1122 577 vinculum
1142 521 1348 570 1mped1ens
1367 523 1649 576 matrimonium.

133 597 181 605 —-
229 576 395 624 cognatio
416 572 545 621 legalis
567 571 799 610 contrahatur
820 569 936 609 solum
959 572 1055 608 mter
1076 569 1309 619 adoptantem
1327 571 1468 617 patrem
1487 571 1525 607 et
1545 569 1658 606 filium
1676 569 1899 619 adoptatum.

323 670 377 700 ΒΕ
400 669 692 699 ΙΗΡΕΒΙΜΕΝΤΟ
716 657 1009 705 ΒΒΙαΙΒΙΤᾸΤΙε,
1033 666 1262 704 MALEFICH,
1287 666 1424 696 FURIAE
1447 667 1498 696 ΕΤ
1521 666 1732 696 ΑΜΕΝΤΒΕ.

904 715 1073 762 Quaestio
1095 716 1158 754 58.

85 802 212 844 utrirm
227 801 407 850 frigiditas
425 801 692 840 matrimonium
713 800 901 850 impediat.

134 870 182 879 —-
230 849 444 888 maleficium
464 849 583 905 possit
602 849 778 898 impedire
799 848 1082 886 matrimonium.

134 918 182 927 -
231 897 326 936 furia
346 898 519 948 impediat
543 897 823 936 matrimonium.
1097 944 1106 952 ⁰
1362 944 1369 951 ε
1463 944 1470 952 .
1580 945 1587 952 ·
1612 945 1619 953 .

134 965 183 977 -—
229 946 390 985 incestus
411 956 483 995 quo
504 946 694 993 cognoscit
715 946 798 994 quis
821 955 982 984 sororem
1002 954 1130 983 uxoris
1153 955 1244 992 snae,
1266 947 1533 984 matrimonium
1553 945 1710 984 d1r1mat.

131 1011 180 1024 -—
229 993 392 1033 derectus
412 994 530 1034 aetatis
548 994 721 1043 impediat
742 993 1021 1032 matrimonium.

227 1094 283 1124 ΒΕ
308 1093 586 1124 DISPARITATE
612 1093 784 1131 currus,
814 1092 909 1127 QUAE
939 1092 1238 1123 MATRmomtm
1268 1093 1482 1122 lMPEDIAT.
1505 1106 1552 1112 ——
1581 1085 1752 1132 Quaestio
1773 1087 1833 1125 59.

84 1158 212 1201 Utrum
230 1161 347 1199 fidelis
368 1160 487 1209 possit
504 1162 716 1199 contrahere
737 1169 819 1198 cum
840 1159 992 1214 infideli.

132 1228 181 1237 —
230 1209 326 1247 inter
350 1208 512 1247 infideles
536 1209 655 1257 possit
676 1218 756 1246 esse
778 1208 1059 1245 matrimonium.

132 1277 181 1285 —
229 1257 360 1306 conjux
382 1266 576 1295 conversus
602 1256 646 1295 ad
668 1256 776 1294 fidem
799 1255 915 1304 possit
938 1265 1167 1294 commanere
1188 1267 1271 1295 cum
1293 1268 1404 1296 uxore
1424 1258 1569 1296 nolente
1592 1259 1768 1297 converti.

133 1324 181 1333 —
229 1314 424 1344 conversus
455 1304 574 1352 possit
604 1314 752 1343 uxorem
789 1303 974 1342 infidelem
1005 1304 1187 1344 dimittere
1218 1306 1404 1344 nolentem
1426 1307 1634 1345 cohabitare
1660 1307 1738 1346 sine
1763 1307 1980 1348 contumelia

278 1352 466 1390 creatoris.

122 1420 181 1436 κ-
231 1400 417 1439 discedens
439 1400 482 1438 ab
506 1409 616 1438 uxore
640 1399 776 1439 infideli
797 1401 914 1450 possit
936 1401 1043 1441 aliam
1068 1402 1214 1442 ducere.

134 1467 182 1477 —
230 1448 302 1487 alia
322 1449 411 1487 vitia
431 1448 577 1487 solvant
597 1448 878 1488 matrimonium.

679 1554 735 1583 ΒΕ
770 1553 1031 1584 uxomcrmo.
1059 1567 1106 1574 —
1129 1546 1300 1593 Quaestio
1325 1548 1388 1586 60.

89 1627 217 1671 Utrum
236 1630 344 1669 liceat
365 1641 514 1670 uxorem
539 1631 740 1670 interficere
762 1632 945 1670 inventam
966 1632 1005 1670 in
1027 1635 1110 1671 actu
1135 1633 1317 1671 adulterii.

136 1698 184 1707 -—
232 1678 471 1718 uxoricidium
496 1679 670 1728 impediat
691 1680 972 1719 matrimonium.

212 1780 267 1809 nn
291 1780 582 1810 lMPEDIMENTo
610 1781 868 1811 MATRIMONII
892 1780 1006 1816 QUOD
1033 1782 1108 1811 EST
1128 1782 1271 1813 vo‘rtm
1295 1784 1503 1815 SOLEMNE.
1529 1799 1576 1805 —
1605 1778 1776 1824 Quaestio
1797 1783 1862 1819 61.

14 1890 60 1905 N
81 1854 219 1914 *Utrum
237 1858 327 1896 alter
348 1857 543 1905 conjugum
565 1857 679 1896 altero
700 1857 814 1896 invito
835 1862 921 1943 potst
942 1859 1125 1897 carnalem
1147 1860 1312 1908 copulam
1339 1861 1458 1909 possit
1481 1862 1691 1910 religionem
1714 1864 1862 1903 intrare.

139 1972 188 1981 --
235 1952 364 2039 mulier
398 1953 516 2039 possit
547 1951 682 1991 nubere
713 1953 817 1991 alteri
834 1916 940 2001 attilii-3),
978 1957 1061 1993 ante
1094 1957 1272 1995 carnalem
1311 1956 1498 2005 copulam,
1537 1957 1615 1995 viro
1661 1969 1725 1997 suo
1771 1959 1982 2008 religionem

284 2012 322 2039 111
340 2012 403 2039 ran
421 2013 456 2040 e.

330 2099 384 2128 DE
407 2100 698 2130 ΙΜΡΕΒΙΜΕΝΤΟ
722 2100 834 2135 ouon
868 2101 1132 2131 snpnnvnm‘r
1154 2102 1421 2134 MATRIMONIO
1446 2103 1742 2141 consummare,

601 2154 716 2188 ouon
740 2154 815 2184 EST
841 2154 1109 2185 Fonmca'rm.
1137 2169 1183 2174 —
1210 2148 1382 2194 Quaestz'o
1409 2151 1469 2187 62.

91 2227 217 2269 Utrum
234 2230 382 2278 propter
405 2228 679 2268 fornicationem
700 2230 809 2268 liceat
831 2230 909 2267 viro
932 2240 1078 2268 uxorem
1103 2231 1300 2270 dimittere.

234 2276 290 2315 vir
306 2279 468 2315 teneatur
489 2288 534 2315 ex
554 2280 735 2326 praecepto
758 2287 907 2316 uxorem
930 2278 1167 2317 fornicantem
1192 2280 1389 2318 dimittere.

233 2324 289 2362 vir
309 2325 455 2374 proprio
473 2325 610 2374 judicio
630 2326 747 2375 possit
769 2336 918 2365 uxorem
941 2326 1178 2365 fornicantem
1201 2329 1397 2367 dimittere.

234 2373 292 2410 vir
312 2376 349 2411 et
373 2383 462 2411 uxor
485 2373 523 2410 in
546 2384 651 2412 causa
674 2374 820 2412 divortii
841 2375 981 2422 possint
1005 2376 1049 2413 ad
1070 2376 1170 2423 paria
1188 2376 1361 2425 Judicari.

233 2424 318 2469 post
343 2421 535 2459 divortium
555 2422 610 2460 vir
632 2422 735 2460 alteri
757 2423 892 2460 nubere
914 2424 1045 2471 possit.

233 2471 319 2518 post
341 2469 532 2508 divortium
554 2471 609 2508 vir
630 2473 667 2509 et
687 2480 777 2509 uxor
799 2472 940 2520 possint
961 2473 1201 2511 reconciliari.

607 2576 661 2604 DE
688 2575 892 2606 snannis
919 2575 1101 2605 NUPTns.
1130 2587 1177 2594 -
1205 2567 1376 2614 Quaestio
1402 2570 1466 2608 63.

92 2644 218 2687 Utrum
237 2651 402 2689 secundae
422 2651 557 2700 nuptiae
578 2651 650 2689 sint
673 2651 794 2690 licitae.

140 2716 187 2725 —
235 2698 432 2737 secundum
452 2700 717 2738 matrimonium
740 2700 788 2738 sit
809 2702 1087 2738 sacramentum.

306 2798 361 2827 DE
382 2798 568 2829 ANNEx1s
592 2799 874 2838 MA'rmmomo,
900 2802 951 2830 ET
975 2801 1118 2830 ΒΕΒῙΤΙ
1141 2801 1414 2831 ΒΕΒΒΙΤΙΟΝΕ.
1439 2814 1485 2820 -
1509 2793 1677 2838 Quaestio
1702 2796 1763 2834 64.

95 2869 218 2911 utrum
237 2873 327 2928 alter
348 2875 541 2923 conjugum
560 2879 725 2915 teneatur
751 2876 855 2915 alteri
877 2877 921 2915 ad
945 2877 1182 2915 redditionem
1207 2879 1334 2916 debiti.

235 2932 291 2976 vir
315 2924 479 2960 teneatur
500 2923 646 2963 reddere
670 2924 828 2962 debitum
850 2926 952 2962 uxori
979 2935 1051 2963 non
1074 2927 1227 2973 petenti.

237 2979 294 3023 vir
315 2971 352 3006 et
371 2970 499 3008 mulier
519 2971 592 3009 sint
613 2973 650 3010 in
673 2974 753 3010 actu
775 2973 1031 3011 matrimoniali
1054 2974 1228 3022 aequales.

235 3026 291 3070 yir
314 3018 350 3070 et
367 3026 456 3054 uxor
473 3019 612 3066 possint
637 3020 800 3059 emittere
823 3025 948 3059 votum
971 3024 1095 3059 contra
1114 3022 1274 3060 debitum
1292 3024 1514 3064 matrimonii
1536 3036 1615 3063 sine
1633 3029 1758 3065 mutuo
1781 3032 1976 3066 consensu.

237 3074 276 3100 1n
297 3063 423 3101 diebus
443 3067 553 3104 sacris
574 3067 789 3115 impediatur
810 3069 939 3117 petitio
963 3069 1088 3107 debiti.

236 3114 365 3159 petens
392 3111 551 3167 debitum
574 3114 611 3151 in
632 3117 792 3163 tempore
817 3117 1017 3154 mortaliter
1039 3121 1180 3164 peccet.

235 3169 329 3197 unus
349 3169 482 3209 conjux
503 3165 668 3201 teneatur
691 3163 796 3202 alteri
816 3165 976 3204 debitum
997 3165 1145 3202 reddere
1169 3165 1228 3203 die
1249 3165 1360 3206 festo.

729 3264 783 3293 ΒΕ
803 3264 990 3296 emaum.
1015 3278 1062 3287 -
1090 3258 1259 3305 Quoestio
1280 3261 1344 3301 65.

92 3333 218 3374 Utrum
233 3335 365 3391 hahere
387 3337 508 3392 plnres
533 3349 662 3377 uxores
685 3339 734 3378 sit
757 3343 882 3379 contra
907 3342 1026 3389 legem
1047 3346 1198 3382 naturae.

140 3403 188 3411 —
237 3385 429 3432 aliquando
450 3386 590 3424 licitum
612 3388 722 3425 fuerit
743 3388 877 3426 habere
897 3390 1022 3437 plures
1045 3400 1189 3430 uxores.

139 3449 187 3458 -
235 3432 368 3470 habere
395 3434 629 3473 concubinam
652 3436 700 3473 sit
720 3439 844 3474 contra
868 3437 984 3484 legem
1007 3441 1156 3476 naturae.

137 3496 187 3506 -—
235 3481 403 3534 accedere
424 3481 470 3519 ad
493 3483 727 3521 concubinam
752 3484 799 3521 sit
822 3488 1009 3532 peccatum
1032 3487 1197 3527 mortale.

138 3540 188 3555 α-
234 3527 427 3577 aliquando
450 3528 589 3569 licitum
611 3532 722 3571 fucrit
743 3532 982 3571 concubinam
1002 3533 1149 3573 habere.
