2170 3808
166 198 248 241 364
659 187 663 192 ’
819 197 1018 248 QUAEsr.
1050 197 1187 252 xmv,
1217 178 1335 240 Am.
1365 198 1416 243 11.

214 277 506 320 CONCLUSIO.
528 298 578 305 —
593 276 738 316 Decuit
759 276 973 317 Christum
994 288 1080 317 nou
1105 276 1229 317 modo
1246 277 1353 319 cirea
1369 277 1579 320 inferiores
1601 283 1824 328 creaturas,
1851 280 1921 320 sed
1944 281 2068 324 etiam

168 334 272 376 circa
288 331 466 374 coelestia
487 343 657 383 corpora
680 332 882 373 miracula
907 333 1050 382 facere,
1070 336 1120 373 ut
1133 332 1268 383 magis
1281 344 1402 374 suam
1417 335 1681 376 divinitatem
1704 335 1994 386 comprobaret.

220 401 494 459 Respondeo
513 401 764 446 dicendum
783 401 927 459 quod,
944 401 1066 446 sicut
1088 414 1233 459 supra
1251 401 1430 448 dictum
1444 409 1517 449 est
1536 406 1719 461 (quaest.
1739 415 1880 461 praec.
1897 410 1984 449 art.
2005 407 2066 463 4),

166 463 392 510 miracula
409 463 574 508 Christi
594 463 703 508 talia
720 476 827 509 esse
849 463 1088 510 debebant
1111 471 1165 509 ut
1189 464 1477 510 sufficienter
1497 478 1606 511 eum
1625 478 1729 511 esse
1745 469 1890 510 Deum
1911 471 2069 512 osten-

165 526 345 572 derent.
368 528 463 570 Hoc
484 529 642 571 autem
667 526 848 572 nonita
869 526 1113 572 evidenter
1141 525 1405 571 ostenditur
1424 539 1508 584 per
1529 527 1945 573 transmutationes
1962 539 2069 573 cor-

163 599 332 646 porum
368 587 660 645 inferiorum,
700 600 806 646 quae
840 589 980 634 etiam
999 588 1059 633 ab
1091 587 1196 633 aliis
1216 587 1373 633 causis
1403 591 1578 635 moveri
1599 594 1813 648 possunt,
1840 590 1962 635 sicut
1984 602 2069 648 per

164 649 604 696 transmutationem
627 654 796 695 cursus
813 650 1075 695 coelestium
1098 662 1363 707 corporum,
1386 661 1492 707 quae
1508 650 1537 695 a
1548 652 1650 697 solo
1664 654 1759 697 Deo
1772 657 1885 697 sunt
1899 651 2070 697 immo-

162 712 318 758 biliter
337 713 468 758 ordin
475 717 566 758 ata.
576 715 630 758 Et
646 714 735 758 hoc
756 717 828 757 est
846 712 973 770 quod
989 712 1238 770 Dionysius
1258 712 1372 758 dicit
1390 712 1454 766 (in
1471 713 1606 770 epist.
1624 714 1684 759 ad
1702 713 2007 771 Polycarpum
2021 718 2065 770 7,

162 787 331 833 parum
350 781 459 821 ante
473 776 616 831 med.)
631 791 645 819 ε
664 795 685 814 «
703 777 994 832 Cognoscere
1009 782 1190 833 oportet
1206 788 1300 819 non
1315 775 1448 820 aliter
1467 775 1719 833 aliquando
1738 788 1879 833 posse
1893 776 2070 833 aliquid

162 840 365 896 perverti
392 839 596 884 coelestis
622 838 932 884 ordinationis
957 844 1006 884 et
1037 841 1211 896 motuS,
1233 838 1323 882 nisi
1345 851 1538 883 causam
1555 840 1749 885 haberet
1768 838 1830 884 ad
1857 840 1944 884 hoc
1963 851 2066 884 mo-

162 907 367 957 ventem,
393 913 500 959 quae
526 900 640 945 facit
656 901 832 958 omnia,
854 907 901 946 et
920 906 1071 945 mutat
1091 901 1354 946 secundum
1375 913 1516 946 suum
1538 913 1819 947 sermonem.
1839 920 1860 941 »
1888 903 1942 946 Εῖ
1963 901 2068 947 ideo

163 964 454 1009 conveniens
471 963 559 1007 fuit
583 967 635 1007 ut
657 964 866 1008 Christus
885 963 1112 1008 miracula
1131 963 1304 1009 faceret
1321 963 1462 1008 etiam
1483 964 1607 1008 circa
1624 963 1832 1009 coelestia
1854 976 2063 1021 corpora.

218 1025 287 1070 Ad
303 1029 504 1082 primum
527 1037 640 1081 ergo
661 1024 931 1080 dicendum,
949 1024 1077 1081 quod
1095 1024 1216 1069 sIcut
1233 1024 1535 1069 inferioribus
1556 1025 1832 1082 corporibus
1853 1027 2068 1072 naturale

164 1093 237 1134 est
251 1088 429 1133 moveri
448 1086 476 1131 a
489 1087 760 1132 coelestibus
779 1087 1069 1145 corporibUS,
1095 1099 1203 1144 quae
1218 1095 1332 1131 sunt
1349 1087 1591 1144 superiora
1611 1087 1872 1133 secundum
1889 1093 2069 1133 naturae

163 1150 402 1206 ordinem;
426 1150 491 1194 ita
510 1149 651 1194 etiam
670 1149 886 1194 naturale
909 1155 982 1195 est
1004 1149 1194 1194 cuilibet
1213 1153 1440 1194 creaturae
1471 1155 1524 1194 ut
1548 1147 1889 1195 transmutetur
1920 1150 1948 1194 a
1975 1153 2068 1196 Deo

164 1212 427 1258 secundum
448 1212 553 1269 e-Jus
570 1212 879 1257 voluntatem.
914 1211 1043 1257 Unde
1066 1213 1358 1268 Augustinus
1379 1211 1491 1257 dicit
1517 1213 1702 1268 (Contra
1721 1214 1960 1267 Faustum,
1985 1212 2066 1258 lib.

161 1290 280 1334 xxvi,
302 1289 403 1333 cap.
427 1278 471 1332 3,
494 1280 602 1320 ante
624 1276 747 1321 med.
768 1280 813 1320 et
826 1275 1026 1320 habetur
1044 1276 1094 1319 in
1115 1276 1262 1321 GloSS.
1283 1275 1436 1320 ordin.
1461 1278 1654 1320 Roman.
1677 1290 1736 1333 xl,
1756 1288 1899 1333 super
1919 1275 2065 1321 illud:

164 1341 341 1383 Contra
355 1341 578 1382 naturam
600 1341 800 1382 insertus
822 1351 886 1395 es,
911 1340 1046 1393 etc.):
1068 1357 1089 1377 «
1111 1341 1233 1384 Deus
1249 1343 1431 1383 creator
1451 1344 1498 1383 et
1519 1338 1731 1384 conditor
1749 1339 1961 1383 omnium
1979 1351 2069 1384 na-

161 1405 375 1446 turarum
405 1400 520 1445 nihil
541 1407 705 1444 contra
728 1405 945 1444 naturam
966 1400 1095 1454 facit,
1130 1400 1242 1457 quia
1273 1400 1322 1445 id
1344 1406 1416 1445 est
1436 1401 1606 1458 cuique
1635 1401 1700 1446 rei
1734 1405 1918 1452 natura,
1940 1401 2068 1458 quod

159 1464 298 1520 facit3
326 1484 346 1503 ι»
372 1469 418 1509 θῖ
439 1463 504 1508 ita
530 1476 627 1507 non
648 1464 965 1519 corrumpitur
988 1467 1155 1507 natura
1188 1463 1450 1508 coelestium
1482 1475 1750 1520 corporum,
1774 1463 1882 1508 cum
1903 1475 2067 1509 eorum

159 1538 330 1571 cursus
351 1525 626 1570 immutatur
648 1525 676 1568 a
705 1527 826 1580 Deo;
849 1530 1230 1581 corrumperetur
1252 1529 1409 1569 autem
1442 1525 1482 1568 si
1516 1525 1575 1569 ab
1608 1526 1765 1582 aliqua
1799 1524 1891 1569 alia
1923 1536 2068 1571 causa

159 1588 499 1633 immutaretur.
1410 1618 1413 1620 -

214 1651 282 1696 Ad
301 1651 551 1695 secundum
574 1649 841 1705 dicendum,
867 1648 993 1704 quod
1014 1660 1100 1705 per
1115 1649 1395 1693 miraculum
1414 1648 1441 1691 a
1458 1649 1639 1693 Christo
1662 1647 1857 1706 sactum,
1879 1661 1976 1694 non
1995 1656 2069 1696 est

156 1725 409 1770 perversus
428 1711 543 1756 ordo
559 1717 839 1768 temporum.
859 1713 974 1754 Nam
992 1710 1255 1755 secundum
1276 1710 1503 1767 quosdam
1525 1710 1616 1754 illae
1635 1709 1841 1756 tenebrae
1862 1710 1937 1756 vel
1954 1711 2066 1757 solis

157 1774 441 1830 obscuratio,
467 1785 573 1830 quae
589 1773 638 1818 in
658 1773 877 1829 passione
900 1771 1065 1816 Christi
1088 1772 1274 1830 accidit,
1298 1772 1386 1817 fuit
1409 1778 1599 1829 propter
1611 1772 1702 1817 hoc
1716 1771 1842 1830 quod
1864 1772 1935 1817 sol
1952 1785 2067 1819 suos

155 1837 313 1882 radios
330 1836 538 1890 retraxit,
555 1835 685 1879 nulla
705 1834 1032 1879 immutatione
1050 1834 1175 1879 facta
1189 1834 1314 1878 circa
1329 1839 1509 1878 motum
1523 1834 1784 1879 coelestium
1796 1846 2062 1892 corporum,

155 1898 417 1943 secundum
448 1908 588 1953 quem
627 1902 837 1953 tempora
871 1901 1224 1941 mensurantur.
1261 1896 1391 1942 Unde
1424 1897 1735 1955 Hieronymus
1766 1895 1877 1942 dicit
1901 1899 2066 1954 (Super

154 1961 310 2006 Matth.
337 1973 443 2018 sup.
462 1959 579 2005 illud
598 1971 701 2017 cap.
720 1963 774 2005 27
797 1975 809 2005 ε
829 1962 873 2004 A
891 1963 1026 2004 sexta
1049 1963 1203 2004 autem
1224 1960 1358 2015 hora)
1382 1975 1394 2004 ι
1421 1978 1440 1998 «
1455 1960 1647 2005 Videtur
1666 1959 1896 2004 luminare
1909 1959 2065 2017 majUs

150 2024 406 2068 retraxisse
443 2023 603 2068 radios
640 2035 772 2078 suos,
797 2036 855 2068 ne
893 2030 972 2069 aut
1008 2025 1289 2080 pendentem
1318 2025 1497 2069 videret
1526 2024 1794 2076 Dominum,
1817 2027 1898 2068 aut
1925 2021 2060 2079 impii

149 2085 539 2141 blasphemantes
554 2086 758 2131 sualuce
777 2087 1061 2132 fruerentur.
1080 2087 1244 2132 »Talis
1275 2091 1431 2132 autem
1460 2087 1679 2131 retractio
1707 2085 1947 2130 radiorum
1962 2094 2062 2129 non

153 2152 226 2194 est
251 2149 320 2193 sic
344 2148 670 2206 intelligenda,
698 2150 834 2206 quasi
860 2150 932 2194 sol
956 2150 1005 2193 in
1030 2161 1118 2194 sua
1139 2154 1370 2206 potestate
1394 2149 1562 2193 habeat
1577 2149 1736 2192 radios
1760 2147 1969 2192 emittere
1986 2145 2062 2191 vel

151 2211 414 2256 retrahere:
430 2223 527 2256 non
544 2214 670 2257 enim
690 2225 746 2256 ex
762 2213 1009 2261 electione,
1028 2212 1112 2257 sed
1128 2224 1186 2256 ex
1202 2217 1370 2257 natura
1385 2212 1545 2256 radios
1563 2211 1748 2264 emittit,
1758 2214 1809 2255 ut
1831 2209 1945 2254 dicit
1959 2209 2066 2254 Dio·

152 2273 322 2330 nysius
347 2273 428 2329 (De
449 2274 540 2318 div.
564 2286 692 2319 nom.
715 2287 815 2330 cap.
835 2279 877 2328 4,
897 2275 1022 2319 circa
1044 2275 1194 2330 princ.
1220 2275 1327 2319 lect.
1349 2274 1405 2331 1),
1426 2274 1509 2319 sed
1527 2275 1600 2318 sol
1625 2273 1796 2318 dicitur
1810 2271 2064 2318 retraxisse

152 2335 333 2388 radiOS‚
351 2335 636 2391 inquantum
661 2337 821 2381 divina
843 2337 1012 2381 virtute
1037 2338 1212 2381 factum
1237 2341 1308 2381 est
1331 2342 1382 2381 ut
1408 2336 1526 2382 solis
1546 2336 1666 2380 radii
1689 2335 1747 2380 ad
1770 2339 1942 2379 terram
1965 2343 2064 2379 non

151 2398 470 2455 pervenirent.
498 2399 725 2455 Origenes
748 2405 905 2443 autem
930 2400 1048 2443 dicit
1067 2401 1157 2444 hoc
1181 2399 1414 2444 accidisse
1433 2411 1516 2456 per
1538 2397 1947 2454 interpositionem
1975 2407 2064 2442 nu-

151 2461 302 2508 bium.
325 2460 454 2504 Unde
475 2460 640 2517 (Super
655 2462 813 2506 Matth.
838 2465 971 2505 tract.
990 2465 1061 2515 32,
1087 2461 1115 2505 a
1135 2461 1277 2518 med.)
1303 2461 1416 2506 dicit
1441 2476 1453 2506 :
1474 2477 1496 2500 «
1520 2462 1816 2506 Conveniens
1837 2465 1908 2505 est
1930 2459 2068 2504 intel-

153 2521 296 2582 ligere
313 2524 541 2582 quasdam
558 2523 963 2568 tenebrosissimas
977 2522 1130 2567 nubes
1142 2523 1317 2567 multas
1333 2528 1380 2567 et
1394 2534 1593 2579 magnas
1610 2525 1905 2569 concurrisse
1917 2538 2069 2583 super-

152 2586 409 2632 Jerusalem
422 2592 468 2631 et
485 2592 658 2630 terram
678 2585 876 2629 Judaeae:
901 2591 946 2629 et
966 2584 1070 2629 ideo
1092 2584 1227 2628 factae
1249 2589 1360 2628 sunt
1380 2583 1585 2628 tenebrae
1606 2584 1853 2640 profundae
1870 2585 1899 2629 a
1925 2594 2060 2633 sexta

149 2646 266 2694 hora
290 2660 440 2706 usque
460 2648 519 2693 ad
539 2659 728 2691 nonam.
756 2646 963 2691 Arbitror
980 2645 1106 2690 enim
1123 2646 1245 2690 sicut
1262 2653 1430 2691 caetera
1449 2646 1585 2702 signa
1608 2658 1714 2703 quae
1732 2646 1854 2691 facta
1876 2655 1987 2693 sunt
2008 2650 2056 2694 in

153 2711 387 2767 passione,
412 2709 590 2755 scilicet
614 2709 739 2766 quod
761 2708 917 2753 velum
940 2708 1100 2765 templi
1124 2714 1195 2753 est
1214 2708 1433 2763 scissum,
1454 2707 1581 2765 quod
1594 2713 1717 2753 terra
1739 2710 1945 2766 tremuit,
1965 2716 2054 2757 etc.

151 2772 202 2817 in
222 2772 479 2818 Jerusalem
503 2771 827 2817 tantummodo
850 2772 973 2815 facta
995 2776 1120 2826 sunt,
1150 2771 1214 2815 ita
1232 2777 1280 2815 et
1301 2772 1405 2815 hoc.
1431 2790 1450 2809 »
1488 2774 1578 2815 Aut
1612 2771 1654 2816 si
1689 2770 1831 2815 latius
1858 2772 2059 2820 voluerit

151 2837 258 2894 quis
273 2836 526 2882 extendere
546 2836 605 2880 ad
622 2842 792 2880 terram
808 2834 995 2890 Judaeae,
1013 2841 1203 2891 propter
1218 2834 1308 2879 hoc
1327 2833 1451 2891 quod
1471 2834 1638 2879 dicitur
1658 2849 1670 2878 :
1696 2835 1902 2879 Tenebrae
1918 2837 2058 2890 factae

149 2903 254 2943 sunt
275 2902 327 2943 in
344 2902 555 2943 universa
580 2902 724 2955 terra,
747 2897 874 2955 quod
892 2896 1166 2954 intelligitur
1181 2896 1239 2941 de
1257 2901 1382 2941 terra
1399 2896 1592 2951 Judaeae3
1613 2896 1737 2941 sicut
1775 2899 1857 2949 (ΙΙΙ.
1879 2899 1991 2955 Reg.
2011 2901 2053 2955 x)

150 2960 266 3006 dixit
283 2961 454 3006 Abdias
475 2961 535 3007 ad
554 2961 701 3006 Eliam
722 2975 735 3006 ε
759 2963 880 3004 Vivit
902 2964 1122 3004 Domi-nus
1142 2965 1261 3004 Deus
1284 2963 1402 3016 tuus,
1420 2964 1532 3016 quia
1552 2974 1645 3004 ‘non
1662 2965 1729 3004 est
1749 2973 1856 3017 qens
1874 2966 1957 3005 aut
1979 2975 2055 3006 re-

148 3036 301 3080 gnum,
325 3025 400 3068 ubi
418 3038 508 3068 non
527 3028 704 3068 miserit
724 3025 931 3068 dominus
947 3037 1072 3068 meus
1094 3035 1295 3080 quaerere
1313 3027 1372 3077 te,
1388 3023 1642 3069 ostendens
1657 3023 1784 3081 quod
1801 3035 1911 3068 eum
1926 3037 2054 3082 quae-

149 3083 291 3130 sierat
304 3085 352 3130 in
370 3087 590 3142 gentibus
604 3099 711 3144 quae
726 3093 838 3132 sunt
856 3087 980 3131 circa
1000 3086 1222 3131 Judaeam.
1241 3085 1329 3130 Sed
1346 3085 1470 3130 circa
1488 3086 1575 3131 hoc
1594 3085 1746 3142 magis
1767 3085 2052 3131 credendum
2123 3114 2126 3118 -

149 3152 222 3192 est
241 3147 478 3205 Dionysio,
500 3149 580 3206 qui
607 3150 793 3194 oculata
816 3149 908 3195 fide
934 3149 1139 3206 inspexit
1172 3149 1263 3193 hoc
1293 3148 1519 3193 accidisse
1546 3161 1631 3204 per
1649 3148 2050 3203 interpositionem

147 3208 277 3254 lunae
298 3209 421 3255 inter
444 3223 531 3255 nos
561 3217 609 3256 θῖ
631 3213 806 3268 solem3
828 3212 940 3257 dicit
958 3213 1085 3256 enim
1106 3211 1171 3266 (in
1196 3211 1331 3268 epist.
1356 3210 1416 3254 ad
1437 3210 1743 3268 Polycarpum
1762 3214 1804 3262 7,
1827 3209 1855 3254 a
1872 3211 2016 3266 med.)
2037 3227 2047 3254 2

151 3288 173 3309 «
194 3270 544 3327 inopinabiliter
577 3273 662 3317 soli
696 3273 858 3318 lunam
895 3273 1181 3318 incidentem
1201 3272 1491 3326 videbamus,
1514 3291 1534 3311 »
1574 3272 1622 3316 in
1655 3274 1852 3329 AEgypto
1875 3272 2047 3318 scilicet

146 3333 417 3389 existentes,
442 3341 496 3378 ut
518 3333 691 3378 ibidem
707 3335 900 3379 dicitur:
917 3341 965 3380 et
985 3337 1200 3392 designat
1218 3334 1281 3379 ibi
1301 3340 1502 3391 quatuor
1525 3334 2043 3387 iniracula.-—Quorum

145 3394 350 3450 primum
382 3404 455 3439 est
478 3394 603 3452 quod
633 3397 858 3440 naturalis
882 3397 1070 3453 echsrs
1093 3398 1205 3442 solis
1229 3408 1313 3452 per
1340 3396 1742 3451 interpositionem
1774 3395 1899 3439 lunae
1922 3409 2046 3440 nun-

146 3467 289 3513 quam
308 3457 492 3511 accidit,
515 3456 604 3500 nisi
627 3463 834 3514 tempore
858 3457 1202 3514 conjunctionis
1224 3455 1338 3501 solis
1369 3462 1416 3499 et
1437 3454 1579 3500 lunae.
1613 3459 1739 3500 Tunc
1760 3463 1914 3500 autem
1945 3461 2042 3501 erat
