2170 3808
744 286 747 289 ,
794 238 992 290 QUAEST.
1022 240 1093 293 111,
1122 240 1239 281 ART.
1269 238 1337 282 lv.
1955 235 2007 274 37

182 336 523 381 ARTICULUS
543 334 625 378 IV.
641 356 697 365 --
719 346 858 377 uranu
877 347 955 376 UNA
975 347 1157 377 ransom
1180 347 1317 378 possm
1334 348 1425 378 snm
1443 348 1537 378 Ama
1559 347 1747 379 unuani
1767 343 1956 375 cnam-mr

910 408 1120 439 assum-:ns
1144 396 1222 450 (1).

625 463 675 499 De
689 463 743 498 his
760 464 863 499 etiam
879 464 974 499 Sent.
995 472 1050 504 ln.
1066 462 1145 497 dist.
1161 463 1194 504 Ἰ,
1214 468 1328 505 qamt.
1345 473 1387 506 11,
1403 467 1471 500 art.
1487 466 1520 501 4.

180 525 247 570 Ad
265 530 480 583 quartum
496 523 564 569 sic
580 524 861 580 proceditur.
877 527 899 569 1
909 556 921 568 .
934 523 1119 568 Videtur
1130 523 1255 579 quod
1272 536 1366 567 una
1384 536 1583 580 persona
1597 537 1693 569 non
1712 521 1859 581 possit
1873 533 2009 566 assu-

124 598 252 632 mere
272 590 482 632 naturam
511 593 736 643 creatam,
760 585 850 630 alia
871 597 964 630 non
991 589 1274 629 assumente.
1300 603 1322 623 u
1352 586 1553 630 indivisa
1583 586 1708 631 enim
1735 589 1846 630 sunt
1868 595 2008 640 opera

125 647 365 706 Trinitatis,
387 666 408 687 ι»
431 651 485 692 ut
506 646 614 692 dicit
645 647 932 704 Augustinus
960 646 1207 700 (Enchirid.
1232 658 1336 702 cap.
1361 649 1432 702 38,
1461 647 1488 690 a
1512 647 1673 701 med).
1699 646 1824 691 Sicut
1850 649 2008 690 autem

125 708 262 753 trium
284 720 585 766 personarum
602 713 675 753 est
696 721 792 752 una
809 707 1029 764 essentia,
1051 707 1114 752 ita
1138 711 1185 752 et
1211 719 1306 751 una
1328 707 1549 764 operatio.
1569 707 1658 753 Sed
1681 718 1919 752 assumere
1937 711 2009 752 est

122 769 327 826 operatio
351 769 581 826 quaedam.
607 770 724 826 Ergo
754 781 846 814 non
874 773 1029 826 potest
1059 768 1307 814 convenire
1338 769 1419 813 uni
1450 781 1663 826 personae
1691 767 1862 814 divinae
1892 767 2007 826 quin

122 830 367 876 conveniat
387 830 479 875 alii.

177 895 219 937 2.
251 895 491 949 Praeterea,
517 892 638 938 sicut
665 892 863 939 dicimus
884 904 1135 950 personam
1156 892 1254 937 Filii
1287 879 1594 948 incarnatam,
1617 892 1682 936 ita
1703 895 1750 937 et
1771 895 2003 947 naturam,

124 972 144 992 «
169 958 266 999 tota
295 954 420 1000 enim
441 955 598 1000 divina
621 959 788 1000 natura
818 955 868 999 in
903 967 1000 999 una
1020 967 1212 999 suarum
1235 955 1542 1012 hypostasum
1571 954 1811 999 incarnata
1843 958 1931 1008 est,
1954 959 2007 998 ut

119 1014 231 1060 dicit
256 1018 568 1062 Damascenus
594 1017 734 1071 (Orth.
765 1015 845 1062 fid.
867 1015 946 1061 lib.
971 1030 1034 1072 ιιι,
1052 1028 1154 1071 cap.
1178 1019 1221 1072 6,
1246 1020 1353 1060 ante
1373 1016 1535 1071 med.).
1560 1015 1648 1061 Sed
1676 1019 1845 1060 natura
1875 1026 2006 1059 com—

120 1076 276 1121 munis
291 1081 362 1123 est
382 1077 531 1122 tribus
550 1078 777 1134 personis.
797 1080 915 1133 Ergo
934 1081 980 1122 et
996 1077 1267 1134 assumptio.

175 1139 216 1183 3.
247 1141 487 1193 Praeterea,
516 1139 637 1184 sicut
666 1139 871 1184 humana
902 1143 1067 1183 natura
1097 1138 1147 1183 in
1176 1140 1354 1184 Christo
1385 1143 1624 1195 assumpta
1654 1142 1726 1183 est
1754 1138 1782 1182 a
1812 1140 1920 1194 De0‚
1941 1137 2006 1182 ita
2044 1185 2046 1188 ,

120 1199 258 1244 etiam
290 1200 501 1245 homines
529 1213 612 1257 per
639 1201 836 1257 gratiam
864 1206 1169 1245 assumuntur
1203 1201 1261 1245 ab
1295 1201 1412 1259 ipso,
1437 1200 1696 1245 secundum
1718 1200 1833 1245 illud
1857 1201 2002 1255 (Rom.

119 1274 207 1318 xiv,
222 1264 290 1317 3):
315 1268 433 1307 Deus
450 1263 577 1306 illum
601 1266 863 1319 assumpsit.
894 1263 979 1308 Sed
1011 1264 1112 1308 haec
1129 1263 1386 1321 assumptio
1403 1264 1711 1307 communiter
1732 1262 1932 1328 pertinet
1945 1262 2005 1307 ad

118 1335 282 1369 omnes
296 1337 534 1382 personas·
554 1328 674 1382 Ergo
696 1330 742 1370 et
756 1326 919 1381 prima.

173 1386 261 1430 Sed
283 1390 444 1430 contra
471 1390 544 1431 est
565 1386 691 1444 quod
710 1387 958 1443 Dionysius
981 1388 1059 1441 (De
1081 1386 1174 1431 div.
1197 1398 1326 1431 nom.
1347 1399 1449 1442 cap.
1470 1388 1514 1444 2,
1535 1386 1644 1431 lect.
1669 1389 1691 1430 1
1717 1389 1765 1430 et
1782 1386 1824 1440 2)
1850 1387 2003 1430 Incar-

118 1447 315 1492 nationis
332 1448 606 1505 mysterium
622 1449 731 1494 dicit
752 1449 983 1505 pertinere
1008 1449 1067 1492 ad
1088 1448 1334 1494 discretam
1355 1448 1632 1504 theologiam
1653 1449 1728 1504 (2),
1744 1447 2003 1492 secundum

117 1520 256 1565 quam
277 1510 451 1555 scillcet
469 1510 642 1568 aliquid
662 1511 916 1556 distinctim
938 1510 1106 1555 dicitur
1126 1511 1184 1557 de
1203 1511 1372 1556 divinis
1387 1510 1615 1567 personis.
1868 1557 1873 1561 ,

167 1585 453 1626 CONCLUSIO.
482 1608 531 1615 -
554 1586 808 1637 Assumptio,
828 1588 923 1627 cum
944 1589 1087 1637 praeter
1105 1586 1352 1637 operationis
1379 1591 1533 1635 actum,
1551 1585 1733 1637 amplius
1757 1585 1918 1625 denotet
1938 1598 2002 1625 as·

116 1641 365 1691 sumptionis
383 1641 626 1695 terminum,
646 1652 695 1681 ex
715 1646 827 1693 parte
844 1641 1041 1694 principii
1055 1641 1288 1681 communis
1302 1646 1362 1681 est
1382 1641 1512 1681 tribus
1537 1642 1735 1692 personis,
1756 1652 1839 1680 non
1864 1643 2003 1680 autem

54 1737 56 1741 Α
115 1707 164 1736 ex
176 1698 291 1747 parte
306 1695 490 1735 termini.
560 1741 564 1744 ,

170 1765 440 1821 Respondeo
451 1765 699 1810 dicendum
718 1765 861 1822 quod,
879 1765 1002 1810 sicut
1020 1765 1197 1811 dictum
1216 1770 1289 1810 est
1303 1768 1404 1819 (art.
1418 1770 1439 1811 1
1456 1766 1555 1823 huj.
1576 1767 1779 1823 quaest.),
1794 1776 2003 1821 assump-

42 1859 46 1871 .
116 1826 179 1869 tio
210 1826 302 1870 duo
331 1826 574 1882 importat3
599 1827 775 1871 scilicet
807 1832 963 1871 actum
987 1828 1270 1872 assumentis
1298 1832 1344 1872 et
1376 1829 1628 1873 terminum
1650 1826 1999 1883 assumptionis.

14 1870 32 1877 χ
83 1891 88 1893 ’
115 1887 254 1931 Actus
285 1891 438 1930 autem
469 1888 752 1931 assumentis
777 1889 988 1944 procedit
1016 1901 1076 1932 ex
1103 1888 1261 1933 divina
1292 1888 1480 1944 virtute,
1505 1901 1610 1945 quae
1638 1888 1901 1933 communis
1931 1893 2002 1934 est

114 1948 263 1994 tribus
282 1950 517 2006 personis3
543 1950 626 1994 sed
649 1951 875 1995 terminus
894 1951 1229 2007 assumptionis
1250 1955 1323 1996 est
1348 1965 1560 2009 persona,
1585 1952 1707 1997 sicut
1732 1950 1907 1996 dictum
1930 1956 2001 1996 est

114 2010 219 2064 (loc.
241 2011 355 2065 cit.).
378 2013 431 2055 Et
448 2010 553 2055 ideo
567 2011 614 2055 id
633 2012 760 2067 quod
773 2017 844 2057 est
858 2012 1054 2056 actionis
1076 2012 1124 2056 in
1147 2014 1482 2071 assumptione,
1499 2024 1748 2057 commune
1767 2016 1838 2056 est
1855 2011 2001 2057 tribus

110 2072 345 2129 personis3
371 2072 455 2116 sed
479 2072 527 2117 id
549 2073 672 2128 quod
689 2074 889 2129 pertinet
909 2074 970 2119 ad
990 2075 1217 2119 rationem
1240 2075 1442 2130 termini,
1467 2075 1685 2119 convenit
1706 2073 1769 2118 ita
1790 2073 1871 2118 uni
1893 2086 2001 2130 per-

111 2144 252 2187 sonae,
273 2133 398 2190 quod
414 2146 508 2177 non
529 2133 606 2177 alii
624 2146 636 2177 :
658 2138 753 2179 tres
772 2135 896 2179 enim
913 2148 1126 2192 personae
1143 2136 1356 2181 fecerunt
1374 2141 1427 2181 ut
1444 2137 1651 2181 humana
1671 2142 1837 2180 natura
1850 2136 2001 2181 unire-

110 2198 186 2240 tur
202 2195 284 2240 uni
304 2207 515 2251 personae
535 2195 636 2239 Filii
656 2198 729 2251 (3).

163 2257 231 2302 Ad
250 2259 445 2313 primum
464 2269 574 2314 ergo
587 2257 853 2315 dicendum,
867 2259 993 2315 quod
1008 2260 1126 2304 ratio
1144 2258 1224 2303 illa
1240 2259 1450 2316 procedit
1467 2273 1526 2305 ex
1543 2263 1675 2316 parte
1689 2260 1995 2317 operationis:

109 2323 156 2364 et
187 2323 457 2376 sequeretur
479 2319 733 2376 conclusio,
764 2321 804 2365 si
836 2321 983 2366 solam
1012 2322 1139 2366 illam
1172 2322 1489 2378 operationem
1517 2322 1789 2379 importaret
1819 2322 1997 2380 absque

108 2382 321 2438 termino,
345 2381 426 2439 qui
446 2385 516 2426 est
534 2384 749 2436 persona.

162 2443 230 2488 Ad
239 2443 480 2487 secundum
489 2442 754 2500 dicendum,
768 2443 893 2501 quod
912 2449 1076 2489 natura
1091 2445 1524 2502 diciturincarnata,
1538 2445 1657 2490 sicut
1673 2449 1718 2490 et
1732 2458 1992 2503 assumens,

105 2504 284 2549 ratione
301 2516 526 2561 personae,
548 2505 606 2549 ad
629 2517 770 2562 quam
792 2507 1038 2550 terminata
1058 2512 1130 2551 est
1150 2507 1280 2565 unio,
1305 2508 1425 2552 sicut
1443 2508 1618 2552 dictum
1639 2514 1710 2552 est
1733 2512 1833 2559 (art.
1856 2512 1878 2554 1
1903 2514 1950 2555 et
1968 2513 1996 2555 2

101 2564 204 2622 huj.
224 2568 424 2622 quaest.);
438 2577 533 2609 non
551 2570 706 2610 autem
723 2572 861 2623 prout
876 2573 949 2612 est
967 2569 1231 2612 communis
1243 2568 1392 2613 trihus
1407 2569 1635 2626 personis.
1650 2569 1822 2614 Dicitur
1839 2576 1993 2616 autem

109 2633 201 2670 tota
219 2632 386 2670 natura
408 2627 564 2672 divina
583 2627 838 2686 incarnata,
863 2642 958 2673 non
978 2630 1089 2687 quia
1111 2631 1170 2674 sit
1191 2631 1432 2675 incarnata
1452 2631 1502 2675 in
1521 2631 1741 2676 omnibus
1762 2634 1990 2690 personis,

105 2688 188 2732 sed
209 2689 316 2745 quia
337 2688 452 2733 nihil
477 2689 606 2734 deest
624 2689 680 2734 de
709 2691 991 2746 perfectione
1022 2692 1190 2738 divinae
1210 2697 1387 2737 naturae
1412 2705 1624 2749 personae
1655 2694 1922 2751 incarnata,
1942 2702 1992 2740 ut

106 2750 302 2805 explicat
319 2749 464 2805 (ibid.)
474 2753 804 2796 Damascenus.

161 2810 224 2854 Ad
246 2812 432 2854 tertium
452 2811 718 2870 dicendum,
742 2813 868 2869 quod
889 2816 1147 2872 assumptio
1178 2828 1282 2872 quae
1310 2815 1362 2860 fit
1384 2827 1468 2872 per
1491 2817 1688 2872 gratiam
1711 2818 1990 2874 adoptionis,

105 2869 378 2915 terminatur
428 2872 487 2917 ad
539 2874 789 2929 quamdam
832 2877 1232 2933 participationem
1282 2877 1452 2922 divinae
1504 2883 1681 2923 naturae
1731 2879 1988 2925 secundum

105 2931 354 2993 quamdam
365 2932 740 2979 assimilationem
751 2936 810 2981 ad
821 2937 1075 2982 bonitatem
1087 2938 1228 2993 illiUS,
1243 2937 1503 2982 secundum
1519 2938 1635 2983 illud
1652 2941 1718 2994 (11.
1738 2942 1856 2984 Petr.
1873 2954 1904 2999 1,
1920 2944 1964 2996 4)
1975 2957 1986 2985 ε

109 2993 166 3034 Ut
179 2991 341 3035 divinae
359 2996 582 3037 consortes
598 2999 787 3052 naturae,
814 3003 925 3043 etc.:
953 3003 1000 3044 et
1020 2999 1125 3044 ideo
1148 2999 1419 3055 hujusmodi
1440 2999 1698 3056 assumptIo
1727 3001 1991 3047 communis

145 3131 187 3174 (4)
201 3133 386 3175 Responsio
408 3134 611 3171 affirmativa
624 3136 666 3172 de
679 3138 746 3172 fide
764 3143 828 3182 est,
852 3146 886 3176 et
911 3141 996 3176 illud
1083 3140 1229 3176 invicem
1259 3141 1536 3184 distinguuntur,
1564 3146 1602 3177 ut
1629 3142 1784 3186 bonitas,
1812 3144 1986 3187 sapientia,

100 3178 221 3221 dogma
243 3180 308 3215 fuit
331 3183 350 3216 h
370 3183 516 3217 concilio
539 3184 666 3219 Nicone
690 3186 780 3221 clare
806 3187 996 3232 definitum,
1083 3188 1200 3229 deitas,
1216 3193 1279 3223 etc·

98 3231 137 3260 ut
150 3231 240 3283 patet
251 3240 290 3263 ex
307 3229 479 3270 Symbolo.
1125 3237 1168 3277 (5)
1183 3237 1277 3279 Quod
1295 3237 1330 3270 in
1348 3249 1440 3272 conc.
1458 3237 1567 3272 Tolet.
1584 3247 1633 3279 Vi,
1649 3251 1678 3274 c.
1696 3240 1730 3272 Η
1752 3239 1799 3274 sic
1814 3239 1960 3274 hahetur
1974 3253 1984 3273 ε

142 3274 184 3316 (2)
199 3276 700 3331 Uise-rotamtheologiamvocat
713 3280 890 3322 Dionysius
903 3283 997 3318 illam
1083 3284 1387 3319 {incarnacionem
1416 3285 1501 3327 fidei
1536 3290 1612 3320 tota
1647 3287 1810 3322 Trinitas
1831 3289 1986 3328 operata

99 3322 237 3377 quande
267 3335 308 3357 ns
336 3337 411 3366 qum
424 3326 486 3360 toti
512 3327 673 3362 'l'rinitati
702 3341 770 3363 non
802 3334 880 3364 sunt
906 3343 997 3365 com·
1082 3334 1147 3369 est,
1172 3333 1258 3374 quia
1285 3332 1563 3376 inseparabilia
1591 3338 1679 3369 sunt
1710 3344 1824 3378 opera
1861 3333 1986 3368 Trini-

97 3379 212 3421 munia
234 3374 429 3425 tractatam
454 3375 640 3413 paternitas
654 3402 662 3416 ,
677 3375 796 3410 filiatio
810 3403 818 3417 ‚
845 3377 998 3412 incarna-
1083 3380 1181 3418 tatis,
1202 3380 1302 3415 solus
1328 3386 1450 3416 tamen
1468 3382 1597 3416 Filius
1620 3382 1780 3425 sormam
1804 3382 1902 3417 servi
1923 3390 1984 3416 ae·

97 3417 156 3453 tio,
175 3421 240 3450 ete.
254 3418 444 3459 Oppomtur
465 3425 578 3454 autem
602 3421 776 3463 theologias
793 3428 994 3466 coniunctus,
1080 3428 1176 3469 cepit
1186 3428 1230 3462 in
1242 3428 1509 3471 sinqwlaritate
1525 3439 1705 3473 personoe.

95 3471 169 3501 qno
194 3462 234 3496 de
249 3462 303 3498 his
323 3469 384 3505 est,
406 3464 441 3499 in
459 3466 579 3508 quibus
601 3472 668 3503 tres
691 3480 841 3510 persone
867 3481 934 3505 non
952 3470 994 3506 ab
