2170 3808
879 161 1075 212 QUAEST.
1105 160 1206 215 LIII,
1236 160 1353 202 ART.
1384 159 1452 202 111.
2021 161 2104 202 453

231 244 378 290 riendi
418 239 756 301 quodammodo
775 253 902 285 mors
922 241 964 284 ei
982 240 1261 296 dominatur,
1290 239 1548 283 secundum
1576 237 1691 283 illud
1721 239 1865 292 (Rom.
1886 251 1975 293 vm,
1995 240 2101 307 sim:

233 278 406 364 Corpus
429 305 604 361 quidem
626 306 854 346 mortuum
876 307 941 346 est
966 305 1152 358 propter
1166 304 1417 357 peccatum.
1441 299 1557 344 Illud
1580 300 1719 344 etiam
1738 299 1863 356 quod
1884 299 2103 367 possibile

231 371 440 421 estesse,
470 363 726 410 secundum
749 362 861 419 quid
887 362 1055 406 dicitur
1086 373 1205 416 esse,
1235 359 1284 404 id
1316 365 1400 416 est,
1431 360 1754 416 potentialiter.
1793 362 1845 403 Et
1876 371 1943 403 510
1977 363 2103 415 patet

231 428 353 485 quod
373 427 450 472 illa
469 425 741 471 resurrectio
769 426 861 480 qua
890 424 995 479 quis
1018 422 1210 478 eripitur
1237 421 1388 464 solum
1410 421 1469 464 ab
1488 422 1655 466 actuali
1677 425 1836 473 morte,
1857 425 2103 490 051105111-

229 490 369 534 rectio
389 486 669 543 imperfecta.
686 484 933 540 Loquendo
956 483 1097 539 igitur
1119 482 1178 527 de
1195 482 1533 527 resurrectione
1569 483 1783 539 perfecta,
1805 483 2010 526 Christus
2031 485 2103 527 est

229 549 404 605 primus
426 546 784 602 resurgentium,
804 545 912 602 quia
943 544 1042 600 ipse
1062 542 1348 598 resurgendo
1371 542 1520 598 primo
1544 544 1754 599 pervenit
1770 544 1830 589 ad
1854 544 1996 588 vitam
2017 555 2103 600 pe-

229 610 352 654 nitus
384 607 706 662 immortalem,
738 605 996 651 secundum
1026 604 1142 648 illud
1167 606 1311 657 (Rom.
1339 616 1397 656 v1,
1427 604 1471 658 9)
1500 618 1510 645 :
1541 604 1750 648 Christus
1780 618 2018 675 resnrqens
2044 617 2103 648 ex

227 674 414 715 mortuis
423 672 526 724 jam
547 682 637 711 non
663 671 872 711 moritur.
894 666 982 711 Sed
1002 665 1338 710 resurrectione
1358 664 1624 721 imperfecta
1642 666 1830 722 quidam
1849 666 1924 710 aln
1945 679 2103 738 resur-

225 738 444 777 rexerunt
474 735 582 775 ante
628 730 874 786 Christum,
903 728 963 774 ad
995 727 1447 784 praemonstrandum
1477 727 1610 783 quasi
1644 727 1693 770 in
1726 728 1930 784 quodam
1969 740 2102 784 signo

225 791 609 838 resurrectionem
626 791 790 848 ipsius.
1616 849 1627 859 ·
1700 850 1710 859 .
1733 850 1744 859 .
1928 851 1938 861 .

280 857 332 899 Et
345 854 410 899 sic
427 858 549 910 patet
563 853 804 910 responsio
823 852 880 897 ad
892 853 1089 909 primum
1101 866 1117 892 .·
1136 851 1245 908 quia
1263 855 1310 896 et
1327 850 1393 895 illi
1409 849 1489 907 qui
1504 853 1714 894 suscitati
1731 863 1780 894 111
1798 855 1942 894 veteri
1955 853 2103 896 Testa-

225 920 379 960 mento
403 919 528 971 sunt,
556 919 601 958 01
622 914 687 958 1111
724 913 804 971 qui
825 913 1033 958 suscitati
1066 918 1178 956 sunt
1199 913 1226 955 a
1247 912 1441 967 Christo,
1461 910 1529 955 sic
1549 911 1787 956 redierunt
1807 911 1866 956 ad
1887 911 2027 957 vitam
2048 916 2101 957 ut

223 974 388 1022 iterum
410 980 714 1021 morerentur.
1993 1035 2004 1046 ⁸

277 1039 343 1084 Ad
375 1039 615 1082 secundum
647 1037 913 1092 dicendum,
939 1035 1064 1092 quod
1092 1035 1149 1080 de
1170 1035 1261 1079 illis
1290 1035 1370 1092 qui
1397 1039 1753 1080 resurrexerunt
1774 1047 1882 1080 curn
1905 1035 2096 1093 Chr1st0‚

225 1100 389 1157 duplex
424 1105 495 1145 051
522 1099 678 1155 opinio
700 1114 710 1143 z
737 1099 924 1155 quidam
947 1097 1069 1141 enim
1093 1101 1310 1141 asserunt
1330 1096 1453 1153 quod
1479 1096 1720 1141 redierunt
1746 1096 1805 1140 ad
1826 1097 1968 1141 vitam
1994 1103 2100 1143 tan-

224 1162 364 1218 quam
383 1174 478 1205 non
505 1162 671 1205 iterum
702 1158 929 1216 morituri,
952 1157 1172 1214 quoniam
1204 1158 1353 1214 magis
1372 1158 1462 1201 illis
1484 1163 1608 1202 esset
1638 1162 1936 1216 tormentum,
1959 1160 1998 1203 si
2017 1160 2100 1205 ite-

221 1228 324 1268 rum
348 1227 652 1278 morerentur,
676 1221 816 1278 quam
836 1221 875 1264 si
905 1231 999 1263 non
1019 1225 1335 1275 resurgerent.
1356 1222 1409 1263 Et
1437 1220 1696 1264 secundum
1721 1221 1808 1265 hoc
1841 1222 2100 1278 intelligen-

221 1283 333 1328 dum
348 1285 450 1340 erit,
461 1284 581 1327 sicut
592 1282 897 1339 Hieronymus
913 1280 1023 1325 dicit
1033 1283 1189 1337 (super
1201 1282 1371 1337 Matth.,
1389 1293 1493 1337 sup.
1511 1281 1626 1326 illud
1640 1293 1741 1338 cap.
1756 1285 1826 1335 27)
1842 1295 1855 1327 t
1871 1287 1932 1326 Et
1951 1286 2100 1329 multa

219 1357 411 1400 corpora
427 1347 703 1399 sanctorum,
727 1342 850 1399 quod
869 1359 889 1379 «
912 1354 1005 1385 non
1029 1348 1136 1387 ante
1158 1348 1477 1395 surrexerunt,
1501 1342 1642 1399 quam
1663 1350 1924 1408 resurgeret
1944 1346 2100 1390 Domi—

218 1416 324 1449 nus.
347 1423 367 1443 »
395 1396 520 1450 Unde
553 1408 600 1449 et
636 1403 927 1460 Evangelista
968 1403 1076 1448 dicit
1109 1403 1232 1460 quod
1272 1422 1291 1442 «
1322 1408 1548 1449 exeuntes
1568 1405 1626 1450 de
1660 1406 1975 1451 monumentis
1997 1414 2099 1463 post

217 1467 601 1511 resurrectionem
624 1466 725 1522 03115
741 1468 972 1510 venerunt
992 1466 1041 1510 in
1067 1471 1276 1510 sanctam
1307 1466 1556 1521 civitatem,
1577 1471 1624 1511 et
1644 1473 1960 1523 apparuerunt
1978 1469 2098 1515 mul-

217 1526 294 1571 tis.
311 1545 331 1565 »
357 1526 444 1571 Sed
464 1524 749 1582 Augustinus
770 1527 834 1581 (in
850 1526 1042 1583 epIstola
1062 1526 1120 1570 ad
1139 1526 1377 1581 Evodium,
1394 1530 1465 1582 99,
1483 1532 1591 1572 ante
1609 1528 1767 1583 med.),
1783 1530 1903 1574 hanc
1917 1530 2098 1586 opinio-

217 1599 323 1631 nem
346 1600 728 1644 commemorans,
748 1587 888 1632 dicit:
921 1588 1056 1632 «Scio
1092 1587 1370 1645 quibusdam
1391 1589 1535 1634 videri
1564 1595 1711 1634 morte
1732 1591 1908 1635 Domini
1935 1592 2099 1639 Christi

213 1648 310 1704 Jam
340 1649 478 1694 talem
500 1650 883 1694 resurrectionem
907 1650 1156 1705 praestitam
1176 1650 1332 1706 3115115,
1354 1651 1503 1708 qualis
1524 1651 1659 1695 nobis
1688 1652 1736 1695 in
1752 1653 1844 1697 fine
1873 1655 2098 1710 promitti-

218 1717 322 1765 tur3
354 1712 433 1767 qui
466 1711 505 1755 si
539 1724 633 1755 non
669 1712 836 1755 iterum
872 1711 1086 1766 repositis
1122 1712 1391 1767 corporibus
1413 1713 1718 1771 dormierunt,
1740 1714 1994 1760 videndum
2027 1722 2095 1763 est

218 1772 447 1828 quomodo
483 1773 765 1829 intelligatur
796 1773 1001 1817 Christus
1043 1773 1379 1829 primogenitus
1422 1774 1450 1818 a
1482 1775 1692 1832 mortuis,
1731 1776 1771 1821 si
1796 1789 1902 1821 eum
1939 1777 1987 1821 in
2018 1779 2095 1824 illa

216 1834 555 1878 resurrectione
574 1838 642 1878 tot
667 1837 1017 1890 praecesserunt.
1039 1833 1169 1886 Quod
1191 1835 1230 1878 si
1253 1835 1559 1891 respondetur
1579 1837 1668 1881 hoc
1689 1849 1792 1882 esse
1817 1838 1992 1884 1110111111
2014 1853 2098 1897 per

217 1895 587 1951 anticipationem
619 1898 693 1952 (1),
729 1900 782 1940 ut
812 1901 1114 1940 monumenta
1145 1896 1223 1940 illo
1254 1901 1389 1941 terrae
1417 1902 1547 1943 motu
1579 1905 1738 1955 aperta
1764 1900 2096 1960 intelligantur,

215 1956 319 1999 cum
340 1957 541 2001 Christus
560 1957 607 2001 in
625 1969 762 2002 cruce
781 1958 1019 2014 penderet,
1041 1959 1350 2002 resurrexisse
1366 1964 1522 2003 autem
1536 1960 1771 2017 Justorum
1794 1974 1987 2019 corpora
2001 1977 2093 2010 non

215 2022 343 2074 tunc,
363 2019 446 2064 sed
471 2019 578 2063 cum
612 2019 688 2063 ille
716 2019 837 2075 prior
859 2020 1204 2076 resurrexisset,
1230 2020 1346 2065 illud
1378 2020 1530 2066 adhuc
1567 2026 1712 2066 restat
1748 2024 1872 2079 quod
1895 2031 2089 2083 moveat,

214 2081 444 2135 quomodo
468 2083 626 2126 Petrus
648 2093 742 2125 non
766 2081 824 2126 de
851 2081 1009 2138 David,
1029 2083 1111 2126 sed
1137 2082 1196 2127 de
1224 2083 1401 2127 Christo
1424 2084 1623 2129 asseruit
1638 2084 1782 2130 fuisse
1806 2087 2089 2145 praedictum,

213 2152 399 2184 carnem
414 2143 514 2197 ejus
531 2154 625 2185 non
638 2142 809 2187 vidisse
827 2142 1184 2200 corruptionem,
1205 2156 1288 2200 per
1308 2144 1395 2188 hoc
1418 2143 1543 2201 quod
1566 2146 1690 2202 apud
1709 2157 1790 2191 eos
1807 2152 1906 2191 erat
1926 2159 2088 2194 monu-

213 2207 422 2247 mentum
444 2203 609 2259 David3
634 2207 680 2247 et
700 2204 767 2247 sic
788 2203 891 2248 illos
912 2216 1007 2248 non
1038 2204 1354 2262 convincebat,
1385 2206 1424 2250 si
1457 2218 1626 2263 corpus
1646 2208 1787 2253 David
1807 2209 1869 2253 ibi
1883 2210 1980 2265 jam
1999 2224 2087 2257 non

213 2267 335 2319 erat3
361 2265 469 2320 quia
488 2265 572 2309 etsi
595 2273 700 2310 ante
714 2265 760 2309 in
781 2266 953 2310 recenti
975 2278 1060 2310 sua
1074 2272 1222 2312 morte
1240 2269 1583 2328 resurrexisset,
1604 2282 1691 2314 nec
1707 2282 1815 2315 caro
1833 2271 1935 2328 03115
1951 2273 2086 2319 vidis-

212 2328 283 2368 set
322 2327 677 2383 corruptionem,
711 2332 866 2383 posset
894 2327 1194 2373 nihilominus
1223 2329 1339 2374 illud
1376 2336 1733 2376 monumentum
1765 2344 1969 2379 manere.
2000 2339 2084 2381 Du-

211 2397 316 2429 rum
347 2392 500 2431 autem
535 2388 715 2433 videtur
747 2394 801 2434 ut
834 2389 977 2434 David
998 2402 1091 2434 non
1122 2391 1260 2435 fuerit
1292 2391 1339 2435 in
1372 2391 1450 2436 illa
1476 2394 1814 2440 resurrectione
1839 2396 2087 2454 J'ustorum,

213 2446 251 2489 51
287 2447 354 2492 eis
386 2448 483 2503 J‘am
527 2455 698 2493 aeterna
727 2451 895 2496 donata
928 2456 1014 2507 est,
1035 2452 1170 2507 cujus
1208 2452 1414 2497 Christus
1437 2466 1492 2498 ex
1522 2455 1698 2500 semine
1724 2459 2076 2506 commendatur

211 2508 543 2553 periclitabitur
572 2511 710 2554 etiam
744 2511 859 2557 illud
877 2512 1001 2568 quod
1036 2513 1092 2557 ad
1118 2514 1331 2558 Hebraeos
1349 2514 1406 2559 de
1423 2514 1564 2571 3115115
1582 2517 1784 2573 antiquis
1807 2519 2001 2568 dicitur:
2025 2525 2088 2568 No

210 2571 304 2612 sine
318 2571 442 2613 nobis
458 2578 900 2628 consummarentur5
917 2574 956 2619 si
971 2575 1068 2631 jam
1088 2574 1135 2618 in
1155 2576 1234 2619 illa
1244 2577 1596 2622 resurrectionis
1610 2579 1952 2636 incorruptione
1961 2595 2079 2628 cons

210 2630 332 2674 tituti
351 2635 477 2688 sunt,
506 2644 610 2688 quae
633 2633 766 2679 nobis
784 2635 1078 2691 perficiendis
1097 2637 1143 2680 111
1164 2637 1255 2682 fine
1274 2639 1568 2693 promittitur.
1592 2658 1613 2679 ι»
1641 2640 1712 2684 Sic
1730 2653 1843 2697 ergo
1870 2645 2090 2700 Augusti-

211 2702 301 2734 nus
330 2691 500 2735 sentire
534 2693 718 2738 videtur
746 2696 871 2752 quod
900 2698 1239 2742 resurrexerint
1275 2699 1442 2743 iterum
1466 2700 1691 2745 morituri.
1714 2702 1780 2746 Ad
1808 2704 1931 2759 quod
1951 2705 2089 2751 etiam

212 2751 393 2796 videtur
413 2754 641 2808 pertinere
655 2758 781 2812 quod
800 2758 1107 2816 Hieronymus
1127 2759 1238 2803 dicit
1260 2761 1422 2817 (Super
1432 2762 1584 2805 Matth.
1610 2762 1696 2807 loc.
1715 2776 1819 2820 sup.
1836 2765 1950 2823 cit.),
1966 2763 2090 2823 quod

210 2815 323 2855 sicut
338 2817 539 2857 Lazarus
558 2821 830 2874 resurrexit,
855 2823 920 2862 sic
934 2823 977 2862 et
997 2820 1141 2863 multa
1158 2833 1352 2876 corpora
1374 2826 1634 2866 sanctorum
1655 2832 2016 2884 resurrexerunt,
2038 2833 2089 2873 ut

210 2877 450 2917 Dominum
480 2878 763 2922 ostenderent
799 2885 1121 2936 resumentem.
1171 2884 1388 2934 Quamvis
1426 2885 1514 2928 hoc
1554 2885 1603 2928 in
1644 2897 1859 2932 sermone
1903 2889 1960 2933 de
2007 2892 2089 2935 As·
2110 2893 2130 2897 “

212 2935 474 3040 sumptiotcile
497 2937 584 3040 spb
606 2938 747 2983 dubio
766 2941 1000 2998 relinquat
1020 2944 1096 3000 (2),
1113 2944 1315 2988 rationes
1338 2949 1491 2990 tamen
1510 2947 1755 3002 Augustini
1775 2949 1922 2994 multo
1940 2951 2088 2997 effica-

202 3005 359 3040 ciores
378 3009 419 3039 v]
457 3009 514 3041 en
536 3010 610 3042 ur.

252 3092 360 3134 (ulta
376 3094 479 3128 sentit
493 3094 561 3135 ipse
587 3096 626 3129 D.
647 3097 793 3132 Thomas
810 3099 900 3140 (lect.
919 3109 958 3134 111
979 3100 1014 3135 111
1032 3112 1103 3141 cap.
1191 3101 1248 3136 illa
1266 3104 1378 3136 autem
1397 3103 1499 3138 verba
1523 3115 1532 3138 :
1551 3104 1626 3138 Sub
1654 3105 1763 3141 dubio
1792 3108 1990 3152 relinquat,
2015 3110 2086 3147 11ωο

208 3147 251 3173 xv
273 3140 370 3180 epist.
397 3140 437 3174 ad
454 3142 546 3184 Cor.)
564 3143 627 3176 hoc
645 3144 735 3184 quod
761 3144 844 3180 dicit
871 3147 1047 3182 Matthaeus
1065 3149 1105 3183 de
1190 3150 1225 3183 in
1253 3154 1345 3184 textu
1364 3150 1501 3190 subjicit
1523 3151 1695 3187 Nicolaius
1709 3166 1721 3188 .-
1743 3154 1810 3188 Ubi
1831 3158 1956 3191 multis
1979 3158 2086 3194 dubi-

209 3188 457 3222 resurrectione
483 3189 634 3231 illorum,
661 3192 786 3232 inquit,
804 3193 887 3227 dicit
903 3206 963 3235 per
983 3196 1105 3230 antici-
1191 3199 1265 3232 tari
1280 3200 1471 3241 proemittit
1483 3210 1533 3234 an
1549 3205 1740 3245 assumpta
1755 3203 1991 3245 sueritsimul
2004 3217 2085 3242 cum

207 3234 389 3275 petionem,
406 3235 484 3276 quia
499 3236 578 3271 licet
601 3237 733 3272 dicatur
753 3239 787 3273 in
805 3244 952 3276 tractatu
968 3244 1008 3276 de
1026 3255 1104 3284 pas-
1189 3256 1343 3288 corpore
1359 3247 1402 3281 B.
1419 3248 1542 3291 Virgo,
1556 3259 1607 3283 an
1625 3250 1758 3285 abierit
1776 3253 1906 3286 relicto
1918 3263 2081 3296 corpore,

208 3281 388 3322 sione.n0u
402 3287 480 3318 tunc
490 3292 721 3327 surrexerunt,
736 3288 794 3322 sed
811 3293 983 3330 postquam
995 3291 1105 3326 Chris·
1189 3293 1232 3326 ab
1253 3295 1339 3328 aliis
1365 3297 1560 3331 nonnullis
1586 3301 1707 3331 autem
1726 3300 1806 3341 jam
1828 3301 2083 3342 resuscitatam

208 3333 263 3363 tus
278 3331 433 3364 surrexit.
1188 3342 1349 3382 adstrui,
1364 3347 1397 3377 et
1412 3343 1517 3380 beata
1540 3356 1619 3379 cum
1636 3346 1783 3381 Christo
1804 3348 2082 3384 immortalitate

254 3376 299 3419 (2)
317 3378 379 3412 Hic
400 3382 510 3414 tamen
525 3392 635 3416 sermo
655 3394 723 3417 non
742 3386 791 3418 est
807 3384 997 3423 Augustini.
1024 3386 1103 3421 Post
1187 3390 1337 3434 vestiri3
1357 3396 1391 3426 et
1411 3392 1606 3436 subjungit:
1633 3394 1886 3431 Verumtamen
1909 3396 1998 3439 quid
2020 3396 2082 3430 Ιιο-
