2170 3808
163 243 243 286 490
801 239 1001 291 QUAEST.
1033 239 1177 295 LVIII,
1207 241 1325 283 ART.
1356 241 1425 284 lv.

249 323 590 368 ARTICULUS
619 323 702 365 IV.
731 346 785 352 ——
815 335 954 365 urium
985 334 1143 366 SEDERE
1173 336 1226 366 An
1255 336 1470 366 nssxrssmm
1501 338 1644 369 PATms
1673 337 1736 368 sn·
1765 335 1972 368 moenum

1021 397 1202 429 CHRISTI.

537 455 584 488 De
599 453 652 488 his
668 453 770 488 etiam
792 455 886 489 Scut.
903 463 956 495 111,
975 453 1053 488 dist.
1072 454 1115 489 22
1127 482 1137 495 ‚
1153 459 1270 496 quaest.
1284 463 1338 496 111,
1354 461 1420 490 art.
1438 456 1471 496 4,
1487 460 1603 499 quast.
1622 464 1676 492 111.

216 509 282 555 Ad
296 513 515 566 quartum
529 509 596 553 sic
611 508 891 566 proceditur.
904 513 924 554 1
934 544 945 554 .
955 508 1145 555 Videtur
1158 508 1284 566 quod
1299 509 1461 555 sedere
1476 511 1535 557 ad
1543 511 1781 557 dexteram
1797 509 1944 556 Patris
1957 523 2053 556 non

162 570 220 616 sit
238 571 480 627 proprium
502 570 683 615 Christi.
707 570 820 615 Dicit
840 571 965 616 enim
987 570 1234 630 Apostolus
1264 571 1446 629 (Ephes.
1464 586 1510 630 11,
1531 575 1593 630 6),
1617 573 1743 631 quod
1763 576 1883 616 Deus
1898 586 2054 618 conre-

162 635 393 676 suscitavit
407 646 503 687 n0s‚
517 637 562 677 et
585 634 822 677 consedere
835 636 942 688 fecit
951 637 1000 678 in
1011 634 1260 679 coelestibus
1277 636 1327 677 in
1345 634 1527 680 Christo
1540 640 1661 680 Iesu.
1683 635 1770 680 Sed
1787 635 2055 681 resuscitari

162 706 255 739 non
276 700 347 740 est
360 695 599 752 proprium
622 695 803 741 Christi.
827 697 946 753 Ergo
968 696 1107 742 etiam
1125 697 1225 754 pari
1238 697 1418 742 ratione
1435 709 1524 744 nec
1547 698 1710 744 sedere
1736 697 1796 743 ad
1814 697 2053 744 dextetam

159 755 236 801 Dei
251 757 300 801 in
316 757 529 802 excelsis.

216 821 257 863 2.
283 822 523 875 Praeterea,
555 820 675 864 sicut
709 821 1000 876 Augustinus
1035 821 1147 866 dicit
1179 820 1258 877 (De
1294 822 1525 880 symbolo,
1550 823 1630 868 lib.
1658 837 1699 879 1,
1731 835 1834 879 cap.
1865 825 1910 877 4,
1946 826 2055 868 ante

161 880 318 938 med.)‚
339 899 358 919 α
379 882 607 925 Christum
632 880 795 926 sedere
813 881 872 927 ad
890 882 1127 927 dexteram
1149 883 1311 940 Patris,
1333 884 1422 928 hoc
1440 888 1511 929 est
1529 883 1738 929 habitare
1758 884 1806 928 in
1819 883 1922 940 ers
1941 882 2055 929 bea-

162 944 374 990 titudine.
395 964 414 984 »
439 945 525 989 Sed
542 945 630 989 hoc
644 944 807 989 multis
830 945 932 990 aliis
947 946 1181 992 convenit.
1196 949 1317 1004 Ergo
1330 946 1513 993 videtur
1537 947 1663 1006 quod
1681 947 1844 994 sedere
1863 946 1924 992 ad
1941 946 2055 993 dex·

161 1009 308 1051 teram
327 1007 472 1051 Patris
490 1019 586 1050 non
602 1006 663 1050 sit
686 1007 925 1063 proprium
945 1008 1126 1053 Christi.

216 1070 257 1114 3.
282 1071 523 1127 Praeterea,
539 1070 651 1126 'ipse
666 1069 776 1114 dicit
794 1071 950 1126 (Apoc.
977 1085 1039 1126 ιιι,
1063 1071 1106 1128 6)
1131 1074 1189 1127 (1)
1211 1087 1222 1114 :
1249 1074 1336 1128 Qui
1365 1075 1540 1131 vicerit,
1573 1072 1692 1116 dabo
1712 1074 1754 1115 ei
1781 1072 1938 1116 sedere
1962 1084 2054 1116 me-

161 1144 262 1174 cum
284 1134 332 1175 in
351 1132 512 1175 throno
531 1145 644 1188 meo,
670 1136 785 1176 sicut
812 1137 853 1176 et
873 1147 950 1190 eqo
982 1137 1086 1191 vici,
1107 1139 1151 1178 et
1173 1136 1272 1179 sedi
1290 1148 1391 1178 cum
1410 1138 1549 1179 Patre
1573 1147 1668 1178 meo
1686 1137 1735 1178 in
1758 1135 1922 1179 throno
1941 1135 2052 1189 ejus.

161 1194 248 1239 Sed
270 1205 355 1251 per
368 1195 456 1239 hoc
478 1194 610 1240 sedet
629 1195 836 1239 Christus
856 1195 915 1240 ad
937 1195 1175 1241 dexteram
1192 1197 1340 1242 Patris
1357 1196 1483 1254 quod
1501 1196 1633 1243 sedet
1661 1196 1710 1241 in
1737 1195 1904 1240 throno
1934 1195 2052 1252 eJus.

160 1257 279 1312 Ergo
296 1257 436 1302 etiam
456 1257 534 1302 alii
557 1258 637 1314 qui
658 1257 869 1312 vincunt,
889 1258 1053 1303 sedent
1071 1259 1131 1305 ad
1153 1258 1393 1305 dexteram
1408 1259 1571 1305 Patris.

216 1322 260 1363 4.
282 1322 507 1365 Praeterea
524 1321 691 1375 (Matth.
709 1335 781 1377 xx,
803 1323 889 1377 23),
908 1322 1132 1367 Dominus
1145 1321 1255 1368 dicit
1266 1324 1325 1378 (2)
1344 1335 1356 1366 ε
1377 1323 1546 1367 Sedere
1556 1321 1622 1366 ad
1641 1322 1882 1367 dexteram
1891 1333 2053 1378 meam,

162 1382 234 1425 vel
270 1384 518 1438 sinistram,
543 1395 633 1426 non
659 1386 724 1425 est
759 1396 905 1425 meum
940 1383 1054 1427 dare
1078 1384 1214 1440 vobis,
1235 1385 1314 1428 sed
1349 1384 1509 1440 quibus
1528 1387 1748 1441 paratum
1780 1386 1847 1427 est
1867 1383 1898 1427 ὰ
1919 1386 2055 1427 Patre

161 1457 271 1488 meo.
294 1447 385 1489 Hoc
407 1450 563 1490 autem
582 1446 755 1490 frustra
776 1445 1024 1503 diceretur,
1051 1446 1139 1491 nisi
1155 1451 1282 1492 esset
1313 1446 1548 1504 aliquibus
1564 1451 1795 1503 paratum.
1820 1447 1919 1491 Non
1943 1457 2056 1502 ergo

162 1506 324 1553 sedere
342 1508 400 1552 ad
426 1508 664 1552 dexteram
682 1508 902 1551 convenit
918 1507 1005 1552 soli
1018 1508 1214 1554 Christo.

217 1569 306 1613 Sed
324 1573 484 1613 contra
510 1569 719 1626 estquod
736 1568 905 1614 dicitur
924 1570 1076 1623 (Hebr.
1099 1584 1129 1627 1,
1150 1571 1220 1625 13)
1242 1586 1254 1614 :
1275 1570 1351 1614 Ad
1381 1583 1511 1627 quem
1537 1570 1804 1626 anqelorum
1820 1571 1943 1614 dixit
1961 1569 2056 1612 ali-

161 1631 343 1685 quando
359 1646 375 1672 .·
404 1632 519 1675 Sede
555 1632 586 1675 ὰ
619 1633 796 1675 dextris
825 1634 952 1688 meis,
977 1632 1025 1677 id
1053 1635 1141 1688 est,
1165 1632 1213 1676 in
1236 1632 1354 1676 meis
1381 1632 1519 1677 bonis
1551 1630 1826 1688 potioribus,
1850 1630 1926 1676 vel
1944 1629 2057 1675 mihi

161 1693 422 1738 secundum
445 1693 733 1737 divinitatem
755 1694 981 1750 aequalis?
1000 1693 1134 1751 quasi
1169 1693 1311 1750 dicat,
1334 1693 1394 1739 ad
1428 1693 1627 1739 nullum.
1654 1693 1742 1738 Sed
1763 1692 1918 1750 angeli
1946 1697 2059 1738 sunt

161 1755 426 1812 superiores
448 1755 551 1800 aliis
574 1755 816 1800 creaturis.
840 1758 962 1812 Ergo
983 1756 1132 1802 multo
1153 1756 1305 1813 magis
1327 1756 1445 1802 nulli
1473 1756 1551 1800 alii
1571 1754 1792 1801 convenit
1813 1754 1977 1801 sedere
1997 1754 2056 1801 ad

161 1817 399 1863 dexteram
419 1818 565 1862 Patris
586 1818 725 1875 quam
744 1818 938 1863 Christo.

206 1887 498 1928 CONCLUSIO.
523 1910 569 1916 --
584 1886 669 1927 Soli
685 1887 845 1928 Christo
858 1918 870 1937 ‚
891 1899 974 1928 non
993 1887 1160 1939 angelo,
1187 1889 1253 1928 vel
1282 1887 1445 1928 homini
1466 1888 1661 1929 convenit
1688 1886 1741 1928 ad
1758 1886 1965 1927 dexteram
1985 1885 2059 1928 Dei

160 1942 291 1982 Patris
317 1943 468 1991 sedere,
497 1943 592 1982 cum
615 1942 727 1983 solus
750 1943 805 1983 sit
831 1943 876 1983 in
906 1947 1056 1984 natura
1078 1943 1189 1984 Patri
1208 1942 1380 1995 aequalis
1401 1943 1627 1985 secundnm
1647 1941 1936 1991 divinitatem}
1951 1945 1991 1983 et
2012 1941 2057 1982 iu

160 1996 499 2092 excellentissilma
531 1998 736 2038 bonorum
773 2000 906 2040 Patris
939 1999 1191 2051 possessIone
1224 2011 1347 2051 super
1378 2010 1523 2040 omnes
1556 2002 1760 2040 creaturas
1793 1997 2056 2048 constitutus,

160 2053 414 2104 inquantum
459 2063 567 2092 omo.

217 2114 488 2171 Respondeo
507 2114 758 2160 dicendum
780 2115 922 2172 quod,
946 2115 1068 2161 sicut
1088 2115 1265 2162 dictum
1288 2121 1360 2162 est
1379 2119 1482 2171 (art.
1500 2119 1544 2172 1,
1562 2120 1590 2161 2
1606 2121 1653 2161 et
1675 2119 1700 2161 3
1720 2123 1892 2175 praec.)‚
1907 2120 2058 2167 Chris-

164 2185 237 2221 tus
276 2177 445 2222 dicitur
479 2177 643 2222 sedere
675 2177 735 2221 ad
766 2176 1000 2222 dexteram
1030 2178 1194 2235 Patris,
1223 2179 1503 2236 inquantum
1539 2179 1802 2225 secundum
1841 2186 2058 2229 naturam

161 2239 368 2284 divinam
400 2243 472 2285 est
504 2240 553 2284 in
575 2239 838 2297 aequalitate
858 2240 1018 2298 PatriS‚
1043 2240 1305 2287 secundum
1326 2245 1482 2287 autem
1499 2241 1752 2287 humanam
1772 2248 1986 2290 naturam
2007 2245 2058 2291 in

162 2301 408 2347 excellenti
440 2302 738 2360 possessione
768 2302 1036 2348 divinorum
1068 2302 1300 2365 bonorum
1334 2316 1431 2362 prae
1466 2305 1647 2349 caeteris
1678 2305 1781 2350 aliis
1813 2308 2055 2354 creaturis.

163 2365 419 2422 Utrumque
444 2369 600 2410 autem
633 2364 719 2409 soli
750 2365 930 2409 Christo
961 2365 1197 2410 convenit.
1220 2366 1347 2412 Unde
1383 2366 1497 2411 nulli
1531 2366 1608 2411 alii
1639 2379 1727 2412 nec
1753 2369 1939 2426 augeb,
1970 2383 2058 2417 nec

161 2426 338 2472 homini
357 2425 575 2472 convenit
593 2426 757 2471 sedere
771 2426 831 2471 ad
849 2426 1086 2472 dexteram
1105 2428 1269 2485 Patris,
1290 2425 1381 2473 nisi
1401 2429 1486 2473 soli
1500 2428 1695 2474 Christo.

218 2491 285 2535 Ad
317 2493 516 2547 primum
548 2501 660 2546 ergo
691 2488 960 2545 dicendum,
991 2489 1118 2547 quod
1155 2489 1264 2547 quia
1293 2490 1501 2535 Christus
1540 2495 1611 2536 est
1655 2497 1795 2549 caput
1824 2498 2054 2551 nostrum,

142 2563 144 2565 ·
163 2550 273 2596 illud
292 2552 418 2609 quod
433 2551 653 2595 collatum
669 2554 742 2595 est
762 2550 959 2607 Christo,
982 2555 1054 2596 est
1075 2551 1216 2596 etiam
1236 2550 1371 2596 nobis
1389 2552 1438 2596 in
1453 2552 1555 2608 ipso
1575 2552 1815 2598 collatum.
1838 2557 1892 2599 Et
1914 2568 2057 2615 prop-

165 2617 234 2658 ter
251 2613 341 2658 hoc
384 2614 494 2671 quia
526 2613 625 2670 ipse
650 2613 748 2669 J‘am
783 2613 1090 2658 resuscitatus
1129 2621 1216 2671 est,
1242 2613 1352 2659 dicit
1387 2613 1633 2672 Apostolus
1669 2615 1796 2674 quod
1827 2619 1948 2663 Deus
1970 2632 2056 2665 nos

163 2676 508 2734 quodammodo
526 2675 568 2721 ei
586 2675 987 2732 conresuscitavit,
1003 2675 1084 2733 qui
1103 2680 1260 2721 tamen
1282 2675 1331 2721 in
1360 2675 1496 2722 nobis
1513 2677 1630 2735 ipsis
1657 2678 1867 2724 nondum
1891 2693 2057 2728 sumus

163 2739 443 2794 resuscitati,
456 2738 540 2784 sed
558 2738 882 2794 resuscitandi,
903 2738 1163 2785 secundum
1185 2738 1300 2785 illud
1319 2741 1465 2794 (Rom.
1481 2753 1572 2797 vm,
1592 2743 1663 2796 11)
1681 2756 1694 2786 2
1715 2743 1804 2798 Qui
1819 2747 2056 2790 suscitavit

162 2803 315 2845 lesum
335 2802 367 2846 ὰ
388 2804 597 2857 mortuis,
616 2801 863 2856 vivificabit
879 2805 924 2845 et
941 2802 1164 2847 mortalia
1174 2815 1370 2860 corpora
1390 2805 1569 2854 nostra,·
1587 2806 1634 2849 et
1651 2804 1910 2850 secundum
1922 2817 2056 2853 eum-

163 2864 271 2910 dem
288 2864 481 2910 modum
505 2863 726 2921 loquendi
751 2863 910 2909 subdit
932 2863 1180 2922 Apostolus
1204 2864 1332 2923 quod
1350 2864 1586 2910 consedere
1599 2878 1681 2910 nos
1701 2868 1811 2922 [ecit
1831 2870 1881 2912 in
1900 2869 2056 2915 coeles-

163 2927 296 2985 tibus,
317 2926 495 2972 scilicet
525 2926 572 2971 in
600 2925 691 2972 hoc
717 2927 819 2984 ipso
856 2927 984 2984 quod
1019 2931 1160 2986 caput
1197 2932 1428 2986 nostrum,
1450 2926 1577 2986 quod
1611 2932 1685 2974 est
1719 2929 1953 2989 Christus,
1990 2930 2054 2978 ihi

163 2989 311 3035 sedet.

217 3052 285 3097 Ad
303 3052 545 3096 secundum
567 3049 835 3108 dicendum,
854 3051 981 3109 quod
1002 3050 1112 3110 quia
1139 3051 1330 3098 dextera
1352 3054 1424 3097 est
1441 3051 1600 3097 divina
1616 3051 1870 3112 beatitudo,
1891 3055 2054 3104 sedere

163 3113 211 3158 in
231 3113 421 3159 dextera
446 3126 541 3159 non
560 3111 794 3171 significat
814 3113 1085 3172 simpliciter
1103 3126 1208 3162 esse
1223 3115 1272 3160 in
1294 3114 1597 3171 beatitudine,
1614 3116 1699 3162 sed
1721 3116 1894 3163 habere
1909 3118 2053 3166 beati-

164 3175 375 3221 tudinem
397 3188 506 3221 cum
524 3176 727 3234 quadam
741 3176 1026 3222 dominativa
1046 3182 1291 3236 potestate,
1312 3182 1360 3224 et
1380 3177 1513 3235 quasi
1534 3178 1768 3236 propriam
1793 3185 1841 3226 et
1866 3185 2052 3228 natura-

163 3238 280 3295 lem3
303 3238 429 3296 quod
447 3239 534 3283 soli
558 3239 735 3284 Christo
755 3239 1000 3296 convenit3
1025 3240 1142 3285 nulli
1174 3245 1332 3286 autem
1361 3239 1439 3285 alii
1463 3245 1702 3286 creaturae.
1726 3244 1877 3287 Potest
1895 3247 2053 3289 tamen

162 3299 252 3345 dici
273 3299 400 3357 quod
420 3301 574 3346 omnis
594 3306 786 3348 sanctus
800 3302 880 3359 qui
901 3302 1040 3348 estin
1059 3302 1360 3361 beatitudine,
1380 3306 1452 3348 est
1476 3302 1534 3348 ad
1557 3303 1795 3349 dexteram
1813 3305 1890 3350 Dei
1913 3318 2052 3351 cons-

205 3397 247 3438 (1)
261 3399 327 3432 Seu
342 3397 407 3432 dici
418 3397 514 3438 jubet
528 3398 646 3438 angelo
661 3398 842 3440 Laodiceae,
857 3399 892 3434 id
905 3402 965 3440 est,
977 3399 1062 3441 epis·
1149 3404 1293 3435 matrem
1317 3411 1412 3435 suum
1430 3398 1690 3442 postulantibus,
1710 3405 1749 3437 ut
1768 3413 1856 3437 unu·
1876 3401 1919 3437 nd
1937 3402 2049 3440 dexte·

163 3457 246 3486 copo
259 3450 297 3479 ut
313 3457 399 3481 vers.
415 3445 451 3479 2¹
471 3449 594 3486 praetcr
611 3451 729 3481 caetcra
747 3447 862 3482 videre
876 3451 937 3482 est.
1151 3459 1236 3490 ram.
1254 3449 1338 3483 nlius
1352 3447 1393 3482 ad
1405 3448 1580 3483 sinistram
1594 3449 1721 3484 sedent.

204 3492 248 3536 (2)
264 3493 420 3529 Zebedaei
442 3493 522 3528 filiis
536 3494 645 3535 prima
661 3495 695 3527 in
709 3499 780 3533 eius
796 3506 900 3535 regno
918 3495 990 3530 loca
1003 3507 1065 3537 per
