2170 3808
132 238 218 282 622
785 233 986 286 QuAEsr.
1018 233 1139 286 Lxx,
1171 233 1290 275 ΛΒΤ.
1323 229 1391 275 [v.

135 317 326 374 signum
346 320 444 362 erat
463 313 783 369 circumcisio,
804 314 868 358 ita
886 313 1063 357 scilicet
1083 313 1143 368 (1)
1166 312 1293 369 quod
1313 313 1453 356 homo
1468 313 1548 369 qui
1570 313 1827 369 accipiebat
1841 313 2036 358 circum-

137 380 379 434 cisionem,
399 375 702 435 profitebatur
736 388 787 420 se
820 375 1061 432 suscipere
1087 374 1227 419 talem
1259 370 1428 432 fidem,
1448 375 1523 419 vel
1543 376 1732 420 adultus
1761 388 1844 431 pro
1865 387 1942 430 se,
1962 374 2037 420 vel

138 441 259 486 alius
291 453 372 497 pro
393 439 615 496 parvulis.
647 436 775 482 Unde
806 442 854 482 et
883 436 1134 493 Apostolus
1154 435 1264 480 dicit
1282 438 1426 490 (Rom.
1451 450 1509 495 ιν,
1531 440 1619 486 Mi,
1650 435 1775 494 quod
1803 438 2037 480 Abraham

136 505 498 559 acceptes-squam
509 502 873 555 circumcisioniS,
893 499 1178 556 siqnaculum
1187 500 1386 554 justitiae
1405 499 1528 552 fidei,
1546 500 1655 555 quia
1671 499 1845 543 scilicet
1857 497 2037 554 justitia

139 569 238 610 erat
257 577 313 608 ex
339 563 428 607 fide
450 563 711 618 significata
726 564 802 618 (Ξ),
828 574 922 605 non
942 573 999 605 ex
1024 559 1380 604 circumcisione
1401 560 1709 616 significante.
1730 563 1783 604 Et
1799 561 1908 617 quia
1927 560 2042 617 bap-

139 626 305 670 tismus
329 629 548 681 operatur
572 623 988 668 instrumentaliter
1007 623 1055 666 in
1086 622 1258 667 virtute
1287 622 1519 678 passionis
1547 623 1727 678 Christi,
1754 635 1845 666 non
1882 627 2039 667 autem

137 687 452 741 circumcisio,
487 687 589 732 ideo
615 687 876 744 baptismus
894 685 1118 743 imprimit
1143 685 1460 729 characterem
1487 684 1862 743 incorporantem
1891 683 2038 730 homi·

141 759 247 792 nem
284 749 487 805 Christo,
523 754 570 793 et
592 748 899 806 copiosiorem
933 746 1131 803 gratiam
1157 745 1338 791 confert
1370 745 1514 803 quam
1544 746 1866 804 circumcisio3
1890 745 2038 804 major

140 810 264 854 enim
289 816 361 854 est
382 811 580 855 effectus
600 810 666 855 rei
686 810 784 866 jam
805 809 1049 865 praesentis
1070 807 1212 865 quam
1229 807 1345 864 spei.

195 872 262 916 Ad
285 876 487 928 primum
509 884 621 929 ergo
648 871 898 916 dicendum
914 904 927 927 ,
949 870 1073 927 quod
1095 870 1212 914 ratio
1233 870 1313 914 illa
1339 869 1628 927 procederet,
1652 870 1691 915 si
1711 882 1771 915 ex
1791 869 2039 914 circumci-

139 932 271 979 sione
294 939 416 978 esset
435 934 618 992 justitia
636 934 769 978 aliter
793 934 935 989 quam
957 945 1041 990 per
1058 932 1198 977 fidem
1223 931 1454 989 passionis
1471 932 1635 978 Christi
1659 934 1732 988 (3).

194 996 259 1040 Ad
284 998 529 1039 secundum
558 996 827 1050 dicendum,
858 995 986 1052 quod
1019 996 1142 1039 sicut
1164 999 1272 1039 ante
1301 994 1641 1039 institutionem
1671 993 2042 1039 circumcisionis

140 1057 240 1104 sola
273 1055 391 1103 fides
417 1058 582 1103 Christi
615 1058 759 1102 futuri
778 1055 1069 1114 ⁴justificabat
1090 1063 1184 1101 tam
1208 1069 1381 1113 pueros
1400 1056 1543 1113 quam
1565 1057 1775 1111 adultos,
1806 1057 1872 1101 ita
1898 1056 2039 1101 etiam

139 1121 493 1165 circumcisione
515 1122 638 1166 data.
664 1120 753 1165 Sed
772 1126 911 1165 antea
933 1132 1027 1164 non
1048 1120 1374 1176 requirebatur
1393 1118 1582 1177 aliquod
1603 1119 1792 1175 signum
1810 1123 2039 1176 protesta-

140 1182 292 1227 tivum
316 1183 457 1240 hujus
482 1183 612 1240 fidei,
637 1184 747 1241 quia
770 1183 979 1228 nondum
1013 1182 1227 1227 homines
1255 1181 1419 1227 fideles
1448 1182 1658 1226 seorsum
1683 1181 1749 1236 jab
1773 1181 2040 1227 infidelibus

140 1252 379 1301 coeperant
401 1246 598 1291 adunari
635 1246 696 1292 ad
731 1246 910 1291 cultum
942 1246 1086 1291 unius
1117 1245 1210 1290 Dei.
1245 1244 1488 1289 Probabile
1518 1249 1675 1289 tamen
1707 1249 1781 1289 est
1807 1245 1932 1302 qued
1954 1257 2040 1303 pa·-

139 1312 298 1352 rentes
318 1309 480 1353 fideles
501 1321 584 1366 pro
606 1309 816 1366 parvulis
837 1308 985 1362 natiS,
1020 1312 1068 1352 et
1091 1307 1295 1351 maxime
1318 1306 1366 1350 in
1392 1306 1600 1363 periculo
1628 1307 1936 1352 existentibus
1957 1307 2040 1352 ali-

141 1382 259 1427 quas
294 1383 456 1428 preces
489 1374 581 1415 Deo
616 1370 882 1425 funderent,
914 1369 989 1414 vel
1019 1369 1224 1426 aliquam
1259 1368 1633 1413 benedictionem
1665 1368 1733 1412 eis
1768 1368 2042 1415 adhiberent

141 1432 406 1488 (quod-erat
427 1432 663 1488 quoddam
689 1432 989 1488 signaculum
1011 1430 1136 1486 fidei)
1151 1462 1164 1488 ,
1187 1430 1308 1475 sicut
1339 1430 1486 1475 adulti
1510 1442 1596 1487 pro
1620 1430 1785 1487 seipsis
1806 1443 1969 1488 preces
1996 1435 2043 1477 et

141 1494 367 1539 sacrificia
390 1494 661 1539 offerebant.

196 1557 261 1601 Ad
291 1560 477 1600 tertium
501 1556 781 1613 dicendum,
816 1555 943 1613 quod
978 1554 1184 1612 populus
1219 1553 1269 1599 in
1298 1553 1483 1599 deserto
1509 1555 1870 1611 praetermittens
1906 1566 2042 1600 man-

141 1617 304 1663 datum
327 1618 698 1663 circumcisionis
726 1617 1060 1672 excusabatur,
1091 1620 1191 1661 tum
1220 1615 1331 1673 quia
1365 1615 1637 1660 nesciebant
1672 1617 1861 1673 quando
1889 1620 2044 1663 castra

141 1681 376 1725 movenda
400 1686 548 1736 erant,
585 1685 685 1726 tum
720 1680 861 1738 quia,
900 1684 950 1725 ut
982 1683 1298 1724 Damascenus
1327 1677 1439 1723 dicit
1462 1678 1603 1733 (Orth.
1628 1675 1708 1724 fid.
1745 1678 1824 1725 lib.
1855 1692 1913 1736 ιν,
1937 1691 2039 1738 cap.

141 1745 221 1800 26,
256 1743 304 1787 in
334 1743 526 1799 prium),
557 1755 653 1786 non
683 1754 878 1787 necesse
914 1746 1015 1787 erat
1054 1752 1136 1786 eos
1165 1740 1354 1798 aliquod
1385 1740 1571 1796 signum
1618 1741 1930 1787 distinctionis
1965 1742 2044 1787 ha-

141 1804 270 1860 bere,
312 1807 420 1850 cum
460 1809 675 1850 seorsum
711 1804 773 1849 ab
805 1804 909 1849 aliis
953 1804 1141 1861 populis
1170 1803 1467 1858 habitabant3
1491 1807 1539 1847 et
1574 1807 1747 1859 tamen,
1781 1807 1835 1848 ut
1861 1810 2042 1861 Augus-

141 1868 271 1912 tinus
315 1869 426 1912 dicit
460 1867 556 1922 (lib.
595 1870 770 1921 Quaest.
810 1867 859 1911 in
887 1869 1029 1911 Josue
1045 1899 1060 1925 ,
1099 1871 1268 1924 quaest.
1305 1869 1359 1923 6,
1399 1865 1427 1910 a
1466 1864 1610 1920 med.)
1626 1898 1640 1921 ,
1678 1865 2042 1912 inobedientiam

141 1930 446 1975 incurrebant
471 1931 548 1988 qui
570 1942 629 1975 ex
651 1934 923 1987 contemptu
943 1928 1374 1986 praetermittebant.
1397 1927 1585 1973 Videtur
1609 1933 1763 1973 tamen
1779 1928 1905 1986 quod
1926 1929 2044 1974 nulli

141 1992 458 2038 incircumcisi
483 1991 655 2037 mortui
671 1992 847 2037 fuerint
864 1993 912 2035 in
933 1992 1133 2047 deserto,
1153 1990 1281 2048 quia,
1299 1994 1352 2035 ut
1367 1989 1503 2045 (Psal.
1523 1995 1607 2044 civ)
1631 1991 1813 2039 dicitur,
1837 2005 1928 2035 non
1941 1995 2045 2037 erat

141 2057 190 2098 in
210 2055 411 2098 tribubus
435 2067 590 2099 eorum
613 2056 838 2110 infirmus;
856 2053 938 2099 sed
959 2053 1025 2097 illi
1041 2052 1128 2097 soli
1151 2052 1371 2098 videntur
1384 2052 1554 2096 mortui
1577 2051 1625 2096 in
1645 2051 1830 2098 deserto
1848 2053 1927 2111 qui
1946 2054 2043 2100 fue·

141 2123 249 2162 rant
272 2119 318 2162 in
339 2120 535 2175 AEgypto
557 2117 847 2171 circumcisi,
873 2116 914 2160 si
939 2121 1095 2160 tamen
1115 2115 1260 2172 aliqui
1283 2113 1596 2159 incircumcisi
1618 2116 1788 2160 mortui
1809 2121 1942 2175 sunt,
1965 2129 2042 2162 ea·

143 2181 249 2225 dem
268 2181 387 2226 ratio
407 2186 476 2226 est
499 2180 558 2226 de
580 2181 653 2225 his
675 2186 728 2225 ut
753 2181 812 2226 de
832 2180 905 2224 his
928 2179 1008 2236 qui
1037 2177 1360 2223 moriebantur
1387 2183 1495 2223 ante
1521 2178 1889 2224 circumcisionis
1911 2179 2042 2226 insti·

142 2243 392 2299 tutionem3
418 2243 543 2300 quod
577 2242 717 2291 etiam
744 2241 1103 2298 intelligendum
1131 2244 1204 2285 est
1223 2240 1283 2285 de
1305 2240 1465 2298 pueris
1488 2240 1568 2298 qui
1591 2240 1910 2287 moriebantur
1933 2246 2047 2289 ante·

142 2309 358 2350 octavum
387 2306 509 2350 diem
532 2309 741 2361 tempore
764 2304 896 2361 legis·

199 2368 265 2412 Ad
283 2370 499 2424 quartum
515 2365 783 2421 dicendum,
811 2365 938 2423 quod
956 2366 1004 2410 in
1021 2364 1378 2410 circumcisione
1392 2364 1688 2410 auferebatur
1701 2365 1928 2423 originale
1940 2378 2044 2425 pec·

143 2434 302 2474 catum
334 2441 393 2474 ex
422 2434 553 2486 parte
583 2439 821 2485 personae,
857 2426 1131 2472 remanebat
1158 2431 1313 2471 tamen
1347 2426 1735 2484 impedimentum
1767 2428 1973 2474 intrandi
1993 2429 2042 2474 in

143 2501 345 2548 regnum
369 2491 596 2535 coelorum
621 2502 680 2534 ex
698 2494 830 2547 parte
849 2490 994 2534 totius
1014 2494 1220 2545 naturae,
1243 2489 1370 2546 quod
1391 2487 1478 2533 fuit
1499 2489 1735 2534 sublatum
1758 2502 1843 2547 per
1862 2491 2044 2549 passio-

143 2565 254 2598 nem
273 2553 456 2598 Christi.
482 2556 534 2597 Et
552 2552 657 2598 ideo
675 2553 817 2597 etiam
836 2552 1098 2609 baptismus
1117 2555 1227 2596 ante
1247 2551 1516 2608 passionem
1535 2552 1707 2596 Christi
1719 2565 1814 2597 non
1833 2552 2045 2600 introdu-

143 2616 279 2661 cebat
311 2616 358 2659 in
384 2626 600 2672 regnum.
635 2614 725 2661 Sed
743 2619 791 2660 et
821 2614 1142 2672 circumcisio,
1176 2613 1217 2658 si
1247 2613 1440 2658 haberet
1459 2613 1615 2658 locum
1641 2619 1748 2671 post
1778 2615 2042 2672 passionem

144 2678 328 2734 Christi,
347 2678 666 2723 introduceret
688 2678 735 2721 in
759 2689 976 2734 regnum.

198 2741 267 2786 Ad
290 2744 494 2797 quintum
516 2740 793 2798 dicendum,
827 2740 954 2798 quod
975 2738 1139 2794 adulti,
1163 2738 1355 2796 quando
1382 2738 1853 2798 circumcidebantur,
1877 2753 2046 2787 conse-

143 2803 411 2861 quebantur
429 2803 754 2848 remissionem
778 2813 874 2847 non
902 2801 1051 2847 solum
1079 2801 1319 2858 originalis
1351 2801 1530 2858 peccati
1548 2834 1561 2857 ,
1586 2801 1676 2847 ,sed
1711 2801 1851 2847 etiam
1883 2806 2045 2848 actua-

143 2866 258 2911 lium
282 2870 580 2923 peccatorum
604 2867 679 2923 (4),
701 2877 796 2910 non
816 2870 972 2910 tamen
991 2865 1056 2910 ita
1077 2864 1204 2922 quod
1223 2864 1532 2909 liberarentur
1556 2863 1616 2909 ab
1636 2863 1765 2909 omni
1786 2869 1919 2911 reatu
1941 2877 2045 2923 poe-

145 2941 234 2986 nae,
259 2930 382 2974 sicut
404 2928 451 2974 in
472 2928 723 2986 baptism0,
745 2929 794 2972 in
813 2939 909 2986 quo
927 2927 1167 2982 confertur
1184 2926 1416 2983 copiosior
1434 2926 1597 2983 gratia.
1684 2928 1686 2930 ’

185 3068 297 3110 (l)1ta
325 3065 408 3101 editi
435 3079 552 3103 omnes
579 3066 662 3102 libri
690 3079 775 3109 quos
797 3066 971 3109 videmus,
995 3068 1054 3109 qui
1140 3065 1323 3106 conferret,
1341 3062 1395 3101 vel
1410 3065 1446 3100 in
1462 3065 1533 3106 lege
1552 3065 1659 3107 Moysi
1673 3064 1869 3102 contulisset
1881 3066 2045 3110 indepen-

143 3119 257 3151 tamen
282 3115 323 3150 ad
343 3115 531 3155 marginem
555 3119 678 3150 notant
693 3115 823 3151 varium
852 3114 1054 3157 lectionem,
1096 3115 1108 3127 ¹
1140 3114 1263 3150 denter
1280 3115 1299 3148 ὲ
1324 3114 1477 3157 passione
1493 3113 1641 3155 Christi,
1658 3113 1710 3149 vel
1728 3114 1746 3148 ὲ
1762 3113 1830 3150 fide
1854 3114 1961 3155 ipsius
1974 3126 2046 3158 pas-

144 3175 246 3206 quam
274 3175 312 3198 ex
328 3164 426 3197 codd.
445 3163 560 3198 Alcen.
573 3189 582 3204 ,
612 3164 750 3198 Terrae.
766 3166 802 3197 et
821 3162 928 3197 Paris.
950 3162 1054 3203 subji-
1139 3163 1254 3198 sionis.

145 3211 254 3247 cimus
277 3224 285 3246 =
305 3211 549 3246 circumcisio
579 3216 704 3247 autem
729 3211 938 3254 conserebat
968 3222 1053 3255 yra—
1182 3213 1226 3254 (4)
1245 3211 1415 3255 Quamvis
1433 3223 1502 3246 non
1520 3222 1560 3246 ex
1582 3222 1683 3254 opere
1699 3213 1857 3252 operato,
1879 3209 1988 3246 velex
2012 3212 2046 3247 vi

145 3261 247 3300 tiam,
261 3261 484 3304 inquantum
501 3264 582 3295 erat
600 3261 747 3304 siqnum
762 3260 850 3304 fidei
864 3260 1053 3304 passionis
1140 3261 1286 3303 quadam
1308 3260 1493 3295 intrinseca
1509 3259 1762 3294 instrumentali
1777 3286 1787 3300 ‚
1805 3258 1894 3294 sicut
1908 3259 1944 3293 in
1964 3259 2046 3301 bap·

147 3309 288 3343 Christi
308 3308 461 3350 [μιαν-ω,
478 3310 532 3342 ita
549 3309 701 3351 scilicet,
718 3312 784 3343 etc.
982 3330 989 3334 -
1139 3309 1239 3343 tismo
1267 3308 1326 3349 fit,
1359 3308 1418 3343 sed
1451 3320 1487 3342 ex
1505 3319 1605 3349 opere
1638 3307 1810 3349 operantis
1838 3311 1872 3341 et
1907 3312 2046 3348 propter

185 3356 231 3399 (2)
245 3356 313 3396 At,
325 3358 346 3401 j
351 3357 574 3399 unificante.
1139 3356 1319 3398 quamdam
1338 3355 1540 3391 relationem
1557 3356 1778 3391 extrinsecam
1801 3353 1844 3389 ad
1859 3355 2045 3397 passionem

186 3405 230 3447 (5)
248 3405 347 3447 Puta,
371 3405 398 3440 si
415 3416 477 3448 per
499 3405 642 3446 seipsam
658 3405 870 3442 circumcisio
886 3405 1052 3447 justitiam
1140 3405 1279 3447 Christi,
1297 3405 1344 3440 ait
1362 3404 1506 3442 Nicolai'.
