2170 3808
253 262 309 306 82
800 254 999 308 QUAEST.
1035 254 1122 304 Vll,
1153 253 1271 296 ART.
1302 253 1375 296 ΧΠ
1403 254 1467 296 ΕΤ
1495 254 1601 296 XIII.

257 341 399 387 titatis
421 339 564 385 finitae
582 349 678 382 non
701 340 774 381 est
796 335 969 392 aliquid
986 334 1112 391 quod
1127 339 1358 391 repugnet
1373 334 1613 379 additioni.
1631 334 1674 379 Si
1692 333 1803 379 vero
1823 333 2066 390 loquamur
2091 333 2147 379 de

254 402 513 460 quantitate
534 398 753 454 naturali,
773 397 842 442 sic
863 402 1017 455 potest
1038 409 1143 442 esse
1159 396 1468 454 repugnantia
1489 409 1548 441 ex
1565 401 1695 454 parte
1715 396 1893 452 formae,
1914 395 1989 440 cui
2012 394 2147 441 debe·

256 470 333 510 tur
354 462 660 510 determinata
682 459 936 518 quantitas,
957 459 1080 504 sicut
1101 463 1148 504 et
1164 459 1254 503 alia
1273 458 1530 503 accidentia
1552 457 1875 504 determinata.
1899 456 2029 502 Unde
2046 456 2148 501 Phi-

253 525 478 583 losophus
498 524 609 570 dicit
627 524 707 580 (De
722 522 896 579 anima,
912 521 995 567 lib.
1012 535 1060 578 11,
1085 526 1197 566 text.
1215 524 1302 578 41),
1329 520 1456 579 quod
1481 540 1501 559 «ι
1518 519 1728 566 omnium
1748 522 1916 564 natura
1931 522 2148 581 constan-

254 588 372 633 tium
394 591 467 632 est
484 586 732 642 terminUS,
757 590 804 631 et
818 584 936 630 ratio
950 584 1289 641 magnitudinis
1304 589 1350 628 et
1362 583 1600 640 augmenti
1617 584 1691 639 (1).
1708 602 1728 622 »
1747 585 1802 626 Et
1815 579 1924 626 inde
1937 586 2010 626 est
2027 580 2149 643 quod

254 649 501 706 quantitati
524 648 666 693 totius
689 661 782 692 non
799 651 952 704 potest
970 647 1071 691 fieri
1090 646 1278 691 additio.
1303 645 1441 690 Multo
1466 644 1608 702 igitur
1623 644 1775 701 magis
1795 643 1843 687 in
1862 641 1975 701 ipsis
1991 642 2150 688 formis

254 710 578 756 consideratur
601 710 768 767 aliquis
790 710 1036 765 terminus,
1053 708 1177 753 ultra
1195 721 1335 765 quem
1360 720 1453 752 non
1486 707 1864 765 progrediuntur.
1896 707 1950 749 Et
1967 709 2151 763 propter

253 773 341 817 hoc
363 785 459 817 non
481 776 663 829 oportet
681 771 806 828 quod
826 769 987 826 gratiae
1011 769 1174 814 Christi
1203 769 1351 826 possit
1370 768 1469 814 fieri
1492 768 1681 827 additio,
1709 765 1924 825 quamvis
1945 766 2005 811 sit
2022 766 2150 812 finita

253 835 514 881 secundum
533 833 608 878 sui
624 833 893 879 essentiam.

308 896 373 942 Ad
394 896 640 941 secundum
666 895 933 951 dicendum,
969 893 1094 952 quod
1115 893 1264 938 virtus
1296 893 1471 950 divina,
1495 891 1603 938 licet
1624 890 1773 950 possit
1804 889 1956 935 facere
1976 889 2152 948 aliquid

253 959 408 1017 maJus
429 963 475 1004 et
497 958 667 1003 melius
686 957 828 1015 quam
850 957 910 1002 sit
929 955 1180 1001 habitualis
1205 955 1353 1012 gratia
1377 954 1561 1010 Christi,
1593 966 1688 999 non
1710 958 1865 997 tamen
1895 958 2054 1010 posset
2079 952 2143 998 fa-

254 1033 358 1066 cere
380 1021 506 1079 quod
524 1020 820 1067 ordinaretur
837 1019 896 1065 ad
916 1017 1091 1076 aliquid
1103 1017 1256 1076 majus
1276 1016 1418 1075 quam
1432 1018 1493 1062 sit
1509 1016 1622 1061 unio
1640 1013 1899 1073 personalis
1916 1013 1976 1059 ad
1988 1014 2151 1060 Filium

253 1083 551 1140 unigenitum
577 1082 606 1127 a
636 1084 770 1127 Patre
794 1096 807 1126 ε
833 1080 909 1126 cui
940 1080 1102 1126 unioni
1134 1080 1421 1126 sufficienter
1441 1077 1775 1136 correspondet
1795 1076 1901 1121 talis
1931 1088 2152 1122 mensura

252 1146 430 1202 gratiae,
447 1144 711 1191 secundum
726 1143 1046 1190 definitionem
1062 1143 1232 1188 divinae
1254 1141 1510 1198 sapientiae.
1981 1196 1983 1198 η

307 1206 375 1252 Ad
393 1209 575 1251 tertium
593 1205 859 1262 dicendum,
874 1204 1000 1262 quod
1015 1205 1063 1249 in
1083 1203 1314 1262 sapientia
1334 1208 1381 1249 et
1399 1203 1548 1260 gratia
1567 1202 1736 1260 anquis
1753 1204 1908 1259 potest
1927 1197 2152 1258 proficere

253 1267 513 1324 dupliciter.
531 1269 630 1312 Uno
641 1267 781 1312 modo
799 1266 1060 1312 secundum
1078 1267 1206 1323 ipsos
1225 1265 1412 1311 habitus
1428 1264 1668 1323 sapientiae
1687 1268 1734 1310 et
1752 1262 1914 1320 gratiae
1934 1274 2151 1319 augmen-

252 1333 372 1375 tatos
397 1344 410 1375 ε
435 1334 482 1375 et
503 1330 572 1376 sic
587 1330 796 1374 Christus
814 1329 864 1373 in
884 1329 953 1374 eis
968 1341 1059 1373 non
1078 1328 1362 1385 proficiebat.
1386 1328 1483 1373 Alio
1501 1327 1640 1373 modo
1659 1325 1920 1372 secundum
1941 1325 2150 1383 effectus,

251 1391 534 1449 inquantum
572 1392 748 1436 scilicet
777 1390 946 1448 aliquis
981 1389 1263 1447 sapientiora
1297 1395 1343 1435 et
1369 1390 1646 1435 virtuosiora
1669 1401 1811 1446 opera
1847 1386 1982 1445 facit3
2017 1393 2064 1432 et
2084 1387 2152 1432 sle

253 1454 459 1498 Christus
477 1454 751 1511 proficiebat
770 1452 1000 1509 sapientia
1014 1457 1061 1496 et
1083 1452 1250 1511 gratia,
1272 1453 1393 1498 sicut
1407 1456 1454 1498 et
1470 1456 1623 1508 aetate,
1645 1451 1755 1509 quia
1768 1450 2029 1497 secundum
2043 1462 2152 1508 pro-

253 1528 438 1562 cessum
464 1516 613 1561 aetatis
636 1515 914 1573 perfectiora
933 1527 1074 1572 opera
1096 1514 1296 1560 faciebat
1317 1519 1371 1560 ut
1394 1527 1445 1561 se
1471 1525 1637 1560 verum
1664 1513 1901 1559 hominem
1932 1513 2154 1559 demons-

253 1581 411 1633 traret,
434 1581 480 1622 et
498 1577 547 1621 in
564 1577 637 1622 his
650 1589 755 1634 quae
773 1576 962 1621 suntad
983 1578 1144 1635 Deum,
1163 1579 1210 1621 et
1227 1575 1275 1620 in
1290 1576 1364 1622 his
1380 1589 1485 1635 quae
1503 1580 1616 1622 sunt
1628 1576 1688 1620 ad
1702 1575 1917 1620 homines
1938 1577 2014 1630 (2).

292 1641 641 1684 ARTICULUS
669 1641 800 1683 xm.
832 1663 886 1670 -
917 1651 1122 1688 anamma
1152 1650 1303 1682 cunm
1333 1652 1492 1683 cnmsri
1523 1651 1760 1682 mannitus
1790 1651 1838 1681 sa
1866 1651 2028 1681 minan
2056 1650 2109 1681 u>

1102 1713 1298 1746 UNIONEM.

252 1768 301 1804 Do
313 1768 369 1804 his
385 1768 485 1803 etiam
504 1769 599 1804 Sent.
617 1776 668 1808 ιιι,
686 1768 765 1802 dist.
780 1768 834 1809 45,
855 1772 972 1809 quaest.
988 1776 1042 1810 ιιι,
1061 1772 1127 1803 art.
1140 1768 1174 1810 2,
1190 1773 1308 1811 quoest.
1325 1779 1378 1811 ιιι,
1392 1775 1427 1805 et
1441 1771 1564 1812 opusc.
1581 1778 1621 1811 ιι,
1642 1780 1715 1811 cap.
1729 1768 1807 1810 254,
1825 1774 1860 1803 et
1877 1770 1945 1810 op.
1958 1776 2016 1809 Lx,
2032 1778 2104 1810 cap.
2118 1768 2152 1803 5.

307 1823 372 1869 Ad
393 1823 582 1868 tertium
602 1822 837 1867 decimum
854 1822 922 1866 sic
940 1822 1224 1879 proceditur.
1249 1827 1292 1870 1.
1317 1825 1503 1870 Videtur
1523 1824 1650 1882 quod
1671 1822 1820 1879 gratia
1837 1822 2086 1868 habitualis
2103 1823 2154 1868 in

250 1885 427 1930 Christo
447 1897 542 1929 non
561 1884 878 1942 subsequatur
899 1884 1134 1930 unionem.
1157 1886 1285 1931 Idem
1318 1887 1441 1931 enim
1465 1899 1561 1931 non
1592 1885 1803 1943 sequitur
1836 1885 1896 1931 ad
1925 1885 2151 1944 seipsum.

251 1948 340 1993 Sed
356 1947 458 1992 haec
479 1946 627 2004 gratia
655 1946 906 1991 habitualis
929 1946 1115 1992 videtur
1137 1948 1300 1993 eadem
1330 1961 1435 1994 esse
1467 1961 1576 1994 cum
1608 1947 1757 2005 gratia
1791 1947 1981 1993 unionis
2006 1962 2018 1991 ε
2043 1948 2154 1995 dicit

251 2009 375 2054 enim
387 2008 679 2065 Augustinus
698 2008 764 2061 (in
784 2008 867 2053 lib.
887 2011 951 2053 De
963 2008 1181 2066 praedest.
1202 2016 1489 2067 sanctorum,
1512 2024 1615 2068 cap.
1639 2014 1712 2067 15,
1731 2014 1841 2056 ante
1853 2010 1998 2065 med.)
2021 2025 2033 2053 z
2054 2029 2073 2048 «
2092 2012 2153 2055 Ea

251 2071 399 2128 gratia
420 2070 473 2115 fit
489 2069 548 2115 ab
570 2070 701 2114 initio
724 2070 834 2115 fidei
849 2082 948 2115 suae
968 2070 1109 2115 homo
1131 2072 1416 2130 quicumque
1435 2073 1737 2130 Christianus,
1750 2072 1844 2130 qua
1853 2072 2002 2129 gratia
2014 2073 2153 2118 homo

249 2133 327 2178 ille
349 2133 409 2177 ab
427 2132 558 2177 initio
581 2144 668 2177 suo
687 2132 841 2176 factus
860 2136 930 2177 est
951 2132 1161 2178 Christus
1173 2137 1233 2189 (3)
1245 2155 1257 2189 ;
1285 2154 1305 2173 υ
1331 2148 1531 2193 quorum
1558 2136 1758 2181 duorum
1777 2134 1981 2192 primum
2004 2135 2152 2192 perti-

251 2199 332 2239 net
359 2194 418 2239 ad
438 2194 637 2251 gratiam
664 2192 970 2252 habitualem,
1004 2196 1267 2240 secundum
1288 2198 1348 2242 ad
1370 2198 1566 2253 gratiam
1595 2196 1799 2242 unioniS.
1830 2199 1950 2254 Ergo
1972 2197 2153 2243 videtur

250 2255 377 2312 quod
395 2254 544 2311 gratia
567 2254 818 2300 habitualis
844 2268 940 2299 non
963 2255 1279 2314 subsequatur
1299 2258 1539 2303 unionem.

304 2320 347 2362 2.
379 2320 621 2372 Praeterea,
646 2316 886 2373 dispositio
903 2318 1122 2374 praecedit
1144 2320 1476 2375 perfectionem
1490 2325 1714 2378 tempore,
1737 2320 1812 2366 vel
1825 2321 1991 2367 saltem
2012 2322 2140 2368 intel·

247 2379 374 2423 lectu
396 2380 473 2433 (4).
494 2378 584 2423 Sed
605 2378 754 2433 gratia
787 2379 1036 2424 habitualis
1061 2380 1246 2425 videtur
1278 2395 1383 2427 esse
1420 2383 1540 2428 sicut
1562 2383 1778 2442 quaedam
1799 2382 2039 2441 dispositio
2062 2384 2152 2430 hu-

248 2451 401 2485 manae
416 2444 597 2485 naturae
615 2439 676 2484 ad
690 2439 913 2485 unionem
929 2442 1239 2497 personalem.
1256 2447 1374 2502 Ergo
1389 2445 1574 2491 videtur
1592 2445 1718 2505 quod
1737 2445 1886 2503 gratia
1900 2446 2149 2494 habitualis

249 2514 346 2546 non
369 2501 685 2558 subsequatur
699 2501 939 2558 unionem,
963 2503 1047 2548 sed
1069 2504 1219 2560 magis
1233 2507 1481 2562 praecedat.

305 2566 348 2609 3.
373 2565 616 2620 Praeterea,
636 2573 886 2609 commune
901 2569 972 2609 est
992 2565 1123 2622 prius
1141 2569 1344 2624 proprio,
1373 2570 1457 2615 Sed
1479 2570 1627 2627 gratia
1648 2569 1899 2615 habitualis
1924 2575 1998 2617 est
2019 2583 2151 2617 com-

249 2626 407 2671 munis
424 2625 619 2681 Christo,
637 2630 684 2670 et
698 2626 802 2671 aliis
819 2627 1089 2673 hominibus
1108 2643 1121 2674 :
1140 2630 1288 2686 gratia
1303 2638 1460 2678 autem
1474 2633 1664 2679 unionis
1674 2638 1747 2679 est
1755 2633 1942 2691 propria
1952 2634 2148 2682 Christo.

248 2689 369 2743 Ergo
382 2686 508 2745 prior
522 2692 593 2732 est
607 2688 868 2733 secundum
882 2688 1170 2735 intellectum
1190 2693 1338 2747 gratia
1353 2694 1603 2740 habitualis
1620 2695 1761 2753 quam
1782 2694 1883 2752 ipsa
1901 2696 2030 2741 unio.
2049 2699 2148 2743 Non

250 2761 363 2806 ergo
377 2748 590 2806 sequitur
612 2761 733 2795 eam.

306 2811 394 2857 Sed
430 2815 591 2855 contra
630 2816 703 2856 est
735 2811 861 2869 quod
883 2811 1052 2857 dicitur
1073 2815 1176 2868 (isa.
1196 2829 1297 2870 xm,
1322 2819 1365 2873 1)
1391 2833 1402 2863 :
1429 2823 1544 2863 Ecce
1564 2832 1720 2863 servus
1742 2832 1884 2876 meus,
1902 2823 2149 2880 suscipiam

249 2886 375 2930 eum5
398 2877 446 2918 et
457 2877 620 2930 postea
634 2873 875 2919 subditur:
891 2875 1008 2918 Dedi
1018 2878 1229 2932 spiritum
1244 2891 1390 2923 meum
1406 2895 1544 2938 super
1558 2895 1658 2925 eum
1668 2897 1683 2923 .·
1694 2881 1821 2939 quod
1831 2881 2021 2940 quidem
2037 2896 2148 2942 per-

248 2935 365 2981 tinet
377 2935 438 2981 ad
460 2935 637 2981 donum
660 2937 820 2993 gratiae
840 2936 1105 2983 habitualis.
1125 2940 1254 2985 Unde
1273 2941 1550 3000 relinquitur
1569 2943 1694 3000 quod
1712 2945 1946 3001 susceptio
1969 2950 2149 2992 naturae

249 2997 467 3043 humanae
488 2998 534 3042 in
558 2999 786 3044 unitatem
811 3012 1022 3056 personae
1051 3002 1283 3057 praecedat
1305 3006 1500 3061 gratiam
1523 3006 1806 3051 habitualem
1826 3007 1875 3051 in
1897 3007 2092 3054 Christo,

289 3119 335 3160 (1)
356 3119 434 3154 Sive
454 3118 574 3154 ultima
593 3120 745 3176 quaedam
764 3128 800 3156 et
823 3121 969 3156 maxima
990 3125 1159 3165 quantitas
1283 3129 1328 3171 (5)
1346 3129 1421 3165 Non
1437 3130 1529 3171 quasi
1547 3131 1642 3171 prius
1658 3130 1773 3172 homo,
1791 3130 1915 3166 deinde
1929 3131 2091 3172 Christus.
2109 3138 2148 3168 ut

251 3165 303 3201 vel
329 3177 509 3206 mensura.
535 3168 626 3201 ultra
648 3180 749 3226 (Flam
779 3181 974 3227 excrescere.
998 3182 1066 3205 ⁰⁰11
1088 3183 1160 3213 1³⁰³·
1242 3175 1417 3212 Nestorius
1428 3172 1610 3222 asserebat3
1631 3179 1689 3214 sed
1703 3179 1805 3212 simul
1817 3178 1919 3213 homo
1938 3179 2146 3217 etehristus.

246 3218 348 3269 πρὶς
369 3218 402 3248 et
423 3218 561 3270 vocatur
586 3226 792 3274 '‘reama-nimii
817 3219 913 3261 quod
938 3228 993 3253 ew
1015 3218 1070 3254 vel
1087 3223 1153 3255 ter*
1282 3226 1325 3267 (4)
1340 3226 1509 3267 Tempore
1525 3226 1662 3268 quidem
1685 3225 1713 3261 si
1727 3226 1772 3260 sit
1794 3225 1994 3267 imperfecta
2009 3227 2146 3269 disposi-

248 3271 374 3297 πωπω
394 3263 930 3321 ηιαρπιιαάῑηιεᾖηινιηεεραε.
1242 3272 1290 3306 tio
1315 3285 1389 3314 quae
1412 3273 1577 3314 paulatim
1609 3275 1649 3307 ad
1673 3274 1820 3309 formam
1844 3274 2061 3317 introducat:
2088 3277 2145 3311 sed

289 3309 333 3350 (2)
349 3309 440 3344 DOUS
458 3309 611 3345 Verbum
627 3339 635 3352 .
655 3317 703 3347 fllt
727 3315 763 3348 S·
783 3313 940 3368 Cyljsslus,
966 3314 1155 3351 humflniffl·
1240 3322 1416 3356 intellectu
1434 3321 1565 3362 saltem,
1582 3321 1717 3363 quando
1732 3322 1907 3364 dispositio
1922 3327 1974 3358 est
1985 3322 2144 3367 perfecta,

248 3358 318 3391 tem
335 3368 431 3412 mpre
454 3361 708 3414 ‘suo-proficere
736 3362 978 3405 permittebat,
997 3367 1032 3398 et
1058 3364 1153 3405 quasi
1241 3370 1318 3410 quia
1345 3369 1382 3404 in
1410 3369 1528 3404 eodem
1555 3369 1693 3403 instanti
1724 3382 1789 3411 quo
1820 3370 1939 3404 ultima
1972 3370 2145 3412 dispositio

248 3404 411 3445 paulatim
430 3405 616 3443 divimtatis
634 3420 701 3443 suae
726 3408 859 3444 volebat
881 3411 1022 3448 gratiam
1039 3411 1151 3445 decla-
1240 3416 1428 3458 inducitur,
1446 3418 1678 3453 introducitur
1697 3418 1818 3452 forma.

248 3463 338 3493 rare,
361 3461 395 3487 ct
418 3465 494 3488 cum
513 3456 665 3496 corporis
680 3462 788 3498 aetate,
806 3458 909 3491 etiam
924 3469 1019 3494 suam
1043 3467 1162 3493 ext-cn-

247 3499 328 3534 dere
343 3500 413 3538 (lib.
436 3502 481 3535 De
497 3503 628 3538 incarn.
647 3515 720 3546 cap.
745 3505 803 3545 12).
