2170 3808
201 247 286 291 504
869 244 1068 297 QUAEST.
1099 244 1186 297 Lx,
1215 243 1334 286 ART.
1365 245 1432 289 iv.

317 328 660 372 ARTICULUS
703 328 785 370 IV.
826 350 874 356 -
914 339 1047 368 uranu
1089 338 1386 442 sAcmnffi'i-un
1426 339 1491 371 srr
1531 339 1690 371 smirna
1727 339 1876 377 Ariona
1911 339 1989 371 aas

473 406 476 410 ·
990 399 1215 430 sensimus
1311 421 1323 432 .

203 464 255 500 Do
280 463 334 499 his
359 464 461 498 otiam
480 465 575 498 Sent.
603 472 652 506 lv,
678 463 754 498 dist.
781 465 811 504 i,
829 469 944 504 quaest.
961 472 985 503 1,
1007 466 1072 498 art.
1096 463 1129 504 1,
1145 467 1262 505 quaest.
1280 471 1307 502 ι.
1330 466 1365 498 et
1383 467 1448 498 art.
1467 463 1501 504 2,
1522 465 1719 505 quantiano.
1735 473 1762 504 ι.
1780 467 1815 499 et
1829 467 1894 499 art.
1910 464 1933 499 5
1955 463 2098 506 contat

705 512 803 547 Cont.
821 515 913 553 gent.
940 510 1003 546 lib.
1024 519 1074 554 lv,
1089 522 1164 553 cap.
1182 512 1236 554 56,
1253 515 1288 547 et
1304 512 1402 546 Ioan.
1417 520 1472 554 111,
1491 511 1557 547 col.
1569 513 1601 547 4.

255 570 324 616 Ad
344 575 564 628 quartum
587 571 655 617 sic
686 572 967 629 proceditur.
992 575 1034 617 1.
1057 572 1245 617 Videtur
1268 571 1395 628 quod
1415 579 1759 618 sacramentum
1793 585 1887 618 non
1915 583 2099 629 semper

201 631 263 678 sit
282 632 440 691 aliqua
458 646 535 679 res
555 634 807 691 sensibilis,
832 634 957 692 quia,
982 633 1246 679 secundum
1265 633 1596 692 Philosophum
1623 634 1687 691 (in
1710 635 1791 680 lib.
1816 648 1845 679 ιι
1871 633 2097 689 Priorum,

200 706 303 752 cap.
327 695 507 753 penult.
529 700 576 741 et
595 696 718 754 ult.),
744 714 765 735 «
789 697 946 740 omnis
975 696 1171 741 effectus
1191 709 1290 741 suae
1310 708 1470 741 causae
1493 696 1682 753 signum
1708 700 1794 743 est.
1820 715 1842 736 υ
1864 695 1954 743 Sed
1978 695 2100 743 sicut

201 761 312 803 sunt
339 758 528 817 quidam
552 758 748 803 effectus
770 758 1042 815 sensibiles,
1059 758 1125 803 ita
1152 757 1293 804 etiam
1320 761 1432 803 sunt
1462 758 1653 816 quidam
1675 758 1870 804 effectus
1886 756 2101 816 intelligi-

200 818 333 878 biles,
353 821 476 866 sicut
504 820 701 865 scientia
719 824 790 865 est
812 820 1007 865 effectus
1031 820 1464 866 demonstrationis.
1494 822 1614 879 Ergo
1631 834 1727 866 non
1747 833 1887 866 omne
1908 819 2099 879 signum

201 885 273 926 est
294 882 531 927 sensibile.
560 881 739 926 Sufficit
760 886 917 926 autem
937 882 998 927 ad
1020 882 1252 928 rationem
1271 881 1552 928 sacramenti
1572 882 1700 940 quod
1732 882 1792 928 sit
1809 884 2000 938 signum
2020 882 2094 928 ali·

203 944 339 1002 cujus
359 945 426 990 rei
452 957 614 1002 sacrae,
639 944 922 1001 inquantum
942 957 1026 1002 per
1058 957 1162 990 eam
1199 946 1338 991 homo
1374 944 1706 1003 sanctificatur,
1741 949 1796 990 ut
1831 945 2007 990 dictum
2027 948 2102 991 est

201 1006 303 1063 (art.
328 1013 356 1054 2
373 1010 515 1066 hujus
534 1010 740 1066 quaest.).
761 1010 861 1054 Non
877 1021 989 1067 ergo
1011 1009 1266 1067 requiritur
1285 1008 1346 1056 ad
1360 1014 1708 1055 sacramentum
1727 1009 1852 1067 qued
1868 1009 1930 1055 sit
1944 1007 2101 1067 aliqua

201 1079 278 1115 res
298 1071 552 1117 sensibilis.

256 1135 299 1177 2.
323 1135 566 1188 Praeterea,
583 1137 882 1177 ‘sacramenta
901 1133 1138 1190 pertinent
1155 1132 1216 1178 ad
1230 1132 1410 1178 cultum
1424 1132 1500 1178 vel
1517 1144 1718 1190 regnum
1737 1132 1815 1178 Dei
1830 1135 1903 1189 (2).
1920 1133 2009 1178 Sed
2023 1144 2101 1178 res

202 1193 449 1240 sensibiles
469 1207 566 1239 non
594 1194 815 1239 videntur
847 1195 1082 1252 pertinere
1104 1194 1165 1240 ad
1186 1194 1365 1239 cultum
1387 1195 1464 1240 Dei
1491 1209 1502 1238 ε
1529 1194 1698 1240 dicitur
1717 1194 2012 1253 enim,(10an.
2037 1208 2098 1253 iv„

201 1258 272 1310 24)
294 1270 304 1298 :
326 1258 525 1313 Spiritus
543 1260 611 1300 est
633 1261 768 1313 Deus,
792 1260 835 1301 et
850 1271 923 1301 eos
939 1260 1017 1314 qui
1032 1257 1232 1301 adorant
1247 1270 1366 1314 eum,
1386 1260 1435 1302 in
1451 1260 1621 1314 spiritu
1640 1261 1684 1302 et
1705 1260 1901 1302 veritate
1922 1260 2102 1315 oportet

202 1319 434 1372 adorare3
450 1323 495 1364 et
513 1321 528 1373 ζ
531 1321 660 1363 Rom.
677 1332 762 1375 xiv,
783 1322 854 1374 17)
873 1334 883 1364 :
906 1323 1006 1364 Non
1021 1323 1087 1363 est
1098 1333 1288 1376 reqnum
1302 1322 1388 1364 Dei
1404 1333 1506 1364 esca
1523 1324 1570 1365 et
1579 1324 1731 1377 potus.
1752 1322 1873 1376 Ergo
1895 1332 1971 1366 res
1997 1330 2102 1366 sen·

202 1380 362 1439 sibiles
385 1393 480 1426 non
503 1381 809 1439 requiruntur
831 1382 890 1427 ad
908 1387 1272 1428 sacramentum.

199 1441 205 1448 “
256 1445 301 1489 3.
322 1445 563 1497 Praeterea,
589 1444 879 1499 Augustinus
901 1444 1012 1489 dicit
1031 1447 1110 1499 (De
1134 1443 1282 1489 libero
1305 1442 1514 1501 arbitrio,
1544 1443 1628 1490 lib.
1657 1458 1704 1500 ιι,
1729 1456 1834 1503 cap.
1865 1447 1922 1490 18
1942 1448 1990 1490 et
2011 1445 2096 1500 19),

201 1503 327 1563 quod
349 1522 370 1543 κ
389 1517 467 1551 res
490 1505 739 1550 sensibiles
759 1510 872 1549 sunt
901 1506 1096 1550 minima
1121 1505 1262 1562 bona,
1295 1505 1399 1550 sine
1427 1505 1600 1562 quibus
1621 1506 1762 1550 homo
1786 1505 1914 1550 recte
1942 1504 2100 1551 vivere

200 1570 368 1624 potest.
392 1585 413 1607 n
436 1567 524 1612 Sed
543 1572 835 1612 sacramenta
853 1573 966 1612 sunt
986 1568 1044 1612 de
1062 1567 1336 1613 necessitate
1359 1567 1524 1612 salutis
1545 1567 1780 1624 humanae,
1800 1571 1855 1612 ut
1873 1566 1995 1612 infra
2015 1579 2101 1623 pa-
2148 1607 2150 1611 .

202 1628 316 1673 tebit
334 1630 520 1685 (quaest.
556 1631 690 1685 seq),
712 1633 757 1672 et
776 1628 838 1672 ita
858 1629 960 1674 sine
983 1628 1051 1673 eis
1070 1630 1209 1673 homo
1227 1627 1354 1674 recte
1375 1629 1534 1674 vivere
1554 1641 1649 1674 non
1669 1632 1840 1687 potest.
1863 1630 1962 1673 Non
1989 1641 2101 1686 ergo

200 1702 277 1735 res
300 1690 549 1736 sensibiles
571 1690 876 1747 requiruntur
893 1691 953 1736 ad
967 1695 1274 1737 sacramenta.

257 1752 346 1798 Sed
365 1755 528 1796 contra
550 1753 766 1810 estquod
797 1754 1089 1810 Augustinus
1117 1754 1230 1799 dicit
1258 1755 1429 1810 (Super
1455 1755 1586 1799 Joan.
1617 1756 1751 1798 tract.
1782 1754 1860 1810 80,
1878 1752 1906 1798 a
1926 1751 2098 1807 med.)=
2159 1776 2168 1788 ν

209 1831 230 1854 α
254 1815 442 1859 Accedit
461 1814 657 1858 verbum
677 1814 737 1859 ad
757 1814 1060 1872 elementum,
1083 1818 1130 1860 et
1147 1815 1201 1860 fit
1218 1818 1595 1871 sacramentum3
1615 1833 1635 1854 a»
1657 1818 1705 1860 et
1725 1813 1934 1872 loquitur
1953 1814 2017 1859 ibi
2042 1814 2102 1861 de

200 1876 440 1983 ἓξέιῐῐὲῖιὲῐῐέ
453 1875 680 1933 sensibili,
702 1877 828 1933 quod
848 1882 921 1922 est
943 1890 1083 1935 aqua.
1099 1880 1222 1935 Ergo
1243 1890 1320 1923 res
1350 1876 1600 1922 sensibiles
1619 1877 1924 1934 requiruntur
1944 1877 2004 1923 ad
2023 1889 2102 1922 sa-

247 2013 540 2054 CONCLUSIO.
563 2034 610 2043 —-
633 2013 739 2053 Csim
761 2015 949 2055 naturale
968 2014 1023 2054 sit
1041 2014 1205 2055 homini
1220 2026 1291 2066 per
1310 2013 1521 2055 sensibilia
1535 2014 1588 2054 ad
1614 2012 1948 2064 intelligibilium
1967 2014 2102 2065 cogni-

200 2070 356 2111 tionem
369 2068 591 2121 pervenire‚
614 2072 936 2120 sacramentum,
956 2069 1068 2123 quod
1086 2070 1290 2123 spiritalia
1304 2075 1343 2111 et
1365 2069 1643 2121 intelligibilia
1661 2069 1766 2109 bona
1789 2070 1952 2110 homini
1976 2069 2101 2119 signi-

199 2123 310 2173 ficat,
326 2135 388 2164 res
402 2134 488 2164 esse
503 2122 715 2177 sensibilis
731 2123 865 2164 debet.

255 2186 532 2243 Respondeo
555 2185 807 2231 dicendum
826 2186 953 2244 quod
981 2186 1210 2245 sapientia
1234 2187 1393 2234 divina
1425 2187 1681 2244 unicuique
1701 2187 1765 2232 rei
1786 2186 1998 2245 providet
2021 2199 2100 2233 se-

201 2249 409 2295 cundum
431 2259 572 2293 suum
600 2248 824 2304 modum3
845 2254 892 2294 et
913 2254 1102 2306 propter
1120 2250 1210 2296 hoc
1236 2250 1407 2295 dicitur
1422 2251 1544 2307 (Sap.
1567 2263 1658 2302 v111,
1679 2253 1721 2304 1)
1751 2248 1877 2306 quod
1900 2252 2102 2295 suaviter

202 2313 403 2371 disponit
424 2314 573 2356 omnia
586 2326 603 2367 ,·
626 2312 752 2357 unde
784 2315 832 2357 et
856 2314 1025 2367 (Matth.
1049 2327 1148 2369 xxv,
1171 2317 1243 2370 15)
1273 2314 1444 2360 dicitur
1471 2313 1596 2371 qued
1625 2313 1755 2357 dedit
1773 2315 2014 2370 unicuique
2030 2326 2100 2358 se-

201 2376 400 2420 cundam
415 2375 658 2432 propriam
674 2376 901 2418 virtutem.
926 2378 1003 2419 Est
1022 2380 1178 2420 autem
1204 2375 1379 2421 homini
1399 2374 1707 2420 connaturale
1725 2378 1780 2420 ut
1795 2387 1880 2433 per
1897 2373 2100 2421 sensibi·
2166 2417 2168 2422 .

201 2436 264 2483 lia
281 2436 522 2495 perveniat
553 2435 601 2479 in
625 2434 941 2491 cognitionem
972 2436 1352 2494 intelligibilium.
1384 2438 1579 2495 Signum
1599 2441 1756 2482 autem
1780 2440 1853 2481 est
1869 2449 1953 2493 per
1972 2435 2101 2496 quod
2143 2446 2145 2452 ’

202 2498 371 2559 aliquis
389 2496 578 2544 devenit
599 2496 647 2541 in
670 2497 987 2554 cognitionem
1009 2498 1217 2544 alterius.
1238 2499 1367 2544 Unde
1387 2499 1495 2544 cum
1513 2511 1589 2543 res
1609 2509 1770 2554 sacrae,
1792 2510 1898 2554 quae
1915 2509 2000 2556 per
2021 2509 2100 2543 sa-

201 2565 439 2607 cramenta
473 2556 825 2616 significantur,
857 2558 953 2603 sint
983 2561 1199 2617 quaedam
1236 2557 1497 2618 spiritualia
1533 2564 1580 2605 et
1614 2558 1923 2616 intelligibilia
1955 2559 2096 2619 bona,

203 2622 377 2682 quibus
398 2621 539 2667 homo
563 2617 899 2677 sanctificatur,
916 2633 1213 2680 consequens
1228 2626 1368 2668 estut
1388 2634 1472 2680 per
1487 2621 1670 2678 aliquas
1683 2633 1759 2666 res
1777 2621 2025 2668 sensibiles
2038 2624 2097 2679 (3)

202 2681 479 2744 significatio
502 2683 777 2729 sacramenti
807 2683 1088 2742 impleatur3
1115 2685 1238 2730 sicut
1256 2685 1396 2730 etiam
1419 2696 1504 2743 per
1531 2683 1882 2729 similitudinem
1905 2685 2099 2730 sensibi·
2141 2684 2150 2688 '

201 2749 315 2794 lium
334 2759 492 2793 rerum
515 2746 563 2791 in
579 2746 739 2792 divina
761 2745 996 2803 Scriptura
1015 2760 1090 2792 res
1107 2747 1373 2805 spirituales
1394 2746 1529 2792 nobis
1546 2746 1892 2792 describuntur.
1913 2748 1967 2792 Et
1988 2747 2098 2793 inde

202 2814 275 2857 est
297 2809 422 2867 qued
454 2807 514 2853 ad
550 2811 840 2853 sacramenta
872 2809 1177 2865 requiruntur
1208 2821 1284 2855 res
1319 2808 1580 2865 sensibiles,
1614 2812 1666 2853 ut
1685 2808 1824 2853 etiam
1847 2807 2098 2867 Dionysius

202 2871 369 2930 probat
389 2871 589 2927 (Coelest.
608 2869 838 2915 hierarch.
864 2883 967 2927 cap.
991 2874 1033 2927 1,
1059 2871 1088 2915 a
1111 2871 1250 2925 med.)
1271 2872 1351 2929 (4).
2162 2878 2165 2882 ’

256 2934 323 2980 Ad
340 2936 544 2992 primum
563 2944 676 2988 ergo
706 2930 975 2989 dicendum,
1009 2933 1135 2990 quod
1164 2933 1536 2991 unumquodque
1557 2931 1795 2991 praecipue
1821 2931 2096 2978 denomina-

202 2999 279 3041 tur
303 3001 351 3041 et
367 2995 586 3041 definitur
610 2994 871 3038 secundum
896 2993 944 3038 id
963 2995 1090 3051 quod
1111 2995 1327 3041 convenit
1348 2996 1390 3041 ei
1410 2994 1561 3052 primo
1584 2999 1629 3041 et
1642 3006 1726 3052 per
1744 3006 1810 3051 se,
1826 3006 1921 3039 non
1940 2999 2096 3040 autem
2167 3025 2170 3027 -

243 3119 285 3161 (Ι)
312 3118 494 3159 Responsio
519 3117 693 3152 affirmans
722 3120 814 3158 patet
841 3128 879 3150 ex
908 3117 1108 3152 delinitione
1235 3119 1278 3160 (5)
1301 3119 1388 3153 Hinc
1411 3118 1558 3153 Ecclesia
1576 3118 1611 3152 in
1627 3116 1757 3159 proei'at.
1787 3117 1888 3151 Doni.
1906 3117 2094 3154 Passionis:

202 3167 402 3204 sacramenti
423 3167 545 3201 tradita
566 3167 599 3200 in
615 3170 704 3206 jure,
720 3172 754 3201 et
769 3167 786 3200 a
810 3165 931 3199 concil.
957 3167 1107 3201 Florent.
1193 3166 1271 3201 Hoc
1290 3177 1384 3210 opus
1401 3169 1540 3201 vsostroe
1559 3166 1696 3200 salutis
1721 3166 1812 3200 ordo
1832 3166 2095 3209 depoposcerat

202 3220 237 3253 et
249 3216 404 3251 Trident.
424 3215 577 3256 probata,
594 3214 725 3248 scilicet
741 3214 830 3255 quod
847 3214 893 3248 sit
906 3215 1109 3249 invisibilis
1193 3215 1439 3258 multiformis
1464 3213 1673 3260 proditoris
1696 3222 1763 3247 ars
1784 3215 1826 3247 ut
1851 3217 1968 3248 artem
1986 3212 2094 3254 salle-

202 3265 335 3308 qratioe
350 3264 473 3305 forma
492 3263 661 3298 visibilis.
1194 3266 1264 3303 ret,
1281 3268 1313 3297 et
1335 3262 1514 3299 medelam
1535 3262 1650 3304 [erret
1664 3261 1752 3297 inde
1777 3262 1889 3296 hostis
1912 3261 2011 3296 unde
2032 3261 2093 3295 lae-

245 3311 290 3354 (2)
306 3311 355 3346 Ad
371 3311 499 3345 cultum
517 3311 653 3352 quidem
668 3310 744 3352 Dei,
756 3309 834 3352 quia
850 3314 991 3351 propter
1006 3309 1106 3344 hono·
1194 3314 1309 3345 serat.
2040 3350 2043 3354 ‚

202 3372 276 3396 rem
291 3359 321 3394 ei
349 3372 409 3401 per
440 3359 581 3393 illorum
607 3358 852 3400 susceptionem
880 3358 1109 3393 exhibendum
1235 3358 1373 3401 (4)Aliae
1387 3359 1614 3400 congruentiae
1625 3356 1733 3393 videri
1744 3356 1978 3399 possuntapud
1992 3355 2092 3396 Chry-

202 3407 360 3443 instituta
375 3411 474 3450 sunt;
490 3406 532 3441 ad
549 3417 689 3446 regnum
706 3410 819 3440 autem
838 3406 901 3440 Dei
918 3407 995 3447 quia
1009 3417 1108 3448 prop-
1192 3410 1270 3442 sost.
1290 3406 1393 3445 (hom.
1407 3414 1450 3440 Lx
1466 3405 1507 3440 ad
1523 3405 1666 3446 popum,
1678 3406 1833 3439 Damaso.
1847 3403 1920 3446 (lib.
1939 3411 1987 3445 lv,
2007 3415 2035 3437 c.
2051 3402 2092 3436 ⁴0

203 3462 256 3491 ter
284 3455 425 3495 gloriam
453 3460 487 3490 et
515 3455 658 3489 salutem
692 3453 938 3495 adipiscendam
976 3455 1106 3489 homini
1193 3459 1226 3490 et
1250 3455 1315 3497 Μ),
1333 3456 1433 3495 Greg.
1458 3453 1614 3488 Nazianz.
1633 3453 1733 3496 (orat.
1755 3454 1824 3495 XL),
1843 3450 2014 3492 Angustia.
2030 3449 2092 3492 (De

203 3505 281 3540 dua
306 3510 395 3541 sunt.
1193 3502 1281 3538 doct.
1299 3502 1417 3537 christ.
1431 3500 1492 3535 lib.
1510 3509 1550 3543 11,
1565 3512 1637 3543 cap.
1653 3501 1699 3542 9).
