<?xml version="1.0" encoding="UTF-8"?>
<!DOCTYPE html PUBLIC "-//W3C//DTD XHTML 1.0 Transitional//EN"
    "http://www.w3.org/TR/xhtml1/DTD/xhtml1-transitional.dtd">
<html xmlns="http://www.w3.org/1999/xhtml" xml:lang="en" lang="en">
 <head>
  <title>
</title>
<meta http-equiv="Content-Type" content="text/html;charset=utf-8" />
  <meta name='ocr-system' content='tesseract 3.04.00' />
  <meta name='ocr-capabilities' content='ocr_page ocr_carea ocr_par ocr_line ocrx_word'/>
</head>
<body>
  <div class='ocr_page' id='page_1' title='image "./summatheologica06thomuoft_0206.png"; bbox 0 0 2170 3808; ppageno 0'>
   <div class='ocr_carea' id='block_1_1' title="bbox 112 219 1455 303">
    <p class='ocr_par' dir='ltr' id='par_1_1' title="bbox 112 219 1455 303">
     <span class='ocr_line' id='line_1_1' title="bbox 112 219 1455 303; baseline -0.008 -1"><span class='ocrx_word' id='word_1_1' title='bbox 112 257 195 302; x_wconf 83' lang='lat'>170</span> <span class='ocrx_word' id='word_1_2' title='bbox 668 219 870 303; x_wconf 67' lang='lat' dir='ltr'>QnAEs‘T.</span> <span class='ocrx_word' id='word_1_3' title='bbox 900 247 1045 303; x_wconf 72' lang='lat' dir='ltr'>xvm,</span> <span class='ocrx_word' id='word_1_4' title='bbox 1080 248 1197 290; x_wconf 72' lang='grc' dir='ltr'><strong>ΛΒΤ.</strong></span> <span class='ocrx_word' id='word_1_5' title='bbox 1228 247 1264 290; x_wconf 86' lang='grc' dir='ltr'>ιι</span> <span class='ocrx_word' id='word_1_6' title='bbox 1291 246 1359 290; x_wconf 78' lang='grc' dir='ltr'>Εἰ·</span> <span class='ocrx_word' id='word_1_7' title='bbox 1385 248 1455 291; x_wconf 89' lang='grc' dir='ltr'>ιιι.</span> 
     </span>
    </p>
   </div>
   <div class='ocr_carea' id='block_1_2' title="bbox 114 322 2015 763">
    <p class='ocr_par' dir='ltr' id='par_1_2' title="bbox 114 322 2011 457">
     <span class='ocr_line' id='line_1_2' title="bbox 115 322 2011 393; baseline -0.007 -11"><span class='ocrx_word' id='word_1_8' title='bbox 115 350 210 382; x_wconf 87' lang='lat' dir='ltr'>non</span> <span class='ocrx_word' id='word_1_9' title='bbox 255 335 481 393; x_wconf 78' lang='lat' dir='ltr'>quantum</span> <span class='ocrx_word' id='word_1_10' title='bbox 519 332 579 378; x_wconf 89' lang='lat' dir='ltr'>ad</span> <span class='ocrx_word' id='word_1_11' title='bbox 607 338 823 376; x_wconf 88' lang='lat' dir='ltr'>naturam</span> <span class='ocrx_word' id='word_1_12' title='bbox 854 329 1186 385; x_wconf 79' lang='lat' dir='ltr'>sensualitatis,</span> <span class='ocrx_word' id='word_1_13' title='bbox 1213 341 1356 384; x_wconf 90' lang='lat' dir='ltr'>quam</span> <span class='ocrx_word' id='word_1_14' title='bbox 1381 328 1587 372; x_wconf 87' lang='lat' dir='ltr'>Christus</span> <span class='ocrx_word' id='word_1_15' title='bbox 1621 325 1893 383; x_wconf 67' lang='lat' dir='ltr'>assumpsit,</span> <span class='ocrx_word' id='word_1_16' title='bbox 1930 322 2011 368; x_wconf 83' lang='lat' dir='ltr'>sed</span> 
     </span>
     <span class='ocr_line' id='line_1_3' title="bbox 114 388 1633 457; baseline -0.009 -13"><span class='ocrx_word' id='word_1_17' title='bbox 114 399 344 457; x_wconf 77' lang='lat' dir='ltr'>quantum</span> <span class='ocrx_word' id='word_1_18' title='bbox 365 397 423 441; x_wconf 88' lang='lat' dir='ltr'>ad</span> <span class='ocrx_word' id='word_1_19' title='bbox 447 395 792 450; x_wconf 69' lang='lat' dir='ltr'><strong>corruptionem</strong></span> <span class='ocrx_word' id='word_1_20' title='bbox 810 392 999 446; x_wconf 76' lang='lat' dir='ltr'>fomitis,</span> <span class='ocrx_word' id='word_1_21' title='bbox 1024 403 1129 447; x_wconf 84' lang='lat' dir='ltr'>quae</span> <span class='ocrx_word' id='word_1_22' title='bbox 1145 391 1192 434; x_wconf 90' lang='lat' dir='ltr'>in</span> <span class='ocrx_word' id='word_1_23' title='bbox 1217 390 1393 434; x_wconf 84' lang='lat' dir='ltr'>Christo</span> <span class='ocrx_word' id='word_1_24' title='bbox 1417 402 1510 434; x_wconf 89' lang='lat' dir='ltr'>non</span> <span class='ocrx_word' id='word_1_25' title='bbox 1531 388 1633 433; x_wconf 85' lang='lat' dir='ltr'>fuit.</span> 
     </span>
    </p>

    <p class='ocr_par' dir='ltr' id='par_1_3' title="bbox 116 447 2015 763">
     <span class='ocr_line' id='line_1_4' title="bbox 171 447 2013 510; baseline -0.007 -4"><span class='ocrx_word' id='word_1_26' title='bbox 171 461 237 506; x_wconf 84' lang='lat' dir='ltr'>Ad</span> <span class='ocrx_word' id='word_1_27' title='bbox 261 461 444 503; x_wconf 67' lang='lat' dir='ltr'>terti-am</span> <span class='ocrx_word' id='word_1_28' title='bbox 473 456 742 508; x_wconf 73' lang='lat' dir='ltr'>dicendum.</span> <span class='ocrx_word' id='word_1_29' title='bbox 780 454 904 510; x_wconf 83' lang='lat' dir='ltr'>quod</span> <span class='ocrx_word' id='word_1_30' title='bbox 934 453 1014 497; x_wconf 86' lang='lat' dir='ltr'>ubi</span> <span class='ocrx_word' id='word_1_31' title='bbox 1047 457 1118 497; x_wconf 89' lang='lat' dir='ltr'>est</span> <span class='ocrx_word' id='word_1_32' title='bbox 1141 463 1290 496; x_wconf 89' lang='lat' dir='ltr'>unum</span> <span class='ocrx_word' id='word_1_33' title='bbox 1313 458 1502 508; x_wconf 83' lang='lat' dir='ltr'>propter</span> <span class='ocrx_word' id='word_1_34' title='bbox 1529 451 1743 502; x_wconf 71' lang='lat' dir='ltr'>alterum,</span> <span class='ocrx_word' id='word_1_35' title='bbox 1769 447 1831 493; x_wconf 87' lang='lat' dir='ltr'>ibi</span> <span class='ocrx_word' id='word_1_36' title='bbox 1867 461 2013 494; x_wconf 88' lang='lat' dir='ltr'>unum</span> 
     </span>
     <span class='ocr_line' id='line_1_5' title="bbox 116 510 2013 574; baseline -0.005 -8"><span class='ocrx_word' id='word_1_37' title='bbox 116 523 298 567; x_wconf 79' lang='lat' dir='ltr'>tantum</span> <span class='ocrx_word' id='word_1_38' title='bbox 323 533 427 564; x_wconf 86' lang='lat' dir='ltr'>esse</span> <span class='ocrx_word' id='word_1_39' title='bbox 451 519 661 574; x_wconf 74' lang='lat' dir='ltr'>videturz,</span> <span class='ocrx_word' id='word_1_40' title='bbox 682 519 805 562; x_wconf 87' lang='lat' dir='ltr'>sicut</span> <span class='ocrx_word' id='word_1_41' title='bbox 834 515 1125 573; x_wconf 67' lang='lat' dir='ltr'>superficies»,</span> <span class='ocrx_word' id='word_1_42' title='bbox 1158 526 1264 571; x_wconf 89' lang='lat' dir='ltr'>quae</span> <span class='ocrx_word' id='word_1_43' title='bbox 1286 518 1357 558; x_wconf 88' lang='lat' dir='ltr'>est</span> <span class='ocrx_word' id='word_1_44' title='bbox 1378 513 1573 558; x_wconf 78' lang='lat' dir='ltr'>visibilis</span> <span class='ocrx_word' id='word_1_45' title='bbox 1596 525 1677 570; x_wconf 89' lang='lat' dir='ltr'>per</span> <span class='ocrx_word' id='word_1_46' title='bbox 1700 510 1917 566; x_wconf 82' lang='lat' dir='ltr'>colorem,</span> <span class='ocrx_word' id='word_1_47' title='bbox 1943 517 2013 557; x_wconf 82' lang='lat' dir='ltr'>est</span> 
     </span>
     <span class='ocr_line' id='line_1_6' title="bbox 116 573 2013 633; baseline -0.007 -3"><span class='ocrx_word' id='word_1_48' title='bbox 116 596 264 629; x_wconf 90' lang='lat' dir='ltr'>unum</span> <span class='ocrx_word' id='word_1_49' title='bbox 282 582 465 626; x_wconf 76' lang='lat' dir='ltr'>visibile</span> <span class='ocrx_word' id='word_1_50' title='bbox 480 594 590 626; x_wconf 90' lang='lat' dir='ltr'>cum</span> <span class='ocrx_word' id='word_1_51' title='bbox 607 581 777 625; x_wconf 90' lang='lat' dir='ltr'>colore.</span> <span class='ocrx_word' id='word_1_52' title='bbox 800 582 852 624; x_wconf 85' lang='lat' dir='ltr'>Et</span> <span class='ocrx_word' id='word_1_53' title='bbox 872 578 1082 623; x_wconf 87' lang='lat' dir='ltr'>similiter</span> <span class='ocrx_word' id='word_1_54' title='bbox 1104 576 1215 633; x_wconf 87' lang='lat' dir='ltr'>quia</span> <span class='ocrx_word' id='word_1_55' title='bbox 1234 576 1516 620; x_wconf 81' lang='lat' dir='ltr'>sensualitas</span> <span class='ocrx_word' id='word_1_56' title='bbox 1542 588 1634 619; x_wconf 89' lang='lat' dir='ltr'>non</span> <span class='ocrx_word' id='word_1_57' title='bbox 1664 574 1832 619; x_wconf 85' lang='lat' dir='ltr'>dicitur</span> <span class='ocrx_word' id='word_1_58' title='bbox 1850 573 2013 617; x_wconf 85' lang='lat' dir='ltr'>volun-</span> 
     </span>
     <span class='ocr_line' id='line_1_7' title="bbox 117 636 2015 702; baseline -0.006 -12"><span class='ocrx_word' id='word_1_59' title='bbox 117 651 207 700; x_wconf 71' lang='lat' dir='ltr'>tas.</span> <span class='ocrx_word' id='word_1_60' title='bbox 232 645 318 689; x_wconf 90' lang='lat' dir='ltr'>nisi</span> <span class='ocrx_word' id='word_1_61' title='bbox 335 645 444 702; x_wconf 88' lang='lat' dir='ltr'>quia</span> <span class='ocrx_word' id='word_1_62' title='bbox 462 643 705 701; x_wconf 88' lang='lat' dir='ltr'>participat</span> <span class='ocrx_word' id='word_1_63' title='bbox 718 642 1008 686; x_wconf 84' lang='lat' dir='ltr'>voluntatem</span> <span class='ocrx_word' id='word_1_64' title='bbox 1029 639 1250 692; x_wconf 77' lang='lat' dir='ltr'>rationis3</span> <span class='ocrx_word' id='word_1_65' title='bbox 1276 637 1397 682; x_wconf 86' lang='lat' dir='ltr'>sicut</span> <span class='ocrx_word' id='word_1_66' title='bbox 1415 644 1486 682; x_wconf 88' lang='lat' dir='ltr'>est</span> <span class='ocrx_word' id='word_1_67' title='bbox 1506 650 1599 681; x_wconf 84' lang='lat' dir='ltr'>una</span> <span class='ocrx_word' id='word_1_68' title='bbox 1623 642 1789 681; x_wconf 85' lang='lat' dir='ltr'>natura</span> <span class='ocrx_word' id='word_1_69' title='bbox 1812 636 2015 680; x_wconf 85' lang='lat' dir='ltr'>humana</span> 
     </span>
     <span class='ocr_line' id='line_1_8' title="bbox 116 699 1766 763; baseline -0.005 -11"><span class='ocrx_word' id='word_1_70' title='bbox 116 708 163 752; x_wconf 88' lang='lat' dir='ltr'>in</span> <span class='ocrx_word' id='word_1_71' title='bbox 181 708 374 763; x_wconf 85' lang='lat' dir='ltr'>Christo,</span> <span class='ocrx_word' id='word_1_72' title='bbox 402 707 466 750; x_wconf 89' lang='lat' dir='ltr'>ita</span> <span class='ocrx_word' id='word_1_73' title='bbox 485 706 621 750; x_wconf 88' lang='lat' dir='ltr'>etiam</span> <span class='ocrx_word' id='word_1_74' title='bbox 640 704 829 761; x_wconf 85' lang='lat' dir='ltr'>ponitur</span> <span class='ocrx_word' id='word_1_75' title='bbox 851 715 946 747; x_wconf 88' lang='lat' dir='ltr'>una</span> <span class='ocrx_word' id='word_1_76' title='bbox 962 702 1182 745; x_wconf 83' lang='lat' dir='ltr'>voluntas</span> <span class='ocrx_word' id='word_1_77' title='bbox 1206 701 1412 744; x_wconf 86' lang='lat' dir='ltr'>humana</span> <span class='ocrx_word' id='word_1_78' title='bbox 1435 700 1482 744; x_wconf 86' lang='lat' dir='ltr'>in</span> <span class='ocrx_word' id='word_1_79' title='bbox 1493 699 1673 744; x_wconf 83' lang='lat' dir='ltr'>Christo</span> <span class='ocrx_word' id='word_1_80' title='bbox 1692 701 1766 753; x_wconf 82' lang='lat' dir='ltr'>(l).</span> 
     </span>
    </p>
   </div>
   <div class='ocr_carea' id='block_1_3' title="bbox 55 771 2015 819">
    <p class='ocr_par' dir='ltr' id='par_1_4' title="bbox 55 771 2015 819">
     <span class='ocr_line' id='line_1_9' title="bbox 55 771 2015 819; baseline -0.006 -1"><span class='ocrx_word' id='word_1_81' title='bbox 55 771 58 774; x_wconf 72' lang='grc'><strong>’</strong></span> <span class='ocrx_word' id='word_1_82' title='bbox 121 776 463 819; x_wconf 49' lang='lat' dir='ltr'>affl‘lCULUS</span> <span class='ocrx_word' id='word_1_83' title='bbox 495 777 574 817; x_wconf 90' lang='lat'>111.</span> <span class='ocrx_word' id='word_1_84' title='bbox 606 797 662 804; x_wconf 90' lang='lat'>—</span> <span class='ocrx_word' id='word_1_85' title='bbox 691 785 826 815; x_wconf 72' lang='lat' dir='ltr'>uranu</span> <span class='ocrx_word' id='word_1_86' title='bbox 854 784 894 813; x_wconf 81' lang='grc' dir='ltr'>ιΝ</span> <span class='ocrx_word' id='word_1_87' title='bbox 925 782 1097 813; x_wconf 69' lang='lat' dir='ltr'>cnmsro</span> <span class='ocrx_word' id='word_1_88' title='bbox 1127 781 1303 812; x_wconf 68' lang='lat' dir='ltr'>vunnim·</span> <span class='ocrx_word' id='word_1_89' title='bbox 1332 781 1424 812; x_wconf 70' lang='lat' dir='ltr'>1³11AE</span> <span class='ocrx_word' id='word_1_90' title='bbox 1453 780 1716 812; x_wconf 65' lang='lat' dir='ltr'>vorunu&#39;rns</span> <span class='ocrx_word' id='word_1_91' title='bbox 1746 778 1936 816; x_wconf 67' lang='lat' dir='ltr'>Qufflruu</span> <span class='ocrx_word' id='word_1_92' title='bbox 1965 779 2015 808; x_wconf 67' lang='lat' dir='ltr'>An</span> 
     </span>
    </p>
   </div>
   <div class='ocr_carea' id='block_1_4' title="bbox 117 832 2021 3039">
    <p class='ocr_par' dir='ltr' id='par_1_5' title="bbox 120 832 2016 989">
     <span class='ocr_line' id='line_1_10' title="bbox 914 832 1225 884; baseline -0.003 -9"><span class='ocrx_word' id='word_1_93' title='bbox 914 844 1126 875; x_wconf 68' lang='lat' dir='ltr'>amonem</span> <span class='ocrx_word' id='word_1_94' title='bbox 1149 832 1225 884; x_wconf 74' lang='lat'>(2).</span> 
     </span>
     <span class='ocr_line' id='line_1_11' title="bbox 120 897 2016 946; baseline -0.005 -5"><span class='ocrx_word' id='word_1_95' title='bbox 120 908 167 941; x_wconf 83' lang='lat' dir='ltr'>De</span> <span class='ocrx_word' id='word_1_96' title='bbox 183 906 236 940; x_wconf 84' lang='lat' dir='ltr'>his</span> <span class='ocrx_word' id='word_1_97' title='bbox 248 905 350 940; x_wconf 80' lang='lat' dir='ltr'>etiam</span> <span class='ocrx_word' id='word_1_98' title='bbox 370 915 491 946; x_wconf 78' lang='lat' dir='ltr'>supra,</span> <span class='ocrx_word' id='word_1_99' title='bbox 507 907 573 938; x_wconf 75' lang='lat' dir='ltr'>nrt.</span> <span class='ocrx_word' id='word_1_100' title='bbox 588 901 665 938; x_wconf 60' lang='lat' dir='ltr'>aad</span> <span class='ocrx_word' id='word_1_101' title='bbox 681 902 717 942; x_wconf 75' lang='lat'>2.</span> <span class='ocrx_word' id='word_1_102' title='bbox 734 906 769 937; x_wconf 88' lang='lat' dir='ltr'>et</span> <span class='ocrx_word' id='word_1_103' title='bbox 786 900 888 941; x_wconf 79' lang='lat' dir='ltr'>infra,</span> <span class='ocrx_word' id='word_1_104' title='bbox 906 906 970 935; x_wconf 86' lang='lat' dir='ltr'>art.</span> <span class='ocrx_word' id='word_1_105' title='bbox 988 902 1021 941; x_wconf 67' lang='lat' dir='ltr'>ln,</span> <span class='ocrx_word' id='word_1_106' title='bbox 1040 906 1073 936; x_wconf 82' lang='lat' dir='ltr'>et</span> <span class='ocrx_word' id='word_1_107' title='bbox 1087 899 1108 932; x_wconf 82' lang='lat'>5</span> <span class='ocrx_word' id='word_1_108' title='bbox 1124 911 1217 939; x_wconf 88' lang='lat' dir='ltr'>corp.</span> <span class='ocrx_word' id='word_1_109' title='bbox 1236 903 1268 933; x_wconf 85' lang='lat' dir='ltr'>et</span> <span class='ocrx_word' id='word_1_110' title='bbox 1282 899 1379 933; x_wconf 84' lang='lat' dir='ltr'>Sent.</span> <span class='ocrx_word' id='word_1_111' title='bbox 1399 906 1460 940; x_wconf 82' lang='lat' dir='ltr'>lu,</span> <span class='ocrx_word' id='word_1_112' title='bbox 1473 897 1555 933; x_wconf 71' lang='lat' dir='ltr'>dist.</span> <span class='ocrx_word' id='word_1_113' title='bbox 1571 898 1625 938; x_wconf 68' lang='lat'>4⁷.</span> <span class='ocrx_word' id='word_1_114' title='bbox 1646 902 1712 932; x_wconf 74' lang='lat' dir='ltr'>ert.</span> <span class='ocrx_word' id='word_1_115' title='bbox 1729 897 1761 937; x_wconf 77' lang='lat' dir='ltr'>l,</span> <span class='ocrx_word' id='word_1_116' title='bbox 1779 900 1896 938; x_wconf 72' lang='lat' dir='ltr'>quaest.</span> <span class='ocrx_word' id='word_1_117' title='bbox 1912 905 1965 938; x_wconf 81' lang='grc' dir='ltr'>ιιι,</span> <span class='ocrx_word' id='word_1_118' title='bbox 1982 905 2016 934; x_wconf 80' lang='lat' dir='ltr'>et</span> 
     </span>
     <span class='ocr_line' id='line_1_12' title="bbox 886 946 1252 989; baseline -0.005 -8"><span class='ocrx_word' id='word_1_119' title='bbox 886 949 1007 989; x_wconf 84' lang='lat' dir='ltr'>Opusc.</span> <span class='ocrx_word' id='word_1_120' title='bbox 1026 956 1063 987; x_wconf 81' lang='lat' dir='ltr'>n,</span> <span class='ocrx_word' id='word_1_121' title='bbox 1081 959 1156 988; x_wconf 80' lang='lat' dir='ltr'>cap.</span> <span class='ocrx_word' id='word_1_122' title='bbox 1171 946 1252 980; x_wconf 81' lang='lat'>250.</span> 
     </span>
    </p>

    <p class='ocr_par' dir='ltr' id='par_1_6' title="bbox 117 1007 2019 1430">
     <span class='ocr_line' id='line_1_13' title="bbox 173 1007 2017 1069; baseline -0.005 -9"><span class='ocrx_word' id='word_1_123' title='bbox 173 1015 238 1060; x_wconf 85' lang='lat' dir='ltr'>Ad</span> <span class='ocrx_word' id='word_1_124' title='bbox 258 1015 442 1059; x_wconf 83' lang='lat' dir='ltr'>tertium</span> <span class='ocrx_word' id='word_1_125' title='bbox 463 1013 530 1057; x_wconf 89' lang='lat' dir='ltr'>sic</span> <span class='ocrx_word' id='word_1_126' title='bbox 557 1011 835 1069; x_wconf 76' lang='lat' dir='ltr'>proceditur.</span> <span class='ocrx_word' id='word_1_127' title='bbox 862 1014 880 1054; x_wconf 89' lang='lat'>·1</span> <span class='ocrx_word' id='word_1_128' title='bbox 894 1044 904 1054; x_wconf 89' lang='lat'>.</span> <span class='ocrx_word' id='word_1_129' title='bbox 926 1009 1111 1054; x_wconf 82' lang='lat' dir='ltr'>Videtur</span> <span class='ocrx_word' id='word_1_130' title='bbox 1125 1008 1248 1066; x_wconf 68' lang='lat' dir='ltr'>quod</span> <span class='ocrx_word' id='word_1_131' title='bbox 1271 1008 1319 1052; x_wconf 90' lang='lat' dir='ltr'>in</span> <span class='ocrx_word' id='word_1_132' title='bbox 1334 1008 1512 1052; x_wconf 91' lang='lat' dir='ltr'>Christo</span> <span class='ocrx_word' id='word_1_133' title='bbox 1532 1007 1706 1053; x_wconf 86' lang='lat' dir='ltr'>fuerint</span> <span class='ocrx_word' id='word_1_134' title='bbox 1724 1007 1830 1052; x_wconf 86' lang='lat' dir='ltr'>duae</span> <span class='ocrx_word' id='word_1_135' title='bbox 1852 1007 2017 1051; x_wconf 87' lang='lat' dir='ltr'>volun-</span> 
     </span>
     <span class='ocr_line' id='line_1_14' title="bbox 117 1068 2016 1132; baseline -0.004 -11"><span class='ocrx_word' id='word_1_136' title='bbox 117 1082 236 1122; x_wconf 82' lang='lat' dir='ltr'>tates</span> <span class='ocrx_word' id='word_1_137' title='bbox 260 1075 490 1132; x_wconf 79' lang='lat' dir='ltr'>quantum</span> <span class='ocrx_word' id='word_1_138' title='bbox 513 1074 573 1119; x_wconf 82' lang='lat' dir='ltr'>ad</span> <span class='ocrx_word' id='word_1_139' title='bbox 593 1073 834 1117; x_wconf 89' lang='lat' dir='ltr'>rationem.</span> <span class='ocrx_word' id='word_1_140' title='bbox 859 1071 975 1116; x_wconf 80' lang='lat' dir='ltr'>Dicit</span> <span class='ocrx_word' id='word_1_141' title='bbox 995 1071 1119 1115; x_wconf 89' lang='lat' dir='ltr'>enim</span> <span class='ocrx_word' id='word_1_142' title='bbox 1141 1073 1455 1115; x_wconf 87' lang='lat' dir='ltr'>Damascenus</span> <span class='ocrx_word' id='word_1_143' title='bbox 1475 1069 1599 1124; x_wconf 90' lang='lat' dir='ltr'>(Orth</span> <span class='ocrx_word' id='word_1_144' title='bbox 1626 1069 1705 1113; x_wconf 86' lang='lat' dir='ltr'>fid.</span> <span class='ocrx_word' id='word_1_145' title='bbox 1726 1068 1806 1113; x_wconf 88' lang='lat' dir='ltr'>lib.</span> <span class='ocrx_word' id='word_1_146' title='bbox 1831 1082 1884 1124; x_wconf 80' lang='grc' dir='ltr'>ιι,</span> <span class='ocrx_word' id='word_1_147' title='bbox 1913 1080 2016 1125; x_wconf 90' lang='lat' dir='ltr'>cap.</span> 
     </span>
     <span class='ocr_line' id='line_1_15' title="bbox 119 1130 2016 1190; baseline -0.005 -9"><span class='ocrx_word' id='word_1_148' title='bbox 119 1141 191 1190; x_wconf 63' lang='lat'>22„</span> <span class='ocrx_word' id='word_1_149' title='bbox 214 1142 321 1181; x_wconf 91' lang='lat' dir='ltr'>ante</span> <span class='ocrx_word' id='word_1_150' title='bbox 345 1136 469 1180; x_wconf 90' lang='lat' dir='ltr'>med.</span> <span class='ocrx_word' id='word_1_151' title='bbox 497 1141 543 1180; x_wconf 90' lang='lat' dir='ltr'>et</span> <span class='ocrx_word' id='word_1_152' title='bbox 567 1135 646 1179; x_wconf 90' lang='lat' dir='ltr'>lib.</span> <span class='ocrx_word' id='word_1_153' title='bbox 670 1141 729 1189; x_wconf 70' lang='grc' dir='ltr'>ιιι,</span> <span class='ocrx_word' id='word_1_154' title='bbox 753 1147 855 1190; x_wconf 87' lang='lat' dir='ltr'>cap.</span> <span class='ocrx_word' id='word_1_155' title='bbox 878 1138 929 1177; x_wconf 76' lang='lat'>14</span> <span class='ocrx_word' id='word_1_156' title='bbox 945 1139 990 1178; x_wconf 90' lang='lat' dir='ltr'>et</span> <span class='ocrx_word' id='word_1_157' title='bbox 1013 1135 1102 1187; x_wconf 76' lang='lat'>18),</span> <span class='ocrx_word' id='word_1_158' title='bbox 1123 1132 1247 1189; x_wconf 79' lang='lat' dir='ltr'>quod</span> <span class='ocrx_word' id='word_1_159' title='bbox 1262 1132 1432 1189; x_wconf 83' lang='lat' dir='ltr'>duplex</span> <span class='ocrx_word' id='word_1_160' title='bbox 1452 1136 1524 1175; x_wconf 89' lang='lat' dir='ltr'>est</span> <span class='ocrx_word' id='word_1_161' title='bbox 1547 1130 1749 1174; x_wconf 91' lang='lat' dir='ltr'>hominis</span> <span class='ocrx_word' id='word_1_162' title='bbox 1775 1130 2016 1186; x_wconf 75' lang='lat' dir='ltr'>voluntas3</span> 
     </span>
     <span class='ocr_line' id='line_1_16' title="bbox 120 1193 2019 1255; baseline -0.005 -10"><span class='ocrx_word' id='word_1_163' title='bbox 120 1201 297 1245; x_wconf 88' lang='lat' dir='ltr'>scilicet</span> <span class='ocrx_word' id='word_1_164' title='bbox 318 1199 560 1253; x_wconf 63' lang='lat' dir='ltr'>naturalis.</span> <span class='ocrx_word' id='word_1_165' title='bbox 581 1211 686 1255; x_wconf 87' lang='lat' dir='ltr'>quae</span> <span class='ocrx_word' id='word_1_166' title='bbox 703 1201 897 1241; x_wconf 78' lang='lat' dir='ltr'>vocatur</span> <span class='ocrx_word' id='word_1_167' title='bbox 913 1199 1076 1246; x_wconf 69' lang='grc' dir='ltr'>θέλησιςς</span> <span class='ocrx_word' id='word_1_168' title='bbox 1095 1201 1142 1239; x_wconf 89' lang='lat' dir='ltr'>et</span> <span class='ocrx_word' id='word_1_169' title='bbox 1170 1195 1388 1239; x_wconf 86' lang='lat' dir='ltr'>voluntas</span> <span class='ocrx_word' id='word_1_170' title='bbox 1421 1193 1675 1248; x_wconf 87' lang='lat' dir='ltr'>rationalis,</span> <span class='ocrx_word' id='word_1_171' title='bbox 1696 1205 1800 1250; x_wconf 83' lang='lat' dir='ltr'>quae</span> <span class='ocrx_word' id='word_1_172' title='bbox 1826 1197 2019 1237; x_wconf 88' lang='lat' dir='ltr'>vocatur</span> 
     </span>
     <span class='ocr_line' id='line_1_17' title="bbox 121 1255 2017 1313; baseline -0.002 -11"><span class='ocrx_word' id='word_1_173' title='bbox 121 1264 306 1311; x_wconf 58' lang='grc' dir='ltr'>βούλησις.</span> <span class='ocrx_word' id='word_1_174' title='bbox 332 1261 418 1305; x_wconf 90' lang='lat' dir='ltr'>Sed</span> <span class='ocrx_word' id='word_1_175' title='bbox 439 1261 647 1305; x_wconf 87' lang='lat' dir='ltr'>Christus</span> <span class='ocrx_word' id='word_1_176' title='bbox 664 1259 713 1302; x_wconf 89' lang='lat' dir='ltr'>in</span> <span class='ocrx_word' id='word_1_177' title='bbox 737 1258 941 1302; x_wconf 88' lang='lat' dir='ltr'>humana</span> <span class='ocrx_word' id='word_1_178' title='bbox 963 1263 1129 1301; x_wconf 85' lang='lat' dir='ltr'>natura</span> <span class='ocrx_word' id='word_1_179' title='bbox 1155 1256 1317 1300; x_wconf 89' lang='lat' dir='ltr'>hahuit</span> <span class='ocrx_word' id='word_1_180' title='bbox 1337 1255 1564 1313; x_wconf 88' lang='lat' dir='ltr'>quidquid</span> <span class='ocrx_word' id='word_1_181' title='bbox 1593 1255 1651 1300; x_wconf 92' lang='lat' dir='ltr'>ad</span> <span class='ocrx_word' id='word_1_182' title='bbox 1690 1255 2017 1311; x_wconf 80' lang='lat' dir='ltr'>perfectionem</span> 
     </span>
     <span class='ocr_line' id='line_1_18' title="bbox 120 1316 2018 1378; baseline -0.004 -10"><span class='ocrx_word' id='word_1_183' title='bbox 120 1325 338 1368; x_wconf 70' lang='lat' dir='ltr'>humanae</span> <span class='ocrx_word' id='word_1_184' title='bbox 362 1327 540 1367; x_wconf 86' lang='lat' dir='ltr'>naturae</span> <span class='ocrx_word' id='word_1_185' title='bbox 564 1321 777 1378; x_wconf 88' lang='lat' dir='ltr'>pertinet.</span> <span class='ocrx_word' id='word_1_186' title='bbox 809 1323 927 1376; x_wconf 86' lang='lat' dir='ltr'>Ergo</span> <span class='ocrx_word' id='word_1_187' title='bbox 953 1324 1152 1375; x_wconf 85' lang='lat' dir='ltr'>utraque</span> <span class='ocrx_word' id='word_1_188' title='bbox 1176 1319 1502 1376; x_wconf 87' lang='lat' dir='ltr'>praedictarum</span> <span class='ocrx_word' id='word_1_189' title='bbox 1524 1318 1820 1362; x_wconf 82' lang='lat' dir='ltr'>voluntatum</span> <span class='ocrx_word' id='word_1_190' title='bbox 1851 1317 1937 1361; x_wconf 90' lang='lat' dir='ltr'>fuit</span> <span class='ocrx_word' id='word_1_191' title='bbox 1969 1316 2018 1361; x_wconf 90' lang='lat' dir='ltr'>in</span> 
     </span>
     <span class='ocr_line' id='line_1_19' title="bbox 119 1385 315 1430; baseline -0.005 0"><span class='ocrx_word' id='word_1_192' title='bbox 119 1385 315 1430; x_wconf 77' lang='lat' dir='ltr'>Christo,</span> 
     </span>
    </p>

    <p class='ocr_par' dir='ltr' id='par_1_7' title="bbox 123 1440 2020 1812">
     <span class='ocr_line' id='line_1_20' title="bbox 178 1440 2019 1500; baseline -0.003 -9"><span class='ocrx_word' id='word_1_193' title='bbox 178 1450 220 1491; x_wconf 74' lang='lat'>⁶2.</span> <span class='ocrx_word' id='word_1_194' title='bbox 252 1449 496 1500; x_wconf 80' lang='lat' dir='ltr'>Praeterea‚</span> <span class='ocrx_word' id='word_1_195' title='bbox 520 1445 593 1488; x_wconf 90' lang='lat' dir='ltr'>vis</span> <span class='ocrx_word' id='word_1_196' title='bbox 615 1444 866 1500; x_wconf 81' lang='lat' dir='ltr'>appetitiva</span> <span class='ocrx_word' id='word_1_197' title='bbox 886 1443 1221 1488; x_wconf 85' lang='lat' dir='ltr'>diversificatur</span> <span class='ocrx_word' id='word_1_198' title='bbox 1242 1443 1287 1485; x_wconf 88' lang='lat' dir='ltr'>in</span> <span class='ocrx_word' id='word_1_199' title='bbox 1315 1441 1501 1486; x_wconf 89' lang='lat' dir='ltr'>homine</span> <span class='ocrx_word' id='word_1_200' title='bbox 1529 1442 1791 1486; x_wconf 76' lang='lat' dir='ltr'>secundum</span> <span class='ocrx_word' id='word_1_201' title='bbox 1823 1440 2019 1486; x_wconf 86' lang='lat' dir='ltr'>diversi—</span> 
     </span>
     <span class='ocr_line' id='line_1_21' title="bbox 124 1503 2020 1562; baseline -0.002 -9"><span class='ocrx_word' id='word_1_202' title='bbox 124 1514 262 1553; x_wconf 89' lang='lat' dir='ltr'>tatem</span> <span class='ocrx_word' id='word_1_203' title='bbox 286 1507 471 1554; x_wconf 87' lang='lat' dir='ltr'>virtutis</span> <span class='ocrx_word' id='word_1_204' title='bbox 494 1505 843 1562; x_wconf 81' lang='lat' dir='ltr'>apprehensivae</span> <span class='ocrx_word' id='word_1_205' title='bbox 862 1508 944 1561; x_wconf 82' lang='lat'>(3);</span> <span class='ocrx_word' id='word_1_206' title='bbox 971 1510 1016 1549; x_wconf 86' lang='lat' dir='ltr'>et</span> <span class='ocrx_word' id='word_1_207' title='bbox 1047 1505 1152 1549; x_wconf 86' lang='lat' dir='ltr'>ideo</span> <span class='ocrx_word' id='word_1_208' title='bbox 1175 1504 1432 1549; x_wconf 81' lang='lat' dir='ltr'>secundum</span> <span class='ocrx_word' id='word_1_209' title='bbox 1460 1503 1765 1548; x_wconf 85' lang='lat' dir='ltr'>differentiam</span> <span class='ocrx_word' id='word_1_210' title='bbox 1785 1507 1954 1548; x_wconf 79' lang='lat' dir='ltr'>sensus</span> <span class='ocrx_word' id='word_1_211' title='bbox 1974 1507 2020 1549; x_wconf 87' lang='lat' dir='ltr'>et</span> 
     </span>
     <span class='ocr_line' id='line_1_22' title="bbox 123 1566 2018 1623; baseline -0.002 -9"><span class='ocrx_word' id='word_1_212' title='bbox 123 1571 388 1616; x_wconf 82' lang='lat' dir='ltr'>intellectus</span> <span class='ocrx_word' id='word_1_213' title='bbox 409 1566 750 1614; x_wconf 82' lang='lat' dir='ltr'>diversificatur</span> <span class='ocrx_word' id='word_1_214' title='bbox 781 1567 829 1611; x_wconf 91' lang='lat' dir='ltr'>in</span> <span class='ocrx_word' id='word_1_215' title='bbox 860 1567 1049 1611; x_wconf 85' lang='lat' dir='ltr'>homine</span> <span class='ocrx_word' id='word_1_216' title='bbox 1075 1567 1308 1623; x_wconf 89' lang='lat' dir='ltr'>appetitus</span> <span class='ocrx_word' id='word_1_217' title='bbox 1331 1566 1584 1610; x_wconf 84' lang='lat' dir='ltr'>sensitivus</span> <span class='ocrx_word' id='word_1_218' title='bbox 1616 1571 1663 1610; x_wconf 91' lang='lat' dir='ltr'>et</span> <span class='ocrx_word' id='word_1_219' title='bbox 1691 1566 2018 1610; x_wconf 86' lang='lat' dir='ltr'>intellectivus.</span> 
     </span>
     <span class='ocr_line' id='line_1_23' title="bbox 123 1628 2020 1686; baseline -0.001 -11"><span class='ocrx_word' id='word_1_220' title='bbox 123 1632 211 1675; x_wconf 82' lang='lat' dir='ltr'>Sed</span> <span class='ocrx_word' id='word_1_221' title='bbox 246 1631 457 1675; x_wconf 82' lang='lat' dir='ltr'>similiter</span> <span class='ocrx_word' id='word_1_222' title='bbox 492 1633 719 1686; x_wconf 77' lang='lat' dir='ltr'>quantum</span> <span class='ocrx_word' id='word_1_223' title='bbox 755 1629 815 1674; x_wconf 89' lang='lat' dir='ltr'>ad</span> <span class='ocrx_word' id='word_1_224' title='bbox 848 1629 1265 1686; x_wconf 84' lang='lat' dir='ltr'>apprehensionem</span> <span class='ocrx_word' id='word_1_225' title='bbox 1303 1628 1505 1673; x_wconf 87' lang='lat' dir='ltr'>hominis</span> <span class='ocrx_word' id='word_1_226' title='bbox 1539 1628 1726 1683; x_wconf 88' lang='lat' dir='ltr'>ponitur</span> <span class='ocrx_word' id='word_1_227' title='bbox 1760 1628 2020 1673; x_wconf 84' lang='lat' dir='ltr'>differentia</span> 
     </span>
     <span class='ocr_line' id='line_1_24' title="bbox 123 1690 2020 1748; baseline -0.001 -11"><span class='ocrx_word' id='word_1_228' title='bbox 123 1695 316 1738; x_wconf 77' lang='lat' dir='ltr'>rationis</span> <span class='ocrx_word' id='word_1_229' title='bbox 346 1698 393 1738; x_wconf 87' lang='lat' dir='ltr'>et</span> <span class='ocrx_word' id='word_1_230' title='bbox 423 1692 705 1745; x_wconf 73' lang='lat' dir='ltr'>intellectus,</span> <span class='ocrx_word' id='word_1_231' title='bbox 726 1703 925 1748; x_wconf 78' lang='lat' dir='ltr'>quorum</span> <span class='ocrx_word' id='word_1_232' title='bbox 951 1697 1200 1747; x_wconf 88' lang='lat' dir='ltr'>utrumque</span> <span class='ocrx_word' id='word_1_233' title='bbox 1231 1691 1320 1735; x_wconf 78' lang='lat' dir='ltr'>fuit</span> <span class='ocrx_word' id='word_1_234' title='bbox 1340 1691 1387 1734; x_wconf 90' lang='lat' dir='ltr'>in</span> <span class='ocrx_word' id='word_1_235' title='bbox 1412 1690 1604 1735; x_wconf 87' lang='lat' dir='ltr'>Christo.</span> <span class='ocrx_word' id='word_1_236' title='bbox 1639 1693 1759 1747; x_wconf 72' lang='lat' dir='ltr'>Ergo</span> <span class='ocrx_word' id='word_1_237' title='bbox 1781 1690 1868 1734; x_wconf 85' lang='lat' dir='ltr'>fuit</span> <span class='ocrx_word' id='word_1_238' title='bbox 1888 1690 1935 1734; x_wconf 90' lang='lat' dir='ltr'>in</span> <span class='ocrx_word' id='word_1_239' title='bbox 1962 1702 2020 1736; x_wconf 84' lang='lat' dir='ltr'>eo</span> 
     </span>
     <span class='ocr_line' id='line_1_25' title="bbox 123 1753 1455 1812; baseline -0.004 -11"><span class='ocrx_word' id='word_1_240' title='bbox 123 1757 295 1812; x_wconf 87' lang='lat' dir='ltr'>duplex</span> <span class='ocrx_word' id='word_1_241' title='bbox 311 1755 547 1810; x_wconf 73' lang='lat' dir='ltr'>voluntaS,</span> <span class='ocrx_word' id='word_1_242' title='bbox 568 1766 663 1797; x_wconf 89' lang='lat' dir='ltr'>una</span> <span class='ocrx_word' id='word_1_243' title='bbox 683 1754 1009 1798; x_wconf 88' lang='lat' dir='ltr'>intellectualis</span> <span class='ocrx_word' id='word_1_244' title='bbox 1030 1759 1077 1798; x_wconf 88' lang='lat' dir='ltr'>et</span> <span class='ocrx_word' id='word_1_245' title='bbox 1097 1754 1186 1797; x_wconf 88' lang='lat' dir='ltr'>alia</span> <span class='ocrx_word' id='word_1_246' title='bbox 1200 1753 1455 1797; x_wconf 82' lang='lat' dir='ltr'>rationalis.</span> 
     </span>
    </p>

    <p class='ocr_par' dir='ltr' id='par_1_8' title="bbox 122 1813 2021 1998">
     <span class='ocr_line' id='line_1_26' title="bbox 178 1813 2021 1872; baseline -0.001 -10"><span class='ocrx_word' id='word_1_247' title='bbox 178 1821 221 1862; x_wconf 84' lang='lat'>3.</span> <span class='ocrx_word' id='word_1_248' title='bbox 244 1820 487 1871; x_wconf 82' lang='lat' dir='ltr'>Praeterea,</span> <span class='ocrx_word' id='word_1_249' title='bbox 512 1816 539 1859; x_wconf 79' lang='lat' dir='ltr'>a</span> <span class='ocrx_word' id='word_1_250' title='bbox 567 1815 850 1872; x_wconf 88' lang='lat' dir='ltr'>quibusdam</span> <span class='ocrx_word' id='word_1_251' title='bbox 874 1817 933 1870; x_wconf 74' lang='lat'>(4)</span> <span class='ocrx_word' id='word_1_252' title='bbox 962 1815 1150 1871; x_wconf 88' lang='lat' dir='ltr'>ponitur</span> <span class='ocrx_word' id='word_1_253' title='bbox 1168 1814 1214 1858; x_wconf 90' lang='lat' dir='ltr'>in</span> <span class='ocrx_word' id='word_1_254' title='bbox 1236 1814 1415 1858; x_wconf 86' lang='lat' dir='ltr'>Christo</span> <span class='ocrx_word' id='word_1_255' title='bbox 1445 1814 1661 1858; x_wconf 88' lang='lat' dir='ltr'>voluntas</span> <span class='ocrx_word' id='word_1_256' title='bbox 1692 1813 1893 1871; x_wconf 83' lang='lat' dir='ltr'>pietatis,</span> <span class='ocrx_word' id='word_1_257' title='bbox 1915 1827 2021 1872; x_wconf 85' lang='lat' dir='ltr'>quae</span> 
     </span>
     <span class='ocr_line' id='line_1_27' title="bbox 124 1877 2020 1938; baseline -0.001 -13"><span class='ocrx_word' id='word_1_258' title='bbox 124 1893 219 1925; x_wconf 90' lang='lat' dir='ltr'>non</span> <span class='ocrx_word' id='word_1_259' title='bbox 242 1883 394 1938; x_wconf 79' lang='lat' dir='ltr'>pctest</span> <span class='ocrx_word' id='word_1_260' title='bbox 424 1878 536 1936; x_wconf 91' lang='lat' dir='ltr'>poni</span> <span class='ocrx_word' id='word_1_261' title='bbox 568 1878 656 1922; x_wconf 89' lang='lat' dir='ltr'>nisi</span> <span class='ocrx_word' id='word_1_262' title='bbox 679 1891 736 1922; x_wconf 89' lang='lat' dir='ltr'>ex</span> <span class='ocrx_word' id='word_1_263' title='bbox 759 1882 890 1935; x_wconf 89' lang='lat' dir='ltr'>parte</span> <span class='ocrx_word' id='word_1_264' title='bbox 919 1877 1127 1922; x_wconf 91' lang='lat' dir='ltr'>rationis.</span> <span class='ocrx_word' id='word_1_265' title='bbox 1162 1879 1278 1933; x_wconf 84' lang='lat' dir='ltr'>Ergo</span> <span class='ocrx_word' id='word_1_266' title='bbox 1301 1877 1348 1920; x_wconf 90' lang='lat' dir='ltr'>in</span> <span class='ocrx_word' id='word_1_267' title='bbox 1378 1877 1557 1921; x_wconf 89' lang='lat' dir='ltr'>Christo</span> <span class='ocrx_word' id='word_1_268' title='bbox 1577 1889 1637 1922; x_wconf 86' lang='lat' dir='ltr'>ex</span> <span class='ocrx_word' id='word_1_269' title='bbox 1667 1881 1800 1933; x_wconf 85' lang='lat' dir='ltr'>parte</span> <span class='ocrx_word' id='word_1_270' title='bbox 1828 1878 2020 1923; x_wconf 88' lang='lat' dir='ltr'>rationis</span> 
     </span>
     <span class='ocr_line' id='line_1_28' title="bbox 122 1940 715 1998; baseline -0.005 -11"><span class='ocrx_word' id='word_1_271' title='bbox 122 1948 235 1987; x_wconf 87' lang='lat' dir='ltr'>sunt</span> <span class='ocrx_word' id='word_1_272' title='bbox 253 1942 413 1998; x_wconf 88' lang='lat' dir='ltr'>plures</span> <span class='ocrx_word' id='word_1_273' title='bbox 433 1940 715 1985; x_wconf 85' lang='lat' dir='ltr'>voluntates.</span> 
     </span>
    </p>

    <p class='ocr_par' dir='ltr' id='par_1_9' title="bbox 121 1999 2020 2296">
     <span class='ocr_line' id='line_1_29' title="bbox 177 1999 2018 2058; baseline -0.001 -9"><span class='ocrx_word' id='word_1_274' title='bbox 177 2008 220 2049; x_wconf 75' lang='lat'>4.</span> <span class='ocrx_word' id='word_1_275' title='bbox 256 2004 342 2049; x_wconf 88' lang='lat' dir='ltr'>Sed</span> <span class='ocrx_word' id='word_1_276' title='bbox 365 2005 529 2047; x_wconf 83' lang='lat' dir='ltr'>contra</span> <span class='ocrx_word' id='word_1_277' title='bbox 555 2008 627 2047; x_wconf 87' lang='lat' dir='ltr'>est</span> <span class='ocrx_word' id='word_1_278' title='bbox 657 2001 783 2058; x_wconf 81' lang='lat' dir='ltr'>quod</span> <span class='ocrx_word' id='word_1_279' title='bbox 801 2001 851 2045; x_wconf 88' lang='lat' dir='ltr'>in</span> <span class='ocrx_word' id='word_1_280' title='bbox 875 2001 1083 2058; x_wconf 87' lang='lat' dir='ltr'>quolibet</span> <span class='ocrx_word' id='word_1_281' title='bbox 1102 2000 1266 2046; x_wconf 79' lang='lat' dir='ltr'>ordine</span> <span class='ocrx_word' id='word_1_282' title='bbox 1297 2005 1369 2045; x_wconf 90' lang='lat' dir='ltr'>est</span> <span class='ocrx_word' id='word_1_283' title='bbox 1394 2013 1544 2045; x_wconf 91' lang='lat' dir='ltr'>unum</span> <span class='ocrx_word' id='word_1_284' title='bbox 1577 1999 1780 2058; x_wconf 89' lang='lat' dir='ltr'>primum</span> <span class='ocrx_word' id='word_1_285' title='bbox 1806 2012 2018 2048; x_wconf 85' lang='lat' dir='ltr'>movens.</span> 
     </span>
     <span class='ocr_line' id='line_1_30' title="bbox 126 2063 2019 2121; baseline -0.001 -10"><span class='ocrx_word' id='word_1_286' title='bbox 126 2067 213 2111; x_wconf 89' lang='lat' dir='ltr'>Sed</span> <span class='ocrx_word' id='word_1_287' title='bbox 233 2067 451 2111; x_wconf 88' lang='lat' dir='ltr'>voluntas</span> <span class='ocrx_word' id='word_1_288' title='bbox 466 2070 538 2109; x_wconf 91' lang='lat' dir='ltr'>est</span> <span class='ocrx_word' id='word_1_289' title='bbox 557 2065 759 2121; x_wconf 87' lang='lat' dir='ltr'>primum</span> <span class='ocrx_word' id='word_1_290' title='bbox 783 2076 978 2108; x_wconf 92' lang='lat' dir='ltr'>movens</span> <span class='ocrx_word' id='word_1_291' title='bbox 1001 2063 1048 2107; x_wconf 91' lang='lat' dir='ltr'>in</span> <span class='ocrx_word' id='word_1_292' title='bbox 1070 2075 1240 2120; x_wconf 81' lang='lat' dir='ltr'>genere</span> <span class='ocrx_word' id='word_1_293' title='bbox 1263 2063 1574 2107; x_wconf 90' lang='lat' dir='ltr'>humanorum</span> <span class='ocrx_word' id='word_1_294' title='bbox 1601 2068 1808 2108; x_wconf 80' lang='lat' dir='ltr'>actuum.</span> <span class='ocrx_word' id='word_1_295' title='bbox 1832 2066 1949 2120; x_wconf 83' lang='lat' dir='ltr'>Ergo</span> <span class='ocrx_word' id='word_1_296' title='bbox 1973 2065 2019 2109; x_wconf 91' lang='lat' dir='ltr'>in</span> 
     </span>
     <span class='ocr_line' id='line_1_31' title="bbox 121 2125 2019 2181; baseline -0.001 -9"><span class='ocrx_word' id='word_1_297' title='bbox 121 2141 217 2173; x_wconf 88' lang='lat' dir='ltr'>uno</span> <span class='ocrx_word' id='word_1_298' title='bbox 243 2128 428 2172; x_wconf 89' lang='lat' dir='ltr'>homine</span> <span class='ocrx_word' id='word_1_299' title='bbox 445 2139 538 2170; x_wconf 89' lang='lat' dir='ltr'>non</span> <span class='ocrx_word' id='word_1_300' title='bbox 564 2131 635 2170; x_wconf 91' lang='lat' dir='ltr'>est</span> <span class='ocrx_word' id='word_1_301' title='bbox 652 2126 738 2170; x_wconf 86' lang='lat' dir='ltr'>nisi</span> <span class='ocrx_word' id='word_1_302' title='bbox 753 2138 847 2170; x_wconf 88' lang='lat' dir='ltr'>una</span> <span class='ocrx_word' id='word_1_303' title='bbox 864 2125 1081 2169; x_wconf 89' lang='lat' dir='ltr'>voluntas</span> <span class='ocrx_word' id='word_1_304' title='bbox 1098 2125 1282 2181; x_wconf 76' lang='lat' dir='ltr'>proprie</span> <span class='ocrx_word' id='word_1_305' title='bbox 1298 2125 1418 2169; x_wconf 88' lang='lat' dir='ltr'>dicta</span> <span class='ocrx_word' id='word_1_306' title='bbox 1435 2137 1539 2181; x_wconf 86' lang='lat' dir='ltr'>quae</span> <span class='ocrx_word' id='word_1_307' title='bbox 1557 2128 1630 2169; x_wconf 87' lang='lat' dir='ltr'>est</span> <span class='ocrx_word' id='word_1_308' title='bbox 1646 2125 1865 2170; x_wconf 86' lang='lat' dir='ltr'>voluntas</span> <span class='ocrx_word' id='word_1_309' title='bbox 1881 2127 2019 2171; x_wconf 83' lang='lat' dir='ltr'>ratio-</span> 
     </span>
     <span class='ocr_line' id='line_1_32' title="bbox 124 2185 2020 2247; baseline -0.001 -13"><span class='ocrx_word' id='word_1_310' title='bbox 124 2191 211 2234; x_wconf 91' lang='lat' dir='ltr'>nis.</span> <span class='ocrx_word' id='word_1_311' title='bbox 235 2189 440 2234; x_wconf 88' lang='lat' dir='ltr'>Christus</span> <span class='ocrx_word' id='word_1_312' title='bbox 459 2194 613 2232; x_wconf 83' lang='lat' dir='ltr'>autem</span> <span class='ocrx_word' id='word_1_313' title='bbox 633 2192 706 2231; x_wconf 88' lang='lat' dir='ltr'>est</span> <span class='ocrx_word' id='word_1_314' title='bbox 725 2199 851 2247; x_wconf 14' lang='lat' dir='ltr'>funus</span> <span class='ocrx_word' id='word_1_315' title='bbox 875 2189 1028 2231; x_wconf 88' lang='lat' dir='ltr'>homo.</span> <span class='ocrx_word' id='word_1_316' title='bbox 1054 2189 1172 2243; x_wconf 85' lang='lat' dir='ltr'>Ergo</span> <span class='ocrx_word' id='word_1_317' title='bbox 1194 2186 1243 2230; x_wconf 91' lang='lat' dir='ltr'>in</span> <span class='ocrx_word' id='word_1_318' title='bbox 1263 2185 1441 2230; x_wconf 89' lang='lat' dir='ltr'>Christo</span> <span class='ocrx_word' id='word_1_319' title='bbox 1456 2190 1528 2230; x_wconf 87' lang='lat' dir='ltr'>est</span> <span class='ocrx_word' id='word_1_320' title='bbox 1539 2198 1632 2229; x_wconf 89' lang='lat' dir='ltr'>una</span> <span class='ocrx_word' id='word_1_321' title='bbox 1650 2190 1829 2231; x_wconf 79' lang='lat' dir='ltr'>tantum</span> <span class='ocrx_word' id='word_1_322' title='bbox 1850 2187 2020 2233; x_wconf 88' lang='lat' dir='ltr'>volun-</span> 
     </span>
     <span class='ocr_line' id='line_1_33' title="bbox 122 2251 432 2296; baseline -0.006 0"><span class='ocrx_word' id='word_1_323' title='bbox 122 2255 193 2296; x_wconf 90' lang='lat' dir='ltr'>tas</span> <span class='ocrx_word' id='word_1_324' title='bbox 213 2251 432 2295; x_wconf 87' lang='lat' dir='ltr'>humana.</span> 
     </span>
    </p>

    <p class='ocr_par' dir='ltr' id='par_1_10' title="bbox 121 2315 2020 2534">
     <span class='ocr_line' id='line_1_34' title="bbox 168 2315 2020 2368; baseline 0.001 -9"><span class='ocrx_word' id='word_1_325' title='bbox 168 2317 454 2359; x_wconf 88' lang='lat' dir='ltr'>CONCLUSIO.</span> <span class='ocrx_word' id='word_1_326' title='bbox 482 2338 528 2346; x_wconf 88' lang='lat'>-</span> <span class='ocrx_word' id='word_1_327' title='bbox 545 2317 586 2356; x_wconf 94' lang='lat' dir='ltr'>Si</span> <span class='ocrx_word' id='word_1_328' title='bbox 607 2317 657 2357; x_wconf 86' lang='lat' dir='ltr'>de</span> <span class='ocrx_word' id='word_1_329' title='bbox 674 2315 856 2368; x_wconf 87' lang='lat' dir='ltr'>potentia</span> <span class='ocrx_word' id='word_1_330' title='bbox 871 2315 1099 2355; x_wconf 83' lang='lat' dir='ltr'>voluntatis</span> <span class='ocrx_word' id='word_1_331' title='bbox 1118 2315 1352 2366; x_wconf 86' lang='lat' dir='ltr'>loquamur,</span> <span class='ocrx_word' id='word_1_332' title='bbox 1369 2316 1492 2355; x_wconf 89' lang='lat' dir='ltr'>unica</span> <span class='ocrx_word' id='word_1_333' title='bbox 1513 2319 1574 2356; x_wconf 90' lang='lat' dir='ltr'>est</span> <span class='ocrx_word' id='word_1_334' title='bbox 1591 2318 1636 2355; x_wconf 89' lang='lat' dir='ltr'>in</span> <span class='ocrx_word' id='word_1_335' title='bbox 1652 2315 1812 2358; x_wconf 88' lang='lat' dir='ltr'>Christo</span> <span class='ocrx_word' id='word_1_336' title='bbox 1824 2318 2020 2360; x_wconf 85' lang='lat' dir='ltr'>voluntas</span> 
     </span>
     <span class='ocr_line' id='line_1_35' title="bbox 122 2369 2018 2427; baseline 0 -13"><span class='ocrx_word' id='word_1_337' title='bbox 122 2375 323 2421; x_wconf 84' lang='lat' dir='ltr'>humana,</span> <span class='ocrx_word' id='word_1_338' title='bbox 341 2372 611 2413; x_wconf 84' lang='lat' dir='ltr'>essentialiter</span> <span class='ocrx_word' id='word_1_339' title='bbox 626 2375 664 2411; x_wconf 87' lang='lat' dir='ltr'>et</span> <span class='ocrx_word' id='word_1_340' title='bbox 680 2383 761 2411; x_wconf 91' lang='lat' dir='ltr'>non</span> <span class='ocrx_word' id='word_1_341' title='bbox 783 2370 1059 2421; x_wconf 82' lang='lat' dir='ltr'>participative</span> <span class='ocrx_word' id='word_1_342' title='bbox 1075 2369 1185 2410; x_wconf 87' lang='lat' dir='ltr'>dicta</span> <span class='ocrx_word' id='word_1_343' title='bbox 1201 2384 1211 2410; x_wconf 89' lang='lat'>:</span> <span class='ocrx_word' id='word_1_344' title='bbox 1236 2371 1381 2411; x_wconf 79' lang='lat' dir='ltr'>sivero</span> <span class='ocrx_word' id='word_1_345' title='bbox 1397 2372 1618 2423; x_wconf 87' lang='lat' dir='ltr'>loquamur</span> <span class='ocrx_word' id='word_1_346' title='bbox 1635 2371 1685 2411; x_wconf 92' lang='lat' dir='ltr'>de</span> <span class='ocrx_word' id='word_1_347' title='bbox 1698 2372 1912 2414; x_wconf 84' lang='lat' dir='ltr'>voluntate</span> <span class='ocrx_word' id='word_1_348' title='bbox 1926 2386 2018 2427; x_wconf 80' lang='lat' dir='ltr'>quae</span> 
     </span>
     <span class='ocr_line' id='line_1_36' title="bbox 121 2425 2017 2483; baseline 0 -13"><span class='ocrx_word' id='word_1_349' title='bbox 121 2434 180 2471; x_wconf 86' lang='lat' dir='ltr'>est</span> <span class='ocrx_word' id='word_1_350' title='bbox 193 2432 321 2476; x_wconf 82' lang='lat' dir='ltr'>actus,</span> <span class='ocrx_word' id='word_1_351' title='bbox 338 2428 397 2468; x_wconf 84' lang='lat' dir='ltr'>sic</span> <span class='ocrx_word' id='word_1_352' title='bbox 411 2426 688 2478; x_wconf 85' lang='lat' dir='ltr'>distinguitur</span> <span class='ocrx_word' id='word_1_353' title='bbox 701 2427 744 2465; x_wconf 88' lang='lat' dir='ltr'>in</span> <span class='ocrx_word' id='word_1_354' title='bbox 757 2425 918 2465; x_wconf 82' lang='lat' dir='ltr'>Christo</span> <span class='ocrx_word' id='word_1_355' title='bbox 932 2427 1136 2474; x_wconf 85' lang='lat' dir='ltr'>voluutas,</span> <span class='ocrx_word' id='word_1_356' title='bbox 1152 2438 1244 2477; x_wconf 83' lang='lat' dir='ltr'>quae</span> <span class='ocrx_word' id='word_1_357' title='bbox 1258 2430 1318 2466; x_wconf 85' lang='lat' dir='ltr'>est</span> <span class='ocrx_word' id='word_1_358' title='bbox 1333 2429 1381 2466; x_wconf 89' lang='lat' dir='ltr'>ut</span> <span class='ocrx_word' id='word_1_359' title='bbox 1395 2430 1556 2475; x_wconf 83' lang='lat' dir='ltr'>natura,</span> <span class='ocrx_word' id='word_1_360' title='bbox 1572 2439 1664 2479; x_wconf 83' lang='lat' dir='ltr'>quae</span> <span class='ocrx_word' id='word_1_361' title='bbox 1677 2427 1831 2469; x_wconf 86' lang='lat' dir='ltr'>dicitur</span> <span class='ocrx_word' id='word_1_362' title='bbox 1846 2430 2017 2483; x_wconf 79' lang='lat' dir='ltr'>thelisis,</span> 
     </span>
     <span class='ocr_line' id='line_1_37' title="bbox 121 2481 1198 2534; baseline -0.006 -7"><span class='ocrx_word' id='word_1_363' title='bbox 121 2489 160 2527; x_wconf 76' lang='lat' dir='ltr'>ct</span> <span class='ocrx_word' id='word_1_364' title='bbox 174 2483 366 2524; x_wconf 86' lang='lat' dir='ltr'>voluntas</span> <span class='ocrx_word' id='word_1_365' title='bbox 380 2493 473 2534; x_wconf 79' lang='lat' dir='ltr'>quae</span> <span class='ocrx_word' id='word_1_366' title='bbox 487 2485 547 2522; x_wconf 88' lang='lat' dir='ltr'>est</span> <span class='ocrx_word' id='word_1_367' title='bbox 564 2484 614 2521; x_wconf 87' lang='lat' dir='ltr'>ut</span> <span class='ocrx_word' id='word_1_368' title='bbox 629 2481 746 2530; x_wconf 87' lang='lat' dir='ltr'>ratio,</span> <span class='ocrx_word' id='word_1_369' title='bbox 763 2492 854 2531; x_wconf 86' lang='lat' dir='ltr'>quae</span> <span class='ocrx_word' id='word_1_370' title='bbox 870 2481 1020 2520; x_wconf 89' lang='lat' dir='ltr'>dicitur</span> <span class='ocrx_word' id='word_1_371' title='bbox 1038 2482 1198 2521; x_wconf 79' lang='lat' dir='ltr'>bulisis.</span> 
     </span>
    </p>

    <p class='ocr_par' dir='ltr' id='par_1_11' title="bbox 123 2543 2019 3039">
     <span class='ocr_line' id='line_1_38' title="bbox 181 2543 2015 2606; baseline 0.002 -16"><span class='ocrx_word' id='word_1_372' title='bbox 181 2545 453 2603; x_wconf 84' lang='lat' dir='ltr'>Respondeo</span> <span class='ocrx_word' id='word_1_373' title='bbox 476 2544 726 2589; x_wconf 89' lang='lat' dir='ltr'>dicendum</span> <span class='ocrx_word' id='word_1_374' title='bbox 761 2543 904 2600; x_wconf 75' lang='lat' dir='ltr'>quod,</span> <span class='ocrx_word' id='word_1_375' title='bbox 940 2544 1062 2588; x_wconf 89' lang='lat' dir='ltr'>sicut</span> <span class='ocrx_word' id='word_1_376' title='bbox 1091 2543 1267 2588; x_wconf 90' lang='lat' dir='ltr'>dictum</span> <span class='ocrx_word' id='word_1_377' title='bbox 1289 2548 1362 2589; x_wconf 83' lang='lat' dir='ltr'>est</span> <span class='ocrx_word' id='word_1_378' title='bbox 1387 2547 1487 2597; x_wconf 88' lang='lat' dir='ltr'>(art.</span> <span class='ocrx_word' id='word_1_379' title='bbox 1509 2548 1531 2589; x_wconf 85' lang='lat'><strong>1</strong></span> <span class='ocrx_word' id='word_1_380' title='bbox 1559 2545 1657 2604; x_wconf 88' lang='lat' dir='ltr'>huj.</span> <span class='ocrx_word' id='word_1_381' title='bbox 1693 2551 1858 2604; x_wconf 82' lang='lat' dir='ltr'>quaest.</span> <span class='ocrx_word' id='word_1_382' title='bbox 1881 2547 1940 2594; x_wconf 86' lang='lat' dir='ltr'>ad</span> <span class='ocrx_word' id='word_1_383' title='bbox 1954 2551 2015 2606; x_wconf 86' lang='lat'>3),</span> 
     </span>
     <span class='ocr_line' id='line_1_39' title="bbox 123 2605 2019 2668; baseline 0.001 -15"><span class='ocrx_word' id='word_1_384' title='bbox 123 2610 340 2653; x_wconf 84' lang='lat' dir='ltr'>voluntas</span> <span class='ocrx_word' id='word_1_385' title='bbox 359 2607 642 2664; x_wconf 88' lang='lat' dir='ltr'>quandoque</span> <span class='ocrx_word' id='word_1_386' title='bbox 664 2605 888 2662; x_wconf 87' lang='lat' dir='ltr'>accipitur</span> <span class='ocrx_word' id='word_1_387' title='bbox 907 2617 992 2663; x_wconf 89' lang='lat' dir='ltr'>pro</span> <span class='ocrx_word' id='word_1_388' title='bbox 1009 2607 1232 2663; x_wconf 62' lang='lat' dir='ltr'>potentia,</span> <span class='ocrx_word' id='word_1_389' title='bbox 1253 2612 1298 2651; x_wconf 88' lang='lat' dir='ltr'>et</span> <span class='ocrx_word' id='word_1_390' title='bbox 1314 2607 1595 2664; x_wconf 89' lang='lat' dir='ltr'>quandoque</span> <span class='ocrx_word' id='word_1_391' title='bbox 1609 2620 1693 2665; x_wconf 93' lang='lat' dir='ltr'>pro</span> <span class='ocrx_word' id='word_1_392' title='bbox 1707 2616 1831 2654; x_wconf 83' lang='lat' dir='ltr'>actu.</span> <span class='ocrx_word' id='word_1_393' title='bbox 1846 2610 1890 2654; x_wconf 90' lang='lat' dir='ltr'>Si</span> <span class='ocrx_word' id='word_1_394' title='bbox 1907 2623 2019 2668; x_wconf 86' lang='lat' dir='ltr'>ergo</span> 
     </span>
     <span class='ocr_line' id='line_1_40' title="bbox 124 2667 2018 2729; baseline 0.001 -14"><span class='ocrx_word' id='word_1_395' title='bbox 124 2672 341 2715; x_wconf 88' lang='lat' dir='ltr'>voluntas</span> <span class='ocrx_word' id='word_1_396' title='bbox 364 2669 616 2725; x_wconf 85' lang='lat' dir='ltr'>accipiatur</span> <span class='ocrx_word' id='word_1_397' title='bbox 638 2680 722 2724; x_wconf 92' lang='lat' dir='ltr'>pro</span> <span class='ocrx_word' id='word_1_398' title='bbox 760 2671 884 2724; x_wconf 85' lang='lat' dir='ltr'>actu,</span> <span class='ocrx_word' id='word_1_399' title='bbox 922 2667 991 2713; x_wconf 91' lang='lat' dir='ltr'>sic</span> <span class='ocrx_word' id='word_1_400' title='bbox 1020 2674 1201 2724; x_wconf 86' lang='lat' dir='ltr'>oportet</span> <span class='ocrx_word' id='word_1_401' title='bbox 1224 2668 1268 2712; x_wconf 94' lang='lat' dir='ltr'>in</span> <span class='ocrx_word' id='word_1_402' title='bbox 1293 2669 1470 2713; x_wconf 85' lang='lat' dir='ltr'>Christo</span> <span class='ocrx_word' id='word_1_403' title='bbox 1491 2682 1551 2714; x_wconf 86' lang='lat' dir='ltr'>ex</span> <span class='ocrx_word' id='word_1_404' title='bbox 1574 2675 1704 2726; x_wconf 89' lang='lat' dir='ltr'>parte</span> <span class='ocrx_word' id='word_1_405' title='bbox 1722 2672 1915 2717; x_wconf 85' lang='lat' dir='ltr'>rationis</span> <span class='ocrx_word' id='word_1_406' title='bbox 1937 2684 2018 2729; x_wconf 89' lang='lat' dir='ltr'>po—</span> 
     </span>
     <span class='ocr_line' id='line_1_41' title="bbox 125 2729 2019 2787; baseline 0.001 -10"><span class='ocrx_word' id='word_1_407' title='bbox 125 2744 238 2777; x_wconf 86' lang='lat' dir='ltr'>nere</span> <span class='ocrx_word' id='word_1_408' title='bbox 267 2732 398 2777; x_wconf 86' lang='lat' dir='ltr'>duas&#39;</span> <span class='ocrx_word' id='word_1_409' title='bbox 416 2731 696 2784; x_wconf 74' lang='lat' dir='ltr'>voluntateS,</span> <span class='ocrx_word' id='word_1_410' title='bbox 716 2729 764 2774; x_wconf 91' lang='lat' dir='ltr'>id</span> <span class='ocrx_word' id='word_1_411' title='bbox 786 2734 875 2787; x_wconf 89' lang='lat' dir='ltr'>est,</span> <span class='ocrx_word' id='word_1_412' title='bbox 908 2730 1027 2775; x_wconf 89' lang='lat' dir='ltr'>duas</span> <span class='ocrx_word' id='word_1_413' title='bbox 1058 2730 1238 2787; x_wconf 88' lang='lat' dir='ltr'>species</span> <span class='ocrx_word' id='word_1_414' title='bbox 1269 2735 1459 2775; x_wconf 89' lang='lat' dir='ltr'>actuum</span> <span class='ocrx_word' id='word_1_415' title='bbox 1492 2731 1761 2777; x_wconf 81' lang='lat' dir='ltr'>voluntatis.</span> <span class='ocrx_word' id='word_1_416' title='bbox 1797 2734 2019 2780; x_wconf 88' lang='lat' dir='ltr'>Voluntas</span> 
     </span>
     <span class='ocr_line' id='line_1_42' title="bbox 125 2786 2019 2852; baseline 0.002 -13"><span class='ocrx_word' id='word_1_417' title='bbox 125 2795 268 2852; x_wconf 77' lang='lat' dir='ltr'>enim,</span> <span class='ocrx_word' id='word_1_418' title='bbox 290 2799 340 2839; x_wconf 87' lang='lat' dir='ltr'>ut</span> <span class='ocrx_word' id='word_1_419' title='bbox 379 2793 426 2838; x_wconf 87' lang='lat' dir='ltr'>in</span> <span class='ocrx_word' id='word_1_420' title='bbox 465 2786 672 2837; x_wconf 73' lang='lat' dir='ltr'>secunda</span> <span class='ocrx_word' id='word_1_421' title='bbox 710 2796 842 2849; x_wconf 86' lang='lat' dir='ltr'>parte</span> <span class='ocrx_word' id='word_1_422' title='bbox 869 2792 1043 2837; x_wconf 89' lang='lat' dir='ltr'>dictum</span> <span class='ocrx_word' id='word_1_423' title='bbox 1066 2797 1137 2836; x_wconf 90' lang='lat' dir='ltr'>est</span> <span class='ocrx_word' id='word_1_424' title='bbox 1170 2796 1205 2846; x_wconf 83' lang='lat'>(1</span> <span class='ocrx_word' id='word_1_425' title='bbox 1230 2795 1274 2848; x_wconf 75' lang='lat'>2,</span> <span class='ocrx_word' id='word_1_426' title='bbox 1306 2798 1471 2849; x_wconf 87' lang='lat' dir='ltr'>quaest.</span> <span class='ocrx_word' id='word_1_427' title='bbox 1498 2807 1590 2848; x_wconf 78' lang='lat' dir='ltr'>vm,</span> <span class='ocrx_word' id='word_1_428' title='bbox 1614 2800 1700 2838; x_wconf 87' lang='lat' dir='ltr'>art.</span> <span class='ocrx_word' id='word_1_429' title='bbox 1725 2797 1753 2838; x_wconf 77' lang='lat'>2</span> <span class='ocrx_word' id='word_1_430' title='bbox 1779 2799 1827 2840; x_wconf 89' lang='lat' dir='ltr'>et</span> <span class='ocrx_word' id='word_1_431' title='bbox 1850 2798 1911 2852; x_wconf 78' lang='lat'>3),</span> <span class='ocrx_word' id='word_1_432' title='bbox 1946 2802 2019 2843; x_wconf 85' lang='lat' dir='ltr'>est</span> 
     </span>
     <span class='ocr_line' id='line_1_43' title="bbox 126 2854 2016 2915; baseline 0.002 -14"><span class='ocrx_word' id='word_1_433' title='bbox 126 2857 247 2912; x_wconf 78' lang='lat' dir='ltr'>finis,</span> <span class='ocrx_word' id='word_1_434' title='bbox 272 2861 318 2901; x_wconf 91' lang='lat' dir='ltr'>et</span> <span class='ocrx_word' id='word_1_435' title='bbox 333 2860 405 2900; x_wconf 91' lang='lat' dir='ltr'>est</span> <span class='ocrx_word' id='word_1_436' title='bbox 425 2867 587 2900; x_wconf 86' lang='lat' dir='ltr'>eorum</span> <span class='ocrx_word' id='word_1_437' title='bbox 605 2867 709 2911; x_wconf 84' lang='lat' dir='ltr'>quae</span> <span class='ocrx_word' id='word_1_438' title='bbox 729 2859 840 2898; x_wconf 89' lang='lat' dir='ltr'>sunt</span> <span class='ocrx_word' id='word_1_439' title='bbox 859 2855 916 2899; x_wconf 90' lang='lat' dir='ltr'>ad</span> <span class='ocrx_word' id='word_1_440' title='bbox 937 2854 1077 2899; x_wconf 86' lang='lat' dir='ltr'>finem</span> <span class='ocrx_word' id='word_1_441' title='bbox 1096 2855 1178 2911; x_wconf 75' lang='lat'>(5)·,</span> <span class='ocrx_word' id='word_1_442' title='bbox 1193 2860 1241 2899; x_wconf 90' lang='lat' dir='ltr'>et</span> <span class='ocrx_word' id='word_1_443' title='bbox 1257 2855 1348 2899; x_wconf 89' lang='lat' dir='ltr'>alio</span> <span class='ocrx_word' id='word_1_444' title='bbox 1366 2855 1505 2900; x_wconf 90' lang='lat' dir='ltr'>modo</span> <span class='ocrx_word' id='word_1_445' title='bbox 1522 2856 1668 2900; x_wconf 81' lang='lat' dir='ltr'>fertur</span> <span class='ocrx_word' id='word_1_446' title='bbox 1687 2856 1732 2900; x_wconf 92' lang='lat' dir='ltr'>in</span> <span class='ocrx_word' id='word_1_447' title='bbox 1751 2862 2016 2915; x_wconf 85' lang='lat' dir='ltr'>utrumque.</span> 
     </span>
     <span class='ocr_line' id='line_1_44' title="bbox 125 2917 2017 2976; baseline 0.002 -13"><span class='ocrx_word' id='word_1_448' title='bbox 125 2921 236 2964; x_wconf 84' lang='lat' dir='ltr'>Nam</span> <span class='ocrx_word' id='word_1_449' title='bbox 255 2919 304 2963; x_wconf 90' lang='lat' dir='ltr'>in</span> <span class='ocrx_word' id='word_1_450' title='bbox 324 2919 466 2963; x_wconf 82' lang='lat' dir='ltr'>finem</span> <span class='ocrx_word' id='word_1_451' title='bbox 490 2918 636 2962; x_wconf 83' lang='lat' dir='ltr'>fertur</span> <span class='ocrx_word' id='word_1_452' title='bbox 652 2917 923 2974; x_wconf 90' lang='lat' dir='ltr'>simpliciter</span> <span class='ocrx_word' id='word_1_453' title='bbox 940 2922 987 2962; x_wconf 89' lang='lat' dir='ltr'>et</span> <span class='ocrx_word' id='word_1_454' title='bbox 1003 2917 1233 2976; x_wconf 78' lang='lat' dir='ltr'>absolute,</span> <span class='ocrx_word' id='word_1_455' title='bbox 1254 2918 1376 2962; x_wconf 91' lang='lat' dir='ltr'>sicut</span> <span class='ocrx_word' id='word_1_456' title='bbox 1390 2918 1438 2962; x_wconf 91' lang='lat' dir='ltr'>in</span> <span class='ocrx_word' id='word_1_457' title='bbox 1459 2918 1505 2963; x_wconf 92' lang='lat' dir='ltr'>id</span> <span class='ocrx_word' id='word_1_458' title='bbox 1527 2919 1653 2975; x_wconf 88' lang='lat' dir='ltr'>quod</span> <span class='ocrx_word' id='word_1_459' title='bbox 1668 2925 1740 2964; x_wconf 90' lang='lat' dir='ltr'>est</span> <span class='ocrx_word' id='word_1_460' title='bbox 1758 2921 2017 2967; x_wconf 76' lang='lat' dir='ltr'>secundum</span> 
     </span>
     <span class='ocr_line' id='line_1_45' title="bbox 123 2978 2018 3039; baseline 0.002 -15"><span class='ocrx_word' id='word_1_461' title='bbox 123 2993 176 3024; x_wconf 88' lang='lat' dir='ltr'>se</span> <span class='ocrx_word' id='word_1_462' title='bbox 199 2980 403 3036; x_wconf 81' lang='lat' dir='ltr'>bonum3</span> <span class='ocrx_word' id='word_1_463' title='bbox 428 2979 476 3023; x_wconf 90' lang='lat' dir='ltr'>in</span> <span class='ocrx_word' id='word_1_464' title='bbox 500 2979 547 3024; x_wconf 93' lang='lat' dir='ltr'>id</span> <span class='ocrx_word' id='word_1_465' title='bbox 568 2985 726 3024; x_wconf 90' lang='lat' dir='ltr'>autem</span> <span class='ocrx_word' id='word_1_466' title='bbox 745 2978 873 3036; x_wconf 89' lang='lat' dir='ltr'>quod</span> <span class='ocrx_word' id='word_1_467' title='bbox 890 2982 964 3024; x_wconf 90' lang='lat' dir='ltr'>est</span> <span class='ocrx_word' id='word_1_468' title='bbox 984 2979 1042 3024; x_wconf 86' lang='lat' dir='ltr'>ad</span> <span class='ocrx_word' id='word_1_469' title='bbox 1066 2980 1227 3037; x_wconf 82' lang='lat' dir='ltr'>finem,</span> <span class='ocrx_word' id='word_1_470' title='bbox 1255 2979 1401 3024; x_wconf 86' lang='lat' dir='ltr'>fertur</span> <span class='ocrx_word' id='word_1_471' title='bbox 1420 2991 1528 3025; x_wconf 89' lang='lat' dir='ltr'>cum</span> <span class='ocrx_word' id='word_1_472' title='bbox 1547 2980 1749 3037; x_wconf 89' lang='lat' dir='ltr'>quadam</span> <span class='ocrx_word' id='word_1_473' title='bbox 1774 2978 2018 3039; x_wconf 83' lang='lat' dir='ltr'>compara-</span> 
     </span>
    </p>
   </div>
   <div class='ocr_carea' id='block_1_5' title="bbox 1114 3117 2015 3208">
    <p class='ocr_par' dir='ltr' id='par_1_12' title="bbox 1114 3117 2015 3208">
     <span class='ocr_line' id='line_1_46' title="bbox 1114 3117 2015 3162; baseline 0.007 -11"><span class='ocrx_word' id='word_1_474' title='bbox 1114 3118 1294 3152; x_wconf 80' lang='lat' dir='ltr'>humanam</span> <span class='ocrx_word' id='word_1_475' title='bbox 1314 3117 1513 3152; x_wconf 77' lang='lat' dir='ltr'>rationalem</span> <span class='ocrx_word' id='word_1_476' title='bbox 1541 3118 1579 3153; x_wconf 81' lang='lat' dir='ltr'>in</span> <span class='ocrx_word' id='word_1_477' title='bbox 1610 3119 1758 3161; x_wconf 76' lang='lat' dir='ltr'>Clu-isto,</span> <span class='ocrx_word' id='word_1_478' title='bbox 1775 3121 1803 3155; x_wconf 89' lang='lat' dir='ltr'>si</span> <span class='ocrx_word' id='word_1_479' title='bbox 1828 3122 2015 3162; x_wconf 79' lang='lat' dir='ltr'>potentiam</span> 
     </span>
     <span class='ocr_line' id='line_1_47' title="bbox 1114 3167 1686 3208; baseline 0.002 -8"><span class='ocrx_word' id='word_1_480' title='bbox 1114 3167 1384 3208; x_wconf 77' lang='lat' dir='ltr'>consideremus;</span> <span class='ocrx_word' id='word_1_481' title='bbox 1404 3167 1495 3207; x_wconf 80' lang='lat' dir='ltr'>duas.</span> <span class='ocrx_word' id='word_1_482' title='bbox 1514 3167 1539 3202; x_wconf 84' lang='lat' dir='ltr'>si</span> <span class='ocrx_word' id='word_1_483' title='bbox 1559 3172 1686 3204; x_wconf 74' lang='lat' dir='ltr'>actum.</span> 
     </span>
    </p>
   </div>
   <div class='ocr_carea' id='block_1_6' title="bbox 127 3115 1029 3207">
    <p class='ocr_par' dir='ltr' id='par_1_13' title="bbox 127 3115 1029 3207">
     <span class='ocr_line' id='line_1_48' title="bbox 166 3115 1029 3159; baseline 0.002 -8"><span class='ocrx_word' id='word_1_484' title='bbox 166 3117 270 3159; x_wconf 61' lang='lat' dir='ltr'>(UEx</span> <span class='ocrx_word' id='word_1_485' title='bbox 288 3116 338 3150; x_wconf 86' lang='lat' dir='ltr'>his</span> <span class='ocrx_word' id='word_1_486' title='bbox 362 3119 454 3156; x_wconf 68' lang='lat' dir='ltr'>patet</span> <span class='ocrx_word' id='word_1_487' title='bbox 479 3116 515 3151; x_wconf 89' lang='lat' dir='ltr'>in</span> <span class='ocrx_word' id='word_1_488' title='bbox 530 3116 661 3150; x_wconf 79' lang='lat' dir='ltr'>Christo</span> <span class='ocrx_word' id='word_1_489' title='bbox 687 3116 788 3151; x_wconf 79' lang='lat' dir='ltr'>fuisse</span> <span class='ocrx_word' id='word_1_490' title='bbox 807 3115 888 3151; x_wconf 76' lang='lat' dir='ltr'>duas</span> <span class='ocrx_word' id='word_1_491' title='bbox 912 3117 1029 3153; x_wconf 83' lang='lat' dir='ltr'>volu-n-</span> 
     </span>
     <span class='ocr_line' id='line_1_49' title="bbox 127 3166 1029 3207; baseline 0 -5"><span class='ocrx_word' id='word_1_492' title='bbox 127 3171 222 3207; x_wconf 76' lang='lat' dir='ltr'>tates,</span> <span class='ocrx_word' id='word_1_493' title='bbox 239 3166 266 3200; x_wconf 86' lang='lat' dir='ltr'>si</span> <span class='ocrx_word' id='word_1_494' title='bbox 283 3172 439 3200; x_wconf 73' lang='lat' dir='ltr'>naturam</span> <span class='ocrx_word' id='word_1_495' title='bbox 456 3166 721 3205; x_wconf 75' lang='lat' dir='ltr'>consideremus„</span> <span class='ocrx_word' id='word_1_496' title='bbox 734 3166 885 3201; x_wconf 86' lang='lat' dir='ltr'>divinam</span> <span class='ocrx_word' id='word_1_497' title='bbox 898 3167 1029 3203; x_wconf 83' lang='lat' dir='ltr'>scilieet</span> 
     </span>
    </p>
   </div>
   <div class='ocr_carea' id='block_1_7' title="bbox 2071 0 2170 106">
    <p class='ocr_par' dir='ltr' id='par_1_14' title="bbox 2071 0 2170 106">
     <span class='ocr_line' id='line_1_50' title="bbox 2071 0 2170 106; baseline 0 3702"><span class='ocrx_word' id='word_1_498' title='bbox 2071 0 2170 106; x_wconf 95' lang='lat' dir='ltr'> </span> 
     </span>
    </p>
   </div>
   <div class='ocr_carea' id='block_1_8' title="bbox 126 3214 1031 3502">
    <p class='ocr_par' dir='ltr' id='par_1_15' title="bbox 126 3214 1031 3447">
     <span class='ocr_line' id='line_1_51' title="bbox 127 3214 1031 3258; baseline 0.001 -8"><span class='ocrx_word' id='word_1_499' title='bbox 127 3223 162 3250; x_wconf 85' lang='lat' dir='ltr'>et</span> <span class='ocrx_word' id='word_1_500' title='bbox 188 3215 394 3258; x_wconf 77' lang='lat' dir='ltr'>liumanam3</span> <span class='ocrx_word' id='word_1_501' title='bbox 418 3218 485 3247; x_wconf 86' lang='lat' dir='ltr'>tres</span> <span class='ocrx_word' id='word_1_502' title='bbox 507 3219 621 3248; x_wconf 82' lang='lat' dir='ltr'>autem</span> <span class='ocrx_word' id='word_1_503' title='bbox 644 3214 671 3247; x_wconf 87' lang='lat' dir='ltr'>si</span> <span class='ocrx_word' id='word_1_504' title='bbox 691 3215 876 3256; x_wconf 80' lang='lat' dir='ltr'>potentias,</span> <span class='ocrx_word' id='word_1_505' title='bbox 901 3215 1031 3250; x_wconf 88' lang='lat' dir='ltr'>scilicet</span> 
     </span>
     <span class='ocr_line' id='line_1_52' title="bbox 126 3261 1029 3304; baseline 0.001 -8"><span class='ocrx_word' id='word_1_506' title='bbox 126 3262 288 3300; x_wconf 80' lang='lat' dir='ltr'>divinam.</span> <span class='ocrx_word' id='word_1_507' title='bbox 302 3261 497 3295; x_wconf 82' lang='lat' dir='ltr'>rationalem</span> <span class='ocrx_word' id='word_1_508' title='bbox 511 3266 656 3296; x_wconf 84' lang='lat' dir='ltr'>creatam</span> <span class='ocrx_word' id='word_1_509' title='bbox 673 3267 707 3296; x_wconf 87' lang='lat' dir='ltr'>et</span> <span class='ocrx_word' id='word_1_510' title='bbox 720 3262 930 3302; x_wconf 65' lang='lat' dir='ltr'>sensitivam</span> <span class='ocrx_word' id='word_1_511' title='bbox 950 3275 1029 3304; x_wconf 80' lang='lat' dir='ltr'>qua·</span> 
     </span>
     <span class='ocr_line' id='line_1_53' title="bbox 127 3309 1027 3353; baseline -0.001 -7"><span class='ocrx_word' id='word_1_512' title='bbox 127 3316 228 3352; x_wconf 78' lang='lat' dir='ltr'>tuor,</span> <span class='ocrx_word' id='word_1_513' title='bbox 261 3309 287 3343; x_wconf 85' lang='lat' dir='ltr'>si</span> <span class='ocrx_word' id='word_1_514' title='bbox 302 3309 562 3343; x_wconf 85' lang='lat' dir='ltr'>considerentur</span> <span class='ocrx_word' id='word_1_515' title='bbox 591 3310 681 3343; x_wconf 82' lang='lat' dir='ltr'>modi</span> <span class='ocrx_word' id='word_1_516' title='bbox 707 3310 842 3345; x_wconf 76' lang='lat' dir='ltr'>volendi</span> <span class='ocrx_word' id='word_1_517' title='bbox 859 3338 867 3350; x_wconf 82' lang='grc'><em>,</em></span> <span class='ocrx_word' id='word_1_518' title='bbox 898 3311 1027 3353; x_wconf 79' lang='lat' dir='ltr'>divina,</span> 
     </span>
     <span class='ocr_line' id='line_1_54' title="bbox 128 3357 1028 3398; baseline 0.001 -6"><span class='ocrx_word' id='word_1_519' title='bbox 128 3358 282 3398; x_wconf 78' lang='lat' dir='ltr'>rationis,</span> <span class='ocrx_word' id='word_1_520' title='bbox 315 3357 435 3397; x_wconf 80' lang='lat' dir='ltr'>carnis,</span> <span class='ocrx_word' id='word_1_521' title='bbox 456 3357 613 3397; x_wconf 73' lang='lat' dir='ltr'>pietatis,</span> <span class='ocrx_word' id='word_1_522' title='bbox 657 3362 722 3398; x_wconf 74' lang='lat' dir='ltr'>qua</span> <span class='ocrx_word' id='word_1_523' title='bbox 754 3358 882 3392; x_wconf 72' lang='lat' dir='ltr'>scilieet</span> <span class='ocrx_word' id='word_1_524' title='bbox 910 3358 1028 3393; x_wconf 80' lang='lat' dir='ltr'>alienis</span> 
     </span>
     <span class='ocr_line' id='line_1_55' title="bbox 130 3406 672 3447; baseline -0.002 -6"><span class='ocrx_word' id='word_1_525' title='bbox 130 3407 229 3442; x_wconf 78' lang='lat' dir='ltr'>malis</span> <span class='ocrx_word' id='word_1_526' title='bbox 255 3406 454 3440; x_wconf 76' lang='lat' dir='ltr'>condolebat</span> <span class='ocrx_word' id='word_1_527' title='bbox 473 3407 565 3447; x_wconf 88' lang='lat' dir='ltr'>(Luc.</span> <span class='ocrx_word' id='word_1_528' title='bbox 591 3413 672 3445; x_wconf 70' lang='lat' dir='ltr'>nx).</span> 
     </span>
    </p>

    <p class='ocr_par' dir='ltr' id='par_1_16' title="bbox 170 3453 1026 3502">
     <span class='ocr_line' id='line_1_56' title="bbox 170 3453 1026 3502; baseline 0 -14"><span class='ocrx_word' id='word_1_529' title='bbox 170 3454 213 3502; x_wconf 53' lang='lat'>32)</span> <span class='ocrx_word' id='word_1_530' title='bbox 232 3454 337 3489; x_wconf 80' lang='lat' dir='ltr'>Docet</span> <span class='ocrx_word' id='word_1_531' title='bbox 353 3455 388 3489; x_wconf 89' lang='lat' dir='ltr'>S.</span> <span class='ocrx_word' id='word_1_532' title='bbox 407 3455 532 3488; x_wconf 76' lang='lat' dir='ltr'>Doctor</span> <span class='ocrx_word' id='word_1_533' title='bbox 551 3454 687 3488; x_wconf 79' lang='lat' dir='ltr'>unicam</span> <span class='ocrx_word' id='word_1_534' title='bbox 702 3453 800 3488; x_wconf 74' lang='lat' dir='ltr'>fuisse</span> <span class='ocrx_word' id='word_1_535' title='bbox 820 3453 1026 3488; x_wconf 82' lang='lat' dir='ltr'>voluntatem</span> 
     </span>
    </p>
   </div>
   <div class='ocr_carea' id='block_1_9' title="bbox 1113 3215 2015 3545">
    <p class='ocr_par' dir='ltr' id='par_1_17' title="bbox 1118 3215 2014 3306">
     <span class='ocr_line' id='line_1_57' title="bbox 1154 3215 2014 3258; baseline 0.002 -9"><span class='ocrx_word' id='word_1_536' title='bbox 1154 3216 1198 3256; x_wconf 75' lang='lat'>(5)</span> <span class='ocrx_word' id='word_1_537' title='bbox 1214 3216 1280 3249; x_wconf 83' lang='lat' dir='ltr'>Seu</span> <span class='ocrx_word' id='word_1_538' title='bbox 1306 3215 1476 3249; x_wconf 64' lang='lat' dir='ltr'>suauitatis</span> <span class='ocrx_word' id='word_1_539' title='bbox 1497 3217 1730 3255; x_wconf 69' lang='lat' dir='ltr'>cognoscitivae</span> <span class='ocrx_word' id='word_1_540' title='bbox 1757 3228 1818 3257; x_wconf 80' lang='lat' dir='ltr'>per</span> <span class='ocrx_word' id='word_1_541' title='bbox 1837 3229 1935 3258; x_wconf 72' lang='lat' dir='ltr'>quam</span> <span class='ocrx_word' id='word_1_542' title='bbox 1951 3216 2014 3251; x_wconf 83' lang='lat' dir='ltr'>ob-</span> 
     </span>
     <span class='ocr_line' id='line_1_58' title="bbox 1118 3263 1807 3306; baseline 0.001 -8"><span class='ocrx_word' id='word_1_543' title='bbox 1118 3266 1244 3303; x_wconf 84' lang='lat' dir='ltr'>iectum</span> <span class='ocrx_word' id='word_1_544' title='bbox 1261 3263 1379 3303; x_wconf 83' lang='lat' dir='ltr'>quovis</span> <span class='ocrx_word' id='word_1_545' title='bbox 1394 3264 1494 3298; x_wconf 87' lang='lat' dir='ltr'>modo</span> <span class='ocrx_word' id='word_1_546' title='bbox 1509 3263 1807 3306; x_wconf 78' lang='lat' dir='ltr'>apprehendimus.</span> 
     </span>
    </p>

    <p class='ocr_par' dir='ltr' id='par_1_18' title="bbox 1113 3312 2015 3447">
     <span class='ocr_line' id='line_1_59' title="bbox 1154 3312 2015 3352; baseline 0.003 -7"><span class='ocrx_word' id='word_1_547' title='bbox 1154 3313 1198 3351; x_wconf 55' lang='lat' dir='ltr'>(A)</span> <span class='ocrx_word' id='word_1_548' title='bbox 1219 3312 1315 3346; x_wconf 85' lang='lat' dir='ltr'>Inter</span> <span class='ocrx_word' id='word_1_549' title='bbox 1327 3323 1409 3352; x_wconf 80' lang='lat' dir='ltr'>quos</span> <span class='ocrx_word' id='word_1_550' title='bbox 1439 3312 1533 3351; x_wconf 76' lang='lat' dir='ltr'>Hugo</span> <span class='ocrx_word' id='word_1_551' title='bbox 1561 3312 1601 3346; x_wconf 80' lang='lat' dir='ltr'>de</span> <span class='ocrx_word' id='word_1_552' title='bbox 1629 3313 1666 3346; x_wconf 87' lang='lat' dir='ltr'>S.</span> <span class='ocrx_word' id='word_1_553' title='bbox 1689 3312 1818 3347; x_wconf 83' lang='lat' dir='ltr'>Victor.</span> <span class='ocrx_word' id='word_1_554' title='bbox 1839 3313 1956 3348; x_wconf 78' lang='lat' dir='ltr'>Tract.</span> <span class='ocrx_word' id='word_1_555' title='bbox 1976 3314 2015 3348; x_wconf 84' lang='lat' dir='ltr'>‹le</span> 
     </span>
     <span class='ocr_line' id='line_1_60' title="bbox 1114 3360 2015 3401; baseline 0.003 -10"><span class='ocrx_word' id='word_1_556' title='bbox 1114 3365 1258 3400; x_wconf 76' lang='lat' dir='ltr'>quatuor</span> <span class='ocrx_word' id='word_1_557' title='bbox 1280 3360 1511 3394; x_wconf 80' lang='lat' dir='ltr'>voluntatibus</span> <span class='ocrx_word' id='word_1_558' title='bbox 1535 3360 1674 3394; x_wconf 87' lang='lat' dir='ltr'>Christi.</span> <span class='ocrx_word' id='word_1_559' title='bbox 1701 3360 1753 3395; x_wconf 83' lang='lat' dir='ltr'>Cf.</span> <span class='ocrx_word' id='word_1_560' title='bbox 1772 3361 1861 3401; x_wconf 84' lang='lat' dir='ltr'>quod</span> <span class='ocrx_word' id='word_1_561' title='bbox 1877 3369 2015 3395; x_wconf 70' lang='lat' dir='ltr'>annota-</span> 
     </span>
     <span class='ocr_line' id='line_1_61' title="bbox 1113 3407 1431 3447; baseline 0.006 -8"><span class='ocrx_word' id='word_1_562' title='bbox 1113 3411 1182 3440; x_wconf 86' lang='lat' dir='ltr'>tum</span> <span class='ocrx_word' id='word_1_563' title='bbox 1198 3411 1251 3441; x_wconf 83' lang='lat' dir='ltr'>est</span> <span class='ocrx_word' id='word_1_564' title='bbox 1266 3407 1431 3447; x_wconf 76' lang='lat' dir='ltr'>superius.</span> 
     </span>
    </p>

    <p class='ocr_par' dir='ltr' id='par_1_19' title="bbox 1113 3455 2014 3545">
     <span class='ocr_line' id='line_1_62' title="bbox 1155 3455 2014 3497; baseline -0.001 -8"><span class='ocrx_word' id='word_1_565' title='bbox 1155 3459 1198 3497; x_wconf 36' lang='lat'>(51³</span> <span class='ocrx_word' id='word_1_566' title='bbox 1215 3458 1280 3489; x_wconf 64' lang='lat' dir='ltr'>Seu</span> <span class='ocrx_word' id='word_1_567' title='bbox 1319 3456 1505 3490; x_wconf 82' lang='lat' dir='ltr'>mediorum</span> <span class='ocrx_word' id='word_1_568' title='bbox 1551 3456 1701 3496; x_wconf 69' lang='lat' dir='ltr'>ip‘omm</span> <span class='ocrx_word' id='word_1_569' title='bbox 1739 3469 1800 3496; x_wconf 79' lang='lat' dir='ltr'>per</span> <span class='ocrx_word' id='word_1_570' title='bbox 1834 3468 1907 3497; x_wconf 82' lang='lat' dir='ltr'>quoe</span> <span class='ocrx_word' id='word_1_571' title='bbox 1941 3455 2014 3489; x_wconf 69' lang='lat' dir='ltr'>atli-</span> 
     </span>
     <span class='ocr_line' id='line_1_63' title="bbox 1113 3502 1843 3545; baseline 0.003 -9"><span class='ocrx_word' id='word_1_572' title='bbox 1113 3503 1275 3545; x_wconf 83' lang='lat' dir='ltr'>piscimur</span> <span class='ocrx_word' id='word_1_573' title='bbox 1291 3504 1395 3538; x_wconf 79' lang='lat' dir='ltr'>finem</span> <span class='ocrx_word' id='word_1_574' title='bbox 1414 3502 1467 3538; x_wconf 85' lang='lat' dir='ltr'>vel</span> <span class='ocrx_word' id='word_1_575' title='bbox 1484 3503 1526 3538; x_wconf 82' lang='lat' dir='ltr'>ad</span> <span class='ocrx_word' id='word_1_576' title='bbox 1542 3503 1643 3538; x_wconf 82' lang='lat' dir='ltr'>finem</span> <span class='ocrx_word' id='word_1_577' title='bbox 1662 3502 1843 3538; x_wconf 78' lang='lat' dir='ltr'>tendimns.</span> 
     </span>
    </p>
   </div>
  </div>
 </body>
</html>
