2170 3808
224 187 307 230 340
893 183 1093 236 QUAEST.
1122 186 1207 241 XL,
1237 187 1355 230 Aur.
1385 186 1454 230 iv.

282 270 324 312 3.
347 269 588 322 Praeterea,
612 265 737 310 idem
755 263 986 321 ,iudicium
1007 265 1188 311 videtur
1219 279 1322 311 esse
1353 267 1566 314 facientis
1601 274 1646 314 et
1676 269 2023 327 consentientis,
2046 284 2119 318 se-

229 328 437 373 cundum
463 327 575 372 illud
598 328 745 380 (Rom.
771 340 801 379 1,
826 328 895 381 32)
918 330 1052 371 :Non
1081 328 1228 371 solum
1259 328 1330 371 illi
1362 332 1438 384 qui
1463 333 1661 386 faciunt,
1677 331 1756 374 sed
1785 335 1826 373 et
1856 333 1930 386 qui
1946 345 2117 383 consen-

231 392 348 433 tiunt
377 389 646 442 facientibus
678 390 754 441 (1).
790 387 875 432 Sed
909 388 1117 432 Christus
1151 389 1389 434 consensit
1420 390 1658 447 discipulis
1694 392 1791 436 suis
1830 391 2116 443 solventibus

227 444 379 506 legem
409 450 455 492 in
490 449 577 494 hoc
600 449 725 506 quod
756 448 949 493 sabbato
980 449 1133 505 spicas
1151 449 1404 507 vellebant,
1427 453 1695 505 excusando
1719 466 1823 509 eos,
1844 458 1896 497 ut
1925 452 2115 503 habetur

225 513 396 566 (Matth.
418 515 508 566 xii).
529 512 648 567 Ergo
666 511 846 556 videtur
870 510 997 568 quod
1019 512 1228 556 Christus
1250 524 1343 556 non
1364 519 1670 559 conversatus
1694 514 1832 559 fuerit
1859 515 2116 561 secundum

226 573 396 630 legem.

284 636 371 681 Sed
394 639 554 679 contra
576 638 648 680 est
668 635 794 692 quod
817 635 986 680 dicitur
1016 636 1186 690 (Matth.
1217 650 1261 693 v,
1281 639 1352 691 17)
1375 638 1559 682 :Nolite
1582 642 1747 695 putare
1777 642 1990 695 quoniam
2017 642 2118 683 veni

226 698 399 741 solvere
425 699 566 754 leqem
599 700 680 741 aut
709 696 958 753 prophetas
976 711 991 737 .-
1011 697 1136 753 quod
1159 710 1401 754 exponens
1429 699 1785 758 Chrysostomus
1819 701 1956 752 (horn.
1976 714 2043 746 xvi
2068 701 2113 746 in

226 760 379 804 Matth.
413 760 638 816 aliquant.
674 758 702 802 a
726 758 892 814 princ.)
911 757 1023 803 dicit
1054 772 1111 803 :u
1146 762 1312 816 Legem
1340 760 1575 818 implevit3
1600 763 1747 818 primo
1784 762 1972 819 quidem
2005 761 2117 808 nihil

224 821 607 878 transgrediendo
641 819 879 876 legalium,
916 820 1122 865 secundo
1149 821 1448 878 Justificando
1481 835 1565 880 per
1596 821 1753 881 fidem,
1780 823 1903 881 quod
1935 823 2010 868 lex
2036 835 2118 880 per

225 883 422 928 litteram
447 885 597 927 facere
618 895 712 926 non
731 882 929 927 valebat.
957 901 978 922 ι»

274 952 565 992 CONCLUSIO.
582 973 632 981 -
649 951 837 992 Christus
855 951 1086 992 secundum
1103 952 1203 1002 legis
1220 955 1418 1004 praecepta
1436 953 1482 993 in
1499 953 1576 995 hoc
1587 954 1746 995 mundo
1768 956 2030 995 conversatus
2041 954 2112 996 est'

225 1012 270 1048 ut
288 1007 419 1058 legem
438 1012 614 1047 veterem
627 1007 883 1059 approbaret,
900 1019 1071 1059 eamque
1090 1007 1357 1058 observando,
1373 1010 1418 1048 in
1434 1009 1565 1061 seipso
1579 1013 1896 1058 consummaret,
1912 1014 1951 1050 et
1963 1009 2116 1051 Judaeis

224 1062 510 1105 calumniandi
529 1063 780 1104 occasionem
797 1062 1067 1104 subtraheret.

279 1126 551 1182 Respondeo
573 1125 825 1171 dicendum
849 1126 975 1183 quod
1009 1127 1217 1172 Christus
1240 1128 1289 1172 in
1312 1127 1530 1173 omnibus
1560 1128 1819 1173 secundum
1856 1129 1970 1186 legis
2001 1140 2118 1186 prae-

223 1193 357 1245 cepta
369 1191 671 1232 conversatus
687 1192 772 1232 est.
790 1189 839 1231 ln
856 1188 992 1244 cujus
1012 1188 1199 1244 signum
1220 1189 1357 1234 etiam
1378 1190 1522 1234 voluit
1536 1189 1781 1235 cicumcidi
1799 1207 1810 1235 :
1829 1189 2118 1236 circumcisio

223 1252 347 1296 enim
369 1256 440 1296 est
464 1251 676 1308 quaedam
697 1251 968 1307 protestatio
987 1251 1105 1308 legis
1124 1252 1387 1308 implendae,
1411 1253 1670 1298 secundum
1694 1253 1809 1299 illud
1831 1255 2082 1313 (Galat.v,3)
2102 1267 2115 1297 ε

226 1313 457 1367 Testificor
483 1317 604 1357 omni
628 1315 802 1357 homini
826 1316 1166 1358 circumcidenti
1189 1328 1249 1371 se,
1270 1318 1481 1371 quoniam
1506 1317 1683 1360 debitor
1708 1321 1773 1360 est
1802 1321 2020 1362 universae
2049 1317 2118 1359 le-

221 1379 291 1433 qis
318 1377 559 1430 faciendae.
585 1375 734 1420 Voluit
757 1379 913 1420 autem
935 1377 1142 1421 Christus
1164 1377 1424 1422 secundum
1462 1377 1614 1434 legem
1649 1379 1945 1424 conversari:
1968 1379 2118 1435 primo

223 1438 426 1496 quidem,
450 1444 503 1483 ut
527 1438 679 1494 legem
700 1441 906 1482 veterem
935 1438 1235 1494 approbaret3
1261 1438 1485 1495 secundo,
1511 1445 1563 1484 ut
1590 1452 1693 1485 eam
1728 1440 2039 1496 observando,
2067 1440 2116 1484 in

222 1501 375 1558 seipso
395 1504 742 1545 consummaret
773 1504 820 1544 et
844 1500 1129 1555 terminaret,
1147 1501 1403 1545 ostendens
1431 1501 1555 1557 quod
1579 1502 1637 1547 ad
1670 1502 1878 1558 seipsum
1916 1508 2014 1547 erat
2046 1515 2117 1547 or-

222 1562 402 1619 dinata3
430 1562 588 1618 tertio,
615 1566 669 1606 ut
699 1561 868 1606 Judaeis
897 1562 1193 1607 occasionem
1226 1563 1543 1608 calumniandi
1576 1563 1892 1618 subtraheret3
1933 1565 2112 1622 quarto,

222 1630 274 1669 ut
311 1625 524 1670 homines
560 1625 587 1668 a
627 1623 848 1668 servitute
880 1623 998 1680 legis
1034 1624 1276 1679 liberaret,
1315 1625 1575 1670 secundum
1611 1626 1723 1671 illud
1758 1626 1918 1681 (Galat.
1952 1640 2008 1683 iv,
2038 1629 2114 1682 4)=

221 1690 349 1731 Misit
374 1692 493 1731 Deus
512 1687 684 1731 Filium
713 1699 843 1730 suum
870 1688 1047 1740 sactum
1077 1688 1157 1731 sub
1185 1688 1299 1745 leae,
1326 1692 1375 1732 ut
1404 1701 1477 1731 eos
1502 1691 1578 1745 qui
1605 1689 1687 1733 sub
1709 1688 1804 1745 leqe
1831 1691 1964 1732 erant
1991 1690 2116 1734 redi—

221 1755 376 1795 meret.

276 1814 342 1858 Ad
359 1815 557 1869 primum
568 1823 680 1868 ergo
702 1811 972 1867 dicendum,
991 1811 1114 1868 quod
1132 1812 1518 1870 Dominussuper
1535 1813 1624 1858 hoc
1643 1825 1695 1857 se
1713 1812 1951 1858 excusata
1970 1818 2116 1859 trans-

222 1876 460 1933 gressione
504 1874 619 1929 legis
656 1873 912 1930 tripliciter.
937 1875 1036 1918 Uno
1068 1873 1257 1931 quidem
1286 1875 1452 1930 modo,
1481 1874 1591 1931 quia
1630 1887 1713 1932 per
1745 1880 2028 1932 praeceptum
2057 1876 2115 1922 de

223 1936 586 1984 sanctificatione
614 1935 796 1980 sabbati
827 1948 922 1980 non
957 1935 1250 1981 interdicitur
1285 1949 1403 1994 opus
1433 1937 1669 1992 divinum,
1692 1936 1777 1982 sed
1797 1949 1917 1994 opus
1948 1937 2115 1983 huma·
2159 1949 2170 1956 ·’

223 2012 352 2045 num.
380 1998 599 2053 Quamvis
622 1998 748 2042 enim
768 2001 889 2043 Deus
921 1997 994 2043 die
1015 1999 1212 2054 septimo
1243 1999 1497 2044 cessaverit
1528 1999 1556 2043 a
1585 1999 1719 2043 novis
1752 2000 1978 2044 creaturis
1999 2012 2114 2045 con·
2164 2056 2165 2060 Ἰ

222 2062 404 2118 dendis,
425 2072 609 2118 semper
636 2063 791 2104 tamen
812 2064 1030 2117 operatur
1059 2061 1107 2104 in
1130 2073 1287 2106 rerum
1318 2062 1670 2106 conservatione
1690 2065 1736 2106 et
1758 2061 2110 2117 gubernatione.
2160 2080 2161 2083 ¹

223 2126 352 2179 Quod
374 2130 529 2170 autem
552 2124 759 2168 Christus
781 2123 1006 2167 miracula
1029 2123 1245 2179 faciebat,
1268 2128 1369 2168 erat
1401 2124 1555 2180 operis
1578 2123 1737 2169 divini.
1764 2123 1891 2168 Unde
1925 2124 2026 2182 ipse
2045 2125 2114 2170 di·
2158 2146 2165 2164 a

220 2188 283 2232 cit
301 2190 447 2242 (Joan.
464 2202 505 2244 v,
530 2189 600 2241 17)
626 2201 637 2229 τ
662 2186 807 2229 Pater
825 2199 948 2229 meus
970 2199 1107 2242 usque
1127 2186 1258 2229 modo
1273 2189 1508 2242 operatur,
1530 2190 1572 2230 et
1593 2199 1672 2242 eqo
1696 2199 1875 2242 operor.
1904 2188 2114 2233 Secundo

220 2254 412 2295 excusat
438 2262 490 2294 se
515 2261 597 2305 per
615 2249 703 2292 hoc
725 2247 849 2304 quod
877 2247 955 2291 illo
987 2253 1219 2304 praecepto
1251 2260 1346 2292 non
1371 2247 1675 2304 prohibentur
1708 2260 1848 2304 opera
1870 2260 1975 2306 quae
2003 2254 2114 2295 sunt
2158 2256 2159 2259 ’

222 2313 279 2358 de
312 2311 586 2357 necessitate
609 2310 775 2355 salutis
797 2310 935 2354 etiam
969 2310 1236 2366 corporalis.
1272 2310 1400 2355 Unde
1431 2310 1532 2367 ipse
1569 2310 1680 2355 dicit
1716 2313 1867 2364 (Lucae
1889 2324 1985 2366 xm,
2005 2314 2075 2366 15)
2097 2325 2121 2355 ς·

226 2377 529 2430 Unusquisque
546 2375 745 2416 vestrum
759 2371 945 2414 sabbato
964 2385 1052 2414 non
1069 2373 1200 2415 solvit
1217 2373 1369 2415 bovem
1391 2386 1518 2416 suum
1538 2376 1616 2416 aut
1632 2375 1808 2416 asinum
1831 2374 1859 2415 ὰ
1872 2376 2108 2431 praesepio,

220 2440 266 2480 et
285 2437 412 2480 ducit
432 2436 695 2490 adaquare?
713 2435 767 2477 Et
787 2433 909 2477 infra
933 2435 1052 2490 (cap.
1070 2447 1160 2490 xiv,
1185 2437 1226 2486 5)
1248 2447 1260 2478 ε
1283 2436 1424 2488 Cujus
1444 2437 1641 2478 vestrum
1670 2437 1825 2478 asinus
1850 2438 1931 2478 aut
1959 2436 2034 2479 bos
2065 2439 2112 2480 in
2141 2462 2148 2464 ἡ

220 2499 605 2556 puteum-cadet,
629 2498 674 2539 et
711 2508 801 2539 non
844 2496 1055 2538 continuo
1080 2495 1291 2539 extrahet
1320 2496 1457 2538 illum
1488 2497 1564 2539 die
1595 2495 1801 2539 sabbati?
1823 2496 2116 2542 Manifestum

220 2565 290 2606 est
313 2565 469 2605 autem
509 2558 634 2616 quod
666 2569 806 2614 opera
831 2557 1178 2614 miraculorum,
1198 2570 1304 2614 quae
1334 2558 1538 2602 Christus
1570 2558 1781 2614 faciebat,
1819 2559 1878 2603 ad
1914 2559 2110 2604 salutem
2140 2600 2142 2612 ‚

220 2623 426 2680 corporis
448 2627 494 2667 et
514 2622 683 2666 animae
705 2619 997 2678 pertinebant
1024 2622 1099 2674 (2).
1124 2620 1296 2677 Tertio,
1324 2620 1433 2676 quia
1461 2620 1539 2664 illo
1579 2627 1811 2678 praecepto
1836 2634 1929 2665 non
1955 2621 2111 2678 prohi-

220 2687 391 2731 bentur
426 2697 566 2742 opera
601 2696 706 2741 quae
742 2682 976 2740 pertinent
1007 2683 1065 2727 ad
1084 2682 1162 2727 Dei
1184 2683 1378 2727 cultum.
1403 2683 1531 2728 Unde
1553 2683 1723 2727 dicitur
1747 2685 1914 2740 (Matth.
1938 2698 2013 2741 xu,
2036 2688 2125 2741 δὴ

220 2754 293 2791 An
306 2762 396 2791 non
414 2748 590 2804 leqistis
605 2750 654 2789 in
669 2746 780 2802 teqe,
802 2747 912 2801 quia
926 2744 1127 2788 sabbatis
1141 2746 1396 2789 sacerdotes
1417 2748 1465 2788 in
1481 2745 1648 2802 templo
1664 2746 1901 2789 sabbatum
1921 2746 2104 2804 violant,

220 2814 263 2854 et
281 2813 376 2853 sine
397 2812 583 2853 crimine
607 2807 746 2852 sunt?
765 2811 812 2852 et
839 2809 981 2860 (Joan.
1009 2821 1073 2863 ix,
1094 2810 1163 2861 23)
1190 2807 1358 2852 dicitur
1379 2807 1505 2863 quod
1529 2810 1909 2851 circumcisionem
1938 2809 2106 2866 accepit

221 2873 350 2917 homo
386 2876 434 2916 in
466 2873 669 2915 sabbato,
697 2870 827 2922 Quod
850 2875 1006 2915 autem
1047 2870 1252 2914 Christus
1295 2870 1551 2927 paralytico
1574 2870 1813 2915 mandavit
1855 2874 1906 2915 ut
1941 2871 2107 2916 lectum

219 2947 358 2979 suum
381 2934 576 2979 sabbato
599 2937 820 2991 portaret,
837 2932 898 2978 ad
922 2933 1100 2976 cultum
1120 2933 1195 2977 Dei
1216 2932 1492 2989 pertinebat,
1514 2932 1562 2977 id
1580 2936 1668 2989 est,
1692 2932 1752 2976 ad
1771 2932 1957 2977 laudem
1971 2933 2113 2977 virtu-v
2138 2951 2139 2954 ¹

223 2998 279 3042 tis
305 2998 490 3042 divinae.
515 3000 568 3042 Et
611 2997 678 3041 sic
708 2999 836 3053 patet
867 2995 991 3052 quod
1022 2994 1267 3045 sabbatum
1310 3007 1403 3039 non
1442 2994 1678 3051 solvebat3
1699 2996 1911 3051 quamvis
1948 2995 2034 3040 hoc
2065 2993 2106 3039 ei

219 3063 238 3103 J
244 3059 362 3103 udaei
387 3059 502 3103 falso
520 3058 788 3117 objicerent,
810 3057 1019 3104 dicentes
1042 3060 1268 3117 (Joan.1x,
1283 3061 1354 3114 16)
1371 3071 1383 3103 ε
1407 3061 1508 3103 Non
1528 3061 1594 3103 est
1613 3059 1688 3102 liic
1709 3058 1840 3102 homo
1857 3059 1887 3102 a
1905 3062 2015 3115 Deo,
2033 3057 2106 3114 qut

221 3122 456 3165 sabbatum
475 3135 563 3164 non
582 3121 795 3166 custodit.

274 3183 341 3227 Ad
368 3184 614 3226 secundum
635 3183 906 3238 dicendum,
927 3182 1054 3240 quod
1084 3182 1293 3228 Christus
1310 3183 1458 3228 voluit
1479 3183 1723 3229 ostendere
1742 3195 1826 3240 per
1853 3183 1931 3227 illa
1949 3180 2102 3238 verba,

221 3245 345 3303 quod
366 3245 504 3289 homo
533 3258 627 3289 non
654 3245 863 3290 redditur
899 3245 1171 3291 immundus
1187 3246 1446 3291 secundum
1473 3246 1677 3290 animam
1697 3257 1755 3290 ex
1788 3258 1879 3289 usu
1901 3244 2105 3290 ciborum

261 3349 306 3391 (⁴.)
338 3347 456 3390 Suppl.
488 3348 592 3390 dfyni
620 3353 705 3384 sunt
722 3353 851 3392 morte,
882 3354 922 3385 ut
947 3350 1123 3392 praemittit
1248 3350 1288 3390 (2)
1305 3349 1391 3383 Hinc
1406 3348 1540 3383 nullum
1556 3349 1592 3382 in
1607 3360 1748 3389 corpore
1761 3348 1890 3382 sanavit
1902 3346 1984 3388 quin
2004 3345 2104 3381 etiam

220 3397 372 3436 fibulam,
401 3408 486 3431 vers.
509 3398 562 3438 52}
586 3401 659 3438 post
674 3399 766 3433 varia
792 3399 936 3434 crimina
957 3399 1124 3434 recensita
1207 3397 1334 3432 sanarit
1356 3398 1391 3431 in
1417 3397 1542 3436 anima,
1565 3402 1602 3431 ut
1627 3396 1812 3439 expressius
1834 3395 1961 3430 dicitur
1979 3394 2104 3436 (quaest.

221 3460 261 3487 :³1
276 3462 289 3476 ς’
310 3446 345 3479 in
363 3444 546 3486 reprobum
564 3458 698 3480 sensum
721 3446 789 3481 dati
808 3447 1058 3482 commiserant.
1207 3454 1298 3487 xmv,
1314 3450 1378 3480 art.
1395 3445 1417 3480 5
1435 3445 1476 3479 ad
1493 3445 1539 3485 5).
2054 3463 2057 3466 ·
