2170 3808
453 0 574 11 —q-q-fl—-u
591 0 638 6 —
690 0 808 9 ρ--ι-τ.
825 0 840 8 .-
851 0 854 1 ν
864 4 872 9 ,.
926 0 933 10 ῑ
944 0 959 3 v*
968 0 1087 14 sq—sssw
1096 0 1109 6 x-
1122 0 1277 10 m
1300 0 1372 13 *xm
1387 6 1397 9 v.
1426 2 1437 6 -
1451 0 1581 10 :ww—sev«
1588 0 1728 13 *nouum-'¹
1738 0 1872 18 'suen-unio

109 261 192 320 618
767 260 969 313 QUAEST.
1000 261 1121 316 Lxx,
1151 261 1271 304 ART.
1302 263 1355 306 11.

164 343 206 386 3.
239 342 480 396 Praeterea,
495 339 792 385 circumcisio
806 340 890 384 fuit
902 341 1151 397 figurativa
1165 341 1530 398 etpraeparativa
1547 342 1784 399 baptismi.
1803 343 1891 388 Sed
1902 344 2011 402 bap-

109 403 276 448 tismus
295 403 540 447 exhibetur
556 403 777 447 omnibus
796 403 997 459 populis,
1017 402 1279 448 secundum
1293 403 1411 448 illud
1427 405 1598 458 (Matth.
1618 405 1704 449 ult.
1723 407 1793 457 19)
1813 418 1826 449 z
1845 410 2010 450 Euntes

107 466 260 509 docete
293 477 441 507 omnes
473 468 641 522 qentes‚
677 465 960 521 baptizantes
991 478 1079 511 eos.
1111 468 1231 522 Ergo
1269 465 1559 511 circumcisio
1595 480 1687 511 non
1723 467 1883 511 debuit
1910 469 2010 513 ins-

108 525 212 571 titui
250 531 302 570 ut
324 525 621 571 observanda
658 527 839 571 tantum
878 527 936 571 ab
960 540 1055 571 uno
1090 526 1264 584 populo
1293 526 1575 584 Judaeorum,
1596 530 1680 574 sed
1708 528 1767 572 ab
1790 529 2010 575 omnibus

111 587 312 646 populis.

161 653 205 694 4.
238 651 478 704 Praeterea,
500 650 702 695 carnalis
713 649 1004 695 circumcisio
1016 648 1155 695 debet
1168 648 1453 707 respondere
1464 651 1708 707 spirituali,
1726 651 1846 696 sicut
1859 653 2008 709 figura

110 707 325 768 figurato.
351 712 438 757 Sed
471 713 726 770 spiritualis
763 713 1074 768 circumcisio,
1096 726 1202 770 quae
1225 710 1277 757 fit
1299 726 1382 770 per
1418 714 1665 771 Christum,
1696 715 2009 761 indifferenter

107 773 528 830 convenitutrique
559 775 712 831 sexui,
731 775 842 832 quia
860 775 908 819 in
938 776 1116 819 Christo
1141 777 1250 820 Jesu
1273 788 1369 820 non
1387 779 1461 821 est
1485 778 1725 821 masculus
1749 789 1902 834 neque
1923 777 2010 821 foe-

107 834 250 892 mina,
286 839 338 879 ut
359 836 530 881 dicitur
551 837 665 891 (Gal.
700 840 780 892 ιιι).
811 839 931 894 Ergo
953 837 1339 882 inconvenienter
1361 841 1434 882 est
1463 837 1756 884 circumcisio
1777 839 2008 895 instituta,

106 907 212 954 quae
235 899 457 954 competit
480 898 594 944 solis
611 899 838 943 maribus.

161 960 248 1004 Sed
278 964 440 1004 contra
462 966 536 1005 est
553 961 694 1018 quod,
718 961 839 1006 sicut
856 961 1028 1018 legitur
1048 963 1177 1017 (Gen.
1198 962 1319 1018 xvn),
1343 960 1638 1008 circumcisio
1658 966 1732 1008 est
1748 962 1961 1009 instituta
1980 961 2010 1008 a

107 1021 211 1073 Deo,
232 1022 368 1079 cujus
384 1022 589 1080 perfecta
607 1029 719 1068 sunt
737 1036 881 1081 opera
901 1028 980 1079 (1).

152 1090 448 1133 CONCLUSIO.
467 1114 513 1122 --
529 1093 635 1132 cum
650 1091 861 1134 Abraham
877 1093 1038 1145 primus
1053 1092 1208 1133 Christi
1228 1093 1427 1134 nascituri
1441 1093 1756 1146 promissionem
1772 1095 2007 1150 susceperit,

104 1145 145 1206 et
156 1145 317 1207 primus
333 1158 373 1185 se
389 1146 440 1186 ab
459 1145 693 1188 infidelium
711 1147 901 1187 societate
915 1148 1204 1199 segregaverit,
1220 1148 1303 1188 fuit
1315 1149 1361 1189 in
1387 1149 1477 1201 ipso
1493 1150 1779 1190 convenienter
1793 1149 2009 1190 circumci-

103 1208 165 1239 810
180 1203 387 1241 instituta.

158 1263 432 1320 Respondeo
456 1265 706 1311 dicendum
731 1265 873 1323 quod,
911 1266 1034 1311 sicut
1067 1266 1245 1312 dictum
1283 1271 1355 1312 est
1377 1269 1481 1322 (art.
1505 1271 1680 1324 praemi,
1716 1267 2008 1313 circumcisio

103 1332 202 1372 erat
232 1330 562 1386 praeparatoria
582 1329 642 1376 ad
664 1330 968 1387 baptismum,
991 1330 1273 1388 inquantum
1295 1336 1396 1376 erat
1414 1332 1629 1389 quaedam
1652 1331 1880 1388 professio
1899 1331 2007 1377 fidei

105 1388 286 1447 Christi,
305 1404 446 1447 quam
470 1393 610 1437 etiam
632 1393 682 1437 in
704 1392 939 1450 baptismo
954 1405 1040 1437 nos
1054 1394 1344 1450 profitemur.
1371 1397 1496 1438 Inter
1513 1394 1733 1450 antiquos
1754 1398 1909 1439 autem
1928 1406 2007 1450 pa-

103 1455 200 1497 tres
216 1453 395 1510 primus
409 1455 639 1501 Abraham
654 1456 1011 1513 promissionem
1031 1457 1210 1515 accepit
1234 1456 1292 1502 de
1310 1456 1489 1502 Christo
1510 1456 1765 1514 nascituro,
1787 1460 1895 1502 cum
1915 1456 2007 1502 dic-

100 1518 204 1559 tum
228 1523 299 1562 est
317 1517 359 1562 ei
377 1520 506 1574 (Gen.
538 1533 644 1577 xxii,
667 1522 739 1574 18)
765 1523 853 1563 :In
874 1522 1044 1565 semine
1074 1524 1150 1563 tuo
1173 1520 1494 1564 benedicentur
1514 1532 1666 1563 omnes
1684 1524 1837 1576 pentes
1854 1523 2003 1564 terrae.

102 1578 204 1634 Ipse
221 1579 361 1624 etiam
380 1579 559 1636 primus
574 1593 626 1626 se
643 1580 672 1624 a
693 1579 916 1625 societate
938 1581 1198 1627 infidelium
1213 1581 1496 1639 segregavit,
1527 1582 1789 1626 secundum
1810 1581 2007 1626 manda-

103 1643 203 1686 tum
238 1643 317 1687 Dei
338 1642 539 1688 dicentis
576 1642 665 1688 sibi
682 1645 815 1698 (Gen.
840 1657 916 1699 ιιι,
932 1647 1006 1699 1);
1028 1642 1259 1701 Eyrea'ere
1274 1644 1333 1688 de
1351 1647 1479 1688 terra
1501 1647 1582 1687 tua
1603 1647 1646 1688 et
1666 1645 1724 1688 de
1741 1646 2007 1700 coquatione

104 1704 201 1747 tua.
225 1705 277 1748 Et
290 1704 396 1750 ideo
419 1704 756 1751 convenienter
772 1705 1069 1751 circumcisio
1092 1705 1179 1751 fuit
1201 1706 1416 1751 instituta
1436 1705 1486 1750 in
1504 1705 1752 1750 Abraham.

155 1766 223 1811 Ad
239 1770 444 1823 primum
474 1779 588 1824 ergo
610 1766 878 1824 dicendum,
906 1767 1034 1825 quod
1057 1767 1325 1813 immediate
1358 1771 1467 1825 post
1487 1771 1731 1824 peccatum
1758 1766 1895 1823 primi
1927 1779 2006 1825 pa-

101 1828 265 1884 rentiS,
285 1831 477 1887 propter
503 1830 765 1876 doctrinam
783 1830 933 1886 ipsius
963 1831 1090 1888 Adae,
1114 1830 1195 1889 qui
1229 1830 1368 1888 plene
1388 1830 1647 1876 instructus
1676 1830 1829 1875 fuerat
1858 1829 1918 1876 de
1940 1830 2006 1876 di-

100 1887 223 1936 vinis
245 1893 323 1947 (2),
344 1893 499 1938 adhuc
512 1889 631 1938 fides
651 1897 699 1938 et
721 1893 841 1937 ratio
864 1893 1091 1938 naturalis
1113 1893 1351 1939 intantum
1372 1893 1561 1950 vigebat
1587 1893 1636 1938 in
1651 1892 1858 1950 homine,
1877 1892 2004 1950 quod

99 1965 194 1999 non
226 1955 471 2011 oportebat
501 1956 801 2002 determinari
836 1956 1106 2000 hominihus
1128 1957 1285 2014 aliqua
1320 1955 1458 2014 signa
1478 1956 1585 2002 fidei
1625 1961 1673 2001 et
1693 1954 1884 2012 salutis;
1919 1955 2005 2002 sed

98 2017 429 2075 unusquisque
463 2030 549 2076 pro
587 2030 674 2063 suo
715 2017 847 2063 libito
885 2017 1027 2063 fidem
1070 2031 1206 2063 suam
1246 2017 1484 2076 aliquibus
1523 2017 1673 2074 signis
1717 2017 2004 2076 protestaba-

100 2081 192 2123 tur.
223 2080 314 2125 Sed
348 2081 473 2126 circa
491 2085 679 2138 tempus
700 2080 896 2126 Abrahae
926 2079 1282 2127 diminutaerat
1317 2081 1451 2139 fideti,
1479 2079 1690 2139 plurimis
1718 2079 1780 2126 ad
1811 2079 2003 2126 idolola-

99 2140 236 2186 triam
270 2142 617 2188 declinantibus
658 2158 672 2188 :
717 2143 968 2188 obscurata
1007 2142 1148 2189 etiam
1187 2149 1288 2190 erat
1330 2144 1448 2189 ratio
1494 2142 1723 2189 naturalis
1766 2154 1850 2201 per
1885 2155 2002 2200 aug-

98 2208 312 2250 mentum
346 2205 550 2253 carnalis
567 2205 962 2263 concupiscentiae
996 2219 1149 2264 usque
1189 2206 1249 2252 ad
1286 2211 1531 2264 peccatum
1568 2210 1733 2251 contra
1767 2209 1997 2251 naturam.

98 2266 153 2310 Et
186 2266 293 2313 ideo
345 2268 679 2313 convenienter
720 2273 858 2327 tunc,
898 2273 945 2313 et
993 2281 1088 2313 non
1144 2274 1251 2315 ante
1270 2303 1282 2325 ,
1325 2269 1414 2314 fuit
1456 2268 1669 2315 instituta
1710 2267 2002 2314 circumcisio

97 2327 158 2374 ad
177 2329 494 2386 profitendum
512 2331 671 2387 fidem,
689 2339 736 2376 et
757 2331 818 2377 ad
839 2331 1150 2377 minuendum
1169 2332 1403 2377 carnalem
1418 2331 1862 2389 concupiscentiam.

151 2391 221 2437 Ad
240 2395 488 2438 secundum
507 2393 774 2450 dicendum,
794 2393 921 2451 quod
955 2394 1120 2450 legalis
1138 2394 1435 2440 observantia
1456 2394 1573 2439 tradi
1600 2406 1695 2439 non
1717 2392 1879 2439 debuit
1910 2394 2002 2440 nisi
2027 2389 2041 2397 “

98 2453 270 2510 populo
281 2455 381 2512 jam
403 2460 704 2513 congregam,
736 2455 847 2513 quia
868 2455 946 2500 lex
965 2457 1209 2502 ordinatur
1237 2456 1299 2503 ad
1313 2456 1492 2502 honum
1510 2455 1767 2514 publicum,
1788 2455 1905 2501 utin
1931 2468 2002 2502 se-

97 2515 254 2562 cunda
275 2521 407 2573 parte
441 2517 620 2563 dictum
641 2520 715 2563 est
750 2520 787 2572 (1
817 2521 861 2572 2,
892 2522 1062 2574 quaest.
1084 2531 1155 2573 xc,
1176 2523 1265 2564 art.
1298 2520 1361 2572 2).
1399 2519 1603 2575 Populus
1622 2524 1779 2563 autem
1793 2517 1999 2563 fidelium

97 2579 460 2634 congregandus
494 2583 598 2625 erat
618 2578 777 2637 aliquo
810 2580 947 2637 signo
984 2579 1212 2635 sensibili,
1235 2579 1363 2638 quod
1380 2585 1456 2626 est
1481 2579 1800 2626 necessarium
1828 2580 1890 2625 ad
1911 2581 2000 2625 hoc

96 2639 222 2698 quod
245 2640 459 2686 homines
482 2640 532 2686 in
554 2653 853 2698 quacumque
873 2640 1099 2697 religione
1117 2641 1401 2698 adunentur,
1428 2641 1552 2687 sicut
1575 2640 1865 2698 Augustinus
1890 2641 2001 2687 dicit

96 2707 258 2748 contra
278 2706 502 2749 Faustum
524 2703 620 2760 (lib.
646 2718 745 2761 nx,
763 2717 869 2761 cap.
899 2707 950 2750 11
969 2737 985 2762 ,
1011 2704 1060 2749 in
1084 2700 1202 2761 fin.).
1225 2707 1279 2750 Et
1310 2704 1415 2751 ideo
1435 2705 1640 2761 oportuit
1664 2705 1795 2761 prius
1816 2704 2000 2749 institui

95 2764 499 2812 circumcisionem
515 2767 658 2825 quam
670 2767 748 2812 lex
761 2767 968 2813 daretur.
982 2767 1049 2812 llli
1067 2772 1225 2813 autem
1239 2771 1396 2826 patres
1409 2767 1491 2824 qui
1504 2767 1696 2813 fuerunt
1708 2771 1813 2811 ante
1826 2766 1995 2827 legem,

97 2824 296 2872 familias
314 2841 427 2873 suas
446 2828 776 2874 instruxerunt
802 2828 861 2874 de
885 2828 1028 2875 rebus
1049 2829 1219 2875 divinis
1241 2841 1326 2887 per
1348 2829 1542 2874 modum
1561 2834 1767 2887 paternae
1785 2828 1999 2875 admoni-

98 2888 253 2936 tionis.
279 2889 409 2935 Unde
426 2895 474 2936 et
497 2891 721 2936 Dominus
743 2891 855 2937 dicit
878 2891 940 2937 ad
956 2892 1187 2938 Abraham
1206 2892 1335 2948 (Gen.
1356 2905 1479 2946 xvm,
1495 2894 1567 2947 19)
1587 2906 1600 2936 ι
1623 2894 1723 2935 Scio
1746 2891 1866 2948 quod
1879 2904 1995 2949 prae-

95 2960 309 3010 cepturus
327 2957 387 2997 sit
400 2955 512 3009 filiis
538 2957 650 3012 suis,
674 2958 718 2999 et
736 2954 892 3000 domui
913 2968 1003 3000 suae
1024 2959 1125 3012 post
1146 2968 1207 3012 se,
1234 2958 1284 3000 ut
1307 2954 1567 2999 custodiant
1590 2958 1711 2998 viam
1742 2956 1940 3000 Domini.

153 3015 221 3059 Ad
243 3018 429 3059 tertium
454 3016 721 3074 dicendum,
745 3017 872 3075 quod
897 3017 1161 3076 baptismus
1186 3017 1236 3063 in
1259 3029 1312 3064 se
1337 3016 1547 3063 continet
1565 3015 1896 3074 perfectionem
1918 3030 1998 3063 sa-

94 3075 224 3131 lutis,
245 3076 305 3121 ad
323 3089 465 3133 quam
486 3081 609 3124 Deus
630 3091 797 3125 omnes
819 3079 1034 3125 homines
1054 3083 1217 3137 vocat,
1241 3079 1505 3126 secundnm
1526 3079 1642 3124 illud
1661 3081 1711 3133 (l.
1733 3078 1929 3124 Timoth.
1946 3094 1992 3138 11,

95 3139 140 3194 3)
156 3151 170 3183 t
190 3141 276 3195 Qui
295 3140 396 3183 vult
418 3154 567 3184 omnes
583 3140 784 3186 homines
802 3142 956 3186 salvos
971 3142 1095 3197 fieri;
1111 3146 1159 3187 et
1176 3140 1281 3187 ideo
1294 3140 1558 3199 baptismus
1572 3139 1792 3185 omnibus
1811 3141 1998 3198 populis

94 3199 385 3257 proponitur.
410 3202 709 3248 circumcisio
742 3208 899 3249 autem
924 3217 1018 3248 non
1046 3204 1314 3250 continebat
1337 3203 1671 3262 perfectionem
1700 3202 1888 3262 salutiS,
1911 3203 1995 3249 sed

95 3262 326 3319 figurabat
354 3263 502 3319 ipsam
533 3269 586 3309 ut
609 3265 813 3311 fiendam
837 3279 920 3323 per
943 3266 1195 3322 Christum,
1219 3267 1299 3324 qui
1326 3270 1427 3312 erat
1452 3278 1511 3312 ex
1532 3265 1797 3311 Judaeorum
1820 3266 1994 3323 populo

95 3323 379 3381 nasciturus,
400 3330 448 3370 et
466 3325 571 3371 ideo
590 3327 657 3371 illi
677 3328 763 3372 soli
784 3329 957 3386 populo
976 3329 1085 3374 data
1103 3334 1175 3375 est
1190 3328 1497 3375 circumcisio.

135 3426 178 3467 (1)
194 3427 289 3468 Sicut
307 3427 433 3463 dicitur
447 3429 770 3473 (Deuteron.xxxn,
786 3432 830 3473 4).
1086 3433 1167 3469 tiori
1189 3432 1381 3473 cognitione
1405 3431 1507 3474 qu'am
1529 3441 1603 3473 nos,
1627 3433 1666 3465 ut
1695 3430 1795 3472 (mrt-
1821 3431 1852 3476 I,
1876 3436 1991 3476 ῑῐῑὶᾶδῐι

70 3492 71 3495 ¹
134 3473 180 3517 (2)
196 3474 268 3509 Non
286 3480 323 3510 ea
346 3483 461 3511 tamen
477 3477 690 3517 plenitudine
708 3484 772 3521 qua
795 3480 899 3522 beati,
921 3482 999 3523 quia
1085 3489 1178 3523 xciv,
1193 3484 1259 3518 art.
1272 3480 1308 3524 2)
1324 3492 1364 3517 ex
1376 3479 1527 3523 professo
1541 3478 1673 3515 dictum
1687 3483 1752 3519 est·

94 3531 155 3556 neo
179 3523 285 3558 Deum
311 3523 421 3565 ipsum
452 3536 514 3567 per
542 3526 721 3563 essentiam
736 3526 849 3570 vidit;
867 3529 922 3563 sed
947 3528 996 3563 al-

55 3590 213 3618 ‚23:⁹ss-

2166 3187 2168 3189 ,
2148 2976 2170 3162 Mannum-flei-
2158 2894 2170 2967 ὢν»,
2167 2866 2170 2875 ,,
2161 2842 2168 2850 .
2164 2818 2165 2822 „
