<?xml version="1.0" encoding="UTF-8"?>
<!DOCTYPE html PUBLIC "-//W3C//DTD XHTML 1.0 Transitional//EN"
    "http://www.w3.org/TR/xhtml1/DTD/xhtml1-transitional.dtd">
<html xmlns="http://www.w3.org/1999/xhtml" xml:lang="en" lang="en">
 <head>
  <title>
</title>
<meta http-equiv="Content-Type" content="text/html;charset=utf-8" />
  <meta name='ocr-system' content='tesseract 3.04.00' />
  <meta name='ocr-capabilities' content='ocr_page ocr_carea ocr_par ocr_line ocrx_word'/>
</head>
<body>
  <div class='ocr_page' id='page_1' title='image "./summatheologica06thomuoft_0243.png"; bbox 0 0 2170 3808; ppageno 0'>
   <div class='ocr_carea' id='block_1_1' title="bbox 124 0 431 102">
    <p class='ocr_par' dir='ltr' id='par_1_1' title="bbox 124 0 431 102">
     <span class='ocr_line' id='line_1_1' title="bbox 124 0 431 102; baseline 0 3706"><span class='ocrx_word' id='word_1_1' title='bbox 124 0 431 102; x_wconf 95' lang='lat' dir='ltr'> </span> 
     </span>
    </p>
   </div>
   <div class='ocr_carea' id='block_1_2' title="bbox 761 246 1994 300">
    <p class='ocr_par' dir='ltr' id='par_1_2' title="bbox 761 246 1994 300">
     <span class='ocr_line' id='line_1_2' title="bbox 761 246 1994 300; baseline 0.001 -12"><span class='ocrx_word' id='word_1_2' title='bbox 761 247 957 297; x_wconf 69' lang='lat' dir='ltr'><strong>QUAEST.</strong></span> <span class='ocrx_word' id='word_1_3' title='bbox 987 247 1125 300; x_wconf 81' lang='lat' dir='ltr'>XXIV,</span> <span class='ocrx_word' id='word_1_4' title='bbox 1157 246 1272 288; x_wconf 89' lang='lat' dir='ltr'>ART.</span> <span class='ocrx_word' id='word_1_5' title='bbox 1303 248 1336 289; x_wconf 74' lang='grc' dir='ltr'>ἔ.</span> <span class='ocrx_word' id='word_1_6' title='bbox 1911 247 1994 289; x_wconf 69' lang='lat'>207</span> 
     </span>
    </p>
   </div>
   <div class='ocr_carea' id='block_1_3' title="bbox 116 325 1997 861">
    <p class='ocr_par' dir='ltr' id='par_1_3' title="bbox 116 325 1997 861">
     <span class='ocr_line' id='line_1_3' title="bbox 116 325 1992 386; baseline -0.003 -14"><span class='ocrx_word' id='word_1_7' title='bbox 116 329 459 386; x_wconf 72' lang='lat' dir='ltr'>praedeslinatus</span> <span class='ocrx_word' id='word_1_8' title='bbox 479 329 545 370; x_wconf 81' lang='lat' dir='ltr'>est</span> <span class='ocrx_word' id='word_1_9' title='bbox 565 326 713 368; x_wconf 77' lang='lat' dir='ltr'>Filius</span> <span class='ocrx_word' id='word_1_10' title='bbox 738 327 838 380; x_wconf 78' lang='lat' dir='ltr'>Dei,</span> <span class='ocrx_word' id='word_1_11' title='bbox 865 331 911 370; x_wconf 89' lang='lat' dir='ltr'>et</span> <span class='ocrx_word' id='word_1_12' title='bbox 929 331 999 370; x_wconf 92' lang='lat' dir='ltr'>est</span> <span class='ocrx_word' id='word_1_13' title='bbox 1018 325 1277 383; x_wconf 74' lang='lat' dir='ltr'>Augustini,</span> <span class='ocrx_word' id='word_1_14' title='bbox 1304 325 1383 370; x_wconf 84' lang='lat' dir='ltr'>lib.</span> <span class='ocrx_word' id='word_1_15' title='bbox 1406 329 1468 370; x_wconf 85' lang='lat' dir='ltr'>De</span> <span class='ocrx_word' id='word_1_16' title='bbox 1486 325 1697 382; x_wconf 84' lang='lat' dir='ltr'>praedest.</span> <span class='ocrx_word' id='word_1_17' title='bbox 1724 330 1871 368; x_wconf 83' lang='lat' dir='ltr'>sanct.</span> <span class='ocrx_word' id='word_1_18' title='bbox 1892 337 1992 382; x_wconf 84' lang='lat' dir='ltr'>cap.</span> 
     </span>
     <span class='ocr_line' id='line_1_4' title="bbox 119 385 1995 445; baseline -0.002 -12"><span class='ocrx_word' id='word_1_19' title='bbox 119 392 187 445; x_wconf 80' lang='lat'>15,</span> <span class='ocrx_word' id='word_1_20' title='bbox 205 390 232 432; x_wconf 81' lang='lat' dir='ltr'>a</span> <span class='ocrx_word' id='word_1_21' title='bbox 254 389 376 433; x_wconf 83' lang='lat' dir='ltr'>med.</span> <span class='ocrx_word' id='word_1_22' title='bbox 398 391 521 432; x_wconf 85' lang='lat' dir='ltr'>Rom.</span> <span class='ocrx_word' id='word_1_23' title='bbox 544 389 590 443; x_wconf 89' lang='lat'>1),</span> <span class='ocrx_word' id='word_1_24' title='bbox 608 386 795 442; x_wconf 88' lang='lat' dir='ltr'>quidam</span> <span class='ocrx_word' id='word_1_25' title='bbox 818 386 1034 430; x_wconf 82' lang='lat' dir='ltr'>dixerunt</span> <span class='ocrx_word' id='word_1_26' title='bbox 1047 386 1498 442; x_wconf 72' lang='lat' dir='ltr'>praedestinationem</span> <span class='ocrx_word' id='word_1_27' title='bbox 1521 385 1869 441; x_wconf 83' lang='lat' dir='ltr'>intelligendam</span> <span class='ocrx_word' id='word_1_28' title='bbox 1893 396 1995 430; x_wconf 89' lang='lat' dir='ltr'>esse</span> 
     </span>
     <span class='ocr_line' id='line_1_5' title="bbox 119 446 1996 505; baseline -0.003 -9"><span class='ocrx_word' id='word_1_29' title='bbox 119 450 174 496; x_wconf 89' lang='lat' dir='ltr'>de</span> <span class='ocrx_word' id='word_1_30' title='bbox 206 456 384 505; x_wconf 80' lang='lat' dir='ltr'>natura,</span> <span class='ocrx_word' id='word_1_31' title='bbox 409 461 503 492; x_wconf 88' lang='lat' dir='ltr'>non</span> <span class='ocrx_word' id='word_1_32' title='bbox 539 448 596 492; x_wconf 90' lang='lat' dir='ltr'>de</span> <span class='ocrx_word' id='word_1_33' title='bbox 622 460 840 502; x_wconf 63' lang='lat' dir='ltr'>personaq</span> <span class='ocrx_word' id='word_1_34' title='bbox 866 447 976 503; x_wconf 86' lang='lat' dir='ltr'>quia</span> <span class='ocrx_word' id='word_1_35' title='bbox 1003 447 1178 492; x_wconf 88' lang='lat' dir='ltr'>scilicet</span> <span class='ocrx_word' id='word_1_36' title='bbox 1205 447 1424 491; x_wconf 87' lang='lat' dir='ltr'>humanae</span> <span class='ocrx_word' id='word_1_37' title='bbox 1446 453 1623 491; x_wconf 82' lang='lat' dir='ltr'>naturae</span> <span class='ocrx_word' id='word_1_38' title='bbox 1651 448 1769 491; x_wconf 77' lang='lat' dir='ltr'>facta</span> <span class='ocrx_word' id='word_1_39' title='bbox 1803 451 1874 490; x_wconf 89' lang='lat' dir='ltr'>est</span> <span class='ocrx_word' id='word_1_40' title='bbox 1897 446 1996 491; x_wconf 85' lang='lat' dir='ltr'>haec</span> 
     </span>
     <span class='ocr_line' id='line_1_6' title="bbox 118 508 1996 568; baseline -0.001 -13"><span class='ocrx_word' id='word_1_41' title='bbox 118 511 279 568; x_wconf 82' lang='lat' dir='ltr'>gratia,</span> <span class='ocrx_word' id='word_1_42' title='bbox 298 515 351 555; x_wconf 93' lang='lat' dir='ltr'>ut</span> <span class='ocrx_word' id='word_1_43' title='bbox 367 511 579 555; x_wconf 80' lang='lat' dir='ltr'>uniretur</span> <span class='ocrx_word' id='word_1_44' title='bbox 598 508 707 552; x_wconf 88' lang='lat' dir='ltr'>Filio</span> <span class='ocrx_word' id='word_1_45' title='bbox 725 509 801 553; x_wconf 91' lang='lat' dir='ltr'>Dei</span> <span class='ocrx_word' id='word_1_46' title='bbox 821 509 870 552; x_wconf 89' lang='lat' dir='ltr'>in</span> <span class='ocrx_word' id='word_1_47' title='bbox 890 509 1064 553; x_wconf 82' lang='lat' dir='ltr'>unitate</span> <span class='ocrx_word' id='word_1_48' title='bbox 1081 520 1307 564; x_wconf 86' lang='lat' dir='ltr'>personae.</span> <span class='ocrx_word' id='word_1_49' title='bbox 1334 508 1422 553; x_wconf 86' lang='lat' dir='ltr'>Sed</span> <span class='ocrx_word' id='word_1_50' title='bbox 1440 509 1698 553; x_wconf 78' lang='lat' dir='ltr'>seeundum</span> <span class='ocrx_word' id='word_1_51' title='bbox 1717 508 1803 552; x_wconf 87' lang='lat' dir='ltr'>hoe</span> <span class='ocrx_word' id='word_1_52' title='bbox 1825 508 1996 553; x_wconf 85' lang='lat' dir='ltr'>locutio</span> 
     </span>
     <span class='ocr_line' id='line_1_7' title="bbox 117 568 1996 628; baseline -0.002 -11"><span class='ocrx_word' id='word_1_53' title='bbox 117 572 315 628; x_wconf 80' lang='lat' dir='ltr'>Apostoli</span> <span class='ocrx_word' id='word_1_54' title='bbox 335 577 406 616; x_wconf 89' lang='lat' dir='ltr'>est</span> <span class='ocrx_word' id='word_1_55' title='bbox 419 570 682 626; x_wconf 86' lang='lat' dir='ltr'>impropria,</span> <span class='ocrx_word' id='word_1_56' title='bbox 706 575 892 626; x_wconf 85' lang='lat' dir='ltr'>propter</span> <span class='ocrx_word' id='word_1_57' title='bbox 914 570 1035 614; x_wconf 79' lang='lat' dir='ltr'>duc:</span> <span class='ocrx_word' id='word_1_58' title='bbox 1059 568 1207 625; x_wconf 73' lang='lat' dir='ltr'>primo</span> <span class='ocrx_word' id='word_1_59' title='bbox 1218 569 1410 626; x_wconf 87' lang='lat' dir='ltr'>quidem</span> <span class='ocrx_word' id='word_1_60' title='bbox 1429 569 1606 613; x_wconf 88' lang='lat' dir='ltr'>ratione</span> <span class='ocrx_word' id='word_1_61' title='bbox 1616 569 1853 613; x_wconf 51' lang='lat' dir='ltr'>&gt;communi</span> <span class='ocrx_word' id='word_1_62' title='bbox 1870 583 1883 625; x_wconf 72' lang='grc' dir='ltr'><strong>ς</strong></span> <span class='ocrx_word' id='word_1_63' title='bbox 1901 581 1996 614; x_wconf 88' lang='lat' dir='ltr'>non</span> 
     </span>
     <span class='ocr_line' id='line_1_8' title="bbox 116 630 1996 688; baseline -0.001 -11"><span class='ocrx_word' id='word_1_64' title='bbox 116 633 240 678; x_wconf 88' lang='lat' dir='ltr'>enim</span> <span class='ocrx_word' id='word_1_65' title='bbox 255 634 448 679; x_wconf 79' lang='lat' dir='ltr'>dicimus</span> <span class='ocrx_word' id='word_1_66' title='bbox 463 636 674 676; x_wconf 82' lang='lat' dir='ltr'>naturam</span> <span class='ocrx_word' id='word_1_67' title='bbox 689 631 886 688; x_wconf 75' lang='lat' dir='ltr'>aliqu&#39;us</span> <span class='ocrx_word' id='word_1_68' title='bbox 905 630 1245 687; x_wconf 76' lang='lat' dir='ltr'>praedestinari,</span> <span class='ocrx_word' id='word_1_69' title='bbox 1269 630 1353 674; x_wconf 90' lang='lat' dir='ltr'>sed</span> <span class='ocrx_word' id='word_1_70' title='bbox 1371 630 1524 687; x_wconf 84' lang='lat' dir='ltr'>ipsum</span> <span class='ocrx_word' id='word_1_71' title='bbox 1547 631 1839 686; x_wconf 88' lang='lat' dir='ltr'>suppositum</span> <span class='ocrx_word' id='word_1_72' title='bbox 1858 646 1867 674; x_wconf 94' lang='lat'><strong>:</strong></span> <span class='ocrx_word' id='word_1_73' title='bbox 1886 631 1996 687; x_wconf 85' lang='lat' dir='ltr'>quia</span> 
     </span>
     <span class='ocr_line' id='line_1_9' title="bbox 118 691 1996 751; baseline -0.002 -11"><span class='ocrx_word' id='word_1_74' title='bbox 118 693 430 751; x_wconf 69' lang='lat' dir='ltr'>praedestinafi</span> <span class='ocrx_word' id='word_1_75' title='bbox 465 697 537 737; x_wconf 89' lang='lat' dir='ltr'>est</span> <span class='ocrx_word' id='word_1_76' title='bbox 567 691 703 748; x_wconf 86' lang='lat' dir='ltr'>dirigi</span> <span class='ocrx_word' id='word_1_77' title='bbox 733 692 781 736; x_wconf 92' lang='lat' dir='ltr'>in</span> <span class='ocrx_word' id='word_1_78' title='bbox 814 692 1039 749; x_wconf 70' lang='lat' dir='ltr'>salutem,</span> <span class='ocrx_word' id='word_1_79' title='bbox 1071 691 1196 749; x_wconf 87' lang='lat' dir='ltr'>quod</span> <span class='ocrx_word' id='word_1_80' title='bbox 1231 691 1419 748; x_wconf 86' lang='lat' dir='ltr'>quidem</span> <span class='ocrx_word' id='word_1_81' title='bbox 1451 695 1523 736; x_wconf 91' lang='lat' dir='ltr'>est</span> <span class='ocrx_word' id='word_1_82' title='bbox 1555 692 1782 747; x_wconf 83' lang='lat' dir='ltr'>suppositi</span> <span class='ocrx_word' id='word_1_83' title='bbox 1815 693 1996 748; x_wconf 86' lang='lat' dir='ltr'>agentis</span> 
     </span>
     <span class='ocr_line' id='line_1_10' title="bbox 117 752 1996 812; baseline -0.001 -11"><span class='ocrx_word' id='word_1_84' title='bbox 117 761 299 812; x_wconf 84' lang='lat' dir='ltr'>propter</span> <span class='ocrx_word' id='word_1_85' title='bbox 319 754 616 800; x_wconf 75' lang='lat' dir='ltr'>beatitudinis</span> <span class='ocrx_word' id='word_1_86' title='bbox 635 753 792 797; x_wconf 85' lang='lat' dir='ltr'>finem.</span> <span class='ocrx_word' id='word_1_87' title='bbox 815 752 1041 811; x_wconf 80' lang='lat' dir='ltr'>Secundo,</span> <span class='ocrx_word' id='word_1_88' title='bbox 1060 754 1237 798; x_wconf 83' lang='lat' dir='ltr'>ratione</span> <span class='ocrx_word' id='word_1_89' title='bbox 1256 752 1460 809; x_wconf 87' lang='lat' dir='ltr'>speciali,</span> <span class='ocrx_word' id='word_1_90' title='bbox 1486 752 1596 809; x_wconf 84' lang='lat' dir='ltr'>quia</span> <span class='ocrx_word' id='word_1_91' title='bbox 1613 764 1717 797; x_wconf 89' lang='lat' dir='ltr'>esse</span> <span class='ocrx_word' id='word_1_92' title='bbox 1735 754 1898 804; x_wconf 87' lang='lat' dir='ltr'>Filium</span> <span class='ocrx_word' id='word_1_93' title='bbox 1918 754 1996 799; x_wconf 84' lang='lat' dir='ltr'>Dei</span> 
     </span>
     <span class='ocr_line' id='line_1_11' title="bbox 119 814 1997 861; baseline -0.001 -1"><span class='ocrx_word' id='word_1_94' title='bbox 119 828 209 860; x_wconf 90' lang='lat' dir='ltr'>non</span> <span class='ocrx_word' id='word_1_95' title='bbox 234 816 446 861; x_wconf 87' lang='lat' dir='ltr'>convenit</span> <span class='ocrx_word' id='word_1_96' title='bbox 470 816 683 858; x_wconf 85' lang='lat' dir='ltr'>humanae</span> <span class='ocrx_word' id='word_1_97' title='bbox 717 820 909 859; x_wconf 80' lang='lat' dir='ltr'>naturae.</span> <span class='ocrx_word' id='word_1_98' title='bbox 935 817 1013 859; x_wconf 88' lang='lat' dir='ltr'>Est</span> <span class='ocrx_word' id='word_1_99' title='bbox 1034 816 1160 859; x_wconf 88' lang='lat' dir='ltr'>enim</span> <span class='ocrx_word' id='word_1_100' title='bbox 1190 815 1288 859; x_wconf 82' lang='lat' dir='ltr'>haec</span> <span class='ocrx_word' id='word_1_101' title='bbox 1310 814 1454 859; x_wconf 90' lang='lat' dir='ltr'>salsa:</span> <span class='ocrx_word' id='word_1_102' title='bbox 1487 817 1702 857; x_wconf 80' lang='lat' dir='ltr'>Humana</span> <span class='ocrx_word' id='word_1_103' title='bbox 1733 818 1903 858; x_wconf 78' lang='lat' dir='ltr'>natura</span> <span class='ocrx_word' id='word_1_104' title='bbox 1929 819 1997 859; x_wconf 80' lang='lat' dir='ltr'>est</span> 
     </span>
    </p>
   </div>
   <div class='ocr_carea' id='block_1_4' title="bbox 47 875 1993 934">
    <p class='ocr_par' dir='ltr' id='par_1_4' title="bbox 47 875 1993 934">
     <span class='ocr_line' id='line_1_12' title="bbox 47 875 1993 934; baseline 0 -13"><span class='ocrx_word' id='word_1_105' title='bbox 47 894 51 896; x_wconf 92' lang='lat'>·</span> <span class='ocrx_word' id='word_1_106' title='bbox 115 878 263 921; x_wconf 81' lang='lat' dir='ltr'>Filius</span> <span class='ocrx_word' id='word_1_107' title='bbox 290 880 389 931; x_wconf 81' lang='lat' dir='ltr'>Dei,</span> <span class='ocrx_word' id='word_1_108' title='bbox 417 877 504 921; x_wconf 88' lang='lat' dir='ltr'>nisi</span> <span class='ocrx_word' id='word_1_109' title='bbox 526 877 643 920; x_wconf 84' lang='lat' dir='ltr'>forte</span> <span class='ocrx_word' id='word_1_110' title='bbox 678 877 784 933; x_wconf 90' lang='lat' dir='ltr'>quis</span> <span class='ocrx_word' id='word_1_111' title='bbox 807 876 918 921; x_wconf 84' lang='lat' dir='ltr'>velit</span> <span class='ocrx_word' id='word_1_112' title='bbox 947 876 1018 921; x_wconf 84' lang='lat' dir='ltr'>sic</span> <span class='ocrx_word' id='word_1_113' title='bbox 1041 889 1272 934; x_wconf 79' lang='lat' dir='ltr'>exponere</span> <span class='ocrx_word' id='word_1_114' title='bbox 1299 878 1479 921; x_wconf 80' lang='lat' dir='ltr'>extorta</span> <span class='ocrx_word' id='word_1_115' title='bbox 1513 875 1828 931; x_wconf 84' lang='lat' dir='ltr'>expositione:</span> <span class='ocrx_word' id='word_1_116' title='bbox 1856 893 1877 913; x_wconf 89' lang='lat'>«</span> <span class='ocrx_word' id='word_1_117' title='bbox 1912 878 1993 929; x_wconf 81' lang='lat' dir='ltr'>Qui</span> 
     </span>
    </p>
   </div>
   <div class='ocr_carea' id='block_1_5' title="bbox 0 0 60 2400">
    <p class='ocr_par' dir='ltr' id='par_1_5' title="bbox 0 0 60 2400">
     <span class='ocr_line' id='line_1_13' title="bbox 0 0 60 2400; baseline 0 0"><span class='ocrx_word' id='word_1_118' title='bbox 0 0 60 2400; x_wconf 95' lang='lat' dir='ltr'> </span> 
     </span>
    </p>
   </div>
   <div class='ocr_carea' id='block_1_6' title="bbox 106 937 2013 3214">
    <p class='ocr_par' dir='ltr' id='par_1_6' title="bbox 106 937 2013 3214">
     <span class='ocr_line' id='line_1_14' title="bbox 116 937 1995 995; baseline 0 -13"><span class='ocrx_word' id='word_1_119' title='bbox 116 939 464 994; x_wconf 61' lang='lat' dir='ltr'>praedestinatus</span> <span class='ocrx_word' id='word_1_120' title='bbox 484 945 555 982; x_wconf 88' lang='lat' dir='ltr'>est</span> <span class='ocrx_word' id='word_1_121' title='bbox 573 937 711 982; x_wconf 85' lang='lat' dir='ltr'>Filius</span> <span class='ocrx_word' id='word_1_122' title='bbox 735 938 812 982; x_wconf 89' lang='lat' dir='ltr'>Dei</span> <span class='ocrx_word' id='word_1_123' title='bbox 838 938 889 981; x_wconf 85' lang='lat' dir='ltr'>in</span> <span class='ocrx_word' id='word_1_124' title='bbox 914 938 1097 995; x_wconf 88' lang='lat' dir='ltr'>virtute,</span> <span class='ocrx_word' id='word_1_125' title='bbox 1119 956 1140 977; x_wconf 83' lang='grc'>»</span> <span class='ocrx_word' id='word_1_126' title='bbox 1174 938 1222 982; x_wconf 85' lang='lat' dir='ltr'>id</span> <span class='ocrx_word' id='word_1_127' title='bbox 1243 942 1329 993; x_wconf 85' lang='lat' dir='ltr'>est,</span> <span class='ocrx_word' id='word_1_128' title='bbox 1356 937 1711 993; x_wconf 78' lang='lat' dir='ltr'>praedestinatus</span> <span class='ocrx_word' id='word_1_129' title='bbox 1734 942 1805 981; x_wconf 91' lang='lat' dir='ltr'>est</span> <span class='ocrx_word' id='word_1_130' title='bbox 1822 941 1874 982; x_wconf 91' lang='lat' dir='ltr'>ut</span> <span class='ocrx_word' id='word_1_131' title='bbox 1905 937 1995 982; x_wconf 86' lang='lat' dir='ltr'>hu·</span> 
     </span>
     <span class='ocr_line' id='line_1_15' title="bbox 117 998 1995 1055; baseline -0.001 -11"><span class='ocrx_word' id='word_1_132' title='bbox 117 1010 252 1044; x_wconf 83' lang='lat' dir='ltr'>mana</span> <span class='ocrx_word' id='word_1_133' title='bbox 266 1004 429 1044; x_wconf 86' lang='lat' dir='ltr'>natura</span> <span class='ocrx_word' id='word_1_134' title='bbox 442 998 653 1043; x_wconf 87' lang='lat' dir='ltr'>uniretur</span> <span class='ocrx_word' id='word_1_135' title='bbox 666 998 777 1042; x_wconf 88' lang='lat' dir='ltr'>Filio</span> <span class='ocrx_word' id='word_1_136' title='bbox 792 998 870 1043; x_wconf 92' lang='lat' dir='ltr'>Dei</span> <span class='ocrx_word' id='word_1_137' title='bbox 884 998 932 1042; x_wconf 90' lang='lat' dir='ltr'>in</span> <span class='ocrx_word' id='word_1_138' title='bbox 956 1010 1168 1055; x_wconf 86' lang='lat' dir='ltr'>persona.</span> <span class='ocrx_word' id='word_1_139' title='bbox 1189 998 1477 1055; x_wconf 83' lang='lat' dir='ltr'>Relinquitur</span> <span class='ocrx_word' id='word_1_140' title='bbox 1490 1010 1602 1054; x_wconf 84' lang='lat' dir='ltr'>ergo</span> <span class='ocrx_word' id='word_1_141' title='bbox 1617 998 1740 1055; x_wconf 82' lang='lat' dir='ltr'>quod</span> <span class='ocrx_word' id='word_1_142' title='bbox 1754 998 1995 1054; x_wconf 83' lang='lat' dir='ltr'>praedesti-</span> 
     </span>
     <span class='ocr_line' id='line_1_16' title="bbox 116 1058 1994 1116; baseline 0.001 -13"><span class='ocrx_word' id='word_1_143' title='bbox 116 1059 238 1105; x_wconf 86' lang='lat' dir='ltr'>natio</span> <span class='ocrx_word' id='word_1_144' title='bbox 248 1060 526 1105; x_wconf 76' lang='lat' dir='ltr'>attribuatur</span> <span class='ocrx_word' id='word_1_145' title='bbox 539 1071 748 1116; x_wconf 84' lang='lat' dir='ltr'>personae</span> <span class='ocrx_word' id='word_1_146' title='bbox 764 1059 944 1115; x_wconf 82' lang='lat' dir='ltr'>Christi,</span> <span class='ocrx_word' id='word_1_147' title='bbox 965 1071 1060 1103; x_wconf 92' lang='lat' dir='ltr'>non</span> <span class='ocrx_word' id='word_1_148' title='bbox 1076 1058 1541 1116; x_wconf 71' lang='lat' dir='ltr'>quidem&#39;secunditm</span> <span class='ocrx_word' id='word_1_149' title='bbox 1560 1071 1627 1114; x_wconf 90' lang='lat' dir='ltr'>se,</span> <span class='ocrx_word' id='word_1_150' title='bbox 1645 1059 1720 1103; x_wconf 86' lang='lat' dir='ltr'>vel</span> <span class='ocrx_word' id='word_1_151' title='bbox 1737 1059 1994 1104; x_wconf 80' lang='lat' dir='ltr'>seeundum</span> 
     </span>
     <span class='ocr_line' id='line_1_17' title="bbox 115 1119 1994 1177; baseline 0.001 -11"><span class='ocrx_word' id='word_1_152' title='bbox 115 1121 237 1177; x_wconf 66' lang='lat' dir='ltr'>qued</span> <span class='ocrx_word' id='word_1_153' title='bbox 257 1121 466 1167; x_wconf 85' lang='lat' dir='ltr'>subsistit</span> <span class='ocrx_word' id='word_1_154' title='bbox 495 1121 542 1165; x_wconf 88' lang='lat' dir='ltr'>in</span> <span class='ocrx_word' id='word_1_155' title='bbox 565 1121 719 1166; x_wconf 85' lang='lat' dir='ltr'>divina</span> <span class='ocrx_word' id='word_1_156' title='bbox 740 1127 921 1176; x_wconf 86' lang='lat' dir='ltr'>natura,</span> <span class='ocrx_word' id='word_1_157' title='bbox 947 1120 1029 1164; x_wconf 85' lang='lat' dir='ltr'>sed</span> <span class='ocrx_word' id='word_1_158' title='bbox 1055 1121 1312 1165; x_wconf 71' lang='lat' dir='ltr'>secundnm</span> <span class='ocrx_word' id='word_1_159' title='bbox 1342 1119 1467 1176; x_wconf 79' lang='lat' dir='ltr'>quod</span> <span class='ocrx_word' id='word_1_160' title='bbox 1488 1120 1700 1164; x_wconf 86' lang='lat' dir='ltr'>subsistit</span> <span class='ocrx_word' id='word_1_161' title='bbox 1720 1121 1767 1164; x_wconf 89' lang='lat' dir='ltr'>in</span> <span class='ocrx_word' id='word_1_162' title='bbox 1790 1122 1994 1168; x_wconf 79' lang='lat' dir='ltr'>humana</span> 
     </span>
     <span class='ocr_line' id='line_1_18' title="bbox 113 1183 1993 1240; baseline 0 -12"><span class='ocrx_word' id='word_1_163' title='bbox 113 1188 292 1229; x_wconf 78' lang='lat' dir='ltr'>namra.</span> <span class='ocrx_word' id='word_1_164' title='bbox 315 1185 441 1229; x_wconf 85' lang='lat' dir='ltr'>Unde</span> <span class='ocrx_word' id='word_1_165' title='bbox 454 1184 560 1229; x_wconf 77' lang='lat' dir='ltr'>cum</span> <span class='ocrx_word' id='word_1_166' title='bbox 580 1183 769 1229; x_wconf 84' lang='lat' dir='ltr'>dixisset</span> <span class='ocrx_word' id='word_1_167' title='bbox 781 1183 1051 1240; x_wconf 83' lang='lat' dir='ltr'>Apostolus:</span> <span class='ocrx_word' id='word_1_168' title='bbox 1075 1187 1160 1239; x_wconf 80' lang='lat' dir='ltr'>Qut</span> <span class='ocrx_word' id='word_1_169' title='bbox 1179 1186 1330 1238; x_wconf 73' lang='lat' dir='ltr'>sactus</span> <span class='ocrx_word' id='word_1_170' title='bbox 1353 1186 1419 1227; x_wconf 78' lang='lat' dir='ltr'>est</span> <span class='ocrx_word' id='word_1_171' title='bbox 1432 1186 1475 1226; x_wconf 78' lang='lat' dir='ltr'>ei</span> <span class='ocrx_word' id='word_1_172' title='bbox 1494 1186 1730 1226; x_wconf 73' lang='lat' dir='ltr'>exsemine</span> <span class='ocrx_word' id='word_1_173' title='bbox 1750 1186 1905 1228; x_wconf 80' lang='lat' dir='ltr'>David</span> <span class='ocrx_word' id='word_1_174' title='bbox 1922 1198 1993 1228; x_wconf 83' lang='lat' dir='ltr'>se-</span> 
     </span>
     <span class='ocr_line' id='line_1_19' title="bbox 112 1244 1994 1302; baseline 0.002 -15"><span class='ocrx_word' id='word_1_175' title='bbox 112 1247 309 1289; x_wconf 64' lang='lat' dir='ltr'>cundam</span> <span class='ocrx_word' id='word_1_176' title='bbox 327 1258 523 1301; x_wconf 81' lang='lat' dir='ltr'>carnem,</span> <span class='ocrx_word' id='word_1_177' title='bbox 546 1245 818 1302; x_wconf 75' lang='lat' dir='ltr'>subjUnxit:</span> <span class='ocrx_word' id='word_1_178' title='bbox 844 1248 932 1301; x_wconf 81' lang='lat' dir='ltr'>Qui</span> <span class='ocrx_word' id='word_1_179' title='bbox 943 1247 1298 1301; x_wconf 73' lang='lat' dir='ltr'>praedestinatus</span> <span class='ocrx_word' id='word_1_180' title='bbox 1317 1247 1385 1287; x_wconf 80' lang='lat' dir='ltr'>est</span> <span class='ocrx_word' id='word_1_181' title='bbox 1403 1244 1556 1287; x_wconf 78' lang='lat' dir='ltr'>Filius</span> <span class='ocrx_word' id='word_1_182' title='bbox 1575 1247 1660 1286; x_wconf 77' lang='lat' dir='ltr'>Dei</span> <span class='ocrx_word' id='word_1_183' title='bbox 1673 1247 1721 1287; x_wconf 79' lang='lat' dir='ltr'>in</span> <span class='ocrx_word' id='word_1_184' title='bbox 1738 1248 1920 1302; x_wconf 75' lang='lat' dir='ltr'>virtute,</span> <span class='ocrx_word' id='word_1_185' title='bbox 1943 1257 1994 1297; x_wconf 83' lang='lat' dir='ltr'>ut</span> 
     </span>
     <span class='ocr_line' id='line_1_20' title="bbox 111 1301 1994 1364; baseline 0.001 -14"><span class='ocrx_word' id='word_1_186' title='bbox 111 1305 241 1352; x_wconf 83' lang='lat' dir='ltr'>daret</span> <span class='ocrx_word' id='word_1_187' title='bbox 259 1301 515 1364; x_wconf 81' lang='lat' dir='ltr'>intelligere</span> <span class='ocrx_word' id='word_1_188' title='bbox 533 1307 655 1362; x_wconf 86' lang='lat' dir='ltr'>quod</span> <span class='ocrx_word' id='word_1_189' title='bbox 666 1306 923 1352; x_wconf 83' lang='lat' dir='ltr'>secundum</span> <span class='ocrx_word' id='word_1_190' title='bbox 937 1306 1024 1349; x_wconf 85' lang='lat' dir='ltr'>hoc</span> <span class='ocrx_word' id='word_1_191' title='bbox 1035 1305 1159 1362; x_wconf 79' lang='lat' dir='ltr'>quod</span> <span class='ocrx_word' id='word_1_192' title='bbox 1171 1311 1241 1349; x_wconf 85' lang='lat' dir='ltr'>est</span> <span class='ocrx_word' id='word_1_193' title='bbox 1259 1309 1407 1360; x_wconf 75' lang='lat' dir='ltr'>sactus</span> <span class='ocrx_word' id='word_1_194' title='bbox 1422 1318 1480 1348; x_wconf 75' lang='lat' dir='ltr'>ex</span> <span class='ocrx_word' id='word_1_195' title='bbox 1495 1307 1662 1348; x_wconf 79' lang='lat' dir='ltr'>semine</span> <span class='ocrx_word' id='word_1_196' title='bbox 1677 1307 1831 1349; x_wconf 78' lang='lat' dir='ltr'>David</span> <span class='ocrx_word' id='word_1_197' title='bbox 1844 1320 1994 1351; x_wconf 77' lang='lat' dir='ltr'>secun-</span> 
     </span>
     <span class='ocr_line' id='line_1_21' title="bbox 111 1359 1994 1427; baseline 0.001 -16"><span class='ocrx_word' id='word_1_198' title='bbox 111 1367 220 1411; x_wconf 63' lang='lat' dir='ltr'>dicm</span> <span class='ocrx_word' id='word_1_199' title='bbox 237 1382 430 1427; x_wconf 79' lang='lat' dir='ltr'>carnem,</span> <span class='ocrx_word' id='word_1_200' title='bbox 454 1359 526 1414; x_wconf 82' lang='lat' dir='ltr'>e&#39;st</span> <span class='ocrx_word' id='word_1_201' title='bbox 547 1368 902 1424; x_wconf 85' lang='lat' dir='ltr'>praedestinatus</span> <span class='ocrx_word' id='word_1_202' title='bbox 922 1367 1068 1410; x_wconf 78' lang='lat' dir='ltr'>Filius</span> <span class='ocrx_word' id='word_1_203' title='bbox 1086 1371 1170 1410; x_wconf 76' lang='lat' dir='ltr'>Det</span> <span class='ocrx_word' id='word_1_204' title='bbox 1185 1371 1234 1410; x_wconf 75' lang='lat' dir='ltr'>in</span> <span class='ocrx_word' id='word_1_205' title='bbox 1250 1370 1418 1410; x_wconf 67' lang='lat' dir='ltr'>virtute</span> <span class='ocrx_word' id='word_1_206' title='bbox 1433 1383 1448 1409; x_wconf 86' lang='grc'>.-</span> <span class='ocrx_word' id='word_1_207' title='bbox 1466 1366 1681 1423; x_wconf 88' lang='lat' dir='ltr'>quamvis</span> <span class='ocrx_word' id='word_1_208' title='bbox 1696 1366 1822 1411; x_wconf 89' lang='lat' dir='ltr'>enim</span> <span class='ocrx_word' id='word_1_209' title='bbox 1841 1368 1901 1412; x_wconf 88' lang='lat' dir='ltr'>sit</span> <span class='ocrx_word' id='word_1_210' title='bbox 1917 1382 1994 1413; x_wconf 86' lang='lat' dir='ltr'>na-</span> 
     </span>
     <span class='ocr_line' id='line_1_22' title="bbox 111 1428 1991 1488; baseline 0.002 -16"><span class='ocrx_word' id='word_1_211' title='bbox 111 1429 257 1475; x_wconf 84' lang='lat' dir='ltr'>turale</span> <span class='ocrx_word' id='word_1_212' title='bbox 275 1430 341 1475; x_wconf 92' lang='lat' dir='ltr'>illi</span> <span class='ocrx_word' id='word_1_213' title='bbox 360 1442 571 1488; x_wconf 75' lang='lat' dir='ltr'>personae</span> <span class='ocrx_word' id='word_1_214' title='bbox 590 1430 847 1475; x_wconf 81' lang='lat' dir='ltr'>secundum</span> <span class='ocrx_word' id='word_1_215' title='bbox 866 1442 916 1474; x_wconf 92' lang='lat' dir='ltr'>se</span> <span class='ocrx_word' id='word_1_216' title='bbox 936 1429 1236 1475; x_wconf 68' lang='lat' dir='ltr'>considera-tae</span> <span class='ocrx_word' id='word_1_217' title='bbox 1251 1429 1376 1485; x_wconf 73' lang='lat' dir='ltr'>qued</span> <span class='ocrx_word' id='word_1_218' title='bbox 1398 1428 1458 1474; x_wconf 89' lang='lat' dir='ltr'>sit</span> <span class='ocrx_word' id='word_1_219' title='bbox 1474 1428 1614 1473; x_wconf 87' lang='lat' dir='ltr'>Filius</span> <span class='ocrx_word' id='word_1_220' title='bbox 1637 1428 1715 1473; x_wconf 87' lang='lat' dir='ltr'>Dei</span> <span class='ocrx_word' id='word_1_221' title='bbox 1737 1429 1786 1472; x_wconf 92' lang='lat' dir='ltr'>in</span> <span class='ocrx_word' id='word_1_222' title='bbox 1805 1430 1991 1487; x_wconf 67' lang='lat' dir='ltr'>virtute,</span> 
     </span>
     <span class='ocr_line' id='line_1_23' title="bbox 112 1490 1992 1549; baseline 0.002 -15"><span class='ocrx_word' id='word_1_223' title='bbox 112 1495 373 1535; x_wconf 88' lang='lat' dir='ltr'>nontamen</span> <span class='ocrx_word' id='word_1_224' title='bbox 395 1496 467 1535; x_wconf 88' lang='lat' dir='ltr'>est</span> <span class='ocrx_word' id='word_1_225' title='bbox 487 1491 530 1536; x_wconf 91' lang='lat' dir='ltr'>ei</span> <span class='ocrx_word' id='word_1_226' title='bbox 548 1492 757 1536; x_wconf 88' lang='lat' dir='ltr'>naturale</span> <span class='ocrx_word' id='word_1_227' title='bbox 777 1490 1034 1535; x_wconf 80' lang='lat' dir='ltr'>secundum</span> <span class='ocrx_word' id='word_1_228' title='bbox 1050 1491 1303 1535; x_wconf 83' lang='lat' dir='ltr'>humanam</span> <span class='ocrx_word' id='word_1_229' title='bbox 1325 1495 1558 1546; x_wconf 86' lang='lat' dir='ltr'>naturam,</span> <span class='ocrx_word' id='word_1_230' title='bbox 1576 1490 1835 1536; x_wconf 78' lang='lat' dir='ltr'>secundum</span> <span class='ocrx_word' id='word_1_231' title='bbox 1854 1504 1992 1549; x_wconf 82' lang='lat' dir='ltr'>quam</span> 
     </span>
     <span class='ocr_line' id='line_1_24' title="bbox 110 1552 2013 1610; baseline -0.001 -14"><span class='ocrx_word' id='word_1_232' title='bbox 110 1552 196 1596; x_wconf 90' lang='lat' dir='ltr'>hoc</span> <span class='ocrx_word' id='word_1_233' title='bbox 218 1553 259 1598; x_wconf 89' lang='lat' dir='ltr'>ei</span> <span class='ocrx_word' id='word_1_234' title='bbox 286 1554 504 1598; x_wconf 86' lang='lat' dir='ltr'>convenit</span> <span class='ocrx_word' id='word_1_235' title='bbox 519 1566 601 1610; x_wconf 81' lang='lat' dir='ltr'>per</span> <span class='ocrx_word' id='word_1_236' title='bbox 618 1554 814 1609; x_wconf 80' lang='lat' dir='ltr'>gratiam</span> <span class='ocrx_word' id='word_1_237' title='bbox 834 1552 1037 1598; x_wconf 87' lang='lat' dir='ltr'>unionis.</span> <span class='ocrx_word' id='word_1_238' title='bbox 2011 1555 2013 1558; x_wconf 57' lang='lat'><em>⁴</em></span> 
     </span>
     <span class='ocr_line' id='line_1_25' title="bbox 162 1611 1995 1673; baseline 0.001 -15"><span class='ocrx_word' id='word_1_239' title='bbox 162 1613 228 1659; x_wconf 82' lang='lat' dir='ltr'>Ad</span> <span class='ocrx_word' id='word_1_240' title='bbox 254 1618 439 1658; x_wconf 67' lang='lat' dir='ltr'>ternum</span> <span class='ocrx_word' id='word_1_241' title='bbox 471 1615 735 1672; x_wconf 83' lang='lat' dir='ltr'>dicendum,</span> <span class='ocrx_word' id='word_1_242' title='bbox 755 1615 880 1672; x_wconf 78' lang='lat' dir='ltr'>quod</span> <span class='ocrx_word' id='word_1_243' title='bbox 901 1615 1118 1671; x_wconf 89' lang='lat' dir='ltr'>Origenes</span> <span class='ocrx_word' id='word_1_244' title='bbox 1135 1616 1292 1671; x_wconf 84' lang='lat' dir='ltr'>(super</span> <span class='ocrx_word' id='word_1_245' title='bbox 1312 1611 1555 1671; x_wconf 88' lang='lat' dir='ltr'>epistolam</span> <span class='ocrx_word' id='word_1_246' title='bbox 1575 1614 1637 1659; x_wconf 86' lang='lat' dir='ltr'>ad</span> <span class='ocrx_word' id='word_1_247' title='bbox 1654 1617 1785 1660; x_wconf 88' lang='lat' dir='ltr'>Rom.</span> <span class='ocrx_word' id='word_1_248' title='bbox 1807 1628 1910 1673; x_wconf 89' lang='lat' dir='ltr'>cap.</span> <span class='ocrx_word' id='word_1_249' title='bbox 1951 1619 1995 1661; x_wconf 69' lang='lat' dir='ltr'>li</span> 
     </span>
     <span class='ocr_line' id='line_1_26' title="bbox 112 1673 1990 1735; baseline 0.002 -15"><span class='ocrx_word' id='word_1_250' title='bbox 112 1673 221 1720; x_wconf 82' lang='lat' dir='ltr'>dicit</span> <span class='ocrx_word' id='word_1_251' title='bbox 236 1676 356 1721; x_wconf 90' lang='lat' dir='ltr'>hanc</span> <span class='ocrx_word' id='word_1_252' title='bbox 372 1689 475 1722; x_wconf 85' lang='lat' dir='ltr'>esse</span> <span class='ocrx_word' id='word_1_253' title='bbox 490 1677 689 1722; x_wconf 83' lang='lat' dir='ltr'>litteram</span> <span class='ocrx_word' id='word_1_254' title='bbox 706 1677 922 1734; x_wconf 89' lang='lat' dir='ltr'>Apostoli,</span> <span class='ocrx_word' id='word_1_255' title='bbox 944 1680 1029 1732; x_wconf 75' lang='lat' dir='ltr'>Qui</span> <span class='ocrx_word' id='word_1_256' title='bbox 1051 1679 1303 1721; x_wconf 77' lang='lat' dir='ltr'>destinatus</span> <span class='ocrx_word' id='word_1_257' title='bbox 1319 1677 1377 1731; x_wconf 76' lang='lat'>(1)</span> <span class='ocrx_word' id='word_1_258' title='bbox 1397 1680 1464 1720; x_wconf 80' lang='lat' dir='ltr'>est</span> <span class='ocrx_word' id='word_1_259' title='bbox 1477 1676 1626 1720; x_wconf 79' lang='lat' dir='ltr'>Filius</span> <span class='ocrx_word' id='word_1_260' title='bbox 1646 1679 1732 1720; x_wconf 79' lang='lat' dir='ltr'>Dei</span> <span class='ocrx_word' id='word_1_261' title='bbox 1744 1681 1791 1720; x_wconf 77' lang='lat' dir='ltr'>in</span> <span class='ocrx_word' id='word_1_262' title='bbox 1806 1682 1990 1735; x_wconf 78' lang='lat' dir='ltr'>virtute,</span> 
     </span>
     <span class='ocr_line' id='line_1_27' title="bbox 112 1735 1992 1796; baseline 0.003 -15"><span class='ocrx_word' id='word_1_263' title='bbox 112 1735 176 1782; x_wconf 80' lang='lat' dir='ltr'>ita</span> <span class='ocrx_word' id='word_1_264' title='bbox 198 1738 322 1795; x_wconf 75' lang='lat' dir='ltr'>quod</span> <span class='ocrx_word' id='word_1_265' title='bbox 342 1751 435 1784; x_wconf 90' lang='lat' dir='ltr'>non</span> <span class='ocrx_word' id='word_1_266' title='bbox 459 1739 726 1795; x_wconf 84' lang='lat' dir='ltr'>designetur</span> <span class='ocrx_word' id='word_1_267' title='bbox 742 1738 895 1796; x_wconf 87' lang='lat' dir='ltr'>aliqua</span> <span class='ocrx_word' id='word_1_268' title='bbox 918 1739 1201 1784; x_wconf 79' lang='lat' dir='ltr'>antecessio:</span> <span class='ocrx_word' id='word_1_269' title='bbox 1221 1743 1268 1783; x_wconf 91' lang='lat' dir='ltr'>et</span> <span class='ocrx_word' id='word_1_270' title='bbox 1293 1739 1360 1784; x_wconf 90' lang='lat' dir='ltr'>sic</span> <span class='ocrx_word' id='word_1_271' title='bbox 1389 1738 1503 1783; x_wconf 90' lang='lat' dir='ltr'>nihil</span> <span class='ocrx_word' id='word_1_272' title='bbox 1524 1738 1663 1783; x_wconf 88' lang='lat' dir='ltr'>habet</span> <span class='ocrx_word' id='word_1_273' title='bbox 1690 1739 1992 1786; x_wconf 75' lang='lat' dir='ltr'>difficultatis.</span> 
     </span>
     <span class='ocr_line' id='line_1_28' title="bbox 113 1799 1991 1862; baseline 0.002 -18"><span class='ocrx_word' id='word_1_274' title='bbox 113 1799 195 1844; x_wconf 83' lang='lat' dir='ltr'>Alii</span> <span class='ocrx_word' id='word_1_275' title='bbox 222 1801 329 1845; x_wconf 79' lang='lat' dir='ltr'>vero</span> <span class='ocrx_word' id='word_1_276' title='bbox 350 1803 732 1860; x_wconf 86' lang='lat' dir='ltr'>antecessionem,</span> <span class='ocrx_word' id='word_1_277' title='bbox 763 1814 867 1858; x_wconf 83' lang='lat' dir='ltr'>quae</span> <span class='ocrx_word' id='word_1_278' title='bbox 891 1802 1162 1858; x_wconf 85' lang='lat' dir='ltr'>designatur</span> <span class='ocrx_word' id='word_1_279' title='bbox 1180 1801 1228 1845; x_wconf 88' lang='lat' dir='ltr'>in</span> <span class='ocrx_word' id='word_1_280' title='bbox 1250 1801 1340 1845; x_wconf 87' lang='lat' dir='ltr'>hoc</span> <span class='ocrx_word' id='word_1_281' title='bbox 1359 1801 1598 1858; x_wconf 87' lang='lat' dir='ltr'>participio</span> <span class='ocrx_word' id='word_1_282' title='bbox 1625 1804 1991 1862; x_wconf 61' lang='lat' dir='ltr'>praedestinatae,</span> 
     </span>
     <span class='ocr_line' id='line_1_29' title="bbox 106 1861 1989 1923; baseline 0.002 -17"><span class='ocrx_word' id='word_1_283' title='bbox 106 1861 317 1907; x_wconf 65' lang='lat' dir='ltr'>&#39;referunt</span> <span class='ocrx_word' id='word_1_284' title='bbox 339 1875 430 1906; x_wconf 88' lang='lat' dir='ltr'>non</span> <span class='ocrx_word' id='word_1_285' title='bbox 450 1863 509 1908; x_wconf 88' lang='lat' dir='ltr'>ad</span> <span class='ocrx_word' id='word_1_286' title='bbox 528 1863 574 1908; x_wconf 90' lang='lat' dir='ltr'>id</span> <span class='ocrx_word' id='word_1_287' title='bbox 594 1863 719 1919; x_wconf 88' lang='lat' dir='ltr'>quod</span> <span class='ocrx_word' id='word_1_288' title='bbox 738 1868 929 1908; x_wconf 86' lang='lat' dir='ltr'>estesse</span> <span class='ocrx_word' id='word_1_289' title='bbox 947 1864 1110 1907; x_wconf 85' lang='lat' dir='ltr'>Filium</span> <span class='ocrx_word' id='word_1_290' title='bbox 1132 1863 1226 1915; x_wconf 83' lang='lat' dir='ltr'>Dei,</span> <span class='ocrx_word' id='word_1_291' title='bbox 1245 1863 1327 1908; x_wconf 88' lang='lat' dir='ltr'>sed</span> <span class='ocrx_word' id='word_1_292' title='bbox 1349 1863 1409 1908; x_wconf 86' lang='lat' dir='ltr'>ad</span> <span class='ocrx_word' id='word_1_293' title='bbox 1434 1863 1536 1921; x_wconf 78' lang='lat' dir='ltr'>eJus</span> <span class='ocrx_word' id='word_1_294' title='bbox 1557 1864 1989 1923; x_wconf 80' lang='lat' dir='ltr'>manifestationem,</span> 
     </span>
     <span class='ocr_line' id='line_1_30' title="bbox 111 1922 1994 1983; baseline 0.003 -16"><span class='ocrx_word' id='word_1_295' title='bbox 111 1922 367 1968; x_wconf 85' lang='lat' dir='ltr'>secundum</span> <span class='ocrx_word' id='word_1_296' title='bbox 381 1923 511 1967; x_wconf 86' lang='lat' dir='ltr'>illum</span> <span class='ocrx_word' id='word_1_297' title='bbox 527 1928 800 1968; x_wconf 88' lang='lat' dir='ltr'>consuetum</span> <span class='ocrx_word' id='word_1_298' title='bbox 817 1924 1005 1969; x_wconf 85' lang='lat' dir='ltr'>modum</span> <span class='ocrx_word' id='word_1_299' title='bbox 1017 1923 1236 1980; x_wconf 89' lang='lat' dir='ltr'>loquendi</span> <span class='ocrx_word' id='word_1_300' title='bbox 1252 1925 1301 1967; x_wconf 87' lang='lat' dir='ltr'>in</span> <span class='ocrx_word' id='word_1_301' title='bbox 1313 1924 1575 1983; x_wconf 79' lang='lat' dir='ltr'>scripturis,</span> <span class='ocrx_word' id='word_1_302' title='bbox 1588 1937 1681 1980; x_wconf 87' lang='lat' dir='ltr'>quo</span> <span class='ocrx_word' id='word_1_303' title='bbox 1690 1938 1765 1970; x_wconf 90' lang='lat' dir='ltr'>res</span> <span class='ocrx_word' id='word_1_304' title='bbox 1777 1927 1994 1973; x_wconf 86' lang='lat' dir='ltr'>dicuntur</span> 
     </span>
     <span class='ocr_line' id='line_1_31' title="bbox 111 1984 1994 2042; baseline 0.003 -13"><span class='ocrx_word' id='word_1_305' title='bbox 111 1984 210 2029; x_wconf 82' lang='lat' dir='ltr'>fieri</span> <span class='ocrx_word' id='word_1_306' title='bbox 237 1985 424 2041; x_wconf 87' lang='lat' dir='ltr'>quando</span> <span class='ocrx_word' id='word_1_307' title='bbox 450 1985 773 2041; x_wconf 78' lang='lat' dir='ltr'>innotescunt3</span> <span class='ocrx_word' id='word_1_308' title='bbox 793 1990 846 2029; x_wconf 89' lang='lat' dir='ltr'>ut</span> <span class='ocrx_word' id='word_1_309' title='bbox 870 1985 929 2030; x_wconf 89' lang='lat' dir='ltr'>sit</span> <span class='ocrx_word' id='word_1_310' title='bbox 951 1997 1133 2042; x_wconf 78' lang='lat' dir='ltr'>senSUS,</span> <span class='ocrx_word' id='word_1_311' title='bbox 1164 1984 1290 2042; x_wconf 79' lang='lat' dir='ltr'>quod</span> <span class='ocrx_word' id='word_1_312' title='bbox 1314 1986 1520 2030; x_wconf 88' lang='lat' dir='ltr'>Christus</span> <span class='ocrx_word' id='word_1_313' title='bbox 1547 1987 1902 2042; x_wconf 87' lang='lat' dir='ltr'>praedestinatus</span> <span class='ocrx_word' id='word_1_314' title='bbox 1923 1992 1994 2034; x_wconf 88' lang='lat' dir='ltr'>est</span> 
     </span>
     <span class='ocr_line' id='line_1_32' title="bbox 110 2045 1994 2104; baseline 0.003 -14"><span class='ocrx_word' id='word_1_315' title='bbox 110 2045 394 2092; x_wconf 83' lang='lat' dir='ltr'>manifestari</span> <span class='ocrx_word' id='word_1_316' title='bbox 416 2046 556 2090; x_wconf 88' lang='lat' dir='ltr'>Filius</span> <span class='ocrx_word' id='word_1_317' title='bbox 586 2047 678 2091; x_wconf 90' lang='lat' dir='ltr'>Dei.</span> <span class='ocrx_word' id='word_1_318' title='bbox 710 2046 799 2092; x_wconf 90' lang='lat' dir='ltr'>Sed</span> <span class='ocrx_word' id='word_1_319' title='bbox 819 2047 887 2092; x_wconf 89' lang='lat' dir='ltr'>sic</span> <span class='ocrx_word' id='word_1_320' title='bbox 909 2047 1215 2104; x_wconf 47' lang='lat' dir='ltr'>noanroprie·</span> <span class='ocrx_word' id='word_1_321' title='bbox 1231 2047 1575 2103; x_wconf 84' lang='lat' dir='ltr'>praedestinatio</span> <span class='ocrx_word' id='word_1_322' title='bbox 1608 2048 1854 2104; x_wconf 84' lang='lat' dir='ltr'>accipitur:</span> <span class='ocrx_word' id='word_1_323' title='bbox 1884 2063 1994 2096; x_wconf 86' lang='lat' dir='ltr'>nam</span> 
     </span>
     <span class='ocr_line' id='line_1_33' title="bbox 110 2105 1993 2166; baseline 0.004 -16"><span class='ocrx_word' id='word_1_324' title='bbox 110 2105 278 2164; x_wconf 87' lang='lat' dir='ltr'>aliquis</span> <span class='ocrx_word' id='word_1_325' title='bbox 307 2106 473 2152; x_wconf 88' lang='lat' dir='ltr'>dicitur</span> <span class='ocrx_word' id='word_1_326' title='bbox 502 2107 686 2164; x_wconf 80' lang='lat' dir='ltr'>proprie</span> <span class='ocrx_word' id='word_1_327' title='bbox 719 2108 1051 2165; x_wconf 85' lang='lat' dir='ltr'>praedestinari,</span> <span class='ocrx_word' id='word_1_328' title='bbox 1080 2109 1342 2154; x_wconf 80' lang='lat' dir='ltr'>secundum</span> <span class='ocrx_word' id='word_1_329' title='bbox 1376 2109 1500 2166; x_wconf 81' lang='lat' dir='ltr'>quod</span> <span class='ocrx_word' id='word_1_330' title='bbox 1526 2109 1741 2165; x_wconf 83' lang='lat' dir='ltr'>dirigitur</span> <span class='ocrx_word' id='word_1_331' title='bbox 1767 2111 1813 2155; x_wconf 91' lang='lat' dir='ltr'>in</span> <span class='ocrx_word' id='word_1_332' title='bbox 1850 2109 1993 2158; x_wconf 90' lang='lat' dir='ltr'>finem</span> 
     </span>
     <span class='ocr_line' id='line_1_34' title="bbox 108 2168 1992 2230; baseline 0.003 -15"><span class='ocrx_word' id='word_1_333' title='bbox 108 2168 432 2215; x_wconf 84' lang='lat' dir='ltr'>beatitudinis:</span> <span class='ocrx_word' id='word_1_334' title='bbox 452 2169 688 2214; x_wconf 81' lang='lat' dir='ltr'>beatitudo</span> <span class='ocrx_word' id='word_1_335' title='bbox 710 2176 865 2215; x_wconf 87' lang='lat' dir='ltr'>autem</span> <span class='ocrx_word' id='word_1_336' title='bbox 885 2171 1047 2216; x_wconf 84' lang='lat' dir='ltr'>Christi</span> <span class='ocrx_word' id='word_1_337' title='bbox 1077 2184 1171 2215; x_wconf 88' lang='lat' dir='ltr'>non</span> <span class='ocrx_word' id='word_1_338' title='bbox 1192 2170 1421 2227; x_wconf 86' lang='lat' dir='ltr'>dependet</span> <span class='ocrx_word' id='word_1_339' title='bbox 1446 2184 1503 2216; x_wconf 83' lang='lat' dir='ltr'>ex</span> <span class='ocrx_word' id='word_1_340' title='bbox 1525 2177 1683 2216; x_wconf 89' lang='lat' dir='ltr'>nostra</span> <span class='ocrx_word' id='word_1_341' title='bbox 1711 2175 1992 2230; x_wconf 84' lang='lat' dir='ltr'>cognitione.</span> 
     </span>
     <span class='ocr_line' id='line_1_35' title="bbox 109 2231 1994 2293; baseline 0.004 -17"><span class='ocrx_word' id='word_1_342' title='bbox 109 2233 162 2276; x_wconf 89' lang='lat' dir='ltr'>Et</span> <span class='ocrx_word' id='word_1_343' title='bbox 173 2231 276 2276; x_wconf 90' lang='lat' dir='ltr'>ideo</span> <span class='ocrx_word' id='word_1_344' title='bbox 290 2231 454 2277; x_wconf 81' lang='lat' dir='ltr'>melius</span> <span class='ocrx_word' id='word_1_345' title='bbox 474 2231 721 2276; x_wconf 73' lang='lat' dir='ltr'>dicendum</span> <span class='ocrx_word' id='word_1_346' title='bbox 740 2237 810 2277; x_wconf 89' lang='lat' dir='ltr'>est</span> <span class='ocrx_word' id='word_1_347' title='bbox 831 2232 955 2288; x_wconf 84' lang='lat' dir='ltr'>quod</span> <span class='ocrx_word' id='word_1_348' title='bbox 974 2233 1052 2276; x_wconf 88' lang='lat' dir='ltr'>illa</span> <span class='ocrx_word' id='word_1_349' title='bbox 1070 2234 1330 2278; x_wconf 87' lang='lat' dir='ltr'>antecessio</span> <span class='ocrx_word' id='word_1_350' title='bbox 1349 2245 1489 2290; x_wconf 87' lang='lat' dir='ltr'>quam</span> <span class='ocrx_word' id='word_1_351' title='bbox 1511 2234 1728 2289; x_wconf 89' lang='lat' dir='ltr'>importat</span> <span class='ocrx_word' id='word_1_352' title='bbox 1746 2237 1832 2281; x_wconf 89' lang='lat' dir='ltr'>hoc</span> <span class='ocrx_word' id='word_1_353' title='bbox 1850 2239 1994 2293; x_wconf 84' lang='lat' dir='ltr'>parti-</span> 
     </span>
     <span class='ocr_line' id='line_1_36' title="bbox 110 2293 1992 2354; baseline 0.004 -17"><span class='ocrx_word' id='word_1_354' title='bbox 110 2293 278 2350; x_wconf 89' lang='lat' dir='ltr'>cipium</span> <span class='ocrx_word' id='word_1_355' title='bbox 305 2295 666 2349; x_wconf 75' lang='lat' dir='ltr'>praedestinatus,</span> <span class='ocrx_word' id='word_1_356' title='bbox 694 2306 789 2337; x_wconf 91' lang='lat' dir='ltr'>non</span> <span class='ocrx_word' id='word_1_357' title='bbox 820 2294 1017 2338; x_wconf 87' lang='lat' dir='ltr'>refertur</span> <span class='ocrx_word' id='word_1_358' title='bbox 1038 2295 1098 2339; x_wconf 92' lang='lat' dir='ltr'>ad</span> <span class='ocrx_word' id='word_1_359' title='bbox 1117 2307 1364 2351; x_wconf 84' lang='lat' dir='ltr'>personam</span> <span class='ocrx_word' id='word_1_360' title='bbox 1391 2296 1647 2340; x_wconf 78' lang='lat' dir='ltr'>secundum</span> <span class='ocrx_word' id='word_1_361' title='bbox 1669 2297 1887 2354; x_wconf 83' lang='lat' dir='ltr'>seipsam,</span> <span class='ocrx_word' id='word_1_362' title='bbox 1910 2301 1992 2345; x_wconf 91' lang='lat' dir='ltr'>sed</span> 
     </span>
     <span class='ocr_line' id='line_1_37' title="bbox 110 2354 1993 2414; baseline 0.004 -15"><span class='ocrx_word' id='word_1_363' title='bbox 110 2354 285 2400; x_wconf 85' lang='lat' dir='ltr'>ratione</span> <span class='ocrx_word' id='word_1_364' title='bbox 305 2355 519 2399; x_wconf 72' lang='lat' dir='ltr'>humanae</span> <span class='ocrx_word' id='word_1_365' title='bbox 549 2359 751 2400; x_wconf 85' lang='lat' dir='ltr'>naturae:</span> <span class='ocrx_word' id='word_1_366' title='bbox 788 2357 897 2412; x_wconf 87' lang='lat' dir='ltr'>quia</span> <span class='ocrx_word' id='word_1_367' title='bbox 918 2357 1093 2401; x_wconf 85' lang='lat' dir='ltr'>scilicet</span> <span class='ocrx_word' id='word_1_368' title='bbox 1122 2370 1320 2414; x_wconf 86' lang='lat' dir='ltr'>persona</span> <span class='ocrx_word' id='word_1_369' title='bbox 1348 2357 1427 2401; x_wconf 88' lang='lat' dir='ltr'>illa</span> <span class='ocrx_word' id='word_1_370' title='bbox 1453 2357 1539 2402; x_wconf 87' lang='lat' dir='ltr'>etsi</span> <span class='ocrx_word' id='word_1_371' title='bbox 1569 2358 1628 2402; x_wconf 85' lang='lat' dir='ltr'>ab</span> <span class='ocrx_word' id='word_1_372' title='bbox 1651 2363 1824 2403; x_wconf 84' lang='lat' dir='ltr'>aeterno</span> <span class='ocrx_word' id='word_1_373' title='bbox 1854 2362 1993 2407; x_wconf 87' lang='lat' dir='ltr'>fuerit</span> 
     </span>
     <span class='ocr_line' id='line_1_38' title="bbox 109 2415 1991 2475; baseline 0.004 -15"><span class='ocrx_word' id='word_1_374' title='bbox 109 2415 246 2461; x_wconf 84' lang='lat' dir='ltr'>Filius</span> <span class='ocrx_word' id='word_1_375' title='bbox 268 2417 362 2472; x_wconf 88' lang='lat' dir='ltr'>Dei,</span> <span class='ocrx_word' id='word_1_376' title='bbox 385 2417 472 2460; x_wconf 88' lang='lat' dir='ltr'>hoc</span> <span class='ocrx_word' id='word_1_377' title='bbox 499 2420 654 2460; x_wconf 90' lang='lat' dir='ltr'>tamen</span> <span class='ocrx_word' id='word_1_378' title='bbox 675 2429 768 2461; x_wconf 90' lang='lat' dir='ltr'>non</span> <span class='ocrx_word' id='word_1_379' title='bbox 786 2417 872 2462; x_wconf 86' lang='lat' dir='ltr'>fuit</span> <span class='ocrx_word' id='word_1_380' title='bbox 897 2430 1078 2475; x_wconf 88' lang='lat' dir='ltr'>semper</span> <span class='ocrx_word' id='word_1_381' title='bbox 1098 2419 1218 2475; x_wconf 77' lang='lat' dir='ltr'>quod</span> <span class='ocrx_word' id='word_1_382' title='bbox 1241 2419 1503 2463; x_wconf 83' lang='lat' dir='ltr'>subsistens</span> <span class='ocrx_word' id='word_1_383' title='bbox 1531 2419 1579 2463; x_wconf 89' lang='lat' dir='ltr'>in</span> <span class='ocrx_word' id='word_1_384' title='bbox 1603 2425 1769 2464; x_wconf 89' lang='lat' dir='ltr'>natura</span> <span class='ocrx_word' id='word_1_385' title='bbox 1790 2422 1991 2468; x_wconf 89' lang='lat' dir='ltr'>humana</span> 
     </span>
     <span class='ocr_line' id='line_1_39' title="bbox 110 2477 1991 2543; baseline 0.005 -23"><span class='ocrx_word' id='word_1_386' title='bbox 110 2477 246 2522; x_wconf 73' lang='lat' dir='ltr'>fuerit</span> <span class='ocrx_word' id='word_1_387' title='bbox 262 2477 400 2522; x_wconf 88' lang='lat' dir='ltr'>Filius</span> <span class='ocrx_word' id='word_1_388' title='bbox 419 2477 510 2522; x_wconf 91' lang='lat' dir='ltr'>Dei.</span> <span class='ocrx_word' id='word_1_389' title='bbox 536 2478 662 2523; x_wconf 89' lang='lat' dir='ltr'>Unde</span> <span class='ocrx_word' id='word_1_390' title='bbox 689 2479 974 2534; x_wconf 84' lang='lat' dir='ltr'>Augustinus</span> <span class='ocrx_word' id='word_1_391' title='bbox 1003 2479 1114 2524; x_wconf 88' lang='lat' dir='ltr'>dicit</span> <span class='ocrx_word' id='word_1_392' title='bbox 1133 2480 1230 2534; x_wconf 86' lang='lat' dir='ltr'>(lib.</span> <span class='ocrx_word' id='word_1_393' title='bbox 1253 2483 1316 2524; x_wconf 92' lang='lat' dir='ltr'>De</span> <span class='ocrx_word' id='word_1_394' title='bbox 1338 2480 1553 2536; x_wconf 86' lang='lat' dir='ltr'>praedest.</span> <span class='ocrx_word' id='word_1_395' title='bbox 1573 2486 1720 2525; x_wconf 82' lang='lat' dir='ltr'>sanct.</span> <span class='ocrx_word' id='word_1_396' title='bbox 1745 2495 1845 2539; x_wconf 84' lang='lat' dir='ltr'>cap.</span> <span class='ocrx_word' id='word_1_397' title='bbox 1871 2487 1943 2543; x_wconf 80' lang='lat'>15,</span> <span class='ocrx_word' id='word_1_398' title='bbox 1964 2486 1991 2530; x_wconf 80' lang='lat' dir='ltr'>a</span> 
     </span>
     <span class='ocr_line' id='line_1_40' title="bbox 109 2538 1990 2598; baseline 0.005 -16"><span class='ocrx_word' id='word_1_399' title='bbox 109 2538 281 2594; x_wconf 84' lang='lat' dir='ltr'>med.):</span> <span class='ocrx_word' id='word_1_400' title='bbox 309 2556 329 2577; x_wconf 75' lang='grc' dir='ltr'><strong>α</strong></span> <span class='ocrx_word' id='word_1_401' title='bbox 352 2538 704 2584; x_wconf 84' lang='lat' dir='ltr'>Praedestinatus</span> <span class='ocrx_word' id='word_1_402' title='bbox 734 2544 808 2584; x_wconf 83' lang='lat' dir='ltr'>est</span> <span class='ocrx_word' id='word_1_403' title='bbox 828 2542 976 2598; x_wconf 83' lang='lat' dir='ltr'>Jesus,</span> <span class='ocrx_word' id='word_1_404' title='bbox 1007 2547 1061 2585; x_wconf 90' lang='lat' dir='ltr'>ut</span> <span class='ocrx_word' id='word_1_405' title='bbox 1086 2541 1165 2597; x_wconf 88' lang='lat' dir='ltr'>qui</span> <span class='ocrx_word' id='word_1_406' title='bbox 1196 2541 1382 2585; x_wconf 84' lang='lat' dir='ltr'>futurus</span> <span class='ocrx_word' id='word_1_407' title='bbox 1401 2546 1500 2585; x_wconf 85' lang='lat' dir='ltr'>erat</span> <span class='ocrx_word' id='word_1_408' title='bbox 1524 2541 1780 2586; x_wconf 79' lang='lat' dir='ltr'>secundum</span> <span class='ocrx_word' id='word_1_409' title='bbox 1804 2557 1990 2591; x_wconf 70' lang='lat' dir='ltr'>carnem</span> 
     </span>
     <span class='ocr_line' id='line_1_41' title="bbox 109 2599 1990 2658; baseline 0.004 -13"><span class='ocrx_word' id='word_1_410' title='bbox 109 2599 230 2645; x_wconf 84' lang='lat' dir='ltr'>filius</span> <span class='ocrx_word' id='word_1_411' title='bbox 259 2600 416 2656; x_wconf 67' lang='lat' dir='ltr'>David,</span> <span class='ocrx_word' id='word_1_412' title='bbox 439 2606 561 2645; x_wconf 88' lang='lat' dir='ltr'>esset</span> <span class='ocrx_word' id='word_1_413' title='bbox 594 2602 819 2645; x_wconf 88' lang='lat' dir='ltr'>tamenin</span> <span class='ocrx_word' id='word_1_414' title='bbox 853 2602 1022 2647; x_wconf 81' lang='lat' dir='ltr'>virtute</span> <span class='ocrx_word' id='word_1_415' title='bbox 1053 2603 1191 2648; x_wconf 87' lang='lat' dir='ltr'>Filius</span> <span class='ocrx_word' id='word_1_416' title='bbox 1227 2603 1321 2648; x_wconf 86' lang='lat' dir='ltr'>Dei.</span> <span class='ocrx_word' id='word_1_417' title='bbox 1345 2627 1402 2636; x_wconf 91' lang='lat'>—-</span> <span class='ocrx_word' id='word_1_418' title='bbox 1428 2605 1481 2647; x_wconf 89' lang='lat' dir='ltr'>Et</span> <span class='ocrx_word' id='word_1_419' title='bbox 1503 2608 1573 2648; x_wconf 91' lang='lat' dir='ltr'>est</span> <span class='ocrx_word' id='word_1_420' title='bbox 1601 2604 1990 2658; x_wconf 82' lang='lat' dir='ltr'>considerandum</span> 
     </span>
     <span class='ocr_line' id='line_1_42' title="bbox 109 2659 1990 2721; baseline 0.004 -17"><span class='ocrx_word' id='word_1_421' title='bbox 109 2659 235 2717; x_wconf 79' lang='lat' dir='ltr'>quod</span> <span class='ocrx_word' id='word_1_422' title='bbox 254 2660 360 2704; x_wconf 80' lang='lat' dir='ltr'>licet</span> <span class='ocrx_word' id='word_1_423' title='bbox 377 2661 463 2705; x_wconf 90' lang='lat' dir='ltr'>hoc</span> <span class='ocrx_word' id='word_1_424' title='bbox 486 2661 775 2719; x_wconf 87' lang='lat' dir='ltr'>participium</span> <span class='ocrx_word' id='word_1_425' title='bbox 788 2665 1142 2720; x_wconf 72' lang='lat' dir='ltr'>praedestinatus</span> <span class='ocrx_word' id='word_1_426' title='bbox 1166 2665 1383 2721; x_wconf 84' lang='lat' dir='ltr'>importet</span> <span class='ocrx_word' id='word_1_427' title='bbox 1400 2665 1786 2721; x_wconf 78' lang='lat' dir='ltr'>antecessionem,</span> <span class='ocrx_word' id='word_1_428' title='bbox 1802 2669 1924 2714; x_wconf 87' lang='lat' dir='ltr'>sicut</span> <span class='ocrx_word' id='word_1_429' title='bbox 1946 2676 1990 2715; x_wconf 84' lang='lat' dir='ltr'>et</span> 
     </span>
     <span class='ocr_line' id='line_1_43' title="bbox 108 2719 1986 2786; baseline 0.005 -20"><span class='ocrx_word' id='word_1_430' title='bbox 108 2721 198 2766; x_wconf 80' lang='lat' dir='ltr'>hoc</span> <span class='ocrx_word' id='word_1_431' title='bbox 219 2719 508 2776; x_wconf 77' lang='lat' dir='ltr'>participium</span> <span class='ocrx_word' id='word_1_432' title='bbox 525 2723 689 2778; x_wconf 77' lang='lat' dir='ltr'>sactus,</span> <span class='ocrx_word' id='word_1_433' title='bbox 720 2723 850 2768; x_wconf 87' lang='lat' dir='ltr'>aliter</span> <span class='ocrx_word' id='word_1_434' title='bbox 871 2729 1026 2769; x_wconf 87' lang='lat' dir='ltr'>tamen</span> <span class='ocrx_word' id='word_1_435' title='bbox 1050 2730 1096 2770; x_wconf 90' lang='lat' dir='ltr'>et</span> <span class='ocrx_word' id='word_1_436' title='bbox 1121 2725 1268 2769; x_wconf 85' lang='lat' dir='ltr'>aliter.</span> <span class='ocrx_word' id='word_1_437' title='bbox 1290 2727 1403 2768; x_wconf 86' lang='lat' dir='ltr'>Nam</span> <span class='ocrx_word' id='word_1_438' title='bbox 1423 2724 1523 2770; x_wconf 89' lang='lat' dir='ltr'>fieri</span> <span class='ocrx_word' id='word_1_439' title='bbox 1543 2726 1743 2782; x_wconf 88' lang='lat' dir='ltr'>pertinet</span> <span class='ocrx_word' id='word_1_440' title='bbox 1761 2729 1821 2772; x_wconf 81' lang='lat' dir='ltr'>ad</span> <span class='ocrx_word' id='word_1_441' title='bbox 1842 2729 1986 2786; x_wconf 88' lang='lat' dir='ltr'>ipsam</span> 
     </span>
     <span class='ocr_line' id='line_1_44' title="bbox 113 2782 1987 2849; baseline 0.004 -25"><span class='ocrx_word' id='word_1_442' title='bbox 113 2793 210 2826; x_wconf 80' lang='lat' dir='ltr'>rem</span> <span class='ocrx_word' id='word_1_443' title='bbox 220 2782 479 2827; x_wconf 73' lang='lat' dir='ltr'>secundum</span> <span class='ocrx_word' id='word_1_444' title='bbox 498 2782 622 2840; x_wconf 79' lang='lat' dir='ltr'>quod</span> <span class='ocrx_word' id='word_1_445' title='bbox 638 2784 686 2828; x_wconf 86' lang='lat' dir='ltr'>in</span> <span class='ocrx_word' id='word_1_446' title='bbox 705 2797 756 2830; x_wconf 90' lang='lat' dir='ltr'>se</span> <span class='ocrx_word' id='word_1_447' title='bbox 776 2790 872 2841; x_wconf 84' lang='lat' dir='ltr'>est3</span> <span class='ocrx_word' id='word_1_448' title='bbox 892 2787 1211 2842; x_wconf 83' lang='lat' dir='ltr'>praedestinari</span> <span class='ocrx_word' id='word_1_449' title='bbox 1226 2791 1381 2831; x_wconf 76' lang='lat' dir='ltr'>autem</span> <span class='ocrx_word' id='word_1_450' title='bbox 1396 2787 1595 2842; x_wconf 86' lang='lat' dir='ltr'>pertinet</span> <span class='ocrx_word' id='word_1_451' title='bbox 1609 2788 1668 2832; x_wconf 89' lang='lat' dir='ltr'>ad</span> <span class='ocrx_word' id='word_1_452' title='bbox 1683 2788 1902 2849; x_wconf 79' lang='lat' dir='ltr'>aliquem,</span> <span class='ocrx_word' id='word_1_453' title='bbox 1923 2806 1987 2838; x_wconf 88' lang='lat' dir='ltr'>se.</span> 
     </span>
     <span class='ocr_line' id='line_1_45' title="bbox 113 2841 1989 2910; baseline 0.007 -25"><span class='ocrx_word' id='word_1_454' title='bbox 113 2841 316 2886; x_wconf 79' lang='lat' dir='ltr'>cundum</span> <span class='ocrx_word' id='word_1_455' title='bbox 332 2843 453 2898; x_wconf 83' lang='lat' dir='ltr'>quod</span> <span class='ocrx_word' id='word_1_456' title='bbox 467 2848 543 2888; x_wconf 86' lang='lat' dir='ltr'>est</span> <span class='ocrx_word' id='word_1_457' title='bbox 563 2844 611 2889; x_wconf 86' lang='lat' dir='ltr'>in</span> <span class='ocrx_word' id='word_1_458' title='bbox 633 2847 1000 2902; x_wconf 84' lang='lat' dir='ltr'>apprehensione</span> <span class='ocrx_word' id='word_1_459' title='bbox 1015 2848 1211 2905; x_wconf 83' lang='lat' dir='ltr'>alicujus</span> <span class='ocrx_word' id='word_1_460' title='bbox 1234 2849 1602 2905; x_wconf 79' lang='lat' dir='ltr'>praeordinantis,</span> <span class='ocrx_word' id='word_1_461' title='bbox 1626 2850 1674 2893; x_wconf 92' lang='lat' dir='ltr'>Id</span> <span class='ocrx_word' id='word_1_462' title='bbox 1689 2857 1843 2896; x_wconf 86' lang='lat' dir='ltr'>autem</span> <span class='ocrx_word' id='word_1_463' title='bbox 1866 2854 1989 2910; x_wconf 89' lang='lat' dir='ltr'>quod</span> 
     </span>
     <span class='ocr_line' id='line_1_46' title="bbox 111 2901 1990 2970; baseline 0.006 -22"><span class='ocrx_word' id='word_1_464' title='bbox 111 2901 272 2948; x_wconf 79' lang='lat' dir='ltr'>subest</span> <span class='ocrx_word' id='word_1_465' title='bbox 292 2902 426 2948; x_wconf 85' lang='lat' dir='ltr'>alicui</span> <span class='ocrx_word' id='word_1_466' title='bbox 438 2904 595 2950; x_wconf 86' lang='lat' dir='ltr'>formae</span> <span class='ocrx_word' id='word_1_467' title='bbox 608 2911 655 2951; x_wconf 91' lang='lat' dir='ltr'>et</span> <span class='ocrx_word' id='word_1_468' title='bbox 673 2912 851 2953; x_wconf 85' lang='lat' dir='ltr'>naturae</span> <span class='ocrx_word' id='word_1_469' title='bbox 872 2910 1131 2955; x_wconf 73' lang='lat' dir='ltr'>secundum</span> <span class='ocrx_word' id='word_1_470' title='bbox 1147 2922 1264 2963; x_wconf 78' lang='lat' dir='ltr'>rem,</span> <span class='ocrx_word' id='word_1_471' title='bbox 1279 2914 1432 2966; x_wconf 91' lang='lat' dir='ltr'>potest</span> <span class='ocrx_word' id='word_1_472' title='bbox 1447 2911 1746 2966; x_wconf 84' lang='lat' dir='ltr'>apprehendi,</span> <span class='ocrx_word' id='word_1_473' title='bbox 1766 2914 1838 2957; x_wconf 91' lang='lat' dir='ltr'>vel</span> <span class='ocrx_word' id='word_1_474' title='bbox 1854 2921 1990 2970; x_wconf 82' lang='lat' dir='ltr'>prout</span> 
     </span>
     <span class='ocr_line' id='line_1_47' title="bbox 109 2962 1990 3032; baseline 0.009 -27"><span class='ocrx_word' id='word_1_475' title='bbox 109 2967 183 3007; x_wconf 86' lang='lat' dir='ltr'>est</span> <span class='ocrx_word' id='word_1_476' title='bbox 200 2962 288 3007; x_wconf 91' lang='lat' dir='ltr'>sub</span> <span class='ocrx_word' id='word_1_477' title='bbox 306 2963 454 3007; x_wconf 88' lang='lat' dir='ltr'>forma</span> <span class='ocrx_word' id='word_1_478' title='bbox 472 2964 566 3022; x_wconf 83' lang='lat' dir='ltr'>illa,</span> <span class='ocrx_word' id='word_1_479' title='bbox 589 2967 661 3012; x_wconf 83' lang='lat' dir='ltr'>vel</span> <span class='ocrx_word' id='word_1_480' title='bbox 685 2968 822 3014; x_wconf 89' lang='lat' dir='ltr'>etiam</span> <span class='ocrx_word' id='word_1_481' title='bbox 847 2970 1072 3015; x_wconf 82' lang='lat' dir='ltr'>absolute.</span> <span class='ocrx_word' id='word_1_482' title='bbox 1092 2974 1145 3015; x_wconf 90' lang='lat' dir='ltr'>Et</span> <span class='ocrx_word' id='word_1_483' title='bbox 1172 2971 1282 3027; x_wconf 86' lang='lat' dir='ltr'>quia</span> <span class='ocrx_word' id='word_1_484' title='bbox 1300 2971 1512 3015; x_wconf 83' lang='lat' dir='ltr'>absolute</span> <span class='ocrx_word' id='word_1_485' title='bbox 1533 2984 1627 3015; x_wconf 90' lang='lat' dir='ltr'>non</span> <span class='ocrx_word' id='word_1_486' title='bbox 1651 2974 1864 3018; x_wconf 79' lang='lat' dir='ltr'>convenit</span> <span class='ocrx_word' id='word_1_487' title='bbox 1883 2989 1990 3032; x_wconf 86' lang='lat' dir='ltr'>per-</span> 
     </span>
     <span class='ocr_line' id='line_1_48' title="bbox 112 3024 1987 3089; baseline 0.007 -20"><span class='ocrx_word' id='word_1_488' title='bbox 112 3037 239 3069; x_wconf 82' lang='lat' dir='ltr'>sonae</span> <span class='ocrx_word' id='word_1_489' title='bbox 256 3024 419 3069; x_wconf 85' lang='lat' dir='ltr'>Christi</span> <span class='ocrx_word' id='word_1_490' title='bbox 436 3026 558 3082; x_wconf 71' lang='lat' dir='ltr'>quod</span> <span class='ocrx_word' id='word_1_491' title='bbox 582 3027 820 3086; x_wconf 87' lang='lat' dir='ltr'>incoeperit</span> <span class='ocrx_word' id='word_1_492' title='bbox 841 3044 945 3076; x_wconf 87' lang='lat' dir='ltr'>esse</span> <span class='ocrx_word' id='word_1_493' title='bbox 967 3033 1106 3077; x_wconf 86' lang='lat' dir='ltr'>Filius</span> <span class='ocrx_word' id='word_1_494' title='bbox 1127 3033 1222 3089; x_wconf 88' lang='lat' dir='ltr'>Dei,</span> <span class='ocrx_word' id='word_1_495' title='bbox 1246 3032 1464 3077; x_wconf 86' lang='lat' dir='ltr'>convenit</span> <span class='ocrx_word' id='word_1_496' title='bbox 1486 3037 1642 3077; x_wconf 87' lang='lat' dir='ltr'>autem</span> <span class='ocrx_word' id='word_1_497' title='bbox 1664 3035 1705 3078; x_wconf 89' lang='lat' dir='ltr'>ei</span> <span class='ocrx_word' id='word_1_498' title='bbox 1732 3038 1987 3083; x_wconf 78' lang='lat' dir='ltr'>secundum</span> 
     </span>
     <span class='ocr_line' id='line_1_49' title="bbox 110 3085 1988 3156; baseline 0.008 -26"><span class='ocrx_word' id='word_1_499' title='bbox 110 3085 235 3156; x_wconf 70' lang='lat' dir='ltr'>quod</span> <span class='ocrx_word' id='word_1_500' title='bbox 251 3086 520 3142; x_wconf 88' lang='lat' dir='ltr'>intelligitur</span> <span class='ocrx_word' id='word_1_501' title='bbox 535 3089 609 3133; x_wconf 85' lang='lat' dir='ltr'>vel</span> <span class='ocrx_word' id='word_1_502' title='bbox 626 3093 982 3146; x_wconf 84' lang='lat' dir='ltr'>apprehenditur</span> <span class='ocrx_word' id='word_1_503' title='bbox 1002 3095 1121 3139; x_wconf 89' lang='lat' dir='ltr'>utin</span> <span class='ocrx_word' id='word_1_504' title='bbox 1140 3100 1306 3139; x_wconf 88' lang='lat' dir='ltr'>natura</span> <span class='ocrx_word' id='word_1_505' title='bbox 1320 3096 1523 3139; x_wconf 85' lang='lat' dir='ltr'>humana</span> <span class='ocrx_word' id='word_1_506' title='bbox 1543 3095 1762 3150; x_wconf 86' lang='lat' dir='ltr'>existens,</span> <span class='ocrx_word' id='word_1_507' title='bbox 1781 3099 1889 3154; x_wconf 87' lang='lat' dir='ltr'>quia</span> <span class='ocrx_word' id='word_1_508' title='bbox 1907 3101 1988 3145; x_wconf 87' lang='lat' dir='ltr'>sci-</span> 
     </span>
     <span class='ocr_line' id='line_1_50' title="bbox 111 3147 1988 3214; baseline 0.007 -21"><span class='ocrx_word' id='word_1_509' title='bbox 111 3147 216 3193; x_wconf 87' lang='lat' dir='ltr'>hcet</span> <span class='ocrx_word' id='word_1_510' title='bbox 237 3149 324 3192; x_wconf 90' lang='lat' dir='ltr'>hoc</span> <span class='ocrx_word' id='word_1_511' title='bbox 349 3148 597 3204; x_wconf 86' lang='lat' dir='ltr'>aliquando</span> <span class='ocrx_word' id='word_1_512' title='bbox 621 3150 809 3208; x_wconf 83' lang='lat' dir='ltr'>incoepit</span> <span class='ocrx_word' id='word_1_513' title='bbox 837 3167 941 3200; x_wconf 86' lang='lat' dir='ltr'>esse</span> <span class='ocrx_word' id='word_1_514' title='bbox 964 3156 1088 3214; x_wconf 78' lang='lat' dir='ltr'>quod</span> <span class='ocrx_word' id='word_1_515' title='bbox 1120 3158 1168 3201; x_wconf 91' lang='lat' dir='ltr'>in</span> <span class='ocrx_word' id='word_1_516' title='bbox 1202 3161 1368 3201; x_wconf 89' lang='lat' dir='ltr'>natura</span> <span class='ocrx_word' id='word_1_517' title='bbox 1395 3158 1600 3201; x_wconf 89' lang='lat' dir='ltr'>humana</span> <span class='ocrx_word' id='word_1_518' title='bbox 1634 3159 1841 3204; x_wconf 83' lang='lat' dir='ltr'>existens</span> <span class='ocrx_word' id='word_1_519' title='bbox 1864 3168 1988 3207; x_wconf 88' lang='lat' dir='ltr'>esset</span> 
     </span>
    </p>
   </div>
   <div class='ocr_carea' id='block_1_7' title="bbox 107 3208 1987 3329">
    <p class='ocr_par' dir='ltr' id='par_1_7' title="bbox 107 3208 1987 3329">
     <span class='ocr_line' id='line_1_51' title="bbox 111 3208 1987 3284; baseline 0.008 -32"><span class='ocrx_word' id='word_1_520' title='bbox 111 3208 249 3280; x_wconf 76' lang='lat' dir='ltr'>Filius</span> <span class='ocrx_word' id='word_1_521' title='bbox 266 3209 365 3280; x_wconf 66' lang='lat' dir='ltr'>peit,</span> <span class='ocrx_word' id='word_1_522' title='bbox 396 3210 497 3255; x_wconf 92' lang='lat' dir='ltr'>ideo</span> <span class='ocrx_word' id='word_1_523' title='bbox 517 3213 665 3267; x_wconf 84' lang='lat' dir='ltr'>magis</span> <span class='ocrx_word' id='word_1_524' title='bbox 686 3213 787 3258; x_wconf 85' lang='lat' dir='ltr'>haec</span> <span class='ocrx_word' id='word_1_525' title='bbox 801 3221 871 3261; x_wconf 89' lang='lat' dir='ltr'>est</span> <span class='ocrx_word' id='word_1_526' title='bbox 887 3230 995 3262; x_wconf 87' lang='lat' dir='ltr'>vera</span> <span class='ocrx_word' id='word_1_527' title='bbox 1016 3233 1028 3261; x_wconf 74' lang='lat' dir='ltr'><em>z</em></span> <span class='ocrx_word' id='word_1_528' title='bbox 1051 3218 1256 3262; x_wconf 77' lang='lat' dir='ltr'>Christus</span> <span class='ocrx_word' id='word_1_529' title='bbox 1274 3222 1337 3263; x_wconf 78' lang='lat' dir='ltr'>est</span> <span class='ocrx_word' id='word_1_530' title='bbox 1351 3221 1697 3274; x_wconf 72' lang='lat' dir='ltr'>praedestinatus</span> <span class='ocrx_word' id='word_1_531' title='bbox 1718 3222 1870 3267; x_wconf 78' lang='lat' dir='ltr'>Filius</span> <span class='ocrx_word' id='word_1_532' title='bbox 1887 3227 1987 3284; x_wconf 73' lang='lat' dir='ltr'>Dei,</span> 
     </span>
     <span class='ocr_line' id='line_1_52' title="bbox 107 3271 1134 3329; baseline 0.01 -15"><span class='ocrx_word' id='word_1_533' title='bbox 107 3282 249 3327; x_wconf 86' lang='lat' dir='ltr'>quam</span> <span class='ocrx_word' id='word_1_534' title='bbox 264 3276 380 3316; x_wconf 75' lang='lat' dir='ltr'>ista:</span> <span class='ocrx_word' id='word_1_535' title='bbox 402 3271 605 3317; x_wconf 77' lang='lat' dir='ltr'>Christus</span> <span class='ocrx_word' id='word_1_536' title='bbox 624 3277 689 3318; x_wconf 76' lang='lat' dir='ltr'>est</span> <span class='ocrx_word' id='word_1_537' title='bbox 704 3277 854 3329; x_wconf 80' lang='lat' dir='ltr'>sactus</span> <span class='ocrx_word' id='word_1_538' title='bbox 868 3279 1014 3323; x_wconf 78' lang='lat' dir='ltr'>Filius</span> <span class='ocrx_word' id='word_1_539' title='bbox 1033 3282 1134 3325; x_wconf 80' lang='lat' dir='ltr'>Dei.</span> 
     </span>
    </p>
   </div>
   <div class='ocr_carea' id='block_1_8' title="bbox 148 3403 1560 3463">
    <p class='ocr_par' dir='ltr' id='par_1_8' title="bbox 148 3403 1560 3463">
     <span class='ocr_line' id='line_1_53' title="bbox 148 3403 1560 3463; baseline 0.012 -23"><span class='ocrx_word' id='word_1_540' title='bbox 148 3403 191 3448; x_wconf 73' lang='lat'>(4)</span> <span class='ocrx_word' id='word_1_541' title='bbox 221 3406 273 3443; x_wconf 76' lang='lat' dir='ltr'>Ita</span> <span class='ocrx_word' id='word_1_542' title='bbox 295 3418 372 3444; x_wconf 78' lang='lat' dir='ltr'>eum</span> <span class='ocrx_word' id='word_1_543' title='bbox 394 3407 537 3450; x_wconf 70' lang='lat' dir='ltr'>Origene</span> <span class='ocrx_word' id='word_1_544' title='bbox 562 3409 643 3445; x_wconf 83' lang='lat' dir='ltr'>editi</span> <span class='ocrx_word' id='word_1_545' title='bbox 667 3411 804 3454; x_wconf 79' lang='lat' dir='ltr'>passim.</span> <span class='ocrx_word' id='word_1_546' title='bbox 827 3413 896 3454; x_wconf 83' lang='lat' dir='ltr'>Al..</span> <span class='ocrx_word' id='word_1_547' title='bbox 925 3424 1003 3449; x_wconf 78' lang='lat' dir='ltr'>cum</span> <span class='ocrx_word' id='word_1_548' title='bbox 1025 3413 1097 3449; x_wconf 81' lang='lat' dir='ltr'>cod.</span> <span class='ocrx_word' id='word_1_549' title='bbox 1115 3414 1243 3455; x_wconf 78' lang='lat' dir='ltr'>Alcan..</span> <span class='ocrx_word' id='word_1_550' title='bbox 1260 3418 1560 3463; x_wconf 66' lang='lat' dir='ltr'>predestinatus.</span> 
     </span>
    </p>
   </div>
  </div>
 </body>
</html>
