2170 3808
709 192 907 243 QUAEST.
940 193 1080 247 XLIII,
1104 193 1221 236 ΛΒΤ.
1248 191 1284 235 11
1311 192 1378 235 ET
1405 192 1473 235 111.
1955 192 2038 235 357

149 276 390 322 Abraham
402 287 498 332 quae
515 278 720 332 qesturus
738 275 862 318 s‘um?
875 279 918 318 et
938 278 1037 331 (xlx,
1053 278 1124 329 22)
1141 279 1267 320 :Non
1277 279 1436 333 potero
1453 276 1606 329 facere
1621 274 1882 331 quidquam,
1900 274 2040 319 donec

149 338 429 395 inqrediaris
450 336 581 381 illuc.

205 399 274 445 Ad
300 399 545 443 secundum
573 397 846 452 dicendum,
874 398 1024 456 quod,
1052 399 1175 442 sicut
1203 399 1563 455 Chrysostomus
1595 397 1706 443 dicit
1737 400 1895 454 (super
1922 396 2036 442 illud

149 461 304 506 matth.
322 475 391 504 x1v
407 461 637 516 :Acceptis
656 463 847 516 quinque
861 460 1072 517 panibus,
1095 463 1138 503 et
1156 459 1327 503 duobus
1346 461 1557 516 piscibus,
1572 463 1793 517 aspiciens
1810 462 1859 502 in
1877 459 2034 504 coelum

150 521 392 576 benedixit,
416 525 459 565 et
479 523 644 577 freqit;
666 521 789 565 hom.
815 535 863 576 L,
888 524 1053 577 parum
1077 518 1105 564 a
1124 520 1308 576 princ),
1333 538 1353 558 «
1376 521 1618 577 oportebat
1638 521 1764 566 credi
1783 520 1841 566 de
1861 520 2034 566 Christo

151 583 372 640 quoniam
393 581 565 627 &Patre
584 586 670 638 est,
688 587 732 627 et
749 581 874 639 quod
893 581 936 626 ei
956 580 1150 638 aequalis
1170 585 1254 626 est.
1277 583 1330 625 Et
1347 581 1452 626 ideo
1467 587 1520 625 ut
1538 586 1790 638 utrumque
1808 580 2034 638 ostendat,

153 657 279 690 nunc
301 643 490 702 quidem
511 655 620 689 cum
640 648 886 700 potestate,
910 656 1036 688 nunc
1057 647 1214 688 antem
1239 655 1380 687 orans
1406 642 1630 687 miracula
1652 643 1789 687 facit:
1804 647 1852 688 et
1876 643 1925 688 in
1947 643 2034 688 mi-

152 706 343 751 noribus
359 704 546 763 quidem
565 706 754 763 respicit
772 706 819 749 in
839 705 1029 759 coelum,
1048 705 1163 762 puta
1181 705 1229 749 in
1250 704 1634 761 multiplicatione
1651 717 1850 761 panum3
1873 705 1922 750 in
1939 717 2034 750 ma-

147 767 327 823 joribus
350 771 506 812 autem
529 779 635 824 quae
663 771 774 812 sunt
803 767 951 812 solius
977 767 1080 822 Dei,
1113 778 1221 811 cum
1250 771 1479 823 potestate
1512 766 1539 809 a
1563 778 1614 811 se
1645 765 1747 822 ipso
1775 765 1894 821 agit,
1925 768 2034 823 puta

151 828 338 885 quando
350 832 538 884 peccata
550 827 741 883 dimisit,
758 832 970 873 mortuos
984 827 1243 873 suscitavit.
1263 847 1283 866 »
1300 828 1430 880 Quod
1444 832 1599 872 autem
1616 826 1785 872 dicitur
1800 828 1836 881 (J
1840 839 1946 871 oan.
1962 831 2033 883 xi),

151 889 274 945 qued
290 889 339 933 in·
350 889 651 934 suscitatione
663 889 817 934 Lazari
831 891 993 935 oculos
1003 893 1189 935 sursum
1205 889 1393 944 levavit
1410 902 1502 933 non
1521 893 1706 946 propter
1715 888 2038 933 necessitatem

152 950 380 1009 suffragii,
403 950 486 996 sed
512 955 699 1007 propter
718 952 983 1008 exemplum
1009 952 1097 995 hoc
1119 951 1247 1006 fecit3
1272 951 1399 995 unde
1426 950 1564 995 dicit·
1585 952 1781 1006 Propter
1799 949 2034 1006 populum,

152 1015 228 1068 qui
243 1016 518 1069 circumstat,
541 1013 657 1069 dixi,
677 1017 728 1057 ut
745 1013 938 1057 credant
959 1016 1065 1069 quia
1086 1016 1136 1056 tu
1158 1025 1228 1055 me
1249 1015 1429 1056 misisti.

204 1075 271 1120 Ad
302 1077 488 1119 tertium
520 1074 790 1131 dicendum,
822 1074 948 1132 quod
983 1074 1190 1119 Christus
1221 1074 1312 1118 alio
1345 1075 1485 1119 modo
1513 1073 1772 1129 expellebat
1804 1054 2039 1119 daemones

151 1148 291 1193 quam
312 1135 484 1181 virtute
507 1135 772 1181 daemonum
794 1135 1101 1191 expellantur.
1128 1138 1240 1179 Nam
1262 1133 1433 1179 virtute
1456 1135 1747 1196 superiorum
1773 1133 2036 1179 daemonum

151 1197 216 1241 ita
231 1197 469 1242 daemones
487 1196 516 1241 a
528 1197 799 1254 corporibus
816 1197 1060 1241 hominum
1079 1196 1393 1253 expelluntur,
1410 1196 1535 1252 qued
1556 1201 1708 1241 tamen
1730 1201 1939 1241 remanet
1958 1196 2037 1242 do-

149 1255 353 1302 minium
364 1269 525 1304 eorum
544 1258 771 1314 quantum
791 1257 850 1302 ad
870 1257 1098 1311 animam·
1123 1269 1218 1300 non
1239 1257 1361 1300 enim
1381 1260 1543 1301 contra
1560 1269 1760 1313 regnum
1779 1269 1919 1301 suum
1940 1257 2036 1302 dia-

149 1318 285 1363 bolus
313 1319 425 1375 agit.
449 1317 536 1363 Sed
565 1318 771 1363 Christus
800 1318 1036 1363 daemones
1058 1317 1319 1375 expellebat
1348 1331 1443 1362 non
1474 1318 1625 1362 solum
1656 1317 1683 1362 a
1713 1329 1930 1374 corpore,
1955 1319 2039 1364 sed

146 1380 292 1426 multo
313 1369 464 1438 magi's
485 1380 545 1426 ab
567 1379 739 1425 anima.
763 1383 818 1424 Et
849 1380 953 1426 ideo
984 1381 1206 1425 Dominus
1238 1380 1575 1451 blasphemiam
1610 1380 1943 1437 pharisaeorum
1966 1380 2039 1426 di-

148 1441 351 1487 centium
372 1454 481 1487 eum
508 1441 558 1486 in
579 1441 750 1487 virtute
774 1441 1111 1486 daemoniorum
1137 1441 1364 1486 daemonia
1384 1441 1551 1498 ejicere
1582 1441 1873 1498 reprobavit.
1890 1440 2039 1498 primo

147 1503 335 1559 quidem
360 1516 442 1561 per
471 1503 561 1548 hoc
585 1503 711 1560 quod
745 1506 938 1548 Satanas
970 1508 1133 1548 contra
1165 1504 1374 1560 seipsum
1403 1516 1499 1548 non
1532 1504 1780 1558 dividitur3
1813 1503 2036 1558 secundo,

148 1564 360 1622 exemplo
389 1565 586 1610 aliorum
609 1565 690 1622 qui
713 1565 943 1611 daemonia
972 1565 1220 1623 ejiciebant
1249 1578 1332 1621 per
1367 1565 1584 1623 Spiritum
1612 1565 1717 1620 Dei3
1743 1564 1894 1619 tertio,
1929 1566 2037 1622 quia

149 1627 430 1672 daemonium
443 1627 673 1684 expellere
689 1640 782 1671 non
800 1632 974 1685 posset,
985 1628 1075 1672 nisi
1095 1627 1251 1684 ipsum
1265 1627 1453 1672 vicisset
1471 1628 1642 1672 virtute
1656 1627 1836 1682 divina3
1854 1627 2035 1684 quarto,

149 1687 258 1744 quia
274 1689 402 1733 nulla
414 1689 738 1734 convenientia
755 1690 801 1733 in
819 1689 1055 1746 operibus,
1071 1702 1159 1734 nec
1173 1690 1218 1733 in
1237 1690 1405 1734 effectu
1423 1694 1522 1734 erat
1538 1690 1626 1734 sibi
1645 1693 1691 1734 et
1710 1692 1912 1746 Satanae3
1930 1689 2036 1734 cum

150 1752 340 1794 Satanas
358 1751 623 1807 d1spergere
643 1755 834 1807 cuperet
850 1764 969 1807 quos
992 1752 1196 1796 Christus
1215 1752 1477 1809 colligebat.

204 1815 543 1856 ARTICULUS
563 1816 629 1856 ΙΙΙ
637 1846 645 1854 .
660 1837 715 1844 -
730 1827 864 1856 u‘rnnn
881 1826 1076 1857 cmusrus
1095 1827 1330 1857 mcoerssmr
1345 1827 1504 1858 menne
1523 1825 1731 1857 tumenta
1744 1827 1785 1856 m
1801 1826 1979 1858 nur'rns.

147 1881 196 1915 De
213 1880 267 1914 his
282 1881 386 1916 etiam
408 1882 501 1915 Sent.
518 1889 545 1921 ι,
565 1880 644 1914 dist.
668 1881 722 1921 M,
740 1880 777 1915 in
793 1879 1109 1963 Expositi'one'gitlt„
1125 1883 1310 1963 et50spusc.
1326 1891 1376 1923 xl,
1397 1893 1471 1924 cap.
1488 1882 1541 1922 (18,
1567 1886 1600 1916 et
1618 1881 1715 1917 Joan.
1733 1890 1760 1923 1,
1778 1880 1855 1917 lect.
1869 1882 1905 1916 21
1927 1881 1986 1917 fin.
2004 1886 2036 1917 et

909 1940 982 1969 cap.
1047 1956 1055 1970 ‚
1085 1935 1150 1964 eet.
1217 1942 1266 1964 tn.

201 1983 268 2028 Ad
287 1983 474 2027 tertium
491 1983 559 2027 sic
575 1982 854 2040 proceditur.
874 1986 895 2026 1
907 2013 918 2025 .
933 1982 1121 2028 Videtur
1136 1983 1261 2040 quod
1282 1984 1489 2029 Christus
1509 1996 1603 2028 non
1626 1984 1871 2040 incoeperit
1893 1983 2035 2028 mira—

146 2042 250 2087 cula
270 2043 422 2088 facere
443 2043 492 2087 in
515 2043 711 2100 nuptiis,
728 2043 954 2088 mutando
976 2055 1146 2100 aquam
1168 2044 1217 2088 in
1236 2044 1416 2089 vinum.
1436 2045 1624 2101 Legitur
1642 2044 1768 2090 enim
1788 2045 1853 2099 (in
1876 2045 1957 2090 lib.
1973 2047 2036 2091 De
2063 2093 2066 2096 ,

145 2105 335 2150 infantia
357 2105 618 2160 salvatoris)
640 2108 717 2161 (1),
734 2105 858 2162 quod
882 2105 1088 2150 Christus
1103 2106 1152 2150 in
1172 2118 1258 2151 sua
1277 2107 1474 2163 pueritia
1495 2107 1641 2151 multa
1665 2106 1888 2151 miracula
1912 2106 2031 2151 fecit.

146 2167 233 2212 Sed
255 2167 530 2212 miraculum
551 2167 608 2212 de
635 2167 939 2212 conversione
961 2168 1094 2225 aquae
1122 2168 1172 2212 in
1198 2168 1362 2213 vinum
1390 2169 1497 2214 fecit
1525 2169 1574 2213 in
1599 2169 1775 2226 nuptiis
1799 2168 2034 2224 trigesimo

146 2229 223 2273 vel
238 2229 475 2286 trigesimo
488 2229 638 2286 primo
653 2241 777 2275 anno
794 2242 891 2274 suae
903 2229 1067 2274 aetatis
1085 2232 1204 2286 Ergo
1215 2230 1400 2275 videtur
1410 2230 1536 2287 quod
1553 2243 1647 2275 non
1662 2231 1902 2287 incoeperit
1922 2235 2033 2275 tunc

145 2288 366 2334 miracula
385 2289 552 2336 facere.

198 2354 241 2395 2.
264 2353 503 2411 Praeterea,
517 2351 723 2396 Christus
734 2351 931 2396 faciebat
949 2351 1173 2396 miracula
1194 2353 1454 2397 secundum
1464 2353 1685 2397 virtutem
1705 2351 1927 2397 divinam.
1945 2355 2032 2399 Sed

143 2412 291 2457 virtus
325 2412 516 2457 divina·
502 2425 552 2456 1n
571 2425 627 2457 eo
649 2411 677 2456 a
695 2412 924 2469 principio
945 2425 1044 2457 suae
1074 2413 1393 2485 conceptionis
1417 2419 1540 2470 erat3
1564 2426 1624 2459 ex
1653 2418 1767 2459 tunc
1789 2413 1915 2459 enim
1944 2415 2033 2460 fuit

142 2476 262 2519 Deus
280 2477 326 2518 et
345 2474 497 2519 homo.
522 2477 639 2532 Ergo
654 2474 839 2518 videtur
859 2474 986 2532 quod
1006 2474 1033 2518 a
1055 2475 1285 2532 principio
1308 2475 1533 2520 miracula
1552 2475 1727 2520 fecerit.

197 2537 240 2580 3.
267 2537 514 2592 Praeterea,
535 2536 741 2581 Christus
761 2540 867 2592 post
896 2536 1181 2593 baptismum
1212 2541 1259 2582 et
1278 2538 1581 2582 tentationem
1603 2537 1744 2594 coepit
1778 2537 2031 2594 discipulos

143 2607 441 2655 congregare,
461 2602 515 2641 ut
528 2597 698 2653 legitur
717 2597 886 2651 (Matth.
916 2612 976 2653 iv,
1002 2602 1047 2642 et
1065 2600 1194 2643 Joan.
1222 2601 1267 2652 1).
1290 2599 1378 2643 Sed
1409 2598 1622 2655 discipuli
1654 2598 1886 2655 praecipue
1915 2612 2030 2645 con-

143 2658 320 2714 gregati
343 2662 453 2702 sunt
475 2658 535 2704 ad
561 2659 715 2715 ipsum
737 2664 924 2717 propter
946 2660 1198 2716 miracula3
1222 2660 1343 2705 sicut
1365 2660 1535 2705 dicitur
1563 2662 1686 2714 (Luc.
1718 2662 1778 2731 v)²
1801 2660 1903 2718 que
1897 2662 1926 2705 l
1944 2664 2028 2707 Pe-

143 2721 267 2762 trum
287 2719 468 2763 vocavit
484 2719 889 2777 obstupescentem
905 2724 1094 2778 propter
1113 2721 1391 2766 miraculum
1414 2721 1540 2778 quod
1565 2722 1737 2766 fecerat
1765 2721 1814 2764 in
1837 2725 2030 2778 captura

143 2777 356 2883 piscium.
377 2782 494 2884 Erigo
512 2781 694 2826 videtul
716 2781 841 2838 quod
860 2786 969 2827 ante
1003 2782 1282 2827 miraculum
1310 2783 1437 2840 quod
1456 2782 1596 2828 fecit'
1584 2795 1634 2827 1n
1657 2782 1848 2842 nuptiis.
1869 2783 2029 2828 fecerit

143 2850 172 2882 a
189 2851 233 2882 la
255 2851 432 2884 m1racu
451 2853 477 2884 a

199 2898 284 2944 Sed
318 2903 476 2943 contra
498 2905 570 2945 est
605 2903 730 2958 quod
759 2903 928 2948 dicitur
963 2905 1109 2959 (Joan.
1135 2918 1189 2960 u,
1218 2906 1296 2958 (2)·
1286 2937 1298 2948 .
1322 2908 1418 2947 Hoc
1444 2905 1554 2957 fecit
1586 2906 1768 2947 initium
1796 2906 2027 2961 siynorum

143 2964 269 3004 Iesus
291 2964 340 3004 in
363 2964 496 3005 Cana
513 2963 712 3007 Galilaeae
732 2967 804 3020 (2).

188 3029 476 3069 CONCLUSIO.
505 3052 551 3059 —
577 3030 682 3070 Cixm
700 3031 911 3082 miracula,
927 3044 1019 3084 quae
1033 3032 1222 3073 Christus
1237 3033 1346 3082 fecit,
1362 3032 1414 3072 ad
1430 3032 1756 3074 confirmandam
1774 3034 1861 3085 ejus
1875 3034 2023 3074 doctri-

142 3094 254 3133 nam,
278 3086 318 3123 et
331 3084 562 3124 divinitatis
584 3085 883 3137 testimonium,
899 3091 1034 3128 essent
1048 3089 1175 3137 facta,
1194 3099 1276 3127 non
1294 3087 1436 3127 debuit
1453 3088 1536 3128 nisi
1552 3087 1598 3128 in
1618 3091 1736 3129 aetate
1753 3089 1923 3140 perfecta
1934 3092 2024 3141 post

140 3137 467 3189 praedicationem
486 3151 606 3180 suam
619 3140 821 3181 miracula
837 3142 978 3190 facere,
999 3146 1048 3182 ut
1067 3144 1112 3183 in
1132 3143 1289 3194 nuptiis
1309 3142 1417 3184 fecit.

194 3200 464 3255 Respondeo
486 3202 735 3246 dicendum
767 3203 890 3259 quod
910 3204 1135 3249 miracula
1170 3204 1293 3249 facta
1315 3209 1427 3250 sunt
1452 3206 1478 3249 a
1500 3205 1676 3250 Christo
1701 3211 1888 3264 propter
1907 3218 2021 3249 con-

178 3319 221 3360 (Ι)
235 3319 336 3354 Liber
351 3320 408 3356 ille
424 3322 476 3358 De
489 3324 654 3365 infantia
670 3324 883 3359 Salvator-is
898 3329 937 3360 ut
956 3335 1033 3367 apo·
1160 3327 1205 3368 (2)
1235 3328 1359 3362 Sensus
1389 3330 1578 3364 communis
1610 3336 1658 3365 est
1682 3330 1744 3364 hoc
1773 3341 1839 3364 esse
1870 3333 2019 3370 primum

135 3367 281 3408 cryphus
294 3372 437 3407 reiectus
451 3374 512 3410 est,
528 3375 565 3405 ut
576 3383 597 3412 p
589 3375 666 3405 atet
681 3383 720 3405 cx
737 3372 874 3407 Gelasio
889 3373 1034 3415 (Decret.
1120 3374 1270 3408 omnium
1279 3375 1449 3414 signorum
1462 3376 1685 3416 quibustesus
1698 3377 1798 3418 coepit
1809 3377 2020 3412 manifestare

136 3414 214 3449 «list.
229 3423 285 3455 xv,
306 3427 380 3457 cap.
394 3417 533 3453 Sancta
547 3419 739 3461 Romana).
835 3434 848 3449 ν
1122 3421 1265 3459 gloriam
1287 3427 1321 3456 et
1340 3422 1550 3458 divinitatem
1566 3436 1672 3460 suam.
