2170 3808
678 200 877 251 QUAEST.
907 199 1062 254 LXVII,
1093 199 1210 241 ART.
1242 199 1259 240 I
1286 200 1352 241 ET
1385 199 1435 241 11.
1921 202 2006 244 57⁷

110 286 312 331 audeant
346 282 437 328 nisi
475 280 707 339 praedictis
739 280 983 325 ordinibus
1018 279 1214 324 fortasse
1243 279 1431 336 longius
1454 278 1719 324 constitutis
1748 280 2002 325 necessitas

111 355 318 393 extrema
337 343 600 400 compellat.
618 361 639 381 2»

156 411 449 455 CONCLUSIO.
477 432 524 441 —
549 410 606 450 Ex
630 411 716 461 ipsa
738 408 921 450 nominis
940 408 1099 448 ratione
1120 409 1279 449 clarum
1300 411 1363 448 est
1392 420 1476 448 non
1494 411 1695 460 pertinere
1712 408 1763 448 ad
1782 407 2003 450 diaconum

111 479 158 508 ex
174 469 334 520 proprio
352 467 485 507 officio
502 465 698 516 baptismi
715 467 1019 505 sacramentum
1033 463 1229 510 conferre,
1245 462 1315 502 sed
1332 462 1377 502 in
1397 462 1514 502 illius
1529 466 1567 503 et
1585 463 1764 503 aliorum
1778 472 2003 503 sacramen*

111 527 250 564 torum
271 522 489 564 collatione
503 520 689 560 assistere
703 524 743 559 et
763 517 989 571 majoribus
1001 518 1254 557 ministrare.

165 584 436 640 Respondeo
443 581 689 628 dicendum
701 580 825 638 quod
836 580 957 624 sicut
969 579 1232 624 coelestium
1240 578 1459 623 ordinum
1469 580 1774 635 proprietates
1787 584 1831 624 et
1841 591 2003 625 eorum

109 646 263 690 officia
271 659 330 691 ex
341 657 502 690 eorum
521 643 790 688 nominibus
803 642 1110 698 accipiuntur,
1120 645 1173 685 ut
1186 640 1432 697 Dionysius
1447 640 1581 689 dicit(
1582 642 1763 686 Coelest.
1775 641 2001 687 hierarch.

110 719 212 763 cap.
229 697 277 762 7,
290 707 337 750 in
367 706 550 763 princ.),
574 704 636 748 ita
659 704 797 748 etiam
819 715 878 748 ex
899 703 1167 746 nominibus
1189 701 1606 746 ecclesiasticorum
1626 703 1841 747 ordinum
1858 703 2003 760 accipi

109 773 262 825 potest
274 768 384 825 quid
398 767 456 812 ad
463 777 850 823 unumquemque
858 765 1086 822 pertineat
1098 764 1325 808 ordinem.
1336 788 1391 795 -
1402 763 1627 808 Dicuntur
1637 769 1790 811 autem
1804 764 2002 820 diaconi,

110 829 245 885 quasi
265 828 480 883 ministri,
502 827 611 884 quia
633 826 848 871 videlicet
870 826 929 869 ad
957 826 1179 869 diaconos
1197 837 1291 868 non
1315 823 1514 880 pertinet
1534 825 1721 881 aliquod
1741 837 2004 870 sacramen-

110 894 209 934 tum
234 890 549 947 principaliter
567 895 612 934 et
631 888 765 946 quasi
783 900 842 932 ex
869 887 1055 944 proprio
1073 887 1228 931 officio
1253 886 1478 943 praebere,
1496 887 1579 931 sed
1601 888 1820 932 adhibere
1839 888 2003 931 minis-

111 952 277 997 terium
298 952 400 995 aliis
423 950 679 1007 maJoribus
701 950 748 994 in
775 953 1174 993 sacramentorum
1196 947 1492 992 exhibitione.
1511 950 1565 991 Et
1590 948 1657 992 sic
1678 948 1736 992 ad
1756 948 2003 993 diaconum

110 1024 206 1056 non
235 1013 450 1069 pertinet,
481 1012 614 1069 quasi
637 1023 698 1055 ex
719 1010 905 1066 proprio
928 1011 1080 1054 officio
1105 1011 1182 1065 (1),
1207 1009 1386 1053 tradere
1404 1014 1748 1053 sacramentum
1768 1009 2000 1067 baptismi,

111 1073 195 1118 sed
227 1074 273 1118 in
293 1074 537 1118 collatione
555 1073 698 1128 hujtls
715 1072 994 1116 sacramenti
1014 1076 1061 1116 et
1079 1071 1276 1115 aliorum
1299 1071 1532 1126 assistere,
1557 1074 1603 1115 et
1621 1071 1884 1116 ministrare
1907 1084 2003 1116 ma-

106 1135 304 1193 J’oribUS.
326 1137 454 1181 Unde
475 1135 680 1180 Isidorus
697 1135 809 1179 dicit
834 1134 992 1189 (Epist.
1017 1133 1077 1178 ad
1113 1133 1404 1186 Laudefred.)
1427 1146 1440 1176 :
1471 1150 1491 1170 α
1507 1133 1571 1177 Ad
1595 1133 1841 1178 diaconum
1864 1134 2003 1189 perti-

110 1203 190 1243 net
208 1198 426 1243 assistere
446 1197 765 1242 sacerdotibus
782 1201 829 1240 et
850 1195 1117 1239 ministrare
1135 1195 1183 1238 in
1201 1194 1418 1238 omnibus
1442 1206 1546 1250 quae
1561 1200 1766 1250 aguntur
1782 1195 1832 1239 in
1854 1207 2003 1240 sacra-

109 1260 280 1304 mentis
319 1260 513 1315 Christi,
551 1259 599 1302 in
648 1257 881 1314 baptismo
914 1256 1091 1300 scilicet
1106 1288 1119 1312 ,
1164 1255 1213 1298 in
1252 1255 1527 1310 chrismate,
1578 1255 1627 1298 in
1660 1261 1829 1312 patena
1864 1261 1911 1301 et
1953 1257 2003 1301 in

109 1321 270 1365 calice.
292 1338 314 1360 n

161 1382 228 1425 Ad
260 1384 457 1437 primum
477 1391 589 1435 ergo
618 1378 884 1433 dicendum,
911 1377 1036 1434 quod
1056 1378 1116 1422 ad
1145 1377 1395 1422 diaconum
1413 1377 1615 1434 pertinet
1644 1378 1838 1423 recitare
1859 1382 2003 1424 Evan-

108 1442 281 1496 getium
301 1441 349 1485 in
365 1441 577 1496 ecclesia,
601 1445 647 1485 et
664 1440 915 1497 praedicare
941 1439 1099 1495 ipsum
1114 1451 1198 1495 per
1212 1439 1404 1484 modum
1424 1439 1774 1493 catechizantiS3
1800 1442 1927 1486 unde
1956 1448 2003 1488 et

108 1503 356 1560 Dionysius
369 1502 478 1547 dicit
497 1502 687 1556 (Eccles.
708 1502 937 1546 hierarch.
958 1514 1061 1557 cap.
1078 1504 1120 1556 5,
1138 1501 1262 1545 circa
1273 1501 1397 1544 med.
1412 1504 1460 1544 et
1476 1513 1578 1556 cap.
1600 1503 1659 1555 3),
1679 1502 1803 1558 quod
1823 1503 2004 1548 diaconi

108 1565 284 1609 habent
307 1564 514 1607 officium
546 1574 687 1618 super
718 1562 1000 1618 immundos,
1027 1562 1148 1605 inter
1187 1574 1305 1618 quos
1344 1561 1476 1617 ponit
1505 1562 1880 1608 catechumenos.
1916 1566 2004 1611 Sed

109 1624 291 1683 docere,
311 1625 359 1669 id
381 1628 468 1679 est,
493 1635 726 1679 exponere
744 1623 1065 1679 Evangelium,
1079 1623 1279 1678 pertinet
1291 1621 1474 1678 proprie
1489 1623 1548 1667 ad
1564 1623 1850 1681 episcopum,
1868 1626 2004 1683 cujus

109 1690 242 1731 actus
260 1690 331 1730 est
349 1684 582 1741 perficere,
607 1683 867 1728 secundum
906 1684 1179 1740 Dionysium
1216 1683 1408 1738 (Eccles.
1435 1683 1664 1728 hierarch.
1702 1697 1804 1743 cap.
1830 1690 1871 1744 5,
1896 1692 2004 1734 ante

108 1747 266 1802 med.).
285 1744 507 1791 Pei-ficere
533 1750 691 1790 autem
727 1746 850 1790 idem
873 1745 1085 1802 estquod
1107 1746 1288 1791 docere.
1310 1745 1438 1790 Unde
1456 1757 1550 1789 non
1575 1746 1789 1803 sequitur
1807 1749 1931 1805 quod
1944 1751 2005 1796 ad

107 1808 328 1854 diaconos
348 1808 574 1865 pertineat
595 1807 800 1852 officium
819 1807 1097 1864 baptizandi.

162 1869 229 1914 Ad
249 1870 493 1913 secundum
522 1870 787 1926 dicendum,
813 1869 954 1927 quod,
989 1869 1111 1914 sicut
1133 1869 1379 1926 Dionysius
1411 1869 1521 1914 dicit
1557 1870 1747 1924 (Eccles.
1774 1871 2001 1918 hierarch.

108 1935 273 1988 partim
298 1931 327 1975 a
350 1932 535 1989 princ),
559 1931 822 1988 baptismus
852 1944 947 1976 non
966 1931 1121 1975 solum
1143 1931 1284 1976 habet
1300 1931 1613 1988 purgativam,
1637 1933 1722 1977 sed
1742 1933 1882 1978 etiam
1898 1935 2004 1981 illu·

108 1992 382 2037 minativam
415 1992 652 2048 virtutem,
683 1998 728 2038 et
750 1993 854 2038 ideo
885 1993 1067 2037 excedit
1090 1993 1295 2037 officium
1317 1993 1515 2048 diaconi,
1539 1993 1598 2038 ad
1632 2006 1772 2050 quem
1805 1996 2003 2051 pertinet

108 2054 258 2098 solum
289 2067 507 2111 purgare,
531 2055 707 2099 scilicet
732 2055 807 2099 vel
841 2054 1107 2110 repellendo
1142 2054 1426 2112 immundos,
1446 2055 1518 2099 vel
1537 2055 1824 2111 disponendo
1841 2069 1922 2103 eos
1942 2059 2002 2106 ad

108 2117 384 2161 sacramenti
403 2117 762 2172 susceptionem.

163 2177 229 2221 Ad
247 2181 429 2220 tertium
451 2178 719 2231 dicendum,
733 2178 858 2235 quod
880 2178 990 2235 quia
1009 2178 1272 2234 baptismus
1291 2183 1364 2224 est
1384 2183 1728 2223 sacramentum
1751 2182 2002 2228 necessita-

110 2239 182 2295 tis,
206 2239 486 2295 permittitur
502 2240 725 2296 diaconis,
748 2240 1025 2284 necessitate
1062 2246 1270 2298 urgente,
1288 2241 1337 2284 in
1376 2240 1588 2285 absentia
1604 2241 1834 2297 maj0rum
1854 2244 2002 2302 bapti-

108 2312 227 2355 zare,
252 2300 373 2345 sicut
391 2306 517 2356 patet
536 2314 594 2345 ex
613 2302 888 2347 auctoritate
908 2301 1069 2345 Gelasii
1102 2314 1244 2358 supra
1268 2302 1461 2347 inducta
1481 2303 1541 2353 (in
1562 2313 1661 2357 arg.
1692 2305 1784 2348 Sed
1808 2309 1999 2363 contra).

107 2363 161 2405 Et
178 2362 266 2406 hoc
280 2363 419 2407 modo
434 2365 482 2406 B.
503 2365 775 2409 Laurentius
791 2364 1017 2407 diaconus
1035 2364 1243 2408 existens
1264 2363 1529 2420 baptizavit.

300 2432 641 2476 ARTICULUS
669 2436 728 2476 11.
758 2456 816 2464 —-
843 2445 985 2474 urium
1018 2445 1248 2475 BAPTIZARE
1278 2446 1503 2475 rammam·
1530 2445 1584 2476 Αι)
1615 2446 1807 2478 orricmm

825 2507 1173 2537 Pnssnwanomm
1199 2497 1274 2547 (⁶2).

107 2558 157 2593 De
171 2558 227 2594 his
240 2559 344 2595 etiam
361 2561 457 2595 Sent.
474 2569 522 2602 tv.
548 2561 626 2596 dist.
644 2563 676 2602 5,
692 2566 809 2603 quaest.
828 2570 868 2602 u,
890 2566 954 2596 art.
971 2563 1002 2601 i,
1021 2566 1138 2603 quaest.
1163 2572 1202 2604 11,
1218 2568 1251 2597 et
1267 2563 1346 2597 dist.
1360 2563 1393 2602 7,
1410 2565 1527 2604 quaest.
1543 2572 1570 2604 1.
1587 2567 1653 2599 art.
1671 2565 1702 2605 i,
1719 2570 1835 2607 quoest.
1850 2576 1891 2603 111
1905 2579 1998 2611 corp.

308 2613 344 2644 et
359 2609 438 2644 dist.
452 2609 507 2652 47,
524 2614 640 2652 quast.
656 2619 719 2653 111,
736 2615 802 2644 art.
818 2610 852 2650 5,
872 2615 988 2652 quoest.
1010 2619 1037 2644 11
1060 2623 1153 2652 corp.
1170 2617 1204 2645 et
1220 2611 1298 2645 dist.
1313 2611 1355 2646 24
1369 2638 1378 2652 ,
1395 2616 1512 2652 quaest.
1530 2619 1569 2653 11.
1589 2617 1653 2646 art.
1670 2614 1685 2647 «1
1708 2614 1750 2647 ad
1767 2617 1799 2649 ‹i-

162 2661 229 2705 Ad
246 2663 507 2706 secundum
531 2664 600 2708 sic
628 2664 912 2719 proceditur.
937 2669 980 2708 1.
1009 2665 1197 2709 Videtur
1217 2665 1339 2721 quod
1378 2664 1612 2721 baptizare
1654 2679 1747 2710 non
1771 2667 2002 2725 pertineat

107 2720 168 2765 ad
193 2722 397 2765 officium
420 2723 816 2781 presbyterorum,
843 2725 927 2769 sed
959 2724 1110 2769 solum
1142 2725 1489 2782 episcoporum,
1510 2726 1634 2782 quia,
1671 2728 1790 2772 sicut
1825 2729 1999 2775 dictum

108 2787 180 2827 est
201 2785 381 2839 (quaest.
408 2797 547 2840 praec.
570 2791 656 2830 art.
686 2790 729 2842 5,
756 2800 854 2843 arg.
874 2791 916 2843 1,
939 2794 986 2832 et
1004 2793 1089 2831 art.
1113 2801 1249 2843 praec.
1277 2800 1373 2844 arg.
1399 2789 1456 2843 1),
1478 2788 1568 2833 sub
1590 2790 1753 2834 eodem
1772 2797 2000 2848 praecepto

106 2844 368 2900 injungitur
385 2847 552 2898 (Matth.
578 2847 698 2902 ult.),
717 2848 923 2893 officium
955 2849 1151 2893 docendi
1184 2854 1231 2893 et
1262 2848 1538 2905 baptizandi..
1564 2851 1651 2895 Sed
1673 2852 1854 2908 docere,
1875 2855 2001 2910 quod

107 2910 178 2949 est
200 2907 436 2962 perficere,
461 2908 660 2963 pertinet
690 2909 749 2953 ad
782 2909 988 2954 officium
1025 2911 1244 2966 episcopi,
1264 2915 1318 2954 ut
1346 2916 1470 2965 patet
1502 2923 1585 2967 per
1610 2912 1878 2970 Dionysium
1903 2917 2000 2968 (Ec-

107 2966 218 3017 cles.
257 2968 372 3012 hier.
395 2980 497 3024 cap.
530 2972 558 3013 5
593 2973 639 3013 et
670 2971 726 3024 6).
750 2972 868 3027 Ergo
902 2977 949 3015 et
982 2972 1215 3028 baptizare
1251 2971 1452 3027 pertinet
1488 2973 1670 3016 tantum
1707 2974 1764 3018 ad
1794 2974 2000 3020 officium

108 3039 326 3084 episcopi.
1815 3068 1820 3075 ,

161 3091 203 3133 2.
228 3092 468 3144 Praeterea,
493 3102 577 3146 per
602 3091 885 3148 baptismum
925 3099 1263 3139 annumeratur
1304 3094 1472 3151 aliquis
1512 3096 1684 3151 populo
1721 3097 1996 3156 christia1103

107 3150 231 3206 quod
249 3151 437 3208 quidem
453 3152 638 3197 videtur
661 3153 720 3197 ad
742 3155 947 3199 officium
970 3156 1113 3200 solius
1132 3156 1353 3212 principis
1369 3156 1614 3213 pertinere.
1649 3158 1735 3203 Sed
1764 3159 2000 3217 principa-

148 3277 193 3320 (Ἰ)
223 3278 312 3314 Hinc
345 3279 518 3315 decretum
553 3284 603 3315 est
640 3281 729 3322 quod
765 3283 792 3316 si
822 3282 1008 3323 baptizaret
1131 3283 1176 3324 (2)
1201 3284 1413 3319 Affirmative
1431 3286 1702 3325 respondendum
1727 3290 1776 3321 est
1795 3290 1889 3326 juxta
1910 3286 1997 3322 illud

106 3325 304 3362 solemniter
334 3327 457 3368 absque
491 3328 726 3363 commissione
773 3331 918 3370 episcopi
955 3331 1008 3366 vel
1094 3330 1216 3365 concil.
1234 3331 1635 3368 Fiorentin.:Minister
1649 3334 1759 3377 hujus
1772 3335 1998 3370 sacramenti

106 3372 291 3455 presbyltgri
319 3373 417 3408 fieret
435 3375 645 3464 2igi-egularis
675 3379 758 3418 (cap.
788 3377 833 3411 Si
859 3379 971 3421 quic!
997 3404 1008 3421 ‚
1094 3379 1594 3425 estsacerdos‚‘cuiexofficio
1611 3383 1779 3425 competit
1791 3382 1997 3426 bapttzare.

106 3430 199 3455 extra
230 3434 241 3455 i
270 3449 277 3456 .
295 3430 328 3462 v,
344 3434 416 3463 cap.
493 3449 502 3457 .

287 3489 348 3523 v1.
1792 3481 1840 3520 tv
