2170 3808
688 226 886 277 QUAEST.
918 225 1093 279 XXXIV,
1123 225 1242 267 ART.
1273 225 1304 268 l.
1862 224 1945 266 279

57 308 277 364 hominis,
301 306 407 352 licet
423 317 528 351 eam
549 305 828 351 miraculose
845 306 1085 361 habuerit3
1111 306 1232 351 sicut
1250 318 1402 350 caecus
1417 305 1707 350 illuminatus
1727 302 1853 348 videt
1866 314 1946 346 na·
1996 305 2002 314 ²

60 369 268 416 turaliter
286 381 370 427 per
387 369 644 426 potentiam
662 368 873 425 visivam,
895 380 1036 426 quam
1057 367 1336 412 miraculose
1356 367 1549 425 accepit.
1957 402 1962 411 ‚

112 431 181 478 Ad
198 431 442 478 secundum
463 429 729 487 dicendum,
757 431 886 488 quod
906 430 1147 487 conceptio
1176 429 1443 474 attribuitur
1462 429 1638 487 Virgini
1661 428 1824 485 beatae,
1849 438 1945 498 non
1970 461 1980 485 9.

57 497 283 551 tanquam
302 490 528 551 principio
546 492 720 549 activ03
742 492 825 537 sed
847 492 957 549 quia
978 487 1259 536 ministravit
1278 491 1520 535 materiam
1546 489 1808 547 conceptui,
1830 492 1878 534 et
1895 500 1944 532 1n

59 553 163 612 ejus
183 558 317 600 utero
335 558 408 599 est
425 554 668 610 conceptio
692 553 938 599 celebrata.
1476 608 1488 618 ς
1971 582 1976 590 .

112 615 182 661 Ad
215 618 398 660 tertium
429 613 679 660 dicendum
697 649 710 674 ‚
734 615 861 673 qued
887 613 1170 671 principium
1188 612 1432 670 passivum
1455 611 1667 657 naturale
1686 611 1859 656 sufficit
1886 610 1947 656 ad

57 677 493 722 transmutationem
512 676 791 734 naturalem,
814 675 1002 734 quando
1023 674 1225 720 naturali
1252 678 1300 720 et
1331 677 1555 719 consueto
1573 673 1713 718 modo
1731 675 1947 718 movetur

58 736 86 782 a
109 737 334 796 principio
361 737 510 783 activo
524 739 740 795 proprio;
767 738 851 784 sed
871 739 961 783 hoc
981 737 1028 782 in
1051 737 1285 795 proposito
1310 748 1404 781 non
1422 735 1563 781 habet
1579 735 1756 791 locum,
1774 738 1823 779 et
1841 733 1947 779 ideo

57 800 298 858 conceptio
315 799 396 845 illa
417 811 512 844 non
535 804 688 856 potest
706 801 796 845 dici
816 800 1084 857 simpliciter
1104 798 1346 844 naturalis.

709 926 1016 991 QUAESTIO
1055 926 1290 980 XXXIV.

119 1050 182 1087 DE
213 1050 541 1087 PERFECTIONE
574 1051 740 1087 PROLIS
769 1050 1051 1099 CONCEPTAE,
1087 1051 1134 1085 IN
1168 1050 1390 1092 QUATUOR
1421 1049 1679 1086 ARTICULOS
1710 1048 1878 1086 DIVISA·

107 1145 260 1186 Deinde
277 1146 621 1186 considerandum
634 1149 695 1187 est
709 1147 759 1187 de
773 1145 1013 1197 perfectione
1032 1146 1158 1197 prolis
1175 1149 1401 1197 conceptae3
1424 1150 1463 1186 et
1484 1145 1589 1186 circa
1608 1146 1683 1186 hoc
1702 1148 1946 1198 quaeruntur

58 1202 262 1252 quatuor:
281 1207 317 1241 1⁰
334 1202 483 1242 Utrum
502 1202 548 1240 in
574 1201 708 1253 primo
734 1201 910 1241 instanti
927 1200 1203 1251 conceptionis
1226 1201 1411 1241 Christus
1428 1201 1551 1240 fuerit
1576 1201 1856 1258 sanctificatus
1875 1211 1946 1251 per

57 1255 246 1304 gratiam.
263 1278 310 1285 -
329 1263 368 1296 2⁰
391 1256 540 1297 Utrum
554 1256 601 1296 in
618 1256 760 1297 eodem
781 1256 957 1296 instanti
977 1255 1167 1295 habuerit
1187 1267 1311 1296 usum
1329 1255 1449 1296 liberi
1474 1255 1647 1296 arbitrii.
1672 1278 1719 1285 —
1738 1261 1778 1295 3⁰
1796 1254 1945 1296 Utrum

59 1309 103 1348 in
127 1308 268 1350 eodem
292 1311 466 1351 instanti
484 1311 661 1363 potuerit
678 1312 840 1352 mereri.
860 1333 906 1341 —
926 1316 966 1351 4⁰
986 1312 1133 1352 Utrum
1149 1311 1195 1350 in
1216 1311 1356 1352 eodem
1371 1311 1545 1351 instanti
1560 1312 1683 1351 fuerit
1701 1310 1818 1362 plene
1835 1321 1946 1350 oom-

60 1364 290 1414 prehensor.
426 1366 430 1381 ’

60 1421 400 1466 ARTICULUS
429 1424 466 1466 1.
487 1446 535 1452 ——
565 1434 703 1465 u‘rmm
726 1434 925 1465 cumsrus
947 1436 988 1464 m
1010 1435 1134 1465 ramo
1155 1435 1336 1466 msrmvri
1360 1435 1446 1465 SUAE
1475 1434 1775 1466 concarrxoms
1797 1435 1946 1466 runnu·

686 1496 1000 1527 SANCTIFICATUS
1021 1498 1100 1526 PER
1123 1497 1317 1528 GRATIAM.

554 1552 602 1586 De
619 1552 671 1586 his
685 1553 791 1587 etiam
816 1554 912 1587 Sent.
928 1561 983 1595 ιιι,
1000 1553 1078 1587 dist.
1092 1554 1124 1593 5,
1142 1558 1260 1594 quoest.
1278 1562 1313 1595 v,
1331 1557 1398 1588 art.
1415 1553 1450 1588 5.

115 1604 182 1648 Ad
205 1604 406 1660 primum
432 1606 500 1651 sic
516 1607 794 1663 proceditur.
815 1612 856 1651 1.
882 1608 1068 1652 Videtur
1087 1607 1209 1664 quod
1228 1608 1433 1652 Christus
1452 1620 1546 1651 non
1577 1607 1716 1651 fuerit
1742 1608 1945 1653 sanctifi·

64 1670 201 1710 catus
230 1665 278 1709 in
307 1666 455 1722 primo
484 1668 677 1712 instanti
704 1681 802 1713 suae
825 1669 1156 1725 conceptionis.
1183 1669 1355 1713 Dicitur
1383 1669 1508 1713 enim
1537 1671 1588 1723 (1.
1617 1671 1715 1713 Cor.
1739 1682 1810 1725 xv,
1840 1673 1943 1725 46):

62 1728 303 1782 Nonprias
319 1729 437 1783 quod
450 1730 687 1785 spirituale
709 1733 793 1786 est,
818 1732 898 1774 sed
922 1731 1039 1785 qaod
1061 1731 1279 1789 animale,
1294 1731 1459 1775 deinde
1478 1731 1598 1785 quod
1616 1732 1856 1786 spirituale
1867 1735 1942 1787 (⁴1).

66 1787 156 1833 Sed
189 1790 491 1834 sanctificatio
524 1792 683 1846 gratiae
716 1792 917 1848 pertinet
949 1793 1007 1838 ad
1041 1793 1424 1849 spiritualitatem.
1461 1795 1558 1837 Non
1595 1805 1707 1849 ergo
1740 1795 1895 1839 statim
1918 1795 1947 1840 a

42 1849 293 1906 *principio
321 1864 417 1895 suae
436 1853 754 1909 conceptionis
782 1854 987 1899 Christus
1008 1856 1211 1911 percepit
1236 1856 1429 1911 gratiam
1448 1856 1840 1913 sanctificationis,
1863 1858 1947 1904 sed

64 1916 169 1966 post
190 1911 378 1967 aliquod
399 1912 600 1969 spatium
623 1915 853 1969 temporis.

120 1975 163 2016 2.
194 1974 430 2030 Praeterea,
456 1974 757 2019 sanctificatio
775 1976 959 2021 videtur
972 1988 1078 2021 esse
1094 1976 1122 2020 a
1144 1984 1350 2033 peccato,
1368 1978 1627 2022 secundum
1644 1978 1757 2022 illud
1776 1981 1824 2033 (Ι.
1842 1982 1944 2025 Cor.

66 2046 127 2090 vx,
157 2036 229 2089 Μ)
250 2048 261 2077 :
284 2039 340 2077 Et
361 2036 455 2079 ἧκε
478 2037 656 2091 quidem
684 2039 838 2091 fuistis
873 2038 1150 2095 aliquando,
1185 2038 1359 2083 scilicet
1388 2044 1682 2096 peccatore83
1702 2042 1784 2084 sed
1802 2042 1949 2086 abluti

67 2099 186 2149 estis,
216 2098 298 2141 sed
317 2101 591 2152 sanctificati
613 2103 733 2143 estis.
760 2101 847 2146 Sed
879 2101 926 2144 in
954 2102 1133 2146 Christo
1156 2114 1400 2158 nunquam
1428 2102 1516 2146 fuit
1537 2107 1795 2158 peccatum.
1827 2108 1946 2162 Ergo

66 2170 160 2202 non
190 2160 407 2204 convenit
436 2160 477 2204 ei
511 2161 787 2206 sanctificari
823 2175 904 2218 per
930 2164 1141 2219 gratiam.

122 2222 166 2262 3.
191 2222 430 2279 Praeterea,
455 2222 575 2266 sicut
595 2234 678 2278 per
714 2224 910 2268 Verbum
947 2225 1023 2269 Dei
1056 2225 1212 2268 omnia
1246 2225 1368 2268 facta
1393 2231 1517 2281 sunt,
1552 2225 1616 2269 ita
1638 2238 1722 2282 per
1746 2228 1947 2274 Verbum

67 2279 358 2325 incarnatum
379 2287 491 2326 sunt
513 2295 676 2328 omnes
704 2285 915 2330 homines
947 2286 1237 2338 sanctificati,
1257 2287 1336 2344 qui
1357 2286 1703 2332 sanctificantur
1723 2290 1871 2344 (Hebr.
1897 2306 1943 2348 11,

67 2343 109 2394 2)
136 2356 146 2382 :
176 2341 264 2395 Qui
283 2345 541 2398 sanctificat
562 2349 604 2389 ei
623 2350 699 2401 qui
719 2349 1063 2402 sanctificantur
1089 2362 1146 2392 εα-
1165 2362 1254 2392 uno
1281 2362 1447 2394 omnes,
1478 2349 1566 2394 Sed
1588 2367 1608 2388 α
1628 2351 1825 2396 Verbum
1850 2354 1944 2412 Dei,

71 2411 150 2455 per
167 2404 293 2460 quod
312 2404 432 2448 facta
454 2412 565 2450 sunt
584 2409 758 2462 omnia,
776 2421 869 2454 non
891 2409 1166 2464 estfactum,
1178 2429 1199 2450 »
1217 2415 1270 2455 ut
1286 2411 1573 2467 Augustinus
1595 2412 1705 2458 dicit
1726 2416 1804 2467 (De
1822 2415 1943 2461 Trin.

68 2462 146 2508 lib.
170 2477 202 2521 1,
227 2478 330 2521 cap.
355 2469 397 2522 6,
433 2479 598 2523 parum
626 2470 653 2513 a
686 2470 870 2526 princ).
900 2475 1019 2527 Ergo
1055 2472 1277 2529 Christus,
1309 2486 1390 2530 per
1422 2485 1562 2530 quem
1599 2472 1948 2523 sanctificantur

66 2536 246 2581 omnes,
271 2540 363 2571 non
378 2535 449 2573 est
466 2531 792 2576 sanctificatus.

123 2587 210 2632 Sed
234 2593 394 2632 contra
418 2596 489 2635 est
514 2593 638 2648 quod
658 2593 826 2638 dicitur
848 2597 970 2648 (LuC.
997 2609 1025 2653 ι,
1052 2598 1121 2649 35)
1143 2609 1156 2639 z
1177 2597 1308 2650 Quod
1330 2609 1388 2639 ex
1407 2601 1450 2640 te
1479 2601 1691 2641 nascetur
1721 2604 1944 2659 sanctum,

70 2650 298 2755 vocz‘blitur
325 2654 476 2696 Filius
501 2658 601 2699 Dei.
617 2658 672 2700 Et
687 2658 832 2711 (Joan.
854 2670 897 2707 x,
921 2659 992 2712 36)
1019 2661 1191 2713 :Quem
1206 2661 1347 2701 Pater
1377 2662 1681 2713 sanctificavit
1699 2664 1744 2705 et
1759 2665 1883 2708 misit
1898 2666 1947 2708 in

69 2721 143 2754 mu
209 2724 301 2756 um.
1882 2739 1885 2745 ’

117 2775 406 2820 CONCLUSIO.
431 2802 480 2810 -
504 2781 610 2823 cum
623 2783 775 2824 Christi
800 2797 944 2836 corpus
961 2786 1008 2825 in
1030 2786 1162 2837 primo
1185 2786 1362 2826 instanti
1380 2798 1465 2826 suae
1486 2789 1762 2840 conceptionis
1786 2792 1947 2832 anima·

70 2833 163 2892 tum
178 2830 314 2881 fuerit,
327 2836 372 2894 et
387 2835 412 2874 a
426 2836 497 2876 Dei
511 2837 640 2877 Verbo
658 2842 934 2890 assumptum,
950 2841 1171 2881 necessario
1188 2841 1332 2881 habuit
1349 2842 1394 2881 in
1414 2842 1554 2883 eodem
1577 2843 1752 2885 instanti
1770 2845 1948 2897 plenitu-

71 2884 212 2925 dinem
225 2896 415 2927 ommum
429 2891 669 2942 gratiarum,
685 2896 766 2945 qua
787 2895 1106 2936 sanctificaretur
1124 2895 1279 2946 anima,
1293 2901 1332 2936 et
1345 2908 1491 2948 corpus
1503 2898 1604 2950 eJus.

126 2948 394 3019 Respondeo
417 2950 663 2998 dicendum
683 2955 824 3012 quod,
853 2958 974 3003 sicut
996 2971 1136 3015 supra
1159 2959 1333 3004 dictum
1368 2964 1439 3004 est
1466 2962 1644 3017 (quaest.
1674 2976 1749 3019 vn,
1775 2969 1861 3009 art.
1885 2967 1942 3020 1).

72 3007 355 3078 abundantia
391 3012 551 3067 gratiae
579 3017 908 3063 sanctificantis
935 3020 1137 3064 animam
1160 3020 1324 3065 Christi
1355 3021 1587 3067 derivatur
1608 3035 1663 3067 ex
1692 3024 1792 3081 ipsa
1813 3027 1946 3072 Verbi

72 3080 261 3126 unlone,
282 3073 542 3117 secundum
565 3074 681 3120 illud
703 3079 847 3130 (Joan.
869 3083 1016 3137 1,14):
1040 3083 1246 3126 Vidimus
1272 3083 1469 3139 qloriam
1495 3085 1605 3141 ejus,
1628 3090 1759 3142 quasi
1783 3090 1945 3145 Uniqe-

73 3132 159 3173 niti
172 3131 204 3174 ὰ
223 3134 378 3190 Patre,
396 3135 582 3190 plenum
601 3141 762 3192 qratiae
776 3144 819 3183 et
830 3145 1055 3186 veritatis.
1076 3145 1322 3188 ostensum
1341 3149 1413 3188 est
1427 3149 1583 3190 autem
1604 3159 1744 3204 supra
1763 3150 1942 3206 (quaest.

73 3194 247 3262 praec),
265 3194 388 3250 quod
411 3196 460 3240 in
478 3197 628 3252 primo
650 3198 841 3245 instanti
862 3214 960 3246 suae
980 3205 1297 3260 conceptionis
1319 3218 1487 3263 corpus
1507 3209 1670 3255 Christi
1688 3211 1944 3258 animatum

74 3251 174 3308 fuit,
197 3255 288 3298 eta
307 3257 452 3301 Verbo
474 3259 551 3303 Dei
573 3266 879 3318 assumptum.
905 3265 1033 3309 Unde
1054 3278 1342 3324 consequens
1365 3270 1583 3326 est-quod
1611 3271 1660 3316 in
1681 3273 1832 3328 primo
1849 3274 1942 3319 ins-

75 3445 90 3463 e
113 3389 169 3466 m«
193 3391 370 3463 o'ccasione
394 3395 647 3429 resurrectionis
687 3398 723 3430 in
762 3411 825 3436 Qua
856 3399 982 3435 dicitur
1012 3412 1130 3438 cornus
1159 3403 1249 3437 cuod
1279 3408 1464 3440 semmatur
1487 3407 1640 3441 animale.
1674 3411 1944 3441 resurrecturum

77 3446 154 3475 -pn’l
169 3449 262 3469 Man,
