2170 3808
208 214 294 257 318
724 206 924 259 QUAEST.
954 205 1177 258 XXXVIII,
1207 205 1322 247 ART.
1355 205 1409 248 111
1436 205 1501 248 ΕΤ
1529 205 1596 249 IV.

212 292 306 350 qua
327 294 518 349 peccata
534 287 679 344 gratis
697 287 994 332 dimittuntur
1015 300 1031 329 ε>
1051 285 1176 342 quod
1202 290 1357 329 autem
1381 288 1736 330 consummatur
1754 297 1839 342 per
1860 296 2087 342 sponsum
2100 321 2112 343 ,

213 354 420 398 initiatur
444 363 528 408 per
561 349 964 406 paranymphum,
990 366 1010 386 υ
1037 347 1218 391 scilicet
1247 359 1331 403 per
1359 349 1599 393 Joannem.
1634 347 1764 392 Unde
1789 347 1960 392 dicitur
1992 348 2115 404 quod

212 413 490 472 baptizabat,
516 416 563 456 et
580 411 861 468 praedicabat
883 409 1168 467 baptismum
1191 409 1475 465 poenitentiae
1492 410 1540 454 in
1560 408 1883 455 remissionem
1900 413 2117 466 peccato-

213 489 334 533 rum,
358 488 448 519 non
470 475 575 518 ideo
597 474 708 530 quia
729 474 818 518 hoc
847 472 947 530 ipse
979 472 1245 530 perficeret,
1270 471 1354 516 sed
1375 473 1485 529 quia
1505 471 1814 529 praeparando
1838 470 1898 516 ad
1918 470 2008 516 hoc
2034 471 2117 516 ho·

213 538 365 582 mines·
385 535 679 593 disponebat.
2095 587 2097 589 ι

268 599 335 644 Ad
357 600 602 642 secundum
637 596 909 651 dicendum,
933 595 1059 652 quod
1092 594 1168 638 illa
1191 594 1743 652 confessio-peccatorum
1775 595 1836 649 (1)
1855 606 1949 639 non
1977 594 2116 640 fieba⁴

214 661 279 706 ad·
300 660 621 706 remissionem
641 664 939 716 peccatorum
963 657 1121 701 statim
1152 669 1234 713 per
1257 657 1539 712 baptismum
1558 656 1750 702 Joannis
1776 655 2115 712 exhibendam,

213 725 297 768 sed
330 721 712 779 consequendam
744 732 827 777 ρει·
859 719 1187 776 poenitentiam
1219 724 1607 776 consequentem,
1642 724 1690 764 et
1718 731 1801 776 per
1834 719 2117 775 baptismum

215 783 396 840 Christi,
419 785 478 829 ad
501 795 639 841 quem
665 780 943 839 poenitentia
964 780 1044 825 illa
1066 779 1375 838 praeparabat.

269 846 338 891 Ad
361 850 543 890 tertium
566 844 815 889 dicendum
827 876 839 898 ,
865 842 991 899 quod
1014 842 1310 887 circumcisio
1329 841 1542 887 instituta
1556 845 1659 887 erat
1676 841 1737 888 ad
1752 840 2011 886 remedium
2027 842 2118 887 ori-

215 908 381 962 ginalis
405 906 578 964 peccati
597 921 611 962 ς
632 905 716 951 sed
740 905 1002 962 baptismus
1021 905 1213 950 ,Ioannis
1237 904 1297 949 ad
1318 904 1408 948 hoc
1427 916 1521 948 non
1546 908 1645 949 erat
1664 903 1924 960 institutus,
1943 903 2119 949 sed'so-

217 971 310 1014 ium
333 975 434 1014 erat
455 968 815 1028 praeparatorius
842 969 899 1013 ad
930 968 1216 1025 baptismum
1246 967 1411 1012 Christi
1429 1000 1440 1022 ,
1463 971 1516 1011 ut
1536 966 1712 1012 dictum
1736 971 1809 1012 est
1833 965 1899 1020 (in
1922 978 2050 1023 corp.
2073 971 2120 1012 et

215 1036 300 1077 art.
327 1035 348 1077 1
377 1032 475 1090 huj.
495 1034 702 1090 quaest.).
724 1033 1022 1075 Sacramenta
1042 1036 1197 1075 autem
1223 1043 1283 1074 ex
1307 1028 1352 1073 vi
1375 1027 1682 1074 institutionis
1703 1039 1844 1074 suum
1864 1027 2038 1073 habent
2049 1029 2120 1073 ef-

217 1093 410 1139 fectum.

209 1157 560 1200 ARTICULUS
583 1158 730 1200 IV.-
748 1168 885 1199 UTRUM
906 1168 1015 1213 Amr,
1041 1167 1211 1196 PRAETER
1234 1166 1463 1208 cumsrmu,
1487 1164 1695 1195 ΒΑΡτιεΜο
1712 1163 1880 1195 somnis
1902 1164 2119 1195 mmmm

720 1228 727 1233 ’
1045 1228 1291 1259 DEBUBmNT.

618 1286 669 1321 De
690 1285 742 1320 his
755 1285 860 1321 etiam
876 1285 972 1320 Sent.
989 1292 1039 1326 lv,
1064 1284 1143 1319 dist.
1162 1285 1194 1324 2,
1215 1286 1332 1326 quaest.
1347 1291 1387 1324 11.
1405 1286 1470 1319 art.
1486 1284 1519 1325 5,
1537 1286 1655 1326 quaest.
1672 1292 1713 1319 11.

268 1341 334 1386 Ad
368 1346 586 1398 quartum
623 1340 691 1385 sic
727 1339 1010 1398 proceditur.
1046 1342 1090 1384 1.
1126 1339 1317 1384 Videtur
1348 1337 1473 1395 quod
1507 1337 1742 1395 baptismo
1775 1335 1969 1381 Ioannis
1990 1335 2120 1381 solus

211 1402 422 1448 Christus
440 1401 654 1446 debuerit
678 1401 917 1458 baptizari.
941 1399 1070 1457 Quia,
1099 1401 1221 1445 sicut
1243 1399 1419 1444 dictum
1443 1404 1514 1444 est
1538 1402 1642 1455 (art.
1664 1402 1686 1443 1
1709 1398 1807 1454 huj.
1833 1399 2036 1454 quaest),
2062 1397 2120 1441 ad

191 1515 193 1517 ,
217 1465 305 1509 hoe
334 1466 535 1508 ioannes
556 1463 822 1521 baptizavit,
856 1467 910 1508 ut
937 1463 1144 1507 Christus
1177 1461 1505 1518 baptizaretur,
1539 1459 1662 1505 sicut
1692 1459 1980 1516 Augustinus
2012 1458 2122 1504 dicit

215 1538 360 1582 super
380 1528 605 1570 Ioannem
627 1527 777 1580 (tract.
800 1526 872 1580 13,
894 1529 1002 1568 ante
1025 1523 1181 1579 med.).
1213 1523 1301 1567 Sed
1321 1522 1447 1580 quod
1475 1526 1548 1567 est
1570 1520 1814 1578 propriumv
1828 1521 2006 1565 Christo
2024 1532 2121 1565 non

218 1586 358 1632 dehet
377 1585 479 1630 aliis
499 1586 767 1631 convenire.
792 1587 912 1642 Ergo
934 1584 1048 1628 nulli
1069 1583 1146 1628 aiii
1169 1583 1434 1628 debuerunt
1453 1582 1534 1627 illo
1550 1582 1784 1641 baptismo
1806 1581 2046 1638 baptizari.

271 1651 316 1693 2.
348 1649 588 1704 Praeterea,
613 1647 899 1705 quicumque
922 1646 1198 1704 baptizatur,
1220 1650 1303 1690 aut
1325 1644 1493 1702 accipit
1512 1643 1689 1702 aliquid
1707 1644 1736 1688 a
1759 1644 2018 1701 baptismo,
2039 1647 2122 1688 aut

218 1709 451 1768 baptismo
474 1710 650 1767 aliquid
673 1709 871 1754 confert.
894 1709 982 1754 Sed
1011 1709 1039 1753 a
1060 1708 1293 1765 baptismo
1315 1706 1506 1752 ,Ioannis
1529 1706 1688 1751 nullus
1714 1705 1889 1762 aliquid
1911 1705 2120 1763 accipere

216 1777 414 1830 poterat,
434 1772 544 1829 quia
564 1773 614 1816 in
634 1785 695 1817 eo
709 1771 860 1829 gratia
880 1784 973 1816 non
996 1771 1339 1826 conferebatur,
1358 1775 1414 1814 ut
1431 1769 1610 1815 dictum
1629 1772 1702 1814 est
1717 1770 1819 1824 (art.
1839 1772 2015 1826 praec.),
2033 1780 2120 1813 nec

216 1835 386 1892 aliquis
406 1834 637 1892 baptismo
656 1834 832 1892 aliquid
854 1834 1066 1879 conferre
1089 1838 1300 1890 poterat,
1325 1832 1416 1876 nisi
1435 1831 1660 1890 Christus,
1681 1831 1761 1888 qui
1777 1848 1797 1870 «ι
1823 1835 1951 1875 tactu
1979 1843 2121 1876 mun-

217 1897 423 1943 dissimae
444 1910 543 1942 suae
561 1897 714 1942 carnis
737 1909 885 1954 aquas
905 1893 1229 1941 sanctificavit.
1256 1915 1277 1935 »
1309 1897 1429 1953 Ergo
1450 1894 1635 1939 videtur
1655 1892 1783 1952 quod
1811 1893 1941 1938 solus
1966 1894 2121 1938 Chris-

220 1964 294 2004 tus
312 1958 549 2015 baptismo
566 1959 756 2003 ioannis
781 1958 994 2003 debuerit
1016 1957 1258 2014 baptizari.

269 2023 312 2066 3.
346 2023 591 2078 Praeterea,
623 2022 666 2065 si
697 2021 774 2065 alii
795 2021 876 2065 illo
908 2020 1141 2077 baptismo
1164 2020 1537 2077 baptizabantur,
1554 2019 1649 2063 hoc·
1665 2030 1761 2063 non
1796 2021 1924 2073 erat,
1949 2016 2038 2061 nisi
2068 2021 2121 2062 ut

216 2087 592 2139 praepararentur
604 2084 662 2128 ad
682 2083 967 2139 baptismum
991 2082 1153 2127 Christi
1174 2089 1246 2126 :et
1262 2082 1330 2126 sic
1345 2080 1631 2126 conveniens
1651 2079 1900 2124 videbatur
1913 2077 2040 2136 quod
2058 2077 2121 2121 si-

215 2150 296 2189 cut
316 2145 581 2202 baptismus
605 2146 771 2191 Christi
791 2135 1012 2190 omnibus
1031 2145 1287 2200 confertur,
1309 2143 1568 2199 etmagnis,
1593 2146 1641 2187 et
1664 2142 1837 2199 parvis,
1865 2146 1913 2186 et
1934 2140 2122 2198 gentili-

216 2207 323 2262 bus,
347 2213 392 2252 ει
414 2208 600 2266 Judaeis,
621 2210 686 2254 ita
708 2209 847 2254 etiam
870 2212 918 2252 et
938 2208 1202 2265 baptismus
1229 2206 1419 2251 Joannis
1443 2206 1748 2251 conferretur.
1776 2204 1864 2249 Sed
1887 2216 1982 2248 non
2011 2202 2122 2260 legi-

218 2275 295 2315 tur
324 2270 450 2327 quod
487 2272 546 2315 ab
578 2284 634 2316 eo
668 2271 798 2329 pueri
833 2270 1194 2328 baptizarentur,
1234 2283 1320 2315 nec
1355 2269 1495 2314 etiam
1529 2267 1728 2325 gentiles
1756 2279 1774 2312 τ
1801 2266 1972 2312 dicitur
1996 2267 2121 2311 enim

216 2332 364 2387 (Marci
384 2347 414 2386 1,
435 2335 495 2388 5),
516 2333 643 2390 quod
664 2333 1018 2390 egrediebantur
1036 2333 1101 2376 ad
1120 2332 1255 2376 illum
1276 2334 1638 2389 Hierosolymitae
1663 2332 1883 2387 universi,
1906 2332 1951 2373 et
1969 2330 2122 2385 bapti·
2146 2357 2148 2360 »

217 2396 445 2439 zabantur
461 2397 517 2439 ab
536 2396 633 2440 illO.
655 2399 775 2452 Ergo
797 2394 983 2441 videtur
1005 2395 1130 2452 quod
1153 2395 1282 2439 solus
1306 2395 1512 2439 Christus
1535 2393 1564 2437 a
1580 2396 1757 2438 Ioanne
1779 2391 1991 2437 debuerit
2006 2391 2120 2449 bap-

220 2457 363 2501 tizari.

273 2519 361 2563 Sed
389 2523 547 2562 contra
576 2520 648 2563 est
670 2517 793 2581 quod
821 2516 991 2562 dicitur
1013 2520 1137 2572 (Luc.
1164 2532 1222 2576 iu,
1247 2519 1317 2573 21)
1340 2533 1350 2560 ε
1376 2520 1571 2560 Factum
1598 2519 1666 2560 est
1686 2517 1786 2560 cicm
1809 2516 2122 2574 baptizaretur

218 2584 359 2624 omnis
375 2580 587 2637 populus,
613 2583 655 2624 et
673 2583 778 2624 Jesu
800 2579 1047 2636 baptizato,
1070 2583 1114 2623 et
1134 2583 1312 2636 orante,
1333 2583 1486 2636 aperti
1506 2583 1608 2622 sunt
1634 2579 1753 2623 coeli.

264 2656 556 2705 CONCLUSIO.
583 2678 632 2684 —-
656 2655 747 2695 Nou
763 2654 888 2694 modo
909 2654 1136 2703 Christum,
1158 2655 1226 2695 sed
1247 2656 1373 2694 etiam
1395 2653 1498 2694 alios
1523 2654 1707 2704 oportuit
1723 2652 1929 2704 baptismo
1950 2653 2123 2694 Joa-nnis

214 2712 436 2765 baptizari:
459 2715 550 2751 tum
567 2714 615 2750 ut
634 2711 685 2750 ad
704 2710 917 2750 Christum
932 2713 1274 2762 praepararentur,
1289 2713 1383 2749 tum
1397 2710 1523 2749 etiam
1541 2720 1593 2749 ne
1610 2708 1764 2759 aliquis
1782 2707 1955 2748 loannis
1969 2707 2124 2756 baptis·

219 2779 358 2816 mum,
377 2767 530 2807 Christi
546 2767 752 2817 baptismo
774 2767 1075 2818 praeferendum
1093 2770 1269 2817 putaret.

273 2824 545 2880 Respondeo
569 2823 822 2868 dicendum
841 2823 965 2880 quod
981 2823 1154 2880 duplici
1171 2823 1228 2868 de
1247 2835 1389 2868 causa
1409 2820 1614 2879 oportuit
1633 2820 1750 2865 alios
1769 2820 1797 2865 a
1813 2819 1997 2865 Christo
2011 2818 2124 2878 hapa

218 2886 344 2932 tizari
365 2886 598 2943 baptismo
616 2885 823 2930 Joannis.
847 2885 997 2929 Primo
1017 2885 1233 2943 quidem,
1269 2889 1319 2929 ut
1346 2883 1637 2940 Augustinus
1665 2882 1776 2928 dicit
1800 2884 1964 2939 (Super
1992 2883 2122 2929 Joan.

221 2953 354 2993 tract.
375 2952 419 3005 4,
441 2948 468 2992 a
491 2948 612 2993 med⁴
636 2953 683 2992 et
702 2953 841 2992 tract.
863 2951 906 3003 5,
935 2947 1058 2992 inter
1077 2948 1227 3004 princ.
1256 2951 1302 2991 et
1325 2947 1492 3005 med),
1524 2963 1543 2982 «
1565 2945 1675 3003 quia
1697 2944 1736 2989 si
1764 2944 1894 2988 solus
1917 2943 2123 2990 Christus

219 3010 453 3067 baptismo
471 3011 662 3054 Joannis
683 3009 941 3067 baptizatus
966 3015 1108 3066 esset,
1135 3022 1228 3053 non
1249 3009 1467 3054 deessent
1489 3007 1568 3064 qui
1593 3006 1818 3059 dicerent,
1839 3004 2122 3061 baptismum

222 3071 428 3127 Ioannis,
450 3084 543 3128 quo
562 3071 770 3116 Christus
793 3075 865 3116 est
880 3071 1154 3128 baptizatus,
1169 3070 1425 3126 digniorem
1448 3081 1554 3115 esse
1579 3068 1811 3124 baptismo
1828 3066 2010 3122 Christi,
2029 3077 2122 3122 quo

218 3133 296 3179 alii
316 3133 627 3190 baptizantur.
655 3153 676 3172 »ι
702 3132 940 3190 Secundo,
966 3133 1075 3190 quia
1103 3132 1346 3190 oportebat
1377 3144 1460 3189 per
1487 3130 1773 3188 baptismum
1794 3129 1986 3172 Joannis
2007 3127 2122 3172 alios

220 3197 278 3243 ad
297 3196 582 3253 baptismum
606 3195 769 3241 Christi
791 3195 1059 3254 praeparari,
1080 3196 1201 3240 sicut
1219 3195 1396 3240 dictum
1420 3198 1492 3239 est
1511 3196 1612 3248 (art.
1635 3195 1658 3238 1
1681 3197 1728 3236 et
1748 3194 1774 3236 3
1796 3191 1896 3248 huj.
1918 3194 2119 3248 quaest).

273 3259 339 3304 Ad
360 3261 558 3316 primum
590 3270 701 3315 ergo
731 3259 981 3304 dicendum
997 3292 1009 3315 ,
1035 3257 1160 3315 quod
1192 3270 1286 3302 non
1312 3261 1500 3316 propter
1523 3256 1612 3299 hoc
1638 3254 1792 3299 solum
1818 3254 1904 3297 fuit
1934 3252 2119 3297 Joannis

261 3371 304 3412 (i)
332 3370 377 3404 Ex
404 3368 468 3403 hac
493 3367 708 3408 responsione
733 3367 855 3402 collata
880 3380 957 3402 cum
985 3374 1048 3402 art.
1080 3378 1128 3410 vr,
1215 3373 1299 3403 esset
1331 3368 1439 3402 sol-um
1474 3365 1658 3406 generalis,
1695 3363 1753 3399 sed
1776 3365 1879 3399 etiam
1909 3361 2121 3405 particularis

222 3422 337 3460 quaest.
363 3425 472 3452 vaul
503 3416 544 3450 ad
568 3416 582 3450 4
613 3419 704 3457 patet
728 3421 901 3450 auctorem
928 3417 1067 3455 sentire,
1092 3422 1131 3451 ut
1216 3415 1400 3451 criminum
1419 3414 1540 3450 saltem
1555 3414 1765 3455 graviorum.

216 3465 461 3502 animadvertit
487 3463 638 3505 Sylvius,
670 3464 757 3506 quod
786 3462 952 3497 confessio
977 3463 1038 3498 ista
1063 3477 1128 3499 non
