2170 3808
642 247 839 300 QUAEST.
871 248 983 302 xlv,
1013 247 1128 289 ART.
1160 246 1195 288 11
1222 246 1286 288 ΕΤ
1314 246 1380 288 111.
1872 247 1954 289 129

74 332 247 391 §ectum
267 332 355 376 fuit
373 326 636 374 necessitati
660 327 820 372 mortis
844 333 890 372 et
911 326 1105 371 aliorum
1127 326 1390 381 hujusmodi
1416 325 1677 370 defectuum
1704 339 1715 366 ι
1739 323 1865 381 quia,
1885 326 1952 370 si-

74 399 155 439 cut
184 394 356 438 dictum
391 396 460 435 est
494 392 594 443 (art.
623 401 761 445 praec.
793 389 853 434 ad
883 391 954 443 2),
981 405 1002 426 «
1028 387 1315 443 beneplacito
1347 387 1515 431 divinae
1547 387 1797 430 voluntatis
1824 386 1951 430 carni

77 456 238 500 Christi
258 452 606 512 permittebatur
628 463 784 509 agere,
805 455 852 496 et
881 450 973 506 pati
994 461 1100 506 quae
1121 449 1322 505 propria.
1347 468 1366 487 n
1388 452 1493 493 llaec
1521 456 1674 493 autem
1703 447 1953 493 necessitas

74 522 293 561 causatur
314 528 372 560 ex
394 513 630 571 principiis
648 514 865 557 humanae
894 517 1074 555 naturae
1088 545 1099 563 ‚
1124 516 1177 554 ut
1196 510 1370 554 dictum
1391 516 1461 554 est
1487 510 1577 559 (hic
1599 515 1772 566 supra).
1799 510 1841 553 Si
1866 521 1952 554 au-

80 583 168 623 tem
199 579 443 635 loquamur
466 577 522 620 de
555 575 830 619 necessitate
862 571 1139 629 coactioniS‚
1169 572 1428 616 secundum
1455 572 1643 627 quidem
1665 573 1788 628 quod
1810 584 1953 628 repu-

78 645 190 696 gnat
210 645 386 684 naturae
408 636 648 694 corporali,
675 636 744 680 sic
774 635 936 680 iterum
968 647 1138 690 corpus
1166 633 1330 678 Christi
1354 633 1614 677 secundum
1639 634 1950 678 conditionem

78 702 271 758 propriae
292 705 468 744 naturae
492 698 756 743 necessitati
783 697 1015 753 subJacuit
1042 701 1088 741 et
1121 695 1237 739 clavi
1268 694 1544 751 perforantis
1559 726 1571 750 ‚
1595 700 1642 739 et
1664 695 1830 750 flagelli
1854 707 1953 752 per-

78 762 294 807 cutientis
311 763 387 816 (1).
407 760 669 805 Secundum
691 760 799 803 vero
817 758 939 816 quod
962 757 1214 802 necessitas
1230 757 1334 800 talis
1349 761 1580 812 repugnat
1598 756 1837 808 voluntati,
1855 769 1953 800 ma-

78 823 294 869 nifestum
314 827 386 867 est
408 822 532 879 quod
560 822 607 865 in
638 821 813 865 Christo
833 833 926 865 non
953 821 1039 864 suit
1060 818 1309 864 necessitas
1334 818 1500 862 horum
1519 818 1779 862 defectuum
1803 830 1953 874 neque

76 896 159 941 per
177 889 440 941 respectum
460 883 518 928 ad
538 883 740 928 divinam
760 882 1042 927 voluntatem
1057 914 1068 936 ,
1090 893 1242 937 neque
1271 893 1353 936 per
1375 885 1633 936 respectum
1665 878 1721 922 ad
1740 879 1955 923 volunta-

78 949 170 990 tem
187 946 436 990 humanam
453 944 615 990 Christi
635 944 862 999 absolute,
877 948 1014 1000 prout
1030 941 1241 998 sequitur
1255 942 1477 986 rationem
1494 942 1854 995 deliberantem3
1871 940 1952 984 sed

79 1007 227 1052 solum
248 1007 502 1052 secundum
527 1006 785 1050 naturalem
812 1010 990 1050 motum
1011 1003 1287 1059 voluntatis,
1310 1008 1449 1060 prout
1479 1003 1654 1047 scilicet
1684 1001 1990 1049 naturaliter-

79 1067 248 1124 retugit
271 1074 486 1122 mortem,
510 1072 556 1112 et
577 1067 715 1111 etiam
740 1065 946 1122 corporis
970 1070 1266 1110 nocumenta.

131 1130 197 1175 Ad
217 1133 411 1186 primum
426 1139 536 1184 ergo
556 1127 820 1183 dicendum,
836 1126 962 1184 quod
984 1126 1191 1171 Christus
1213 1125 1382 1171 dicitur
1399 1125 1592 1180 oblatus,
1615 1138 1723 1180 qma
1750 1124 1890 1167 voluit
1908 1128 1955 1168 et

79 1191 312 1236 voluntate
329 1190 500 1244 divina,
524 1193 571 1234 et
584 1188 822 1233 voluntate
847 1189 1050 1232 humana
1073 1187 1347 1242 deliberata3
1372 1186 1481 1231 licet
1501 1198 1628 1230 mors
1649 1191 1770 1230 esset
1793 1189 1953 1229 contra

79 1252 332 1297 naturalem
354 1257 530 1296 motum
556 1249 804 1294 voluntatis
823 1250 1054 1306 humanae,
1084 1253 1137 1293 ut
1155 1251 1467 1293 Damascenus
1485 1247 1594 1292 dicit
1610 1246 1753 1302 (Orth.
1772 1246 1852 1291 fid.
1871 1245 1952 1291 lib.

78 1326 138 1370 111,
157 1327 258 1371 cap.
275 1317 345 1369 23,
365 1319 413 1358 et
433 1326 532 1370 cap.
557 1315 610 1356 24
625 1310 673 1356 in
692 1311 805 1366 fin.).

130 1376 195 1421 Ad
230 1377 466 1420 secundum
481 1378 605 1433 patet
626 1373 866 1430 responsio
886 1385 945 1418 ex
964 1373 1098 1418 dictis
1120 1373 1182 1426 (in
1201 1375 1362 1429 corp).

132 1438 192 1482 Ad
214 1442 393 1481 tertium
413 1436 674 1492 dicendum,
704 1434 827 1492 qued
846 1433 958 1479 nihil
987 1435 1075 1479 fnit
1096 1434 1331 1491 potentius
1351 1433 1491 1490 quam
1514 1433 1666 1478 anima
1692 1431 1858 1476 Christi
1878 1431 1957 1477 ab·

78 1498 248 1554 solute,
281 1499 392 1543 nihil
424 1503 576 1543 tamen
601 1497 811 1554 prohibet
841 1496 1014 1553 aliquid
1043 1496 1189 1541 fuisse
1219 1495 1453 1553 potentius
1484 1499 1709 1553 quantum
1744 1494 1802 1539 ad
1831 1495 1956 1539 hunc

78 1560 307 1615 effectum,
328 1561 447 1605 sicut
463 1561 623 1605 clavus
642 1559 701 1604 ad
715 1558 1058 1617 perforandum.
1077 1561 1129 1602 Et
1145 1558 1234 1602 hoc
1252 1558 1372 1613 dico„
1388 1558 1646 1603 secundum
1659 1557 1783 1613 quod
1801 1556 1956 1601 anima

81 1622 238 1667 Christi
259 1622 575 1667 consideratur
592 1621 850 1667 secundum
871 1620 1102 1678 propriam
1122 1625 1334 1665 naturam
1358 1624 1405 1664 et
1425 1620 1640 1664 virtutem
1661 1623 1715 1672 (2)

80 1692 420 1736 ARTICULUS
447 1695 528 1736 111.
566 1715 624 1723 —-
650 1703 790 1734 uranu
819 1702 1019 1734 cnms'rus
1046 1702 1258 1734 nurscws
1286 1701 1550 1733 convontus
1578 1701 1859 1732 commmunia·
1880 1690 1954 1743 (3).

80 1756 128 1794 De
157 1758 208 1794 his
237 1759 336 1794 etiam
355 1760 448 1794 Sent.
479 1767 533 1801 lu,
562 1758 641 1793 dist.
665 1758 719 1801 ⁴5,
737 1761 852 1800 quaest.
874 1766 901 1800 ι,
932 1761 996 1792 art.
1016 1760 1099 1841 5523}
1118 1758 1196 1793 dist.
1211 1758 1266 1800 21,
1285 1761 1400 1800 quaest.
1428 1766 1468 1798 11,
1489 1762 1557 1793 art.
1574 1757 1598 1792 2
1614 1770 1708 1799 corp.
1726 1763 1760 1792 et
1777 1760 1899 1800 opusc.
1916 1766 1955 1805 ιι,

939 1818 1010 1848 081).
1089 1820 1111 1842 ‘-

135 1867 199 1912 Ad
220 1868 405 1912 tertium
429 1867 496 1912 sic
515 1867 792 1924 proceditur.
816 1870 858 1911 1.
876 1866 1062 1912 Videtur
1079 1865 1203 1923 quod
1230 1866 1437 1911 Christus
1466 1866 1674 1911 defectus
1694 1866 1957 1922 corporales

80 1930 374 1973 contraxerit.
396 1928 511 1973 Illud
528 1929 651 1973 enim
672 1928 942 1973 contrahere
964 1927 1160 1972 dicimur
1175 1927 1300 1984 quod
1323 1927 1462 1972 simul
1480 1939 1587 1971 cum
1607 1934 1771 1971 natura
1790 1940 1848 1971 ex
1867 1928 1957 1971 ori-

82 1989 190 2046 gine
215 1990 456 2034 trahimus.
480 1989 566 2035 Sed
586 1990 792 2035 Christus
821 1989 960 2034 simul
986 2000 1093 2034 cum
1117 1994 1285 2034 natura
1305 1989 1510 2033 humana
1531 1989 1738 2033 defectus
1760 1994 1806 2033 et
1827 1990 1957 2033 infir-

81 2051 261 2095 mitates
276 2051 537 2107 corporales
556 2064 639 2107 per
651 2063 783 2096 suam
797 2051 1020 2106 originem
1037 2050 1176 2095 traxit
1189 2051 1216 2094 a
1234 2056 1396 2107 matre⁷
1413 2050 1548 2107 qu'us
1563 2063 1670 2094 caro
1694 2049 1956 2106 hujusmodi

80 2112 334 2157 defectibus
356 2112 639 2169 subJacebat.
661 2115 777 2168 Ergo
795 2112 981 2157 videtur
1000 2112 1124 2169 quod
1143 2113 1228 2156 hos
1245 2112 1451 2156 defectus
1468 2112 1763 2156 contraxerit.

134 2176 177 2219 2.
206 2176 442 2223 Praeterea,
466 2173 511 2219 id
543 2173 668 2230 quod
698 2186 756 2218 ex
775 2173 1013 2230 principiis
1041 2179 1221 2218 naturae
1239 2178 1471 2229 causatur,
1505 2173 1644 2219 simul
1663 2184 1770 2217 cum
1793 2177 1958 2218 natura

83 2234 302 2280 trahitur:
336 2240 380 2281 et
408 2235 469 2278 ita
490 2235 774 2279 contrahitur
804 2237 877 2290 (4).
904 2235 988 2279 Sed
1011 2234 1276 2290 huiusmodi
1307 2234 1598 2291 poenalitates
1620 2238 1872 2278 causantur
1901 2247 1959 2279 ex

81 2296 315 2353 principiis
338 2302 512 2340 naturae
529 2298 759 2341 humanae.
778 2299 895 2352 Ergo
913 2309 994 2342 eas
1007 2296 1211 2342 Christus
1232 2297 1475 2341 contraxit.

135 2361 178 2404 3.
208 2362 443 2414 Praeterea,
463 2360 718 2404 secundum
741 2359 1007 2416 hujusmodi
1029 2359 1236 2404 defectus
1254 2359 1461 2404 Christus
1479 2358 1582 2403 aliis
1605 2357 1870 2403 hominibus
1892 2357 1958 2403 si-

83 2419 283 2475 milatur,
303 2425 354 2464 ut
376 2420 540 2464 dicitur
557 2421 706 2474 (Hebr.
728 2425 793 2475 u).
811 2422 898 2466 Sed
916 2421 992 2465 alii
1013 2421 1224 2465 homines
1251 2421 1517 2478 hujusmodi
1537 2421 1744 2465 defectus
1773 2423 1959 2464 contra-

82 2482 215 2527 hunt.
234 2485 350 2538 Ergo
367 2483 548 2528 videtur
561 2482 682 2540 quod
703 2483 839 2528 etiam
865 2483 1070 2528 Christus
1087 2483 1351 2540 huJusmodi
1376 2483 1585 2528 desectus
1608 2482 1902 2527 contraxerit.

138 2545 220 2589 Sed
243 2548 397 2588 contra
415 2544 618 2601 estquod
640 2545 904 2602 hujusmodi
921 2546 1129 2590 defectus
1151 2546 1488 2589 contrahuntur
1501 2557 1558 2589 ex
1576 2550 1779 2602 peccato„
1798 2556 1961 2589 secun·

83 2605 193 2650 dum
209 2606 321 2651 illud
336 2607 478 2659 (Rom.
498 2607 657 2661 v,⁴12):
678 2611 762 2649 Per
780 2620 918 2650 unum
935 2608 1158 2650 hominem
1169 2611 1408 2662 peccatum
1421 2609 1610 2649 intravit
1632 2610 1679 2648 z'n
1697 2607 1817 2648 hunc
1831 2619 1960 2649 mun·

85 2667 208 2724 dum,
229 2672 270 2711 et
299 2680 381 2723 per
398 2672 633 2723 peccatum
659 2681 793 2712 mors.
829 2667 915 2713 Sed
943 2668 991 2712 in
1021 2668 1198 2712 Christo
1219 2680 1313 2711 non
1335 2667 1496 2712 habuit
1527 2667 1678 2711 locum
1699 2672 1958 2723 peccatum.

84 2730 200 2784 Ergo
218 2729 481 2786 huiusmodi
499 2729 704 2774 defectus
727 2730 931 2775 Christus
949 2743 1042 2775 non
1058 2730 1303 2774 contraxit.

132 2796 416 2837 CONCLUSIO.
439 2820 488 2827 —
506 2798 691 2838 Christus
710 2810 791 2838 non
815 2799 956 2850 aliquo
979 2799 1132 2850 peccati
1152 2797 1287 2838 debito
1304 2797 1530 2849 corporales
1548 2797 1724 2837 defectus
1743 2799 1960 2844 contraxit,

87 2849 155 2889 sed
173 2850 264 2890 illos
278 2851 438 2901 propria
456 2851 666 2891 voluntate
688 2853 878 2904 suscepit.

142 2911 406 2968 Respondeo
428 2913 673 2958 dicendum
695 2914 818 2970 quod
838 2915 882 2958 in
904 2914 1049 2959 verbo
1070 2913 1370 2959 contrahendi
1394 2907 1665 2968 intelligitur
1683 2912 1796 2956 ordo
1818 2912 1958 2957 effec-

87 2975 162 3016 tus
185 2973 242 3017 ad
262 2985 464 3028 causam,
484 2978 535 3018 ut
549 2975 720 3020 scilicet
739 2976 853 3021 illud
873 2976 1052 3021 dicatur
1070 2975 1278 3021 contrahi
1295 2974 1419 3031 quod
1438 2975 1576 3018 simul
1594 2986 1701 3018 cum
1719 2986 1804 3018 sua
1819 2986 1960 3019 causa

127 3094 169 3135 (l)
187 3093 271 3136 Quia
289 3105 406 3135 nempe
426 3094 557 3129 obstare
576 3107 642 3129 non
666 3100 796 3135 poterat
816 3097 896 3139 quin
920 3098 974 3133 vel
1058 3097 1197 3132 effectos
1221 3097 1262 3131 ad
1291 3108 1442 3138 causam,
1471 3097 1518 3131 ita
1548 3100 1586 3130 ut
1611 3096 1695 3130 illud
1723 3096 1857 3131 dicatur
1878 3108 1959 3131 con·

88 3142 336 3185 perforaretur,
373 3142 504 3182 quando
536 3142 786 3183 applicabantur
816 3145 848 3179 ei
876 3145 974 3188 clavi,
1059 3146 1162 3184 trahi,
1180 3144 1267 3186 quod
1291 3144 1390 3178 simul
1411 3155 1487 3178 cum
1509 3155 1567 3178 sua
1583 3154 1680 3178 causa
1701 3155 1739 3177 ex
1764 3144 1959 3178 necessitate

85 3191 138 3225 vel
156 3191 238 3231 quin
262 3194 495 3231 percuteretur
517 3190 649 3231 quando
667 3190 703 3225 in
721 3191 891 3232 flagellum
909 3193 975 3228 ad-
1059 3193 1227 3234 trahitur;
1256 3204 1293 3227 ac
1316 3192 1459 3234 proinde
1486 3198 1524 3226 ut
1545 3203 1638 3226 causa
1669 3191 1859 3226 defectuum
1884 3203 1957 3226 cor-

86 3237 292 3277 movohatun
307 3242 370 3272 etc.
1059 3240 1224 3280 poraliurn
1252 3240 1289 3274 in
1315 3240 1410 3274 nobis
1436 3239 1521 3274 nihil
1539 3239 1631 3273 aliud
1650 3247 1698 3273 est
1717 3241 1815 3283 quam
1843 3248 1958 3279 pecca·

125 3285 254 3325 (2)Non
264 3285 352 3318 euim
370 3290 497 3325 poterat
511 3286 721 3326 perseipsum
732 3287 842 3321 anima
854 3287 977 3323 Christi
1060 3292 1146 3325 tum,
1167 3293 1363 3328 sequeretur
1389 3287 1560 3322 Christum
1581 3298 1748 3328 peccasse,
1773 3287 1799 3320 si
1818 3286 1959 3320 daretur

87 3344 201 3366 rerum
227 3331 378 3366 ordinem
404 3333 585 3366 immutare
607 3339 640 3367 et
666 3334 828 3368 miracula
855 3334 975 3376 facere,
1060 3336 1229 3375 responsio
1248 3335 1432 3370 affirmans.

86 3384 125 3414 ut
139 3385 232 3414 antea
247 3380 375 3414 dictum
390 3386 437 3415 est
449 3385 578 3421 (quaest.
599 3381 690 3422 art.).
1101 3383 1150 3423 (45
1162 3382 1350 3417 Alludendo
1369 3383 1528 3423 adipsum
1540 3382 1682 3417 verbum
1699 3380 1955 3422 contrahendi,

126 3428 168 3468 (5)
201 3428 360 3466 Negative
396 3429 573 3476 respondet
603 3429 637 3463 S.
678 3430 801 3462 Doctor
828 3429 905 3470 quia
939 3430 976 3464 in
1060 3429 1165 3466 veluti
1184 3431 1340 3465 eumalio
1357 3431 1524 3466 trahendi.

86 3474 187 3509 verbo
205 3476 421 3510 contrahere
435 3487 494 3516 per
509 3475 653 3510 scholam
673 3476 877 3516 intelligitur
895 3476 976 3510 ordo

274 3540 333 3575 VI.
1740 3539 1763 3577 5
