2170 3808
616 255 814 306 QUAEST.
848 257 996 311 XXIII,
1026 257 1144 299 ART.
1175 256 1211 298 ll
1237 257 1303 298 ET
1331 257 1397 299 lIl.
1871 257 1952 299 277

129 339 196 385 Ad
221 341 405 384 tertium
435 336 682 383 dicendum
699 370 711 392 ,
737 336 861 393 qued
890 336 938 379 in
971 334 1267 392 generatione
1296 335 1491 379 aliorum
1526 334 1766 380 hominum
1797 333 1952 380 locum

75 400 212 447 habet
229 400 354 458 quod
370 399 483 446 dicit
498 399 821 454 PhilosophuS,
844 402 1032 455 propter
1052 398 1138 441 hoc
1156 396 1281 453 qued
1300 397 1563 442 successive
1586 409 1756 454 corpus
1778 397 1953 442 forma-

74 464 150 506 tur
168 466 214 507 et
236 461 496 519 disponitur
513 460 573 507 ad
591 460 818 514 animam3
843 459 968 504 unde
991 458 1139 515 prime
1160 462 1380 514 tanquam
1397 458 1664 514 imperfecte
1678 458 1953 516 dispositum

73 522 236 580 recipit
256 523 459 568 animam
477 521 810 579 imperfectam,
835 525 882 565 et
901 520 1214 577 postmodum,
1238 518 1425 574 quando
1442 520 1645 575 perfecte
1662 524 1735 565 est
1753 519 1953 577 disposi-

73 587 200 641 tum,
223 584 385 641 recipit
404 582 607 628 animam
632 583 883 639 perfectam
907 582 981 635 (1).
1007 580 1093 625 Sed
1125 592 1296 636 corpus
1324 579 1487 624 Christi
1513 584 1700 637 propter
1720 578 1953 627 infinitam

73 645 286 691 virtutem
311 645 491 703 agentis
509 645 597 689 fuit
619 644 821 701 perfecte
843 642 1119 699 dispositum
1142 642 1190 686 in
1214 641 1436 686 instanti:
1461 641 1588 686 unde
1607 641 1759 686 statim
1784 642 1833 687 in
1858 643 1953 701 pri—

73 718 151 751 mo
171 707 361 751 instanti
379 706 554 761 recepit
576 705 772 749 formam
795 704 1064 761 perfectam,
1088 703 1135 747 id
1155 707 1244 759 est,
1269 703 1472 747 animam
1493 701 1781 747 rationalem.

74 769 417 812 ARTICULUS
438 770 523 811 111.
546 791 600 798 —
622 780 757 810 uranu
781 779 935 809 coneus
961 778 1121 808 cnmsn
1141 779 1180 808 m
1203 779 1324 810 PRIMO
1344 778 1524 809 ursum
1553 778 1641 808 suAE
1661 777 1954 811 coucnmtoms

706 844 855 873 FUERIT
877 843 903 872 A
922 842 1054 872 VERBO
1078 842 1333 873 ASSUMPTUM.

73 897 122 933 De
141 898 195 934 his
218 898 322 934 etiam
345 900 439 934 Sent.
460 907 511 939 ιιι,
530 898 608 933 dist.
627 898 662 938 2,
688 905 804 940 quaest.
824 907 864 938 ιι,
888 902 951 932 art.
967 898 1006 979 ᾖ
1023 903 1057 978 οἱ
1078 897 1155 964 dist.
1175 898 1209 939 5,
1228 901 1342 938 quaest.
1362 905 1395 938 v,
1414 902 1478 931 art.
1494 896 1527 939 2,
1545 900 1581 931 et
1602 898 1700 932 Cont.
1716 900 1807 936 gent.
1822 895 1885 931 lib.
1902 906 1951 939 tv,

881 957 952 986 cap.
998 957 1008 979 4
1024 957 1042 980 e
1073 958 1125 980 -ω,

123 999 190 1045 Ad
210 1000 392 1045 tertium
410 999 478 1045 sic
493 999 773 1056 proceditur.
794 1003 836 1043 1.
858 999 1046 1043 Videtur
1065 998 1189 1054 qued
1212 1010 1320 1043 caro
1342 998 1507 1043 Christi
1529 998 1660 1056 pries
1678 998 1818 1043 fuerit
1836 1011 1952 1043 con-

72 1066 220 1118 cepta,
231 1066 277 1107 et
288 1062 583 1118 postmodum
601 1065 856 1118 assumpta.
872 1060 1003 1113 Quod
1017 1059 1142 1104 enim
1163 1073 1256 1104 non
1274 1064 1361 1116 est,
1376 1072 1471 1103 non
1490 1064 1640 1117 potest
1657 1061 1848 1105 assumi.
1866 1061 1954 1106 Sed

72 1134 179 1166 caro
195 1123 359 1167 Christi
379 1135 461 1180 per
478 1122 827 1178 conceptionem
851 1133 953 1166 esse
979 1121 1185 1177 incoepit.
1213 1123 1331 1177 Ergo
1352 1121 1537 1166 videtur
1558 1121 1683 1179 qued
1711 1122 1851 1167 fuerit
1874 1134 1953 1166 as-

71 1188 258 1240 sumpta
276 1184 304 1228 a
324 1185 472 1229 Verbo
490 1184 584 1243 Dei,
604 1188 853 1240 postquam
870 1183 958 1227 fuit
979 1186 1219 1238 concepta.

125 1247 169 1290 2.
199 1248 436 1300 Praeterea,
456 1258 563 1290 caro
586 1245 749 1290 Christi
767 1244 855 1289 fuit
873 1249 1113 1300 assumpta
1126 1244 1153 1287 a
1167 1244 1315 1289 Verbo
1338 1244 1433 1303 Dei,
1454 1245 1689 1290 mediante
1711 1245 1868 1289 anima
1883 1258 1954 1289 ra-

74 1305 232 1352 tlenali
256 1309 328 1363 (2).
350 1307 503 1353 sedin
527 1307 725 1352 termino
751 1306 1066 1363 conceptionis
1095 1306 1272 1363 accepit
1298 1306 1501 1350 animam
1527 1306 1814 1351 rationalem.
1836 1309 1953 1364 Ergo

71 1367 120 1412 in
142 1370 340 1414 termino
359 1363 676 1426 conceptionis
699 1368 786 1413 fuit
808 1373 1062 1425 assumpta.
1092 1368 1179 1413 Sed
1202 1368 1251 1412 in
1278 1368 1477 1414 termino
1499 1368 1814 1426 conceptionis
1837 1368 1954 1414 dici-

72 1434 149 1474 tur
156 1431 256 1488 jam
271 1435 509 1488 concepta.
531 1434 651 1487 Ergo
670 1430 799 1488 prius
820 1430 908 1474 fuit
926 1435 1151 1486 concepta
1171 1433 1219 1475 et
1240 1430 1536 1487 postmodum
1556 1434 1812 1487 assumpta.

126 1494 169 1537 3.
200 1494 439 1549 Praeterea,
459 1493 509 1536 in
529 1492 653 1536 omni
685 1496 903 1548 generato
926 1492 1055 1548 prius
1076 1496 1282 1548 tempore
1302 1496 1374 1536 est
1393 1491 1440 1536 id
1469 1492 1594 1548 quod
1612 1496 1685 1537 est
1706 1492 1952 1549 imperfec-

76 1557 188 1610 tum,
209 1566 265 1598 eo
286 1553 411 1611 quod
431 1558 501 1599 est
523 1554 779 1611 perfectum
794 1587 806 1611 ,
827 1557 879 1598 ut
896 1558 1022 1610 patet
1043 1566 1124 1610 per
1145 1553 1472 1610 Philosophum
1501 1556 1560 1609 (3)
1586 1555 1850 1612 (Metaphys.
1869 1553 1952 1599 lib.

73 1627 131 1670 ix,
150 1619 262 1660 text.
287 1617 374 1669 13).
401 1615 487 1661 Sed
505 1628 675 1673 corpus
693 1615 857 1660 Christi
877 1620 947 1660 est
969 1615 1192 1673 quiddam
1213 1620 1502 1672 generatum.
1525 1617 1642 1673 Ergo
1665 1616 1724 1661 ad
1743 1616 1954 1660 ultimam

73 1676 417 1734 perfectionem,
435 1689 539 1734 quae
559 1677 769 1723 consistit
788 1677 836 1722 in
855 1677 1030 1723 unione
1050 1677 1109 1722 ad
1125 1677 1324 1723 Verbum
1338 1677 1433 1732 Dei,
1453 1690 1547 1722 non
1564 1678 1720 1723 statim
1739 1678 1787 1722 in
1805 1678 1955 1735 primo

75 1737 264 1844 {instanti
294 1740 610 1796 conceptionis
630 1740 866 1797 pervenit3
890 1740 975 1786 sed
993 1740 1141 1797 prime
1163 1740 1250 1786 fuit
1279 1753 1387 1786 caro
1418 1745 1643 1798 concepta
1670 1745 1715 1785 et
1746 1745 1955 1797 postmo-

106 1802 187 1844 um
210 1805 463 1857 assumpta.

130 1861 218 1906 Sed
237 1864 397 1905 contra
431 1866 502 1906 est
524 1862 647 1919 quod
676 1862 960 1918 Augustinus
989 1861 1290 1918 (Fulgentius)
1314 1862 1424 1907 dicit
1444 1863 1563 1918 (libr.
1588 1866 1649 1907 De
1672 1863 1762 1908 fide
1791 1864 1850 1909 ad
1870 1867 1956 1908 Pe-

74 1926 223 1979 trum,
247 1935 350 1979 cap.
371 1926 472 1979 18):
497 1942 516 1962 u
542 1924 820 1968 Firmissime
848 1928 955 1968 tene
990 1928 1035 1968 et
1055 1924 1322 1969 nullatenes
1354 1924 1555 1981 dubites,
1579 1938 1767 1970 carnem
1790 1924 1954 1970 Christi

74 1996 169 2029 non
187 1983 332 2028 fuisse
351 1988 620 2041 conceptam
636 1985 684 2029 in
699 1989 831 2029 utero
851 1984 1064 2041 Virginis,
1084 1985 1354 2042 pritisquam
1372 1986 1686 2042 susciperetur
1703 1986 1730 2030 a
1750 1986 1912 2031 Verbo.
1931 2006 1951 2026 ι»

120 2052 410 2093 CONCLUSIO.
436 2074 484 2081 -
507 2053 605 2093 cum
627 2064 717 2094 caro
741 2052 893 2093 Christi
914 2052 1075 2092 nullam
1090 2052 1215 2093 aliam
1231 2054 1356 2104 quam
1369 2052 1489 2093 Verbi
1510 2054 1581 2093 Dei
1599 2053 1857 2106 hypostasim
1877 2054 1955 2095 ha-

74 2105 221 2155 buerit,
239 2117 322 2146 non
342 2106 455 2157 prins
473 2107 517 2146 in
538 2110 651 2147 utero
667 2109 857 2158 concepta
878 2107 974 2156 fuit,
992 2108 1118 2158 quem
1136 2107 1160 2146 a
1181 2107 1310 2147 Verbo
1332 2107 1405 2147 Dei
1424 2111 1650 2159 assumpta.

127 2168 395 2224 Respondeo
414 2169 663 2214 dicendum
681 2169 821 2227 qued,
843 2169 961 2214 sicut
986 2182 1126 2226 supra
1155 2170 1329 2215 dictum
1348 2175 1420 2215 est
1438 2173 1617 2227 (quaest.
1639 2185 1724 2227 xvi,
1749 2175 1835 2216 art.
1861 2175 1886 2216 6
1909 2176 1956 2217 et

75 2232 132 2285 7),
156 2230 340 2286 proprie
359 2229 557 2275 dicimus
578 2234 722 2276 Deum
742 2231 916 2275 factum
939 2243 1041 2275 esse
1061 2231 1322 2287 hominem3
1344 2244 1438 2276 non
1457 2241 1612 2277 autem
1634 2234 1819 2290 proprie
1838 2233 1956 2279 dici-

74 2302 179 2336 mus
199 2291 324 2348 qued
343 2291 482 2336 homo
502 2293 651 2337 factus
674 2293 734 2337 sit
747 2296 868 2337 Deus
894 2308 905 2336 :
927 2292 1036 2349 quia
1052 2293 1225 2338 scilicet
1242 2298 1364 2338 Deus
1387 2295 1640 2351 assumpsit
1659 2295 1749 2340 sibi
1765 2295 1811 2339 id
1830 2296 1955 2352 quod

74 2357 146 2397 est
168 2353 396 2409 hominis;
421 2366 515 2398 non
540 2358 692 2398 autem
712 2354 955 2411 praeextitit
975 2354 1018 2398 id
1039 2355 1162 2411 quod
1182 2360 1253 2399 est
1271 2355 1488 2411 hominis,
1509 2356 1642 2413 quasi
1668 2369 1748 2412 per
1768 2369 1818 2401 se
1841 2356 1955 2401 sub-

75 2413 261 2471 sistenS,
283 2421 532 2472 antequam
548 2415 860 2473 susciperetur
879 2416 906 2459 a
919 2415 1080 2460 Verbo.
1105 2416 1147 2460 Si
1169 2421 1325 2461 autem
1350 2430 1458 2461 caro
1476 2418 1640 2463 Christi
1659 2418 1823 2464 fuisset
1841 2431 1956 2463 con-

75 2480 222 2532 cepta,
244 2480 494 2534 antequam
516 2477 829 2533 susciperetur
854 2477 882 2520 a
901 2477 1048 2521 Verbo
1063 2509 1076 2532 ,
1096 2477 1337 2523 habuisset
1359 2478 1610 2535 aliquando
1635 2480 1837 2537 aliquam
1868 2480 1956 2537 hy-

74 2537 295 2594 postasim
316 2542 485 2594 praeter
515 2538 804 2596 hypostasim
825 2538 958 2583 Verbi
979 2538 1083 2593 Dei3
1110 2540 1235 2595 quod
1262 2544 1334 2585 est
1359 2546 1521 2584 contra
1547 2541 1771 2586 radonem
1799 2541 1956 2585 incar-

76 2597 292 2655 nationis,
318 2598 576 2643 secundem
608 2611 749 2656 quam
777 2599 997 2656 ponimus
1016 2632 1028 2655 ‚
1058 2600 1258 2644 Verbum
1290 2600 1368 2645 Dei
1404 2613 1508 2646 esse
1531 2601 1716 2647 unitum
1737 2602 1955 2648 humanae

75 2662 253 2704 naturae
283 2660 572 2705 etomnibus
591 2661 802 2717 partibus
820 2660 922 2717 ejus
944 2661 993 2704 in
1023 2660 1201 2705 unitate
1232 2662 1511 2720 hypostasis.
1546 2666 1638 2708 Nec
1667 2664 1755 2708 fuit
1783 2677 1953 2710 conve-

75 2718 210 2764 niens
222 2721 347 2776 qued
356 2721 644 2779 hypostasim
663 2722 1031 2779 praeexistentem
1051 2722 1269 2767 humanae
1288 2727 1481 2781 naturae,
1502 2724 1576 2769 vel
1594 2724 1792 2781 alicujus
1811 2726 1954 2782 partis

76 2778 201 2835 erS,
218 2781 416 2826 Verbum
442 2784 521 2828 Dei
547 2784 633 2829 sua
662 2784 981 2841 assumptione
1004 2784 1280 2830 destrueret.
1311 2788 1366 2830 Et
1398 2785 1503 2831 ideo
1525 2793 1688 2831 contra
1719 2786 1860 2831 fidem
1884 2791 1957 2833 est

77 2840 245 2946 gizerz
249 2842 373 2898 qued
393 2855 502 2887 caro
528 2844 690 2888 Christi
709 2845 837 2902 prius
869 2845 1007 2889 fuerit
1028 2850 1254 2902 concepta
1271 2882 1284 2901 ‚
1311 2850 1358 2892 et
1389 2848 1683 2904 postmodum
1715 2852 1954 2905 assumpta

162 2913 212 2945 er
246 2913 274 2945 o
293 2903 387 2946 Dei.

132 2961 200 3006 Ad
217 2965 419 3018 primum
440 2975 550 3020 ergo
568 2965 834 3022 dicendum,
853 2965 978 3023 qued
1007 2966 1046 3011 si
1068 2979 1176 3011 caro
1198 2967 1361 3012 Christi
1395 2981 1488 3012 non
1511 2969 1675 3014 fuisset
1691 2969 1740 3014 in
1764 2970 1954 3016 instanti

76 3023 274 3068 formata
289 3036 373 3069 seu
395 3029 632 3082 concepta,
657 3027 740 3072 sed
757 3040 838 3084 per
866 3027 1087 3084 temporis
1105 3029 1473 3085 successionem,
1504 3034 1736 3087 oporteret
1759 3032 1954 3078 alterum

77 3085 278 3130 duorum
300 3087 448 3143 sequi,
466 3087 538 3131 vel
556 3087 680 3144 qued
698 3094 988 3147 assumptum
1010 3090 1219 3135 nondum
1233 3096 1356 3136 esset
1372 3104 1481 3137 caro
1496 3094 1572 3150 (4),
1590 3094 1664 3138 vel
1686 3094 1810 3151 qued
1824 3095 1954 3152 priuis

117 3194 345 3236 (livia-iarum
369 3196 559 3231 animarum
583 3199 822 3232 successionem
846 3198 881 3232 in
899 3199 967 3232 for·
1053 3204 1102 3233 est
1131 3199 1231 3233 homo
1262 3200 1314 3235 vel
1344 3201 1567 3242 frumentum,
1601 3202 1691 3237 velut
1723 3205 1864 3239 materia
1899 3203 1954 3239 vel

77 3243 225 3278 natione
255 3243 399 3276 hominis
428 3243 562 3279 admisit
592 3247 625 3280 S.
662 3247 783 3280 Doctor
810 3247 909 3286 (part.
939 3246 967 3286 Ι,
1051 3257 1177 3286 semen.
1205 3259 1272 3281 esse
1297 3252 1447 3289 tempore
1464 3250 1558 3290 prius
1581 3262 1619 3284 eo
1639 3251 1727 3292 quod
1751 3258 1827 3285 actu
1852 3252 1953 3285 homo

77 3294 191 3330 quoest.
209 3298 322 3329 Lxxw.
344 3295 410 3325 art.
427 3292 448 3326 5
470 3292 510 3326 ad
529 3292 562 3334 5,
579 3298 610 3327 et
625 3298 740 3334 quaest.
757 3301 875 3333 cxvut,
901 3297 966 3328 art.
1052 3293 1100 3329 vel
1121 3294 1329 3329 frumentum
1343 3303 1405 3337 est,
1422 3307 1484 3331 etc.

76 3333 99 3369 2
115 3336 155 3368 ad
176 3336 222 3377 2),
241 3336 343 3370 ethic
358 3337 556 3372 sententiam
578 3339 673 3373 istum
697 3346 846 3374 renovat.
1092 3343 1136 3383 (4)
1159 3342 1248 3384 Sive,
1270 3344 1316 3377 ait
1334 3344 1475 3385 Nicolai,
1495 3346 1583 3386 qued
1608 3345 1727 3380 fuisset
1744 3349 1951 3386 assumptum

117 3382 161 3423 (2)
187 3384 234 3418 Ex
253 3391 367 3426 quaest.
394 3393 440 3426 vt,
458 3393 522 3420 art.
541 3388 555 3420 t
588 3388 643 3421 ubi
672 3388 733 3422 hoc
756 3401 794 3423 ex
821 3387 967 3428 professo
1051 3395 1228 3429 antequam
1241 3396 1322 3424 essct
1337 3402 1426 3431 caro,
1442 3392 1589 3432 perfecta
1605 3404 1724 3432 nempe
1736 3404 1772 3425 ac
1789 3393 1949 3435 humanm

79 3426 215 3464 docetur
232 3434 265 3466 et
279 3432 413 3465 rursum
433 3437 496 3466 art.
511 3433 533 3467 2
549 3433 730 3469 indicatur.
1050 3437 1127 3475 pute
1143 3438 1218 3470 cem
1237 3437 1345 3472 adhuc
1363 3439 1503 3473 formam
1521 3440 1713 3481 emin-yonis
1731 3439 1884 3474 haberet.

118 3477 162 3518 (5)
179 3477 260 3512 Puta
285 3480 361 3512 <inu
386 3480 431 3513 ait
450 3479 532 3514 illud
559 3482 647 3522 quod
671 3485 817 3523 potentia
838 3484 963 3517 tantem
