2170 3808
0 318 5 368 ξ1

575 208 771 260 QUAEST.
810 192 983 266 xxxvi,
1014 208 1132 251 ART.
1163 209 1215 251 vi
1243 209 1308 252 ET
1337 209 1422 252 vu.
1867 211 1947 253 305

66 290 190 335 Unde
221 294 266 335 et
295 290 497 335 Herodes
512 290 666 333 statim
685 294 790 345 post
811 302 1046 335 recessum
1069 302 1311 347 magorum
1331 291 1493 336 videns
1513 303 1564 336 se
1582 290 1641 334 ab
1653 290 1720 335 eis
1736 289 1944 346 illusum,

65 352 302 397 mandavit
313 352 459 396 occidi
485 363 653 407 pueros
671 354 700 394 ὰ
720 346 890 396 bimatu
913 355 956 395 et
986 355 1128 408 infra,
1156 353 1376 397 dubitans
1394 366 1454 397 ne
1469 358 1583 397 tunc
1597 353 1801 397 Christus
1811 357 1946 397 natus

66 421 188 457 esset
210 413 396 469 quando
419 411 547 456 stella
571 412 799 468 apparuit,
827 413 1084 457 secundum
1117 413 1244 469 quod
1261 414 1289 457 a
1310 414 1460 469 magis
1483 414 1706 459 audierat.
1730 413 1813 471 Alji
1836 413 1947 458 vero

67 473 225 519 dicunt
240 474 420 517 stellam
439 472 707 530 apparuisse
729 473 892 529 primo,
915 474 1022 517 cum
1044 474 1250 518 Christus
1270 479 1408 518 natus
1432 480 1526 530 est;
1557 479 1604 519 et
1627 474 1782 519 statim
1803 474 1943 531 magi,

68 535 163 579 visa
184 534 330 588 stella,
354 535 440 578 iter
467 533 755 590 arripientes,
777 534 1101 590 longissimum
1124 535 1211 579 iter
1242 534 1291 578 in
1311 536 1533 580 tredecim
1554 535 1717 581 diebus
1749 548 1945 593 perege-

67 600 191 651 runt,
215 595 379 652 partim
398 595 586 651 quidem
621 595 765 651 adjuti
787 595 942 640 divina
966 595 1152 652 virtute,
1179 597 1346 652 partim
1371 602 1524 640 autem
1550 596 1944 645 dromedariorum

67 658 331 702 velocitate:
357 661 403 702 et
426 658 513 702 hoc
528 656 646 713 dico,
664 657 704 701 si
721 662 950 702 venerunt
968 670 1026 702 ex
1045 658 1266 702 extremis
1283 657 1493 715 partibus
1515 657 1730 701 OrientiS.
1752 658 1946 711 Quidam

67 724 222 764 tamen
242 720 399 764 dicunt
420 730 501 763 eos
521 718 707 764 venisse
722 719 780 764 de
799 720 987 776 regione
1004 720 1280 778 propinqua,
1301 721 1426 765 unde
1443 720 1592 764 fuerat
1611 719 1794 763 Balaam
1811 721 1883 776 cuj
1891 732 1946 765 us

67 779 284 824 doctrinae
298 784 550 825 sectatores
566 780 771 825 fuerunt.
789 781 1010 826 Dicuntur
1033 787 1187 826 autem
1203 782 1262 826 ab
1277 782 1459 826 Oriente
1480 780 1685 836 venisse,
1700 780 1811 836 quia
1824 786 1946 825 terra

65 840 143 884 illa
160 846 232 886 est
260 843 316 888 ad
337 841 607 887 orientalem
625 847 802 898 partem
828 849 960 888 terrae
982 844 1260 888 Judaeorum.
1281 846 1334 887 Et
1355 843 1612 888 secundum
1640 843 1727 886 hoc
1746 841 1946 886 Herodes

66 913 158 946 non
183 904 333 948 statim
351 903 677 949 recedentibus
698 905 865 961 magis,
900 906 983 950 sed
1002 911 1108 963 post
1132 906 1371 950 biennium
1405 917 1576 961 pueros
1597 903 1848 956 interfecit3
1870 904 1944 948 vel

66 964 175 1019 quia
193 965 356 1010 dicitur
383 966 566 1010 interim
583 972 829 1012 accusatus
860 969 1050 1012 Romam
1072 968 1228 1024 ivisse,
1263 967 1337 1012 vel
1358 967 1615 1024 aliquorum
1634 965 1944 1022 periculorum

68 1026 315 1071 terroribus
330 1028 545 1085 agitatus,
562 1028 590 1072 a
602 1041 714 1074 cura
732 1029 1037 1074 interficiendi
1052 1041 1249 1086 puerum
1264 1029 1449 1074 interim
1468 1028 1724 1083 destitisse,
1743 1027 1818 1072 vel
1836 1027 1945 1083 quia

64 1087 213 1141 potuit
229 1089 412 1134 credere
431 1107 451 1127 «
464 1102 626 1146 magos
641 1090 816 1135 fallacis
832 1091 973 1135 stellae
986 1091 1164 1135 visione
1182 1091 1416 1147 deceptos,
1433 1093 1680 1147 postquam
1702 1101 1792 1132 non
1815 1088 1946 1133 inve-

64 1155 236 1195 nerunt
266 1164 404 1208 quem
427 1156 590 1196 natum
611 1157 908 1208 putaverunt,
930 1152 1173 1197 erubuisse
1195 1152 1254 1197 ad
1282 1164 1334 1197 se
1354 1151 1522 1207 redire,
1538 1170 1557 1190 n
1585 1156 1638 1195 ut
1661 1150 1945 1206 Augustinus

64 1210 268 1265 dicitffle
291 1225 524 1259 consensu
553 1214 770 1270 Evangel.
791 1214 872 1259 lib.
896 1228 940 1265 11,
963 1227 1063 1271 cap.
1088 1218 1159 1270 11,
1182 1214 1370 1267 adfin.).
1394 1213 1499 1258 Ideo
1512 1216 1665 1257 autem
1684 1225 1776 1256 non
1794 1212 1944 1256 solum

61 1269 212 1317 bimos
231 1287 400 1330 pueros
421 1275 663 1331 interfecit,
684 1277 767 1321 sed
784 1276 921 1321 etiam
935 1277 1072 1328 infra,
1102 1277 1226 1333 quia,
1251 1280 1305 1321 ut
1323 1276 1610 1331 Augustinus
1632 1274 1800 1320 dicitin
1826 1286 1945 1330 quo-

62 1333 168 1377 dam
191 1346 330 1380 serm.
367 1338 685 1382 Innocentium
721 1338 933 1391 (habetur
966 1338 1014 1382 in
1033 1338 1178 1383 Gloss.
1198 1338 1318 1397 ord.,
1342 1350 1447 1394 sup.
1484 1337 1599 1382 illud
1629 1338 1784 1381 Matth.
1808 1350 1836 1379 ιι
1867 1351 1878 1380 z
1902 1341 1945 1379 A

62 1394 230 1449 binata,
253 1400 377 1452 etc.),
396 1398 619 1444 «timebat
640 1412 700 1444 ne
718 1412 849 1456 puer,
871 1401 945 1444 cui
966 1400 1119 1445 sidera
1137 1400 1436 1453 famulantur,
1448 1400 1649 1457 speciem
1661 1410 1793 1444 suam
1808 1398 1945 1455 paulo

61 1467 201 1514 supra
215 1465 395 1504 aetatem
408 1461 486 1505 vel
497 1461 616 1505 infra
635 1462 996 1507 transformaret.
1011 1480 1032 1501 ιι

141 1528 482 1575 ARTiCULUS
504 1532 608 1574 vn.
632 1553 688 1562 —
711 1544 847 1574 urium
871 1544 1023 1574 510111
1044 1544 1137 1580 QUAE
1157 1544 1279 1575 mois
1297 1544 1510 1586 Armatur,
1533 1544 1685 1575 runnu·
1704 1542 1785 1573 UNA
1807 1543 1861 1573 na·

719 1605 983 1636 coutsssrmus
1005 1606 1175 1636 sTans
1199 1594 1275 1646 (1).

512 1661 562 1696 De
580 1661 633 1696 his
650 1661 753 1696 etiam
778 1662 900 1702 opusc.
916 1670 950 1703 x,
971 1673 1042 1703 cap.
1058 1662 1092 1702 7.
1111 1666 1144 1696 et
1158 1662 1280 1697 matth.
1299 1670 1338 1702 n.
1354 1661 1434 1697 lect.
1450 1662 1485 1697 4.

115 1717 182 1762 Ad
201 1722 447 1775 septimum
466 1723 537 1767 sic
551 1724 828 1780 proceditur.
849 1727 891 1768 1.
911 1724 1096 1768 Videtur
1116 1725 1240 1782 qued
1265 1725 1397 1770 stella
1422 1738 1527 1782 quae
1547 1724 1696 1780 magis
1713 1722 1942 1780 apparuit,

61 1779 199 1823 fuerit
216 1793 310 1824 uua
330 1782 387 1827 (10
405 1784 672 1829 coelestibus
687 1785 848 1830 stellis.
861 1785 975 1829 Dicit
989 1786 1110 1830 enim
1133 1787 1419 1842 Augustinus
1436 1788 1498 1841 (in
1516 1787 1715 1844 quodam
1731 1797 1946 1829 sermone

60 1839 220 1908 Dpiph.
243 1842 414 1899 implic.
437 1846 574 1890 variis
594 1846 642 1890 in
664 1847 776 1891 locis
799 1849 956 1903 serm.)
976 1860 987 1890 :
1010 1851 1159 1892 «Dum
1180 1849 1350 1905 pendet
1368 1848 1427 1893 ad
1448 1848 1609 1901 ubera,
1624 1854 1670 1893 et
1688 1847 1846 1891 vilium
1870 1859 1946 1901 pa·

60 1904 173 1945 titur
191 1906 311 1948 Deus
329 1905 645 1952 involumenta
661 1921 937 1966 pannorum,
962 1911 1150 1966 repente
1167 1922 1340 1954 novum
1363 1911 1421 1955 de
1432 1911 1551 1955 coelo
1570 1910 1700 1955 sidus
1722 1909 1942 1954 effulsit.»

61 1964 161 2009 Fuit
177 1965 317 2022 igitur
335 1969 468 2014 stella
487 1971 704 2027 eoelestis,
717 1972 977 2028 quaemagis
995 1973 1222 2028 apparuit.

114 2029 157 2070 2.
187 2029 424 2088 Praeterea,
444 2034 730 2089 Augustinus
752 2034 863 2078 dicit
882 2035 927 2077 in
949 2043 1164 2078 sermone
1178 2034 1379 2092 quodam
1390 2036 1551 2091 Epiph.
1573 2036 1641 2089 (ut
1656 2034 1782 2088 sup.)
1799 2045 1814 2075 τ
1832 2034 1942 2076 Pas-

60 2087 237 2133 toribus
250 2092 419 2148 angeli,
436 2094 585 2149 magis
596 2095 730 2139 stella
744 2095 973 2139 Christum
990 2095 1302 2151 demonstran
1322 2098 1533 2152 utrisque
1552 2095 1759 2152 loquitur
1781 2094 1843 2137 liu
1852 2106 1943 2149 gua

59 2149 299 2207 coelorum,
316 2154 425 2210 quia
448 2154 607 2212 lingua
621 2156 821 2201 cessavit
843 2157 1221 2213 prophetarum.»
1245 2158 1329 2202 Sed
1355 2157 1782 2215 angelipastoribus
1798 2168 1943 2211 appa-

60 2217 214 2280 rentes
235 2214 424 2261 ruerunt
446 2217 553 2262 vere
571 2218 630 2263 de
650 2219 917 2263 coelestibus
939 2219 1133 2275 angelis.
1161 2222 1280 2276 Ergo
1298 2223 1344 2264 et
1376 2219 1511 2263 stella
1534 2219 1684 2275 magis
1712 2229 1941 2273 apparens

59 2270 146 2316 fuit
156 2275 260 2319 vere
273 2277 330 2321 de
343 2278 609 2324 coelestibus
623 2280 784 2324 stellis.

117 2342 160 2381 3.
189 2339 424 2395 Praeterea,
449 2341 593 2386 stellae
625 2355 729 2398 quae
749 2355 841 2387 non
863 2348 974 2387 sunt
996 2343 1043 2386 in
1075 2343 1210 2399 coelo,
1231 2342 1313 2388 sed
1337 2342 1386 2386 in
1416 2355 1538 2397 aere,
1562 2342 1776 2387 dicuntur
1798 2340 1942 2385 stellae

59 2405 263 2459 cometae,
283 2415 388 2459 quae
407 2415 498 2447 non
523 2409 745 2460 apparent
770 2405 815 2448 in
837 2405 1153 2449 nativitatibus
1167 2417 1348 2461 regum,
1372 2404 1455 2449 sed
1474 2405 1624 2461 magis
1641 2409 1754 2449 sunt
1770 2403 1940 2447 indicia

59 2465 220 2509 mortis
244 2476 418 2509 eorum.
454 2466 540 2511 Sed
563 2466 641 2511 illa
679 2466 811 2511 stella
835 2467 1109 2523 designabat
1138 2468 1263 2524 regis
1298 2467 1585 2511 nativitatem
1618 2481 1629 2510 ε
1672 2465 1794 2510 unde
1817 2464 1940 2520 magi

59 2526 218 2571 dicunt
253 2527 417 2577 (Matth.
460 2541 490 2571 ιι
510 2563 520 2585 ,
553 2531 595 2582 2)
635 2541 648 2573 z
695 2530 778 2572 Ubi
813 2533 878 2573 est
914 2533 988 2584 qui
1026 2533 1161 2572 natus
1202 2532 1267 2573 est
1297 2534 1391 2572 Rex
1421 2528 1710 2572 Judaeorum?
1750 2527 1940 2569 vidimus

58 2591 176 2631 em’m
193 2588 372 2632 stellam
396 2592 492 2645 ejus
512 2599 562 2633 tn
594 2593 793 2635 Oriente.
814 2593 932 2647 Ergo
957 2591 1142 2635 videtur
1179 2590 1304 2648 qued
1322 2590 1460 2635 fuerit
1477 2603 1573 2634 una
1592 2590 1650 2634 de
1671 2588 1940 2633 coelestibus

59 2649 222 2694 stellis.

115 2711 201 2756 Sed
210 2714 366 2755 contra
375 2714 574 2770 estquod
583 2714 866 2770 Augustinus
876 2714 1172 2769 dicit(Contra
1180 2716 1414 2767 Faustum,
1429 2713 1506 2756 lib.
1520 2726 1566 2768 n,
1579 2724 1678 2768 cap.
1691 2715 1733 2768 5,
1744 2712 1770 2755 a
1781 2711 1939 2764 med.):

63 2773 193 2815 «Non
215 2773 373 2817 exillis
387 2779 485 2820 erat
504 2775 603 2819 haec
616 2775 760 2820 stellis
773 2787 878 2831 quae
897 2776 956 2820 ab
974 2775 1105 2819 initio
1124 2780 1348 2819 creaturae
1362 2775 1581 2818 itinerum
1603 2785 1793 2817 suorum
1814 2773 1939 2817 ordi-

59 2844 167 2876 nem
189 2833 278 2876 sub
296 2835 512 2879 creatoris
533 2836 637 2892 lege
659 2837 953 2892 custodiunt3
977 2837 1059 2881 sed
1084 2849 1203 2880 novo
1221 2835 1419 2891 Virginis
1447 2841 1582 2891 partu
1605 2846 1777 2878 novum
1808 2837 1938 2883 sidus

59 2894 286 2949 apparuit.
304 2912 323 2932 ι»

104 2961 392 3002 CONCLUSIO.
414 2983 463 2990 -
487 2962 592 3001 Cum
617 2963 703 3003 haec
728 2965 845 3004 stella
863 2994 874 3013 ,
896 2977 987 3016 quae
1016 2976 1158 3014 magos
1182 2963 1234 3004 ad
1263 2964 1474 3004 Christum
1495 2967 1640 3002 natum
1672 2964 1872 3014 perduxit,
1893 2967 1935 3008 in

58 3028 147 3056 aere
164 3019 276 3056 terrae
298 3016 449 3064 vicino,
470 3021 584 3056 noete
606 3017 750 3068 dieque
768 3030 966 3070 apparens
986 3020 1010 3059 a
1025 3020 1308 3071 Septentrione
1324 3020 1367 3058 in
1390 3018 1601 3058 meridiem
1627 3023 1768 3069 praeter
1783 3032 1934 3061 morem

57 3072 236 3111 aliarum
262 3071 473 3110 stellarum
499 3075 609 3110 mota
633 3073 776 3121 suerit,
798 3086 1024 3114 consonum
1049 3074 1196 3113 rationi
1225 3085 1309 3113 esse
1332 3074 1518 3124 videtur,
1546 3085 1628 3113 non
1658 3074 1781 3114 fuisse
1810 3089 1934 3117 unam

57 3125 283 3166 coelestium
304 3125 530 3174 stellarum,
549 3126 616 3165 sed
638 3127 689 3165 ad
706 3127 781 3166 hoc
799 3129 822 3167 a
845 3129 940 3176 Deo,
963 3129 1013 3168 de
1031 3140 1136 3168 novo
1153 3131 1342 3168 creatam.

116 3195 384 3250 Respondeo
403 3195 649 3239 dicendum
674 3195 813 3251 quod,
840 3198 960 3241 sicut
980 3198 1333 3254 Chrysostomus
1355 3197 1464 3242 dicit
1486 3202 1604 3254 (sup.
1631 3200 1781 3242 Matth.
1810 3201 1934 3245 hom.

57 3269 116 3312 vi,
138 3257 359 3312 aliquant.
376 3257 403 3299 ἐι
421 3257 604 3313 princ.),
629 3257 751 3313 qued
771 3257 877 3301 «illa
893 3259 1024 3302 stella
1046 3271 1149 3314 quac
1164 3259 1312 3314 magis
1328 3260 1554 3315 apparuit,
1579 3272 1672 3302 non
1690 3260 1826 3303 fuerit
1842 3272 1936 3302 uua

101 3384 144 3424 (1)
172 3385 209 3419 In
241 3385 304 3418 1100
334 3385 474 3419 articulo
497 3386 590 3419 varie
618 3385 738 3427 probat
767 3387 802 3420 S.
832 3387 953 3420 Doctor
1038 3386 1079 3419 de
1096 3398 1236 3420 numero
1250 3386 1432 3421 coelestium
1449 3388 1611 3429 siderum,
1631 3393 1663 3421 ct
1683 3388 1750 3423 lime
1766 3387 1936 3421 sententia

59 3430 186 3466 stellam
209 3445 280 3473 quae
306 3433 410 3472 magis
431 3433 598 3474 apparuit,
625 3445 690 3467 non
720 3434 821 3469 fuisse
851 3445 951 3468 uuam
1037 3434 1125 3475 apud
1144 3433 1324 3476 Scriptura)
1344 3435 1546 3478 interpretes
1568 3437 1754 3470 conununis
1779 3435 1931 3472 habt-mr.
