2170 3808
210 289 264 333 68
818 286 1018 339 QUAEST.
1049 286 1142 340 Vll.
1174 285 1290 328 ART.
1322 287 1339 328 1
1367 286 1432 328 ET
1461 287 1511 329 ll.

215 375 263 415 ut
285 369 396 415 dicit
417 372 732 414 Damascenus
767 368 910 421 (Orth.
935 366 1016 412 fid.
1041 366 1122 411 lib.
1151 381 1212 423 111,
1238 379 1340 424 cap.
1366 370 1438 423 15,
1468 367 1495 411 a
1515 367 1675 422 med).
1700 368 1819 422 Ergo
1839 377 1933 409 non
1955 364 2116 411 debuit

211 431 259 477 in
275 432 452 477 Christo
471 442 574 476 esse
593 429 749 487 aliqua
770 429 921 485 gratia
941 428 1205 474 habitualis.

267 494 356 540 Sed
381 497 541 537 contra
575 495 646 536 est
670 491 797 548 quod
827 490 995 536 dicitur
1025 493 1124 546 (Isa.
1159 505 1219 546 xi,
1241 493 1305 541 2):
1337 493 1591 546 Requiescet
1623 503 1760 546 super
1792 501 1892 531 eum
1919 491 2116 545 Spiritus

214 558 418 607 Domini:
439 555 519 611 qui
542 553 731 611 quidem
746 553 794 597 in
814 554 1002 599 homine
1026 566 1129 599 esse
1152 552 1321 598 dieitur
1343 565 1424 608 per
1454 553 1649 608 gratiam
1670 550 1969 609 habitualem,
1994 555 2046 595 ut
2066 550 2116 595 in

213 617 360 678 prima
387 620 517 674 parte
544 616 718 660 dictum
746 620 817 660 est
835 618 1017 672 (quaest.
1045 629 1136 671 vui,
1161 619 1248 660 art.
1270 618 1313 670 3,
1336 619 1382 659 et
1406 619 1568 671 quaest.
1592 628 1708 668 xmn,
1734 618 1819 657 art.
1843 614 1902 667 6).
1926 614 2045 668 Ergo
2066 611 2116 658 in

212 679 392 725 Christo
407 679 496 723 fuit
515 678 664 736 gratia
683 678 950 722 habitualis.

257 752 551 793 CONCLUSIO.
580 774 626 781 -
653 751 934 793 Necessarium
962 751 1042 790 fuit
1074 751 1119 790 in
1145 751 1306 792 Christo
1337 749 1590 790 habitualem
1622 750 1801 801 gratiam
1838 747 1986 797 fuisse,
2020 747 2117 788 cum

210 805 334 847 fuerit
352 806 494 846 anima
515 806 604 859 ejus
623 806 751 846 Verbo
771 807 905 856 unita,
928 807 968 845 et
984 816 1054 856 per
1071 804 1211 856 ipsum
1228 805 1273 844 in
1297 803 1398 844 alios
1418 805 1550 854 gratia
1569 803 1783 846 redundet.

266 875 540 933 Respondeo
563 874 813 920 dicendum
835 874 959 931 qued
982 886 1176 919 necesse
1197 879 1269 918 est
1293 886 1468 930 ponere
1486 873 1534 918 in
1561 874 1739 919 Christo
1768 872 1966 929 gratiam
1988 870 2117 916 habi-

210 936 386 982 tualem
417 939 477 992 (1)
515 942 703 994 propter
728 936 830 981 tria.
863 935 1012 980 Primo
1041 936 1229 993 quidem
1255 941 1444 992 propter
1465 935 1686 981 unionem
1716 935 1886 979 animae
1911 933 2035 978 illius
2057 932 2117 979 ad

209 999 411 1044 Verbum
439 999 534 1044 Dei.
557 999 737 1052 Quanto
763 999 889 1043 enim
917 998 1107 1055 aliquod
1127 998 1414 1054 receptivum
1435 1002 1507 1043 est
1525 998 1835 1055 propinquius
1855 1009 2010 1041 causae
2040 996 2116 1040 in-

208 1061 390 1118 fluenti,
414 1061 543 1106 tanto
562 1063 713 1118 magis
734 1061 978 1118 participat
1008 1060 1065 1105 de
1084 1060 1326 1105 influentia
1346 1061 1509 1117 ipsius.
1539 1061 1751 1105 influxus
1775 1064 1932 1104 autem
1955 1058 2117 1115 gratiae

208 1127 281 1169 est
304 1123 332 1168 ὲ
358 1126 468 1179 Deo.
487 1124 746 1168 secundum
772 1123 887 1167 illud
918 1123 1102 1177 (Psalm.
1127 1137 1299 1179 Lxxxm,
1328 1125 1426 1178 12):
1457 1125 1671 1167 Gratiam
1694 1125 1738 1166 et
1761 1121 1956 1178 qloriam
1988 1121 2116 1164 dabit

210 1188 442 1228 Dominus.
463 1187 516 1229 Et
536 1185 639 1230 ideo
662 1185 866 1229 maxime
891 1186 975 1229 fuit
989 1185 1277 1230 conveniens
1297 1188 1350 1229 ut
1371 1185 1526 1229 anima
1549 1184 1627 1228 illa
1643 1184 1868 1240 reciperet
1883 1182 2113 1228 influxum

209 1246 380 1292 divinae
404 1247 579 1304 gratiae.
612 1247 839 1302 Secundo,
864 1251 1052 1303 propter
1081 1247 1372 1292 nobilitatem
1405 1247 1530 1291 illius
1559 1246 1743 1300 animae,
1774 1246 1912 1301 cujus
1943 1256 2113 1301 opera-

208 1308 359 1354 tiones
394 1308 635 1365 oportebat
666 1307 1062 1365 propinquissime
1091 1308 1319 1364 attingere
1349 1308 1408 1353 ad
1437 1312 1580 1353 Deum
1614 1320 1698 1365 per
1733 1306 2046 1363 cognitionem
2069 1311 2115 1352 et

207 1383 433 1428 amorem,
447 1371 504 1416 ad
518 1372 641 1429 quod
659 1384 851 1416 11666556
866 1376 937 1416 651
951 1371 1122 1416 elevari
1135 1372 1387 1416 humanam
1401 1376 1617 1416 naturam
1633 1383 1717 1427 per
1733 1370 1946 1426 gratiam.
1966 1368 2115 1414 Tertio

208 1438 396 1491 propter
425 1434 747 1479 habitudinem
782 1434 930 1491 ipsius
961 1433 1127 1478 Christi
1159 1434 1218 1479 ad
1242 1446 1392 1491 genus
1429 1434 1706 1478 humanum.
1732 1433 1940 1476 Christus
1967 1430 2111 1483 enim,

207 1495 490 1553 inquantum
514 1498 669 1554 homo,
692 1502 763 1541 est
785 1498 1014 1541 mediator
1038 1499 1121 1539 Dei
1149 1501 1192 1540 et
1215 1498 1462 1552 hominum,
1492 1502 1545 1541 ut
1567 1496 1736 1540 dicitur
1763 1498 1807 1551 (Ι.
1829 1494 2023 1539 Τ11110111.
2047 1494 2111 1550 11);

207 1563 254 1602 61
270 1558 374 1603 ideo
394 1558 636 1615 oportebat
653 1558 777 1615 qued
792 1558 986 1603 haberet
1006 1557 1203 1614 gratiam
1218 1558 1358 1603 etiam
1378 1559 1424 1602 in
1443 1558 1557 1603 alios
1574 1558 1930 1612 redundantem,
1947 1567 2114 1601 5661111-

207 1619 318 1664 1111111
338 1620 454 1665 illud
466 1622 607 1675 (Joan.
623 1635 652 1676 1,
671 1623 740 1675 16)
760 1635 771 1663 :
789 1620 855 1663 De
869 1620 1151 1677 plenitudine
1172 1615 1266 1676 ejus
1285 1634 1434 1664 omnes
1457 1624 1729 1678 accepimus,
1747 1625 1788 1663 et
1810 1622 2013 1676 qratiam
2023 1631 2114 1675 pro

206 1685 361 1737 qratia
378 1683 452 1737 (2).

261 1743 327 1787 Ad
358 1747 561 1799 primum
595 1755 707 1799 ergo
734 1742 1004 1798 dicendum,
1039 1743 1163 1800 1111011
1191 1742 1401 1788 Christus
1431 1747 1504 1789 est
1535 1755 1674 1788 verus
1700 1745 1822 1788 Deus
1851 1741 2114 1787 secundum

206 1816 455 1860 personam
479 1811 524 1850 et
553 1810 770 1849 naturam
808 1804 1031 1850 divinam.
1067 1805 1153 1850 Sed
1178 1806 1287 1862 quia
1311 1817 1421 1849 cum
1454 1804 1632 1850 unitate
1657 1816 1871 1861 personae
1903 1804 2114 1848 remanet

207 1866 438 1911 distinctio
459 1872 749 1924 naturarum,
770 1871 824 1911 ut
837 1879 892 1911 ex
913 1878 1055 1923 supra
1076 1866 1212 1911 dictis
1234 1871 1358 1923 patet
1381 1868 1564 1923 (quaest.
1584 1880 1630 1923 11,
1656 1870 1742 1910 art.
1760 1869 1782 1911 1
1803 1869 1850 1911 et
1867 1867 1937 1921 2);
1959 1865 2114 1910 anima

205 1929 366 1973 Christi
390 1941 483 1973 non
507 1934 579 1974 est
607 1942 689 1986 per
709 1941 845 1974 suam
874 1929 1126 1975 essentiam
1147 1930 1321 1974 divina.
1350 1930 1477 1975 Unde
1499 1933 1682 1986 oportet
1704 1927 1833 1987 1111011
1858 1928 1940 1974 1131
1956 1928 2114 1974 divina

210 2003 293 2047 per
314 1991 735 2048 participationem.
752 1995 858 2048 quae
877 1998 950 2037 est
969 1993 1231 2037 secundum
1255 1992 1470 2049 gratiam.

259 2052 327 2097 Ad
348 2055 592 2095 secundum
621 2053 891 2112 dicendum,
923 2053 1050 2110 1111011
1081 2054 1275 2109 Christo,
1309 2054 1589 2109 inquantum
1614 2056 1687 2097 est
1717 2051 1947 2097 naturalis
1973 2052 2114 2097 Filius

202 2113 297 2164 Dei,
319 2112 515 2157 debetur
535 2113 706 2157 haeredi
714 2120 783 2157 tas
801 2120 988 2170 aeterna,
1007 2127 1114 2171 quae
1134 2119 1205 2158 est
1220 2114 1322 2170 ipsa
1341 2113 1579 2158 beatitudo
1594 2113 1817 2169 increata,
1834 2125 1917 2170 per
1931 2112 2114 2159 increa-

205 2178 305 2219 tum
325 2179 481 2218 actum
505 2175 785 2231 cognitionis
809 2176 1043 2220 etamoris
1062 2176 1155 2235 Dei,
1179 2176 1397 2221 eumdem
1416 2176 1592 2220 scilicet
1605 2187 1699 2232 quo
1716 2177 1850 2219 Pater
1872 2175 2114 2231 cognoscit

205 2238 253 2279 et
275 2240 399 2280 amat
422 2236 656 2291 seipsum:
679 2237 813 2292 quus
842 2240 975 2281 actus
998 2237 1155 2281 anima
1181 2249 1329 2293 capax
1350 2249 1446 2281 non
1469 2240 1570 2281 erat
1591 2240 1780 2294 propter
1803 2235 2113 2282 differentiam

204 2301 417 2342 naturae:
449 2298 576 2342 unde
599 2298 843 2353 oportebat
876 2299 1003 2355 1111011
1030 2300 1279 2355 attingeret
1315 2299 1372 2344 ad
1403 2301 1547 2344 Deum
1575 2311 1659 2356 per
1688 2303 1845 2343 actum
1879 2296 2112 2344 fruitionis

204 2364 412 2405 creatum
437 2372 449 2404 :
482 2359 561 2416 qui
586 2359 775 2415 quidem
806 2372 910 2405 esse
944 2373 1036 2405 11011
1070 2366 1224 2418 potest
1257 2361 1344 2405 nisi
1370 2374 1453 2418 per
1485 2362 1699 2416 gratiam.
1727 2360 1944 2406 Similiter
1971 2361 2111 2407 etiam

202 2421 484 2479 inquantum
509 2426 580 2466 est
598 2422 798 2466 Verbum
812 2422 907 2479 Dei,
933 2423 1096 2467 habuit
1111 2423 1377 2468 facultatem
1394 2424 1551 2467 omnia
1568 2422 1689 2469 bene
1706 2423 1930 2481 operandi
1948 2436 2111 2481 opera-

203 2483 329 2528 tione
351 2483 525 2528 divina.
549 2483 637 2528 Sed
657 2483 766 2540 quia
781 2489 951 2541 praeter
969 2485 1286 2541 operationem
1310 2485 1516 2530 divinam
1532 2490 1712 2542 oportet
1731 2486 1839 2542 poni
1856 2485 1902 2529 in
1924 2497 1978 2530 eo
2000 2499 2110 2543 ope-

205 2546 435 2590 rationem
458 2546 730 2602 humanam,
754 2551 807 2590 ut
830 2546 950 2590 infra
966 2548 1142 2604 patebit
1164 2550 1442 2604 (quaestxm,
1461 2553 1547 2592 art.
1568 2550 1629 2605 1),
1650 2547 1855 2604 oportuit
1868 2547 1917 2592 in
1936 2559 1991 2592 eo
2006 2560 2110 2594 esse

202 2607 486 2653 habitualem
511 2607 723 2663 gratiam,
745 2621 828 2665 per
850 2621 991 2665 quam
1010 2610 1276 2666 hujusmodi
1294 2610 1499 2667 operatio
1513 2610 1562 2655 in
1582 2622 1638 2655 60
1658 2615 1781 2656 65561
1804 2610 2007 2667 perfecta

257 2670 325 2716 Ad
348 2673 530 2714 tertium
545 2670 811 2727 dicendum,
842 2670 968 2728 quod
985 2671 1252 2716 humanitas
1275 2673 1437 2717 Christi
1458 2678 1530 2717 est
1547 2672 1913 2717 instrumentum
1934 2671 2108 2717 Divini-

205 2732 341 2778 tatis:
369 2744 462 2776 non
480 2731 669 2788 quidem
693 2733 814 2777 sicut
829 2733 1193 2779 instrumentum
1209 2735 1535 2792 inanimatum,
1553 2734 1680 2793 quod
1695 2734 1824 2778 nullo
1843 2733 1982 2779 modo
1995 2734 2105 2792 agit,

202 2793 291 2839 sed
314 2793 466 2839 solum
492 2793 673 2850 agitur3
695 2794 778 2839 sed
797 2799 1022 2852 tanquam
1045 2796 1411 2841 instrumentum
1432 2796 1589 2840 anima
1601 2795 1815 2841 rationali
1831 2795 2105 2853 animatum,

201 2855 329 2914 quod
343 2855 405 2900 ita
420 2855 574 2912 agitur
588 2855 713 2912 quod
724 2855 862 2900 etiam
886 2857 997 2913 agit.
1018 2861 1072 2902 Et
1093 2858 1200 2903 11160
1217 2858 1276 2903 311
1297 2858 1674 2903 convenientiam
1691 2857 1888 2902 actionis
1904 2857 2108 2914 oportuit

201 2929 311 2963 eum
333 2917 504 2962 habere
527 2917 724 2974 gratiam
747 2917 1047 2965 habitualem.

437 2994 780 3036 ARTICULUS
799 2996 859 3037 Π.
882 3018 939 3026 —
955 3008 1089 3037 01111111
1115 3008 1154 3038 m
1179 3008 1351 3038 cnmsro
1375 3008 1549 3038 ruamur
1566 3008 1770 3038 vin'rurns
1789 2997 1863 3051 (3).

202 3074 255 3108 De
267 3071 321 3107 his
334 3072 436 3108 etiam
451 3074 553 3115 infra,
571 3078 635 3110 art.
651 3075 674 3109 5
687 3075 728 3110 ad
748 3076 781 3116 l,
798 3080 831 3110 et
850 3080 965 3118 quaest.
983 3086 1040 3119 xv,
1056 3082 1121 3112 art.
1137 3078 1160 3112 2
1175 3090 1267 3119 corp.
1289 3083 1323 3112 et
1341 3078 1436 3112 Sent.
1454 3086 1509 3120 111,
1529 3077 1609 3112 dist.
1627 3078 1680 3119 ⁴5,
1704 3083 1821 3121 quoest.
1843 3087 1870 3119 Ι,
1885 3083 1951 3114 art.
1970 3079 1986 3113 l
2010 3090 2105 3119 corp.

255 3139 323 3185 Ad
346 3141 607 3186 secundum
630 3141 698 3186 516
727 3144 1009 3199 proceditur.
1035 3148 1076 3189 1.
1101 3145 1289 3190 Videtur
1308 3146 1432 3204 1111011
1453 3146 1501 3189 111
1517 3145 1692 3190 Christo
1711 3158 1803 3189 non
1821 3145 1996 3190 fuerint
2013 3146 2105 3190 vir-

200 3204 340 3247 tutes.
379 3202 586 3247 Christus
618 3204 742 3248 enim
777 3205 939 3252 habuit
970 3206 1305 3252 abundantiam
1342 3208 1518 3264 gratiae.
1551 3208 1638 3252 Sed
1667 3207 1816 3263 gratia
1841 3208 2014 3253 sufficit
2046 3206 2106 3254 ad

243 3338 289 3380 (l)
313 3338 360 3373 Ex
394 3339 565 3373 communi
602 3340 837 3381 theologorum
861 3355 961 3379 sensu
990 3347 1009 3380 ὲ
1043 3358 1109 3387 quo
1194 3357 1350 3387 nocem,
1379 3347 1620 3390 impollutus,
1647 3351 1860 3389 seqreqatus
1888 3345 1911 3380 ἀ
1936 3349 2101 3389 peccato-

199 3386 272 3421 sine
288 3387 479 3422 temeritate
495 3387 664 3422 dissentiri
685 3401 752 3424 non
768 3390 884 3431 possit.
1195 3396 1312 3430 ribus.

254 3433 294 3476 ‹2)
317 3434 404 3468 Hinc
433 3435 559 3469 dicitur
578 3447 710 3478 quoque
739 3438 856 3478 (Hebr.
882 3441 943 3480 vn)
973 3451 981 3474 :
1008 3441 1109 3476 Talis
1238 3445 1282 3484 (5)
1307 3443 1369 3477 Hic
1405 3443 1518 3484 agitur
1547 3441 1588 3476 de
1618 3441 1776 3476 omnibus
1811 3441 1998 3478 virtutibus
2034 3441 2104 3476 sivo

132 3493 143 3500 ”
200 3482 347 3518 decebat
371 3487 412 3518 ut
431 3484 533 3518 nobis
561 3487 651 3520 esset
669 3486 842 3529 pontifex
863 3490 1035 3529 sanctus,
1053 3492 1110 3524 in·
1196 3489 1494 3530 intellectualibus,
1517 3489 1586 3524 sive
1599 3489 1794 3530 moralibus,
1818 3502 1891 3531 quae
1916 3487 2101 3531 imperfec-

1195 3539 1323 3572 tionem
1339 3550 1406 3572 non
1428 3538 1629 3579 important.
