2170 3808
730 210 926 261 QUAEST.
956 211 1142 261 XXXIX,
1172 211 1290 253 ART.
1321 211 1386 254 vl.
1964 213 2046 254 329

221 296 560 341 ARTICULUS
585 296 725 336 vl.-
743 306 880 336 uranu
900 305 1211 335 convenimus
1231 303 1416 334 smmrus
1435 304 1615 334 SANCTUS
1639 304 1768 335 surm
1788 304 1990 336 cunisruu
2032 317 2050 323 ·

544 366 796 397 ιιΑΡτιΖΑτιιιι
824 366 1108 396 DESCENDERIT
1132 366 1174 395 ιΝ
1199 365 1340 395 SPECIE
1364 365 1562 395 COLUMBAE
1588 354 1661 406 (1).

495 423 544 458 De
559 421 610 456 his
625 421 725 455 etiam
743 420 844 464 infra,
859 425 975 462 quaest.
989 427 1079 460 uvi,
1095 424 1160 454 art.
1175 420 1196 453 ⁴
1210 418 1253 453 ad
1273 419 1307 460 2,
1332 422 1366 452 et
1384 419 1504 459 opusc.
1521 427 1575 461 Lx,
1593 431 1665 461 cap.
1677 419 1712 454 9.

221 478 286 525 Ad
310 483 490 524 sextum
506 478 573 521 sic
591 476 871 533 proceditur.
894 479 937 520 1.
957 474 1140 519 Videtur
1158 473 1283 530 quod
1302 474 1680 518 inconvenienter
1697 474 1890 530 SpIritus
1909 487 2044 521 sanc-

168 543 244 585 tus
276 552 415 597 super
436 539 665 583 Christum
690 537 969 594 baptizatum
995 536 1176 580 dicatur
1207 534 1504 580 descendisse
1536 535 1584 578 in
1618 536 1771 591 specie
1799 536 2040 582 columbae.

168 601 360 657 Spiritus
378 601 502 646 enim
516 603 705 643 sanctus
720 598 894 642 habitat
912 598 960 641 in
975 596 1162 641 homine
1176 608 1256 651 per
1271 596 1482 652 gratiam.
1500 595 1586 639 Sed
1604 595 1649 638 in
1668 596 1855 642 homine
1866 597 2043 643 Christo

167 662 255 710 fuit
274 661 509 719 plenitudo
531 661 689 716 gratiae
712 660 739 703 a
759 658 986 716 principio
1011 670 1109 702 suae
1130 657 1464 714 conceptionis,
1492 655 1602 712 quia
1630 656 1718 701 fuit
1739 661 1992 714 uniqem'tus
2013 660 2042 703 ὰ

167 727 318 780 Patre,
340 729 392 768 ut
412 736 472 768 ex
489 735 630 779 supra.
651 722 786 766 dictis
805 726 930 778 patet
954 724 1131 776 (quaest.
1158 732 1300 776 xxxiv,
1320 722 1406 763 art.
1428 720 1490 773 4).
1515 719 1613 761 Non
1632 730 1744 774 ergo
1765 719 1925 764 debuit
1946 720 2042 778 Spi-

167 785 283 829 ritus
301 789 490 829 sanctus
511 784 571 828 ad
599 795 708 828 eum
731 782 846 827 mitti
869 782 917 826 in
939 782 1184 838 baptismo,

222 849 265 890 2.
289 849 525 902 Praeterea,
547 845 753 889 Christus
769 844 936 888 dicitur
953 843 998 887 in
1016 842 1246 887 mundum
1264 841 1561 886 descendisse
1574 852 1657 897 per
1673 841 1947 897 mysterium
1969 842 2044 886 in-

168 907 462 960 carnationis,
493 905 679 963 quando
708 907 961 949 exinanivit
995 907 1296 959 semetipsum,
1327 904 1524 956 formam
1542 905 1658 945 servi
1675 904 1896 958 accipiens
1925 902 2043 955 (Phi-

167 967 278 1025 lipp.
314 971 376 1023 ιι).
402 968 487 1013 Sed
524 968 718 1024 Spiritus
747 971 938 1011 sanctus
967 978 1060 1009 non
1091 970 1164 1009 est
1192 965 1475 1008 incarnatus.
1511 966 1630 1020 Ergo
1662 963 2043 1009 inconvenienter

168 1028 334 1074 dicitur
354 1031 476 1087 quod
494 1029 687 1086 Spiritus
712 1033 902 1073 sanctus
921 1026 1210 1073 descenderit
1230 1038 1370 1082 super
1391 1037 1515 1070 eum.

222 1093 264 1136 3.
284 1094 521 1148 Praeterea,
542 1092 590 1135 in
606 1091 836 1147 baptismo
854 1089 1020 1134 Christi
1043 1087 1220 1133 ostendi
1244 1087 1404 1131 debuit
1428 1089 1549 1132 sicut
1576 1087 1624 1131 in
1655 1087 1858 1144 quodam
1885 1100 2042 1133 exem-

168 1150 298 1208 plari,
317 1153 361 1197 id
384 1154 509 1210 quod
530 1153 581 1205 fit
599 1153 646 1196 in
667 1156 823 1196 nostro
839 1151 1089 1207 baptismo.
1112 1149 1199 1194 Sed
1218 1149 1263 1192 in
1286 1153 1444 1193 nostro
1461 1148 1692 1206 baptismo
1708 1162 1800 1194 non
1820 1150 1870 1194 fit
1886 1150 2041 1207 aliqua

167 1213 324 1257 missio
348 1215 541 1259 visibilis
568 1214 760 1269 Spiritus
789 1213 950 1257 sancti.
976 1215 1094 1268 Ergo
1118 1223 1205 1255 nec
1236 1210 1284 1254 in
1313 1209 1544 1267 baptismo
1567 1210 1727 1255 Christi
1754 1210 1912 1256 debuit
1942 1211 2039 1256 fieri

166 1274 359 1320 visibilis
373 1275 530 1319 missio
549 1275 741 1330 Spiritus
754 1274 917 1318 sancti.

219 1338 262 1379 4.
283 1338 517 1396 Praeterea,
538 1335 730 1392 Spiritus
750 1341 940 1380 sanctus
959 1333 986 1378 a
1005 1334 1180 1378 Christo
1197 1334 1245 1378 in
1268 1346 1431 1378 omnes
1459 1334 1574 1377 alios
1605 1333 1853 1390 derivatur,
1877 1346 2040 1378 secun-

165 1395 276 1440 dum
294 1396 407 1442 illud
425 1400 569 1450 (Joan.
591 1411 621 1453 1,
639 1399 708 1451 15)
731 1411 742 1439 ε
764 1401 830 1440 De
849 1396 1129 1453 plenitudine
1144 1397 1239 1450 ejzcs
1261 1409 1339 1438 nos
1356 1408 1506 1438 omnes
1518 1398 1783 1450 accepimus.
1802 1395 1888 1440 Sed
1901 1407 2041 1451 super

164 1459 394 1513 apostolos
417 1459 610 1516 Spiritus
630 1464 819 1503 sanctus
839 1458 1091 1511 descendit,
1114 1470 1206 1500 non
1231 1457 1277 1501 in
1292 1458 1446 1513 specie
1465 1456 1708 1512 columbae,
1725 1457 1806 1502 sed
1825 1457 1871 1500 in
1887 1456 2040 1513 specie

164 1519 303 1575 ignis.
325 1523 439 1576 Ergo
468 1533 555 1565 nec
573 1533 713 1577 super
731 1520 958 1564 Christum
981 1518 1218 1566 debuisset
1241 1518 1523 1563 descendere
1544 1518 1592 1562 in
1611 1518 1766 1575 specie
1795 1519 2038 1575 columbae,

165 1582 248 1626 sed
268 1582 312 1625 in
338 1583 490 1638 specie
513 1582 650 1638 ignis.

220 1643 307 1688 Sed
329 1648 488 1687 contra
505 1649 575 1688 est
594 1643 718 1700 quod
738 1643 906 1687 dicitur
923 1644 1046 1696 (Luc.
1065 1656 1127 1698 111,
1143 1643 1212 1696 22)
1232 1657 1243 1685 :
1262 1642 1499 1685 Descendit
1516 1644 1715 1698 Spiritus
1734 1644 1920 1685 sanctus
1937 1655 2041 1686 cor-

161 1705 317 1760 porali
337 1710 497 1762 specie,
513 1709 628 1749 sicut
651 1706 868 1761 columba,
891 1708 938 1748 in
954 1708 1101 1760 ipsum
1124 1706 1198 1758 (Ξ).

216 1777 503 1818 CONCLUSIO.
530 1801 577 1807 ——
600 1779 652 1818 Ut
669 1788 811 1817 omnes
836 1777 1038 1828 baptismo
1055 1777 1207 1817 Christi
1223 1776 1503 1828 baptizandos,
1521 1776 1555 1816 si
1572 1775 1751 1827 simplici
1771 1776 1888 1816 corde
1901 1779 1940 1816 et
1955 1788 2038 1817 nou

165 1831 254 1871 ficte
267 1833 470 1880 accedant,
487 1832 664 1883 SpirituS
685 1831 817 1871 sancti
839 1833 1014 1882 gratiam
1028 1834 1255 1883 recepturos
1268 1843 1352 1872 esse
1368 1831 1681 1882 significaretur,
1702 1831 1947 1871 conveniens
1961 1832 2041 1872 fuit

166 1889 214 1924 ut
240 1897 358 1936 super
379 1885 588 1926 Christum
608 1887 860 1938 baptizatum
890 1886 1067 1938 Spiritus
1088 1890 1254 1927 sanctus
1282 1886 1328 1926 in
1354 1885 1483 1937 specie
1508 1885 1707 1926 columbae
1724 1915 1736 1933 ‚
1754 1896 1846 1935 quae
1867 1886 2038 1937 simplex

165 1941 320 1981 animal
334 1946 407 1990 est,
423 1945 643 1993 appareret.

218 2011 487 2066 Respondeo
508 2011 757 2056 dicendum
779 2009 903 2068 qued
929 2012 1017 2055 hoc
1034 2012 1159 2068 quod
1180 2011 1302 2056 circa
1329 2011 1558 2056 Christum
1579 2011 1755 2055 factum
1774 2016 1844 2055 est
1864 2010 1914 2055 in
1935 2011 2039 2068 eJus

163 2071 408 2128 baptismo,
430 2072 549 2116 sicut
578 2073 930 2130 Chrysostomus
951 2073 1061 2118 dicit
1080 2075 1241 2130 (Super
1262 2074 1412 2117 Matth.
1440 2073 1560 2117 alius
1585 2077 1761 2129 auctor,
1785 2072 1910 2117 hom.
1930 2086 1971 2117 xv
1992 2073 2040 2118 in

163 2135 241 2190 Op.
263 2133 442 2190 imperf.
467 2134 494 2177 a
513 2134 671 2190 med.),
692 2134 888 2190 pertinet
908 2135 966 2180 ad
989 2135 1262 2190 mysterium
1285 2135 1493 2179 omnium
1515 2134 1595 2191 qui
1617 2134 1910 2191 postmodum
1937 2134 2040 2180 fue-

164 2199 270 2238 rant
289 2195 566 2251 baptizandi.
591 2197 760 2239 Omnes
779 2202 934 2240 autem
957 2197 1036 2252 qui
1058 2197 1286 2253 baptismo
1308 2197 1468 2240 Christi
1492 2196 1798 2253 baptizantur,
1822 2196 2037 2252 Spiritum

170 2262 381 2301 sanctum
401 2257 643 2313 recipiunt,
663 2257 748 2302 nisi
771 2257 874 2302 ficte
897 2258 1137 2313 accedant,
1161 2258 1419 2303 secundum
1435 2258 1548 2302 illud
1567 2258 1736 2311 (Matth.
1759 2271 1821 2313 ιιι,
1846 2260 1916 2312 2):
1939 2263 2038 2316 Ipse

165 2331 240 2361 cos
263 2319 503 2375 baptizabit
525 2323 573 2362 in
593 2323 767 2375 Spiritu
785 2323 956 2364 sanct0.
981 2323 1034 2363 Et
1055 2320 1159 2365 ideo
1178 2321 1461 2365 conveniens
1483 2320 1570 2365 fuit
1587 2324 1641 2364 ut
1654 2332 1795 2375 super
1809 2319 2037 2365 Christum

165 2379 443 2437 baptizatum
465 2381 657 2437 Spiritus
680 2386 870 2426 sanctus
893 2382 1209 2427 descenderet.

219 2441 283 2486 Ad
292 2445 489 2498 primum
501 2454 611 2498 ergo
628 2443 892 2496 dicendum,
910 2444 1050 2499 quod,
1062 2444 1182 2488 sicut
1196 2445 1484 2500 Augustinus
1504 2444 1614 2490 dicit
1630 2445 1712 2498 (De
1729 2443 1850 2487 Trin.
1869 2443 1948 2488 lib.
1965 2457 2036 2499 xv,

165 2514 264 2560 cap.
290 2507 360 2560 26,
380 2504 502 2548 circa
523 2505 678 2560 med.),
703 2523 723 2543 «
749 2505 1136 2550 absurdissimum
1150 2512 1226 2550 -est
1247 2507 1400 2551 dicere
1423 2506 1548 2563 quod
1569 2506 1790 2559 Christus,
1813 2508 1920 2550 cum
1938 2505 2036 2562 Jam

165 2566 351 2622 triginta
365 2570 488 2610 esset
501 2568 985 2623 annorum,acceperit
1007 2568 1223 2624 SpIritum
1255 2574 1493 2620 sanctum;
1516 2568 1599 2613 sed
1625 2568 1753 2612 venit
1779 2568 1839 2612 ad
1861 2567 2038 2624 baptis-

165 2638 293 2669 mum
313 2626 432 2670 sicut
446 2627 546 2671 sine
561 2633 764 2685 peccate,
776 2628 838 2673 ita
854 2640 945 2672 non
967 2629 1067 2673 sine
1078 2629 1247 2686 Spiritu
1259 2635 1437 2674 sancto.
1448 2630 1491 2673 Si
1499 2629 1623 2674 enim
1633 2629 1689 2674 de
1701 2632 1875 2673 Joanne
1887 2629 2038 2686 scrip—

168 2690 265 2730 tum
279 2688 484 2744 estquod
499 2690 667 2744 Spiritu
683 2695 843 2734 sancto
858 2690 1108 2746 replebitur
1122 2691 1181 2734 ab
1199 2696 1330 2735 utero
1343 2691 1504 2735 matris
1517 2703 1637 2746 suaet,
1655 2690 1766 2746 quid
1777 2690 1836 2735 de
1850 2690 2036 2736 homine

166 2749 338 2792 Christo
345 2749 444 2793 dice
450 2749 592 2794 ndum
600 2755 714 2805 est,c
720 2751 761 2808 uj
770 2764 824 2796 us
835 2752 988 2796 carnis
1000 2753 1099 2809 ipsa
1110 2754 1349 2809 conceptio
1362 2765 1453 2796 non
1468 2753 1682 2809 carnaiis,
1695 2751 1775 2796 sed
1785 2752 2036 2808 spiritualis

167 2808 276 2854 fuit?
307 2813 431 2854 Tunc
456 2813 640 2867 erg0,id
658 2819 727 2858 est
761 2815 808 2858 in
840 2814 1082 2870 baptismo,
1098 2828 1266 2872 corpus
1284 2815 1500 2871 suum,id
1519 2820 1605 2874 est,
1625 2815 1892 2870 Ecclesiam,
1917 2828 2037 2872 prae-

165 2871 365 2926 figurare
385 2872 597 2927 dignatus
617 2880 687 2919 est
700 2908 714 2933 ‚
728 2875 777 2919 in
799 2887 893 2932 qua
910 2877 1140 2934 praecipue
1159 2877 1373 2934 baptizati
1402 2876 1635 2933 accipiunt
1660 2876 1878 2932 Spiritum
1897 2888 2036 2921 sanc-

167 2937 282 2978 tum.
301 2952 320 2972 »

218 2996 284 3040 Ad
305 2997 542 3040 secundum
564 2997 827 3059 dicendum,
849 3001 991 3059 quod,
1015 3001 1137 3045 sicut
1158 3002 1446 3057 Augustinus
1464 3001 1575 3046 dicit
1595 3001 1672 3055 (De
1690 3000 1849 3045 Trinit.
1876 3001 1956 3046 lib.
1986 3016 2033 3056 11,

164 3070 264 3115 cap.
305 3061 363 3115 6),
403 3060 596 3115 Spiritus
626 3066 816 3106 sanctus
844 3063 1138 3108 descendisse
1173 3063 1342 3109 dicitur
1374 3076 1515 3120 super
1549 3064 1778 3108 Christum
1810 3064 2034 3121 corporali

166 3121 333 3177 specie,
360 3122 476 3165 sicut
499 3122 729 3179 columba,
754 3136 848 3168 non
867 3126 978 3182 quia
999 3128 1100 3182 ipsa
1122 3126 1384 3171 substantia
1405 3126 1597 3183 Spiritus
1615 3126 1762 3170 sancti
1787 3126 2034 3183 videretur,

165 3193 267 3238 quae
287 3187 356 3226 est
378 3183 643 3240 invisibilis3
669 3197 819 3241 neque
837 3187 900 3230 ita
919 3187 1043 3243 quod
1065 3188 1143 3232 iila
1165 3188 1363 3232 visibilis
1383 3194 1593 3233 creatura
1614 3188 1662 3231 in
1685 3188 1911 3232 unitatem
1930 3200 2036 3244 per-

189 3307 245 3360 ι(4.)
260 3306 437 3360 Responsio
454 3307 656 3344 affirmativa
678 3313 767 3343 certa
785 3312 855 3351 est3
872 3322 944 3351 quae
964 3311 1055 3345 enim
1138 3312 1324 3355 Spiritum
1345 3313 1414 3349 Dei
1432 3313 1701 3348 descendentem
1717 3314 1813 3348 sicut
1832 3313 2033 3347 columbam

164 3353 324 3408 divi-niuis
349 3361 512 3394 geruntur
539 3357 723 3391 necessario
750 3363 828 3391 sunt
856 3359 1054 3393 convenien-
1140 3365 1173 3394 et
1190 3362 1388 3395 venientem
1410 3372 1524 3404 super
1548 3372 1596 3395 sc.
1621 3362 1737 3401 (Marc.
1758 3369 1781 3400 ι,
1807 3361 1860 3399 40)
1892 3373 1900 3394 :
1937 3360 2033 3394 Vidit

164 3405 301 3435 tissnua.
1140 3411 1243 3444 coelos
1269 3414 1413 3453 apertos
1440 3414 1472 3444 et
1491 3411 1676 3454 Spiritum
1703 3414 1877 3453 tanquam
1899 3409 2034 3443 colum·

205 3449 246 3490 (2)
261 3450 496 3492 Quodfflatth.
511 3460 563 3492 ιιι,
579 3451 631 3491 46)
646 3453 693 3487 sic
709 3454 910 3495 exprimitur
930 3467 938 3475 ·
957 3455 1056 3491 Vidit
1141 3457 1220 3491 bam
1235 3457 1506 3493 descendentem
1524 3461 1557 3492 et
1572 3461 1777 3493 manentem
1792 3457 1834 3490 in
1852 3456 1949 3498 ipso.
