2170 3808
97 228 180 271 458
681 223 879 275 QUAEST.
909 223 1008 278 LIV,
1042 223 1160 266 ART.
1183 224 1220 266 II
1247 224 1312 268 ΕΤ
1339 224 1408 270 111.

99 306 142 350 Si
165 307 289 351 enim
316 304 652 350 inconveniens
675 309 746 348 est
763 309 816 348 ut
835 303 1043 348 Christus
1072 303 1262 348 alterius
1292 313 1471 351 naturae
1493 320 1662 363 corpus
1687 307 1742 351 in
1769 318 1855 351 sua
1877 319 1992 351 ωη-

98 368 310 425 ceptione
338 364 581 422 acceperit,
613 365 727 421 puta
752 365 957 422 coeleste,
988 364 1108 409 sicut
1131 365 1400 411 Valentinus
1429 369 1643 424 asseruit,
1671 367 1819 412 multo
1842 369 1992 425 magis

97 428 434 474 inconveniens
458 431 529 471 est
550 427 674 484 quod
696 427 743 471 in
761 426 1102 471 resurrectione
1121 426 1311 471 alterius
1335 433 1511 480 naturae
1534 443 1704 487 corpus
1723 442 1992 486 resumpse-

98 491 175 547 rit,
198 490 308 548 quia
327 502 497 546 corpus
513 489 562 533 in
581 489 919 534 resurrectione
942 488 1194 544 resumpsit
1209 489 1268 533 ad
1287 489 1429 535 vitam
1447 491 1767 546 Immortalem,
1792 492 1919 549 quod
1943 492 1992 536 in

96 551 401 608 conceptione
425 556 741 607 assumpserat
762 552 822 596 ad
845 552 987 595 vitam
1011 552 1268 595 mortalem.

153 614 220 658 Ad
241 616 440 670 primum
462 626 572 670 ergo
596 614 861 667 dicendum,
887 613 1013 669 quod
1036 626 1144 658 caro
1171 617 1217 658 et
1237 612 1433 670 sanguis
1453 614 1516 659 ibi
1539 628 1633 660 non
1660 615 1884 671 accipitur
1906 628 1990 671 pro

101 679 267 720 natura
298 675 452 720 carnis
478 680 526 720 et
556 675 816 732 sanguinis,
841 675 925 721 sed
950 675 1024 719 vel
1053 687 1137 731 pro
1165 674 1302 732 culpa
1325 676 1478 721 carnis
1503 681 1548 721 et
1581 677 1841 735 sanguinis,
1870 677 1990 722 sicut

101 736 346 794 Gregorius
365 737 476 782 dicit
492 737 659 793 (haral.
682 737 763 782 lib.
785 750 874 791 xvi,
895 736 984 780 loc.
1008 749 1111 793 sup.
1133 736 1247 792 cit.),
1269 736 1344 781 vel
1364 750 1448 793 pro
1459 740 1753 795 corruptione
1771 738 1925 783 carnis
1944 743 1986 784 et

100 798 343 855 sanguinis
364 812 376 844 ε
398 799 522 856 quia,
543 803 596 843 ut
610 798 896 855 Augustinus
921 797 1032 842 dicit
1050 798 1109 843 ad
1132 798 1430 843 Consentium
1449 799 1506 844 de
1525 800 1870 845 Resurrectione
1889 813 1985 845 car-

102 860 173 905 nis
197 860 346 918 (epist.
368 864 466 914 205,
490 861 548 905 al.
572 863 670 916 146,
699 860 724 903 a
743 860 901 916 med),
930 878 949 898 a
975 872 1069 904 non
1103 860 1166 904 ibi
1189 861 1276 905 erit
1294 862 1526 918 corruptio
1547 867 1595 907 et
1616 863 1872 907 mortalitas
1889 875 1987 907 ‹tar-

101 922 174 968 nis
201 927 247 967 et
280 923 543 977 sanguinis.
571 942 590 961 »
613 924 727 967 Caro
760 922 901 979 igitur
934 922 1193 967 secundum
1219 922 1529 973 substantiam
1556 925 1762 981 possidet
1790 937 1987 981 regnum

98 983 192 1040 Dei,
210 997 353 1030 secun
360 986 470 1030 dum
483 983 609 1041 quod
624 983 878 1029 dictumest
888 985 1010 1038 (Luc.
1023 983 1140 1039 ult.):
1157 986 1353 1040 Spiritus
1370 998 1547 1030 carnem
1566 989 1719 1030 etossa
1733 987 1986 1043 nonhabet,

98 1047 214 1090 sicut
236 1060 306 1089 me
333 1049 496 1090 videtis
513 1046 697 1103 habere5
719 1058 827 1091 caro
850 1050 1022 1102 autem,
1047 1049 1154 1089 cum
1173 1046 1433 1092 secundum
1455 1047 1795 1104 corruptionem
1818 1047 1989 1093 intelli-

98 1108 237 1166 gitur,
260 1122 354 1153 non
370 1108 641 1166 possidebit,
659 1108 786 1153 unde
801 1108 1022 1153 continuo
1037 1108 1247 1154 additum
1261 1113 1334 1153 est
1347 1110 1396 1154 in
1410 1108 1570 1154 verbis
1582 1111 1785 1166 Apostoli
1804 1126 1815 1154 ε
1838 1114 1990 1167 Neque

97 1174 326 1227 corruptio
348 1170 722 1230 incorruptelam.

152 1233 218 1278 Ad
242 1236 486 1278 secundum
506 1234 773 1291 dicendum,
797 1234 939 1292 quod,
962 1234 1085 1279 sicut
1104 1234 1392 1291 Augustinus
1407 1234 1518 1280 dicit
1535 1235 1597 1289 (in
1614 1235 1776 1280 eodem
1797 1236 1879 1280 lib.
1897 1236 1987 1282 loc.

97 1295 195 1351 cit.,
219 1297 385 1353 parum
405 1296 433 1340 a
449 1297 631 1354 princ.),
657 1314 677 1334 α
697 1295 927 1355 fortassis,
950 1297 1140 1353 accepta
1159 1296 1403 1341 occasione
1422 1298 1681 1354 sanguinis,
1702 1298 1885 1354 urgebit
1902 1310 1989 1344 nos

96 1357 335 1403 molestior
347 1363 679 1415 perscrutator,
701 1362 746 1403 et
764 1357 887 1403 dicet
913 1373 924 1402 ε
950 1357 993 1402 Si
1016 1356 1211 1413 sanguis
1237 1357 1284 1402 in
1304 1370 1496 1415 corpore
1520 1359 1684 1403 Christi
1703 1360 1989 1417 resurgentis

97 1419 200 1476 fuit,
224 1422 309 1464 cur
327 1432 422 1465 non
442 1425 488 1465 et
507 1420 689 1478 pituita,
719 1438 740 1457 »
765 1419 814 1465 id
843 1422 931 1476 est,
954 1420 1187 1476 phlegma,
1211 1437 1231 1458 «
1263 1432 1347 1464 cur
1386 1432 1481 1465 non
1510 1426 1557 1465 et
1588 1422 1648 1466 fel
1675 1421 1866 1477 flavum,
1892 1441 1913 1462 »
1940 1422 1988 1467 id

97 1486 183 1535 est,
210 1482 410 1539 cholera,
431 1500 451 1520 «ε
462 1487 508 1526 et
526 1482 588 1526 fel
612 1482 814 1538 nigrum,
836 1481 919 1527 »id
935 1487 1021 1537 est,
1042 1481 1363 1538 melancholia,
1378 1499 1397 1520 τε
1418 1482 1590 1539 quibus
1607 1489 1807 1540 quatuor
1824 1485 1988 1529 humo-

97 1543 227 1588 ribus
252 1549 466 1588 naturam
490 1543 644 1590 carnis
667 1543 928 1600 temperari,
954 1543 1095 1588 etiam
1121 1543 1364 1588 medicinae
1391 1544 1635 1602 disciplina
1658 1551 1882 1591 testatur?
1902 1547 1989 1593 Sed

97 1607 337 1663 quodlibet
359 1607 571 1664 quisquis
592 1607 749 1663 addat,
772 1606 1118 1663 corruptionem
1141 1606 1310 1652 addere
1329 1612 1507 1663 caveat,
1531 1621 1592 1653 ne
1615 1621 1713 1653 suae
1733 1609 1839 1654 fidei
1861 1610 1990 1654 sani-

96 1672 238 1714 tatem
255 1669 609 1727 castitatemque
633 1668 1066 1725 corrumpat3valet
1087 1669 1211 1713 enim
1232 1668 1389 1714 divina
1406 1669 1612 1726 potentia
1630 1670 1687 1715 de
1711 1670 1800 1714 ista
1820 1671 1990 1717 visibili

95 1734 236 1787 atque
259 1730 486 1775 tractabili
519 1735 687 1776 natura
708 1742 973 1788 corporum,
1004 1729 1287 1788 quibusdam
1317 1731 1634 1791 manentibus,
1662 1733 1843 1778 auferre
1872 1746 1990 1790 quas

95 1792 294 1837 voluerit
314 1793 577 1848 qualitates,
602 1796 656 1836 ut
673 1791 795 1836 absit
814 1791 967 1848 labeS,
994 1811 1013 1830 »
1040 1791 1215 1836 scilicet
1237 1792 1564 1849 corruptionis,
1593 1811 1613 1830 «
1639 1792 1759 1839 adsit
1781 1794 1988 1854 effigIes3

95 1854 217 1899 adsit
237 1854 396 1910 mot10,
422 1854 542 1899 absit
563 1854 786 1910 fatigati03
810 1854 932 1899 adsit
949 1854 1168 1899 vescendi
1188 1859 1411 1911 potestaS,
1434 1854 1557 1900 absit
1574 1856 1808 1903 esuriendi
1828 1869 1991 1904 neces·

95 1915 224 1962 sltas.
248 1935 270 1957 υ

148 1977 218 2025 Ad
241 1981 427 2023 tertium
450 1978 716 2034 dicendum,
740 1977 866 2035 quod
888 1982 1014 2023 totus
1038 1979 1231 2035 sanguis
1254 1979 1333 2036 qui
1357 1978 1416 2025 de
1440 1991 1634 2037 corpore
1655 1981 1819 2027 Christi
1837 1982 1987 2042 fluxit,

93 2041 201 2086 cum
218 2041 277 2087 ad
294 2041 538 2086 veritatem
555 2042 775 2086 humanae
791 2044 971 2085 naturae
992 2041 1238 2098 pertineat,
1254 2041 1302 2086 in
1319 2054 1512 2099 corpore
1527 2042 1692 2088 Christi
1711 2046 1985 2102 resurrexit,

36 2111 38 2114 ·
94 2107 140 2147 et
162 2103 324 2148 eadem
348 2104 465 2148 ratio
483 2107 555 2148 est
578 2102 636 2148 de
657 2101 877 2147 omnibus
899 2103 1138 2159 particulis
1156 2104 1214 2148 ad
1235 2104 1474 2149 veritatem
1498 2111 1543 2149 et
1567 2104 1877 2160 integritatem
1900 2109 1988 2152 hu-

94 2176 245 2209 manae
268 2170 447 2211 naturae
473 2165 831 2222 pertinentibus.
856 2166 1055 2222 Sanguis
1076 2171 1233 2211 autem
1252 2166 1330 2211 ille
1353 2166 1432 2224 qui
1453 2167 1502 2210 in
1531 2167 1811 2224 quibusdam
1829 2170 1988 2216 Eccle-

95 2226 176 2271 siis
197 2239 282 2283 pro
305 2227 515 2284 reliquiis
534 2232 855 2282 conservatur,
878 2240 971 2271 non
997 2227 1131 2272 fluxit
1153 2228 1211 2273 de
1235 2228 1378 2273 latere
1401 2228 1580 2284 Christi,
1605 2229 1688 2275 sed
1713 2230 1989 2278 miraculose

94 2287 264 2333 dicitur
284 2289 522 2333 effluxisse
541 2289 600 2334 de
622 2290 824 2347 quadam
847 2289 1050 2346 imagine
1069 2290 1233 2335 Christi
1254 2303 1474 2347 percussa
1495 2293 1571 2346 (1).

187 2351 531 2395 ARTICULUS
556 2355 640 2395 111.
664 2376 721 2384 —
748 2364 884 2396 uranu
915 2365 1078 2396 cnmsri
1108 2365 1266 2398 coneus
1292 2366 1608 2397 nnsunnaxnm‘r
1638 2366 1885 2400 cnomosun.

150 2413 200 2448 De
217 2409 271 2448 his
286 2414 389 2449 etiam
404 2414 506 2456 infra,
523 2417 639 2456 quaest.
656 2421 713 2454 LV,
729 2416 793 2448 art.
806 2414 827 2448 6
839 2413 882 2448 ad
896 2415 928 2454 A,
944 2419 979 2449 et
990 2414 1105 2456 quodl.
1124 2422 1160 2456 V,
1181 2418 1298 2456 quast.
1311 2423 1351 2456 11,
1367 2419 1433 2450 art.
1447 2415 1480 2456 ⁴,
1500 2420 1536 2452 et
1554 2416 1678 2458 Opusc.
1693 2424 1748 2456 ΠΙ.
1765 2427 1837 2458 cap.
1855 2417 1930 2454 245.

149 2460 217 2506 Ad
238 2462 426 2506 tertium
450 2462 518 2506 sic
531 2460 813 2519 proceditur.
830 2464 873 2505 1.
886 2461 1074 2506 Videtur
1092 2461 1220 2520 quod
1237 2475 1408 2520 corpus
1428 2463 1588 2509 Christi
1609 2476 1701 2508 non
1721 2476 1987 2511 resurrexe-

94 2521 154 2566 rit
182 2522 452 2579 gloriosum.
487 2525 687 2580 Corpora
730 2521 854 2567 enirn
893 2522 1094 2578 gloriosa
1132 2530 1243 2569 sunt
1283 2524 1533 2580 fulgentia,
1571 2525 1831 2570 secundum
1872 2526 1988 2573 illud

93 2585 263 2640 (Matth.
285 2599 374 2642 xm,
397 2586 471 2641 43)
490 2598 503 2630 z
528 2585 778 2641 Fulqebunt
794 2587 932 2640 justi,
958 2587 1074 2629 sicut
1091 2587 1177 2642 sol,
1198 2588 1246 2629 in
1264 2599 1401 2643 reqno
1414 2589 1567 2630 Patris
1588 2600 1755 2632 eorum.
1779 2587 1865 2633 Sed
1886 2601 1986 2633 cor-

94 2657 207 2703 pora
236 2646 462 2703 fulgentia
491 2646 710 2692 videntur
730 2645 990 2691 secundum
1019 2647 1245 2692 rationem
1267 2647 1402 2704 lucis,
1425 2660 1518 2692 non
1546 2653 1702 2693 autem
1726 2650 1986 2696 secundum

93 2708 320 2754 rationem
342 2708 527 2754 coloris.
549 2710 662 2753 Cum
684 2719 796 2765 ergo
817 2721 987 2764 corpus
1008 2709 1172 2755 Christi
1192 2709 1346 2754 visum
1366 2709 1504 2754 suerit
1520 2709 1608 2754 sub
1628 2711 1796 2757 coloris
1813 2713 1980 2770 specie,

94 2769 215 2816 sicut
229 2775 276 2816 et
299 2772 430 2828 prius
449 2773 507 2826 (2)
530 2770 790 2826 videbatur,
814 2770 998 2815 videtur
1022 2772 1146 2828 quod
1167 2785 1260 2816 non
1286 2772 1423 2817 fuerit
1445 2772 1712 2829 gloriosum.

147 2836 189 2879 2.
220 2836 458 2890 Praeterea,
483 2846 651 2891 corpus
667 2832 919 2890 gloriosum
933 2838 1005 2878 est
1023 2834 1382 2892 incorruptibile.
1407 2835 1494 2879 Sed
1509 2848 1677 2892 corpus
1700 2836 1863 2881 Christi
1890 2850 1983 2883 non

94 2895 277 2941 videtur
301 2896 443 2941 fuisse
465 2895 840 2952 incorruptibile3
866 2897 952 2941 fuit
971 2897 1093 2941 enim
1118 2898 1364 2954 palpabile,
1393 2898 1512 2942 sicut
1534 2903 1581 2943 et
1603 2900 1701 2955 ipse
1723 2899 1832 2944 dicit
1859 2902 1980 2954 (Luc.

93 2956 177 3002 ult.
200 2960 271 3013 39)
297 2973 308 3003 ε
329 2958 541 3015 Pallante,
566 2961 609 3001 ει
632 2959 795 3002 videte.
820 2957 933 3003 Dicit
956 2964 1112 3004 autem
1137 2960 1382 3017 Gregorius
1404 2960 1452 3004 in
1475 2959 1675 3017 quadam
1698 2961 1821 3005 hom.
1844 2963 1913 3016 (26
1935 2961 1983 3005 in

93 3021 267 3076 Evang.
292 3021 457 3078 parum
470 3019 692 3080 aprino),
713 3019 839 3077 quod
856 3039 876 3059 «
892 3022 1126 3080 corrumpi
1148 3035 1340 3068 necesse
1358 3027 1430 3067 est
1449 3023 1573 3079 quod
1581 3023 1794 3079 palpatur
1810 3039 1822 3079 ς
1837 3028 1881 3068 et
1891 3024 1984 3080 pal-

94 3079 193 3138 pari
209 3093 302 3125 non
318 3087 472 3139 potest
489 3083 615 3140 quod
627 3095 721 3127 non
734 3084 1062 3140 corrumpitur.
1082 3103 1102 3124 »
1118 3086 1216 3130 Non
1226 3097 1340 3142 ergo
1351 3097 1524 3142 corpus
1539 3085 1702 3130 Christi
1718 3085 1804 3129 fuit
1819 3085 1984 3140 glorio-

98 3155 221 3188 sum.

95 3236 312 3274 aegrotantem
343 3243 380 3267 ac
417 3233 659 3268 moribundum
695 3234 891 3276 visitabant,
923 3235 994 3277 pel·
1123 3237 1167 3279 (2)
1192 3237 1230 3271 Id
1256 3243 1317 3277 est,
1343 3236 1430 3271 sicut
1443 3237 1540 3271 antea
1560 3235 1750 3278 videbatur,
1766 3237 1841 3272 etim
1857 3236 1978 3277 glorio-

95 3281 162 3316 lem
194 3293 261 3316 suae
283 3284 403 3316 manus
431 3281 576 3316 tenuisse
604 3283 743 3317 dicendo
772 3297 780 3316 :
811 3284 997 3327 Confiteor
1080 3297 1156 3319 sum
1180 3284 1331 3319 nondum
1356 3288 1466 3318 esset:
1487 3284 1533 3318 sic
1555 3288 1668 3317 antem
1690 3286 1796 3318 visum
1816 3297 1884 3319 esse
1908 3289 1978 3325 post

98 3331 188 3375 quia
208 3340 331 3365 omnes
347 3331 389 3364 in
401 3330 470 3364 hac
486 3340 597 3364 carne
621 3341 869 3374 resurgemus.
1079 3332 1363 3368 resurrectionem
1391 3331 1472 3366 satis
1501 3342 1540 3365 ex
1565 3331 1635 3372 ipsa
1664 3332 1835 3372 Evangelii
1866 3344 1976 3367 narra-

135 3378 179 3419 (Ι)
211 3378 305 3412 Sicut
332 3381 449 3412 narrat
488 3377 687 3412 Athanasius
720 3379 771 3412 vel
795 3379 879 3419 apud
917 3391 996 3414 eum
1080 3382 1173 3415 tione
1187 3384 1290 3422 patet.

98 3425 183 3460 alius
197 3433 325 3467 auctor,
346 3427 439 3460 Orat.
453 3424 493 3459 de
506 3425 658 3467 passione
675 3426 830 3467 imaginis
844 3427 992 3461 Christi:

96 3474 184 3509 unde
203 3473 351 3510 refertur
365 3475 401 3510 in
415 3486 488 3518 syn.
504 3482 555 3508 vn
570 3502 576 3511 .
592 3480 653 3507 act.
676 3477 703 3506 1.
