2170 3808
221 254 307 295 186
902 247 1103 300 QnAEsr.
1131 247 1221 303 XX,
1252 247 1370 291 ΛΒΤ.
1400 248 1451 291 11.

223 334 308 378 sibi
330 332 436 390 ipsi.
458 331 571 376 Dicit
599 330 728 376 enim
747 328 950 386 cyrillus
977 328 1025 373 in
1058 327 1254 385 epistola
1277 327 1518 386 synodica,
1550 339 1690 385 quam
1717 325 1892 372 scilicet
1912 326 2121 385 synodus

224 395 452 452 Ephesina
475 397 656 450 (gener.
679 406 741 449 ui,
775 395 898 448 part.
922 394 965 448 1.,
985 403 1089 449 cap.
1114 391 1186 447 26)
1223 390 1386 447 recipit
1407 405 1422 434 :
1447 408 1467 428 «
1490 393 1648 448 Neque
1675 390 1776 446 ipse
1802 389 2010 433 Christus
2033 390 2123 435 sibi

222 469 390 502 servus
419 461 516 513 est,
536 466 690 511 neque
711 454 932 500 dominus
961 469 973 499 ς
1005 455 1187 498 fatuum
1219 453 1347 498 enim
1372 457 1472 508 est,
1502 452 1577 497 vel
1608 452 1764 509 potius
1790 449 2004 508 impium,
2034 451 2123 497 hoc

223 516 399 562 sentire
423 516 497 561 vel
522 516 694 561 dicere.
720 535 741 555 »ι
770 516 823 559 Ει
854 516 942 560 hoc
964 515 1107 560 etiam
1128 514 1296 559 asserit
1315 517 1626 559 Damascenus
1658 514 1798 566 (Orth.
1837 512 1916 557 fid.
1950 512 2030 557 lib.
2062 528 2119 571 iv,

221 592 321 636 cap.
353 581 428 633 21,
454 577 482 621 a
510 578 669 633 med.),
701 578 896 623 dicens:
923 596 943 616 «
977 580 1129 622 Unum
1158 577 1283 622 enim
1314 588 1399 621 ens
1425 577 1632 621 Christus
1656 588 1747 619 non
1781 580 1932 632 potest
1958 587 2122 621 servus

222 653 326 686 esse
356 639 579 697 suiipsius
610 646 657 685 et
681 640 916 685 dominus.
949 659 970 680 »ι
1003 641 1091 685 Sed
1121 640 1357 684 intantum
1395 638 1604 683 Christus
1634 637 1807 683 dicitur
1837 649 2003 682 servus
2038 638 2121 682 Pa-

224 703 320 759 tris,
342 703 622 759 inquantum
643 707 716 746 est
736 702 778 746 ei
798 702 1058 758 subjectus.
1078 703 1197 758 Ergo
1221 701 1428 746 Christus
1452 713 1546 744 non
1569 706 1640 745 est
1662 699 1904 756 subjectus
1926 698 2120 755 sibiipsi.

277 768 320 810 2.
352 766 594 822 Praeterea,
625 777 791 809 servus
820 764 1021 809 refertur
1042 764 1100 809 ad
1125 764 1382 809 dominum.
1411 763 1498 808 Sed
1527 762 1690 808 relatio
1718 774 1810 806 non
1835 766 1908 806 est
1927 761 2124 818 alicujus

222 826 281 871 ad
311 826 516 884 seipsum
541 839 553 869 ι
578 827 704 871 unde
725 832 772 870 et
796 826 994 871 Hilarius
1027 825 1140 871 dicit
1168 828 1244 881 (De
1266 825 1422 870 Trinit.
1454 824 1533 870 lib.
1567 839 1644 880 ιιι,
1673 835 1838 881 parum
1870 828 1978 868 ante
2000 823 2120 881 fin.),

222 888 349 945 quod
373 889 488 934 nihil
510 893 582 934 est
604 888 693 933 sibi
717 888 870 932 simile
892 893 975 933 aut
996 888 1192 945 aequale.
1218 890 1336 944 Ergo
1366 887 1573 932 Christus
1601 899 1696 932 non
1725 889 1879 943 potest
1899 885 1991 931 dici
2021 897 2127 931 ser-

223 961 310 995 vus
333 949 574 1006 suiipsius,
595 954 643 995 et
659 962 743 1007 per
764 961 1061 1006 consequens
1085 962 1171 995 nec
1191 950 1277 994 sibi
1301 961 1408 995 esse
1431 949 1690 1006 subjectus.

279 1014 322 1057 3.
353 1014 591 1068 Praeterea,
617 1029 636 1047 «ν
660 1012 782 1056 sicut
801 1012 957 1057 anima
977 1012 1215 1057 rationalis
1231 1017 1278 1057 et
1297 1025 1406 1057 caro
1428 1024 1555 1057 unus
1576 1016 1647 1056 est
1658 1012 1825 1066 hom03
1851 1010 1914 1055 ita
1935 1012 2056 1054 Deus
2076 1014 2124 1057 et

224 1074 363 1118 homo
387 1087 512 1119 unus
530 1080 602 1119 est
625 1074 835 1119 Christus
850 1109 862 1130 ,
886 1094 906 1112 »
934 1081 985 1120 ut
1007 1074 1287 1119 Athanasius
1319 1074 1431 1120 dicit
1451 1074 1514 1129 (in
1538 1073 1696 1132 Symb.
1727 1074 1841 1128 fid).
1876 1073 1963 1118 Sed
1987 1073 2124 1117 homo

227 1149 318 1181 non
343 1137 511 1182 dicitur
548 1138 790 1195 subjectus
826 1137 1034 1195 sibiipsi,
1069 1138 1146 1183 vel
1183 1150 1349 1183 servus
1382 1137 1607 1194 suiipsius
1638 1141 1721 1181 aut
1757 1135 1906 1192 maj0r
1939 1135 2121 1192 seipso,

225 1205 413 1256 propter
431 1200 521 1244 hoc
543 1201 666 1257 quod
691 1213 863 1258 corpus
885 1200 989 1258 ejus
1018 1200 1281 1257 subjectum
1316 1205 1388 1246 est
1420 1199 1604 1245 animae.
1631 1202 1752 1255 Ergo
1783 1210 1936 1254 neque
1972 1197 2125 1243 Chris-
2167 1236 2170 1239 .

228 1266 303 1306 tus
323 1261 491 1307 dicitur
514 1261 756 1318 subJectus
789 1261 967 1319 sibiipsi
1002 1268 1190 1320 propter
1218 1263 1306 1307 hoc
1339 1261 1463 1320 quod
1489 1262 1593 1319 ejus
1626 1261 1893 1306 humanitas
1914 1259 2124 1317 subjecta

225 1329 296 1367 est
324 1322 553 1368 divinitati
583 1323 749 1380 ipsiuS.

280 1388 322 1431 1.
345 1385 432 1430 Sed
456 1389 614 1429 contra
635 1390 707 1431 est
734 1385 860 1443 quod
880 1386 1171 1443 Augustinus
1194 1386 1306 1431 dicit
1329 1387 1406 1438 (De
1435 1385 1594 1430 Trinit.
1621 1385 1703 1431 lib.
1741 1398 1783 1442 1,
1817 1395 1921 1441 cap.
1944 1387 1988 1443 7,
2014 1389 2124 1429 ante

226 1447 366 1502 med.)
389 1461 402 1492 :
430 1465 450 1485 «
481 1447 658 1492 Veritas
682 1447 888 1493 ostendit
912 1448 1173 1493 secundum
1202 1447 1347 1493 istum
1373 1447 1568 1492 modum
1584 1481 1598 1502 ,
1633 1459 1774 1504 »quo
1797 1446 1972 1491 scilicet
1993 1447 2122 1490 Pater

227 1509 373 1565 maJ‘or
403 1515 475 1555 est
510 1511 690 1555 Christo
725 1510 987 1556 secundum
1018 1511 1275 1555 humanam
1304 1513 1549 1567 naturam,
1580 1509 1720 1554 etiam
1741 1511 1884 1566 seipso
1906 1510 2124 1552 minorem

226 1573 416 1616 Filium.

200 1636 202 1639 ’
281 1637 324 1679 2.
354 1636 595 1691 Praeterea,
617 1633 741 1680 sicut
761 1634 863 1692 ipse
885 1639 1241 1691 argumentatur
1254 1634 1444 1690 ibidem,
1465 1634 1533 1679 sic
1555 1638 1746 1690 accepta
1768 1637 1840 1678 est
1863 1632 1889 1676 a
1913 1631 2023 1676 Filio
2045 1631 2120 1677 Dei

226 1696 374 1741 forma
395 1697 536 1753 servi.
560 1701 729 1742 utnon
750 1698 1041 1743 amitteretur
1073 1698 1223 1742 forma
1256 1697 1350 1742 Dei.
1386 1695 1474 1741 Sed
1504 1695 1765 1740 secundum
1792 1694 1988 1739 formam
2015 1694 2125 1751 Dei,

227 1771 332 1815 quae
350 1764 422 1803 est
440 1759 707 1804 communis
729 1761 848 1804 Patri
879 1765 925 1805 et
949 1759 1078 1814 Filio,
1109 1762 1244 1804 Pater
1266 1764 1338 1803 est
1359 1758 1472 1803 Filio
1493 1758 1641 1814 maj0r
1665 1757 1926 1802 secundum
1955 1757 2123 1801 huma-

228 1833 336 1865 nam
359 1826 590 1866 naturam.
615 1823 734 1877 Ergo
768 1821 908 1867 etiam
933 1821 1084 1881 „Filius
1108 1825 1179 1866 est
1207 1820 1356 1877 major
1391 1820 1547 1877 seipso
1579 1819 1839 1864 secundum
1871 1820 2124 1864 humanam

230 1888 461 1929 naturam.

282 1949 326 1990 3.
355 1948 597 2002 Praeterea,
621 1945 829 1991 Christus
849 1945 1113 1991 secundum
1133 1946 1390 1990 humanam
1422 1949 1638 1989 naturam
1658 1947 1729 1988 est
1752 1955 1919 1989 servus
1942 1943 2019 1988 Dei
2039 1944 2124 1987 Pa-

228 2007 326 2062 tris,
354 2007 616 2062 secundum
640 2007 758 2052 illud
782 2008 929 2064 (Joan.
952 2021 1006 2051 xx
1023 2040 1036 2065 ‚
1062 2010 1133 2062 17)
1159 2021 1171 2050 x
1195 2007 1403 2052 Ascendo
1422 2007 1487 2050 ad
1505 2010 1692 2049 Patrem
1708 2018 1856 2048 meum
1875 2008 1918 2048 et
1943 2007 2126 2048 Patrem

227 2073 438 2125 vestrum,
465 2073 605 2112 Deum
627 2082 774 2112 meum
789 2072 832 2113 et
856 2074 998 2112 Deum
1017 2073 1234 2113 vestrum.
1257 2067 1344 2113 Sed
1367 2068 1651 2125 quicumque
1680 2071 1752 2112 est
1776 2078 1941 2110 servus
1960 2066 2146 2122 Patris,-

229 2136 299 2174 est
324 2143 488 2174 servus
517 2129 613 2174 Filii
638 2142 649 2171 ι
673 2129 879 2187 alioquin
913 2143 1005 2174 non
1037 2128 1195 2175 omnia
1217 2142 1322 2186 quae
1357 2133 1470 2173 sunt
1501 2128 1663 2183 Patris,
1683 2132 1841 2172 essent
1873 2127 1985 2171 Filii.
2010 2130 2127 2183 Ergo

232 2192 438 2236 Christus
465 2196 536 2236 est
559 2203 725 2236 servus
745 2191 971 2248 suiipsius
993 2198 1041 2236 ei
1060 2192 1146 2236 sibi
1169 2191 1403 2236 subditus.

276 2261 566 2301 CONCLUSIO.
588 2281 638 2289 -
657 2259 847 2300 Christus
863 2272 945 2300 non
964 2263 1026 2300 est
1047 2259 1126 2300 sihi
1142 2259 1364 2311 subjectus,
1383 2261 1418 2298 si
1446 2258 1687 2299 dominium
1704 2261 1744 2299 et
1763 2256 1961 2308 subjectio
1989 2257 2041 2298 ad
2062 2257 2126 2298 di-

230 2316 372 2355 vinam
394 2315 588 2354 reseratur
606 2325 843 2365 personam;
865 2320 924 2355 est
947 2318 1087 2354 autem
1105 2313 1182 2354 sibi
1198 2313 1407 2366 subjectus
1422 2312 1649 2353 secundum
1673 2312 1904 2352 humanam
1919 2316 2125 2354 naturam.

286 2377 556 2434 Respondco
581 2376 830 2421 dicendum
850 2376 995 2433 quod,
1019 2376 1140 2422 sicut
1159 2376 1336 2421 dictum
1359 2380 1429 2421 est
1452 2378 1553 2430 (art.
1578 2387 1717 2432 praec.
1743 2374 1802 2419 ad
1826 2376 1893 2430 2),
1919 2386 2024 2420 esse
2041 2375 2126 2420 do-

230 2440 410 2484 minum
441 2444 488 2483 ει
519 2451 707 2482 servum
738 2438 1006 2483 attribuitur
1034 2451 1245 2495 personae
1277 2439 1347 2483 vel
1380 2438 1618 2495 hypostasi
1641 2437 1901 2482 secundum
1923 2437 2125 2493 aliquam

232 2508 462 2547 naturam.
500 2502 613 2545 Gum
647 2513 758 2557 ergo
782 2500 952 2545 dicitur
979 2500 1187 2545 Christus
1212 2512 1316 2545 esse
1340 2500 1561 2545 dominus
1581 2500 1655 2544 vel
1687 2511 1854 2544 servus
1876 2498 2125 2557 suiipsius,

229 2565 303 2609 vel
322 2564 446 2621 qued
466 2563 663 2607 Verbum
684 2563 761 2607 Dei
781 2568 853 2608 est
874 2563 1092 2608 dominus
1113 2563 1316 2607 hominis
1335 2563 1498 2607 Christi
1516 2577 1528 2619 ς
1546 2563 1635 2607 hoc
1657 2567 1808 2619 potest
1828 2561 2021 2618 intelligi
2041 2562 2124 2607 du·

230 2626 409 2682 pliciter
430 2639 440 2667 :
467 2637 561 2669 uno
581 2624 720 2668 modo
742 2628 794 2668 ut
813 2624 1096 2680 intelligatur
1112 2625 1200 2668 hoc
1224 2636 1327 2668 esse
1347 2624 1522 2668 dictum
1542 2623 1722 2668 ratione
1741 2622 1933 2667 alterius
1953 2623 2124 2679 hypos-

233 2688 344 2731 tasis
367 2687 441 2732 vel
465 2698 704 2743 personae3
727 2686 860 2742 quasi
883 2685 973 2730 alia
993 2686 1052 2730 sit
1077 2698 1278 2742 persona
1297 2685 1429 2729 Verbi
1453 2685 1527 2729 Dei
1549 2684 1848 2740 dominantis,
1871 2690 1919 2728 et
1939 2684 2029 2728 alia
2045 2685 2139 2740 ho·-

230 2749 367 2793 minis
387 2748 660 2803 servientis3
684 2747 809 2803 quod
834 2748 1035 2805 pertinet
1052 2748 1111 2792 ad
1131 2747 1346 2792 haeresim
1365 2746 1558 2791 Nestorii
1585 2761 1596 2791 :
1621 2746 1748 2802 unde
1769 2746 1817 2790 in
1840 2746 2123 2792 condemna-

233 2811 355 2855 tione
368 2810 558 2855 Nestorii
578 2809 748 2854 dicitur
768 2809 814 2853 in
830 2810 1012 2867 synodo
1036 2809 1263 2865 Ephesina
1281 2811 1415 2865 (part.
1439 2822 1501 2862 111,
1526 2821 1627 2865 cap.
1649 2811 1692 2863 1,
1714 2807 2038 2852 anathematis.
2054 2811 2124 2864 6):

238 2891 258 2911 κ
286 2873 329 2917 Si
350 2873 456 2929 quis
480 2872 590 2917 dicit
612 2875 755 2916 Deum
778 2872 855 2916 vel
878 2871 1121 2916 Dominum
1145 2883 1249 2916 esse
1270 2870 1436 2915 Christi
1466 2883 1526 2915 ex
1554 2874 1648 2915 Deo
1670 2873 1800 2914 Patre
1830 2869 2057 2926 Verbum,
2081 2876 2123 2918 et

230 2946 323 2978 non
340 2933 491 2990 magis
511 2934 726 2978 eumdem
749 2933 902 2990 ipsum
924 2933 1172 2977 confitetur
1190 2933 1330 2977 simul
1346 2934 1489 2977 Deum
1508 2938 1553 2977 et
1571 2931 1825 2987 hominem,
1850 2936 2010 2987 utpote
2027 2935 2124 2978 Ver·

216 2995 343 3050 ¹bum
374 2996 545 3039 sactum
573 3008 788 3052 carnem,
815 2996 1074 3040 secundum
1092 2995 1365 3052 Scripturas,
1381 2995 1628 3039 anathema
1653 2995 1728 3039 sit.
1753 3013 1774 3034 »
1805 2997 1859 3039 Et
1883 2994 1971 3038 hoc
1989 2993 2123 3039 modo

235 3062 430 3112 negatur
467 3057 494 3100 a
534 3057 703 3114 Cyrillo
734 3061 780 3102 et
807 3059 1091 3101 Damasceno
1125 3056 1260 3110 (locis
1288 3056 1336 3100 in
1371 3068 1469 3113 arg.
1497 3060 1517 3101 1
1558 3057 1729 3112 citat.)3
1764 3061 1811 3101 et
1840 3055 1930 3100 sub
1962 3055 2122 3100 eodem

230 3130 373 3161 sensu
388 3118 653 3173 negandum
668 3124 738 3163 est
750 3120 982 3164 Christum
995 3131 1099 3164 esse
1112 3118 1338 3163 minorem
1355 3118 1526 3176 seipso,
1536 3118 1611 3163 vel
1626 3130 1730 3163 esse
1745 3118 1833 3163 sibi
1845 3116 2123 3174 subjectum.

230 3181 327 3225 Alio
341 3181 478 3225 modo
494 3186 645 3236 potest
662 3182 853 3236 intelligi
869 3181 1126 3227 secundum
1142 3181 1455 3226 diversitatem
1469 3186 1739 3226 naturarum
1756 3181 1803 3224 in
1818 3192 1914 3224 una
1930 3191 2123 3237 persona

232 3242 299 3285 vel
319 3242 579 3297 hypostasi.
602 3245 655 3286 Et
675 3242 744 3286 sic
765 3243 918 3288 dicere
937 3255 1190 3300 possumus
1214 3243 1473 3288 secundum
1490 3254 1633 3287 unam
1655 3254 1816 3287 earum
1839 3241 1886 3285 in
1906 3253 1998 3297 qua
2016 3252 2122 3285 cum

233 3305 361 3347 Patre
374 3303 611 3360 convenit,
629 3303 769 3348 simul
792 3316 900 3348 eum
918 3316 1026 3349 cum
1044 3307 1175 3349 Patre
1189 3317 1390 3361 praeesse
1413 3309 1461 3350 et
1471 3303 1722 3358 dominari3
1741 3302 1999 3347 secundum
2016 3301 2139 3363 vero⁴

229 3365 421 3409 alteram
453 3370 683 3423 naturam,
704 3366 753 3409 in
772 3377 865 3423 qua
884 3367 1128 3412 nobiscum
1148 3367 1382 3423 convenit,
1401 3367 1555 3423 ipsum
1573 3366 1768 3410 subesse
1787 3370 1833 3410 et
1850 3365 2050 3420 servire3
2076 3366 2121 3408 et

231 3439 310 3483 per
328 3428 451 3470 hunc
474 3427 662 3471 modum
685 3427 796 3471 dicit
813 3429 1101 3484 Augustinus
1122 3429 1225 3483 (loc.
1249 3441 1353 3485 sup.
1387 3428 1502 3481 cit),
1526 3427 1723 3471 «Filium
1746 3439 1850 3471 esse
1871 3426 2024 3482 seipso
2043 3423 2124 3469 mi-

232 3501 407 3547 norem.
434 3507 452 3526 »
471 3488 717 3532 Sciendum
741 3494 896 3533 tamen
911 3491 1033 3545 quod
1050 3491 1157 3534 cum
1177 3491 1263 3535 hoc
1276 3502 1445 3534 nomen
1467 3489 1677 3532 Christus
1690 3489 1752 3532 sit
1776 3499 1945 3532 nomen
1965 3498 2120 3543 perso·
2139 3540 2141 3542 ¹
