2170 3808
595 206 792 273 QUAEs'r.
824 222 927 276 vm,
957 223 1074 265 ART.
1103 223 1138 265 v
1165 224 1230 266 ET
1259 224 1327 267 vl.
1853 229 1909 271 91

26 315 56 360 q
76 303 106 348 1i
137 306 208 348 est
239 305 452 348 sanctum
481 301 631 345 facere
659 301 911 346 formaliter
938 302 1184 347 habentem
1214 305 1289 360 (1),
1316 308 1390 349 est
1418 304 1535 349 ratio
1563 303 1909 361 justificationis

27 366 64 409 a}
75 366 240 421 iorum,
255 375 360 421 quae
380 362 577 421 pertinet
599 363 658 407 ad
681 364 876 419 gratiam
898 363 1077 421 capitis
1099 368 1152 408 Et
1174 365 1282 410 inde
1304 370 1376 412 est
1396 366 1521 423 quod
1540 379 1623 424 per
1641 367 1914 425 hujusmodi

26 426 56 472 d
76 425 331 471 fferentiam
355 437 447 470 non
470 424 807 470 diversificatur
825 426 1024 471 essentia
1045 426 1246 472 habitus.

81 487 149 532 Ad
166 490 347 532 tertium
368 485 632 542 dicendum,
650 487 773 543 qued
792 486 940 544 gratia
953 487 1211 545 personalis
1229 492 1275 532 et
1293 489 1442 542 gratia
1458 489 1623 546 capitis
1638 490 1912 538 ordinantur

27 548 87 594 ad
108 548 308 606 aliquem
328 552 503 603 actum3
530 548 678 604 gratia
700 552 855 594 autem
880 549 1067 594 unionis
1090 562 1183 594 non
1205 549 1445 594 ordinatur
1465 551 1526 596 ad
1548 555 1727 611 actum,
1750 552 1831 598 sed
1854 553 1917 599 ad*

26 621 130 655 esse
156 609 413 667 personale.
444 610 498 653 Et
526 608 630 654 ideo
659 609 806 666 gratia
828 610 1084 667 personalis
1109 615 1155 655 et
1185 610 1332 667 gratia
1361 610 1526 668 capitis
1551 613 1836 659 conveniunt
1863 615 1918 659 inz

26 673 229 718 essentia
255 672 466 727 habitae,
498 684 592 716 non
623 677 780 717 autem
809 673 957 730 gratia
984 673 1172 718 unionis
1197 686 1208 717 :
1234 673 1452 730 quamvis
1479 674 1738 729 personalis
1767 677 1912 732 gratia

26 733 172 790 possit
201 733 538 792 quodammodo
561 733 649 780 dici
679 735 828 792 gratia
856 735 1059 792 unionis,
1083 740 1221 792 prout
1250 735 1359 780 facit
1387 735 1725 792 congruitatem
1749 748 1912 792 quam—

27 793 132 842 flam
149 794 210 840 ad
230 794 471 851 unionem;
495 799 543 840 et
564 796 824 841 secundum
846 797 933 842 hoc
954 809 1048 841 una
1068 810 1150 854 per
1171 797 1422 842 essentiam
1441 805 1511 842 est
1534 796 1682 854 gratia
1703 797 1907 855 unionis,

25 861 72 900 et
90 855 238 912 gratia
255 856 434 912 capitis,
452 861 498 901 et
516 857 663 913 gratia
681 858 931 914 singularis
949 871 1172 915 personae,
1192 859 1275 903 sed
1298 858 1517 903 differens
1540 858 1638 903 sola
1659 859 1850 904 ratione.

121 919 461 963 ARTICULUS
482 922 563 964 vl.
580 944 636 952 —
654 933 790 964 mmm
813 933 909 966 Esse
930 934 1059 965 estur
1082 934 1289 965 Eccnsssm
1309 934 1371 965 sn·
1389 934 1599 965 rnomuuu
1621 933 1810 965 cumsro.

211 986 258 1020 De
275 985 328 1021 his
345 987 446 1022 etiam
467 987 568 1030 infra,
585 992 651 1024 art.
668 988 690 1023 ⁷
705 1001 785 1031 corp
804 994 838 1024 et
858 990 907 1026 De
919 1001 991 1026 ver.
1009 993 1126 1033 quaest.
1144 998 1236 1031 xxix,
1257 992 1321 1025 art.
1345 990 1367 1025 4
1381 995 1474 1032 corp.
1489 992 1525 1024 et
1543 988 1573 1023 I.
1589 988 1667 1023 cor.
1682 997 1722 1022 ιι.

78 1040 146 1087 Ad
173 1045 354 1086 sextum
378 1042 446 1086 sic
467 1043 745 1099 proceditur.
769 1047 811 1089 1.
836 1044 1021 1090 Videtur
1043 1044 1166 1101 quod
1190 1056 1294 1089 esse
1322 1049 1462 1101 caput
1491 1043 1703 1087 Ecclesiae
1728 1055 1821 1087 non
1850 1044 1910 1090 sit

23 1101 259 1159 proprium
276 1102 466 1148 Christo.
486 1104 655 1149 Dicitur
665 1105 789 1150 enim
808 1107 855 1160 (1.
873 1109 983 1161 Reg.
1004 1120 1077 1161 xv,
1093 1109 1162 1160 17)
1177 1122 1189 1149 ε
1205 1108 1318 1149 cum
1337 1118 1452 1149 esses
1469 1105 1694 1162 parvulus
1709 1107 1758 1148 in
1771 1106 1910 1148 oculis

26 1165 132 1220 tuis,
149 1168 285 1220 caput
302 1167 350 1207 in
371 1166 565 1209 tribubus
578 1167 723 1210 Israel
735 1170 885 1221 factus
899 1180 962 1211 es.
979 1167 1066 1212 Sed
1084 1180 1180 1212 una
1197 1172 1268 1212 est
1282 1167 1483 1212 Ecclesia
1501 1166 1550 1210 in
1565 1178 1686 1210 novo
1700 1170 1747 1211 et
1765 1166 1909 1211 veteri

22 1224 323 1270 Testamenta
343 1227 462 1282 Ergo
480 1226 663 1272 videtur
683 1227 808 1284 quod
840 1228 1002 1272 eadem
1029 1229 1207 1274 ratione
1230 1228 1398 1286 aliquis
1426 1227 1546 1272 alius
1565 1228 1720 1284 homo,
1744 1232 1910 1283 praeter

23 1283 273 1342 Christum,
298 1286 462 1342 poterit
482 1299 586 1332 esse
609 1292 749 1345 caput
770 1287 999 1332 Ecclesiae.

77 1347 120 1391 2.
149 1348 387 1403 Praeterea,
410 1360 467 1393 ex
490 1348 578 1393 hoc
600 1349 806 1394 Christus
828 1350 995 1394 dicitur
1017 1362 1120 1395 esse
1143 1355 1282 1406 caput
1311 1349 1544 1406 Ecclesiae,
1565 1347 1690 1405 quod
1713 1347 1909 1405 gratiam

23 1405 175 1452 influit
190 1408 404 1453 Ecclesiae
418 1409 655 1455 membris.
673 1411 760 1456 Sed
775 1411 914 1455 etiam
932 1410 991 1456 ad
1006 1410 1121 1455 alios
1135 1411 1336 1469 pertinet
1353 1410 1548 1468 gratiam
1566 1408 1668 1454 aliis
1685 1408 1906 1465 praebere,

23 1469 278 1515 Secundum
300 1469 414 1516 illud
432 1472 615 1528 (Ephes.
638 1486 695 1529 iv,
716 1475 788 1528 29)
803 1486 816 1517 ε
834 1475 990 1515 Omnis
1007 1486 1152 1516 sermo
1177 1473 1323 1516 malus
1347 1486 1404 1516 ex
1425 1485 1501 1516 ore
1521 1475 1667 1516 vestro
1690 1483 1778 1514 non
1792 1483 1908 1527 pro-

23 1531 184 1587 oedat;
207 1533 288 1576 sed
309 1534 348 1574 si
370 1535 466 1587 quis
489 1534 623 1577 bonus
643 1538 710 1578 est
732 1535 796 1578 ad
819 1536 1162 1590 aedificationem
1183 1535 1308 1591 fidei,
1330 1537 1380 1579 ut
1403 1534 1480 1578 det
1496 1535 1699 1590 qratiam
1722 1533 1908 1575 audien-

25 1591 160 1638 tibus.
179 1594 297 1649 Ergo
315 1592 498 1639 videtur
516 1595 643 1652 quod
671 1596 810 1641 etiam
843 1596 919 1640 alii
942 1596 1082 1652 quam
1115 1597 1292 1641 Christo
1317 1598 1547 1652 competat
1566 1606 1672 1640 esse
1695 1593 1908 1638 Ecclesiae

25 1657 180 1710 caput.

78 1716 122 1759 3.
152 1716 396 1771 Praeterea,
424 1715 628 1760 Christus
657 1729 716 1762 ex
745 1730 799 1761 eo
824 1718 949 1774 quod
976 1722 1144 1774 praeest
1173 1718 1402 1776 Ecclesiae,
1432 1729 1528 1761 non
1558 1715 1709 1760 solum
1742 1715 1908 1760 dicitur

25 1778 187 1832 caput,
211 1775 295 1820 sed
315 1776 451 1820 etiam
474 1781 629 1832 pastor
651 1782 698 1822 et
718 1778 1072 1823 fundamentum
1091 1779 1306 1824 Ecclesiae
1326 1781 1400 1834 (2).
1422 1778 1511 1824 Sed
1531 1790 1625 1823 non
1646 1777 1735 1821 sihi
1757 1776 1908 1821 solum

26 1835 231 1886 Christus
249 1836 438 1882 retinuit
459 1849 628 1882 nomen
650 1840 864 1895 Pastoris,
887 1841 1143 1885 secundum
1163 1841 1276 1885 illud
1292 1843 1341 1895 (Ι.
1363 1843 1457 1884 Pet.
1474 1854 1520 1897 v,
1538 1841 1606 1894 4)z
1623 1840 1737 1883 Ciam
1759 1851 1909 1895 appa-

26 1900 170 1942 ruerit
182 1901 394 1955 princeps
406 1902 653 1954 pastorum,
675 1903 933 1956 percipietis
950 1901 1366 1944 immarcescibilem
1389 1902 1547 1957 qlorz‘ae
1567 1913 1778 1943 coronam
1788 1913 1806 1954 ,·
1823 1911 1909 1944 nec

27 1958 165 2003 etiam
188 1971 357 2004 nomen
379 1959 693 2016 fundamenti,
714 1961 971 2006 secundum
997 1961 1110 2006 illud
1129 1963 1283 2018 (Apoc.
1301 1975 1394 2018 xx1,
1414 1963 1485 2016 14)
1502 1964 1690 2004 :Murus
1708 1962 1909 2004 civitatis

25 2019 193 2064 liabens
213 2022 512 2075 fundamenta
533 2022 782 2066 duodecim.
799 2024 919 2079 Ergo
939 2022 1121 2067 videtur
1142 2023 1265 2079 quod
1289 2035 1376 2068 nec
1393 2022 1532 2067 etiam
1554 2033 1725 2065 nomen
1747 2020 1909 2077 capitis

26 2079 115 2126 sibi
137 2081 224 2127 soli
249 2082 503 2127 retinuerit.

82 2143 169 2189 Sed
190 2147 350 2188 contra
377 2148 449 2190 est
470 2144 594 2202 quod
620 2144 787 2190 dieitur
807 2145 998 2200 (coloss,
1020 2159 1071 2199 n,
1092 2147 1163 2200 19)
1182 2161 1194 2189 ε
1216 2148 1367 2202 Caput
1394 2144 1609 2189 Ecclesiae
1633 2141 1726 2201 est,
1748 2156 1807 2186 ex
1824 2157 1910 2200 quo

26 2217 186 2262 corpus
204 2219 289 2263 per
306 2219 448 2251 nexus
467 2210 512 2250 et
530 2207 861 2261 coniunctiones
878 2208 1270 2251 subministratum·
1289 2210 1334 2250 et
1355 2209 1661 2250 constructum
1679 2207 1842 2248 crescit
1861 2208 1910 2248 in

28 2270 313 2324 auqmentum
330 2268 429 2313 Dei.
442 2267 530 2313 Sed
543 2268 631 2312 hoc
646 2268 731 2312 soli
748 2268 925 2313 Christo
937 2269 1169 2313 convenit.
1190 2271 1305 2325 Ergo
1317 2268 1446 2313 solus
1459 2268 1668 2313 Christus
1683 2271 1753 2311 est
1770 2270 1910 2322 caput

28 2327 255 2374 Ecclesiae.

73 2395 360 2437 CONCLUSIO.
383 2418 431 2426 —
454 2397 549 2437 Esse
565 2399 688 2448 caput
715 2395 899 2437 Ecclesiae
921 2395 1148 2437 secundnm
1177 2397 1413 2437 interiorem
1436 2396 1670 2444 influxum,
1695 2395 1908 2446 proprium

26 2452 86 2490 est
105 2450 291 2491 Christo:
312 2450 538 2491 secundum
560 2451 898 2502 gubernationem
915 2451 1009 2490 vero
1028 2452 1287 2500 exteriorem,
1313 2462 1531 2491 commune
1556 2453 1616 2490 est
1634 2449 1794 2490 Christo
1813 2460 1909 2488 cum

28 2502 121 2544 aliis
138 2515 223 2545 esse
236 2509 359 2556 eaput
372 2505 572 2546 Ecclesiae.

81 2565 348 2622 Respondeo
369 2567 615 2612 dicendum
637 2567 760 2624 quod
781 2571 921 2624 caput
940 2567 989 2611 in
1012 2567 1102 2611 alia
1122 2567 1331 2611 membra
1352 2566 1504 2611 influit
1525 2566 1766 2623 dupliciter
1783 2580 1794 2609 z
1813 2577 1908 2610 uno

28 2627 164 2673 modo
185 2629 386 2685 quodam
408 2628 658 2674 intrinseco
676 2629 879 2686 influxu,
900 2632 1037 2686 prout
1058 2629 1233 2673 scilicet
1255 2629 1403 2673 virtus
1424 2628 1598 2673 motiva
1620 2632 1665 2673 et
1687 2627 1908 2672 sensitiva

28 2687 57 2732 a
73 2689 221 2745 capite
243 2689 476 2735 derivatur
492 2689 551 2735 ad
571 2695 738 2736 caetera
758 2690 988 2746 membra,
1013 2689 1102 2734 alio
1123 2690 1261 2734 modo
1281 2690 1539 2735 secundum
1560 2689 1809 2746 quamdam
1829 2701 1908 2733 ex-

29 2749 241 2794 teriorem
267 2750 669 2810 gubernationem,
692 2756 828 2809 prout
854 2751 1027 2797 scilicet
1065 2752 1322 2796 secundum
1346 2751 1501 2796 visum
1528 2755 1575 2795 et
1600 2750 1714 2795 alios
1740 2761 1907 2794 sensus

29 2809 169 2867 quiin
186 2811 333 2867 capite
346 2811 625 2869 radicantur,
640 2812 851 2870 dirigitur
867 2812 1005 2857 homo
1022 2811 1071 2856 in
1089 2812 1393 2857 exterioribus
1407 2812 1602 2856 actibus.
1616 2810 1808 2856 Interior
1821 2822 1908 2854 au-

28 2876 124 2916 tem
140 2870 347 2918 influxus
367 2874 525 2930 gratiae
549 2887 642 2919 non
663 2880 733 2920 est
750 2875 808 2919 ab
824 2875 979 2931 aliquo
997 2873 1087 2917 nisi
1111 2873 1138 2917 a
1154 2874 1252 2918 solo
1269 2874 1470 2928 Christ03
1490 2873 1625 2930 cujus
1642 2871 1907 2916 humanitas

29 2945 89 2978 ex
104 2933 192 2977 hoc
214 2933 339 2991 quod
355 2938 426 2979 est
442 2935 671 2981 Divinitati
691 2936 954 2994 conjuncta,
978 2935 1117 2980 habet
1134 2936 1349 2980 virtutem
1379 2933 1689 2992 justificandi,
1720 2932 1802 2978 sed
1832 2932 1908 2976 in-

29 2992 185 3040 fluxus
202 2994 251 3038 in
272 2995 480 3040 membra
498 2997 711 3042 Ecclesiae
730 2998 956 3055 quantum
975 2997 1035 3043 ad
1055 2998 1330 3043 exteriorem
1351 2995 1732 3054 gubernationem
1756 2998 1907 3051 potest

30 3055 130 3100 aliis
154 3057 429 3101 convenire:
447 3062 493 3102 et
515 3059 769 3104 seeundum
793 3061 880 3104 hoc
902 3059 1043 3116 aliqui
1067 3060 1142 3103 alii
1173 3064 1370 3116 possunt
1393 3058 1482 3102 diei
1505 3057 1654 3114 capita
1676 3056 1903 3113 Ecclesiae,

70 3150 182 3191 (i)Sie
199 3162 320 3192 nempe
335 3152 557 3187 construendo
580 3153 698 3195 facere
713 3153 922 3197 formaliter
1007 3155 1055 3188 ad
1091 3155 1283 3189 Pastorem
1320 3163 1493 3196 nzaynum
1528 3152 1742 3187 animarum
1771 3155 1904 3188 vestra-

32 3198 197 3232 sanctum
210 3210 251 3232 ex
267 3199 388 3234 concil.
411 3199 566 3235 Trident.
592 3199 847 3243 doctrina(sess.
874 3209 919 3241 vl,
1006 3213 1102 3243 rum,
1139 3207 1204 3237 etc.
1234 3203 1358 3236 Praeter
1397 3200 1432 3234 id
1457 3200 1546 3243 quod
1574 3201 1680 3243 (Joau.
1714 3200 1749 3241 x)
1780 3199 1831 3234 bis
1864 3200 1905 3234 de

0 3236 4 3304 f
32 3246 161 3288 capff),
182 3244 241 3280 ubi
266 3246 474 3286 significatur
499 3259 567 3282 esse
585 3249 697 3282 unica
719 3259 834 3283 eausa
848 3249 922 3290 sor·
1005 3249 1111 3290 seipso
1125 3249 1231 3283 dicit:
1256 3250 1332 3293 qu
1353 3259 1434 3284 sum
1452 3251 1580 3292 pastor
1598 3248 1711 3282 bonus
1737 3261 1746 3281 :
1775 3247 1905 3281 Funda-

0 3307 4 3363 ι
32 3292 439 3335 malisjuslificationis.
462 3295 677 3334 ae-mivalente
692 3307 799 3336 sensu,
815 3300 878 3331 etc.
1008 3301 1157 3331 mentum
1177 3298 1215 3338 (Ι.
1238 3298 1313 3332 cor.
1330 3305 1389 3338 ιιι,
1411 3296 1472 3338 Η),
1499 3295 1700 3331 ubidicitur
1723 3307 1730 3328 :
1758 3296 1904 3328 Funda-

0 3365 3 3388 ἰ
73 3340 115 3381 (2)
130 3340 247 3374 Pastor
263 3341 380 3379 (Hebr.
396 3351 472 3383 1111,
497 3342 550 3386 20)
569 3343 627 3378 ubi
656 3343 782 3378 dicitur
799 3357 807 3379 :
825 3345 921 3378 Deus
1006 3348 1164 3379 mentum
1179 3345 1285 3378 aliud
1304 3355 1407 3379 nemo
1421 3346 1536 3389 potest
1551 3354 1687 3387 ponere
1714 3347 1850 3385 preater
1866 3342 1905 3375 id

0 3390 2 3431 ξ
34 3387 134 3427 pacis
159 3388 289 3423 eduxit
308 3389 351 3423 de
369 3391 524 3425 mortuis
549 3395 734 3434 pastorem
752 3401 924 3434 maqnum
1007 3392 1102 3434 quod
1118 3393 1275 3436 positum
1293 3396 1355 3433 est,
1374 3397 1437 3426 etc.

0 3437 3 3491 f
36 3433 165 3472 ovium,
183 3438 245 3470 etc.
263 3439 301 3470 ut
318 3440 352 3471 et
367 3436 394 3471 1.
409 3437 482 3472 Pet.
503 3447 540 3474 ιι.
560 3439 602 3471 25
618 3452 625 3471 :
645 3438 819 3473 Conversi
836 3441 923 3474 estis
