2170 3808
644 208 841 260 QUAEST.
871 206 956 262 ΧΠ,
989 206 1107 249 ART.
1137 206 1172 248 11
1193 205 1258 247 ΕΤ
1281 205 1350 247 111.
1857 203 1937 243 117

113 294 181 341 Ad
210 297 410 351 primum
433 302 542 347 ergo
562 289 812 334 dicendum
831 320 844 343 ,
880 287 1005 344 quod
1042 293 1133 330 tam
1164 285 1358 329 scientia
1390 283 1545 327 infusa
1577 281 1746 326 animae
1777 279 1941 324 Chr1sti

61 371 78 400 c
94 355 201 400 uam
225 355 418 400 scientia
438 353 571 396 beata
601 350 689 394 fuit
713 350 906 394 effectus
929 347 1112 404 agentis
1134 343 1322 389 infinitae
1346 343 1532 389 virtutis
1557 346 1642 400 (1),
1676 340 1756 398 qui
1787 346 1939 398 potest

62 418 198 462 simul
211 422 357 461 totum
367 413 547 471 operari
565 417 639 456 :et
659 411 783 456 itain
807 415 972 455 neutra
984 407 1180 454 scientia
1194 408 1400 451 Christus
1412 405 1625 463 profecit,
1653 403 1738 448 sed
1763 402 1790 445 a
1812 402 1940 457 prin-

62 479 180 535 <ipio
198 490 300 523 eam
323 475 568 534 perfectam
596 472 772 517 babuit.
797 471 884 517 Sed
912 469 1104 515 scientia
1127 468 1354 524 acquisita
1376 472 1596 511 causatur
1619 465 1677 509 ab
1701 463 1940 508 intellectu

62 544 242 596 agente,
266 539 345 596 qui
369 550 460 582 non
480 534 618 580 simul
642 538 788 579 totum
808 538 1040 590 operatur,
1066 530 1150 574 sed
1172 529 1375 573 successi
1384 529 1464 583 νὸς
1487 534 1535 572 et
1556 527 1659 572 ideo
1681 525 1939 571 secundum

61 601 181 645 lianc
204 599 441 646 scientiam
460 597 666 642 Christus
686 608 779 640 non
800 595 827 638 a
846 592 1072 651 principio
1092 592 1225 636 scivit
1239 590 1412 640 omnia,
1431 589 1515 634 sed
1534 587 1755 644 paulatim
1777 591 1823 630 et
1838 592 1940 642 post

61 662 246 718 aliquod
268 667 463 718 tempus,
484 659 659 704 scilicet
674 658 722 702 in
741 657 942 713 perfecta
962 659 1097 699 aetate
1119 666 1132 696 ι
1156 652 1281 709 quod
1306 656 1430 708 patet
1448 663 1506 693 cx
1531 651 1618 693 hoc
1643 649 1769 706 quod
1791 650 1939 691 Evan-

62 724 223 779 gelisia
246 723 383 768 simul
404 721 515 767 dicit
531 732 637 766 eum
663 718 910 775 profecisse
931 715 1123 761 scientia
1147 717 1204 767 (2)
1229 718 1275 758 et
1297 718 1443 757 aetate.

115 785 182 831 Ad
210 785 451 829 secundum
481 781 757 834 dicendum,
791 779 914 836 quod
947 778 1046 822 haec
1078 777 1216 821 etlam
1251 774 1444 820 scicntia
1476 773 1521 816 in
1557 771 1734 815 Christo
1757 782 1938 825 semper

60 846 146 891 suit
167 848 368 903 perfecta
391 845 650 890 secundum
672 852 854 899 tempus
875 856 887 885 ε
910 839 1017 885 licet
1049 851 1142 883 non
1166 850 1351 893 semper
1372 835 1510 880 fuerit
1532 833 1736 890 perfecta
1764 831 1938 887 simpli-

61 907 175 952 citer
199 914 246 952 et
264 907 521 952 secundum
543 911 775 959 naturam,
799 910 844 947 et
863 903 965 948 ideo
988 900 1137 958 potuit
1155 899 1323 944 habere
1341 902 1662 954 augmentum.

116 969 179 1013 Ad
205 973 384 1014 tertium
399 968 665 1021 dicendum,
686 966 811 1023 quod
832 964 1027 1009 verbum
1049 962 1317 1006 Damasceni
1340 958 1612 1014 intelligitur
1633 957 1859 1013 quantum
1880 956 1939 999 ad

60 1029 162 1074 illos
185 1030 262 1087 qui
288 1030 448 1075 dicunt
477 1029 745 1085 simplIciter
767 1027 912 1071 fuisse
942 1026 1110 1069 factam
1135 1023 1418 1068 additionem
1448 1019 1655 1065 scientiae
1678 1016 1839 1062 Christi
1861 1019 1935 1072 (3),

60 1091 234 1135 scilicet
263 1091 522 1136 secundum
545 1100 888 1146 quamcumque
918 1087 1021 1143 ejus
1054 1085 1295 1130 scientiam
1313 1117 1326 1140 ,
1355 1090 1401 1128 et
1419 1080 1648 1139 praecipue
1679 1079 1937 1124 secundum

59 1152 277 1204 infusam,
302 1164 406 1207 quae
428 1157 647 1195 causatur
675 1151 724 1195 in
747 1150 902 1194 anima
923 1147 1087 1192 Christi
1116 1159 1176 1191 ex
1210 1146 1382 1190 unione
1411 1145 1471 1189 ad
1501 1143 1722 1196 Verbum,
1748 1152 1841 1184 non
1863 1152 1940 1184 au·

60 1219 151 1256 tem
197 1213 466 1270 intelligitur
509 1213 566 1257 de
601 1216 854 1268 augmento
888 1210 1094 1255 scientiae
1130 1221 1234 1266 quae
1278 1220 1336 1252 ex
1377 1207 1576 1252 naturali
1619 1207 1787 1259 agente
1825 1215 1939 1247 cau-

59 1279 202 1317 satur.
223 1295 226 1300 ·

192 1336 526 1379 ARTICULUS
547 1338 627 1378 ΙΙΙ.
651 1359 708 1367 --
729 1347 861 1377 uranii
893 1346 1089 1377 cunisrus
1118 1345 1284 1381 ALiQum
1313 1344 1364 1373 ΑΒ
1394 1272 1549 1373 ιιοιιιὲ
1576 1340 1802 1370 mulcetur.

115 1395 181 1440 Ad
204 1394 387 1462 tertium
409 1396 476 1439 sic
497 1396 775 1451 proceditur.
802 1399 842 1440 1.
870 1394 1053 1439 Videtur
1081 1393 1207 1450 quod
1229 1392 1434 1437 Christus
1463 1389 1638 1447 aliquid
1664 1388 1723 1431 ab
1747 1388 1940 1431 homini·

62 1455 152 1499 bus
175 1455 396 1501 didicerit.
426 1456 599 1500 Dicitur
619 1456 745 1501 enim
776 1458 899 1509 (Luc.
926 1457 999 1510 ii),
1021 1455 1146 1511 quod
1176 1455 1458 1498 invenerunt
1489 1463 1598 1497 eum
1625 1450 1673 1494 in
1698 1450 1868 1506 templo
1891 1450 1934 1493 in

62 1517 214 1561 medio
236 1517 474 1562 doctorum
494 1522 844 1575 interroyantem
872 1517 975 1560 illos
997 1521 1039 1560 et
1063 1517 1403 1572 respondentem
1425 1517 1503 1568 (4).
1525 1516 1812 1567 Interrogare
1833 1511 1939 1555 ivero

62 1583 110 1622 et
131 1579 407 1634 respondere
428 1584 500 1623 est
518 1579 816 1624 addiscentis.
836 1581 954 1634 Ergo
975 1579 1181 1622 Christus
1203 1577 1379 1633 aliquid
1399 1575 1556 1621 didicit
1578 1574 1637 1617 ab
1656 1573 1938 1617 hominibus.

83 1699 93 1709 ι
118 1642 161 1682 2.
184 1642 422 1694 Praeterea,
447 1641 684 1697 acquirere
709 1641 950 1685 scientiam
972 1640 1030 1684 ab
1053 1640 1240 1684 homine
1260 1639 1456 1683 docente
1475 1637 1659 1681 videtui·
1683 1647 1787 1679 esse
1807 1635 1939 1678 nobi-

66 1700 155 1768 lius
174 1700 313 1755 quam
333 1701 571 1756 acquirere
603 1702 629 1744 a
654 1702 792 1745 rebus
816 1701 1115 1746 sensibilibus
1139 1716 1148 1742 ε
1171 1700 1280 1756 quia
1307 1700 1355 1743 in
1379 1699 1532 1743 anima
1557 1696 1756 1741 hominis
1777 1696 1938 1741 docen-

68 1765 126 1802 tis
145 1761 466 1830 sunt-species
491 1762 802 1817 intelligibiles
840 1762 888 1806 in
918 1767 1052 1816 actu3
1080 1763 1125 1806 in
1151 1762 1289 1806 rebus
1322 1767 1477 1806 autem
1501 1757 1800 1804 sensibilibus
1832 1764 1940 1801 sunt

64 1832 244 1891 species
266 1821 574 1877 intelligibiles
601 1823 753 1867 solum
772 1823 820 1867 in
840 1824 1061 1880 potentia.
1081 1824 1165 1867 Sed
1187 1822 1394 1867 Christus
1415 1821 1670 1877 accipiebat
1699 1819 1937 1863 scientiam

65 1881 472 1952 experimentalem
501 1895 558 1927 ex
589 1883 730 1928 rebus
763 1884 1077 1938 sensibilibus,
1107 1890 1159 1928 ut
1185 1884 1358 1927 dictum
1390 1889 1462 1927 est
1488 1885 1592 1936 (art.
1628 1882 1800 1936 praee).
1822 1883 1939 1936 Ergo

65 1943 211 1986 multo
239 1955 387 1999 magis
406 1948 585 1999 poterat
603 1945 813 2000 accipere
846 1946 1087 1990 scientiam
1106 1978 1118 2000 ,
1150 1945 1431 1990 addiScendo
1458 1943 1518 1987 ab
1545 1941 1827 1986 hominibus.

71 2063 82 2075 ἱ
118 2006 433 2075 3·.¹'¹'.²³²Pese³.⁹
463 2005 666 2050 Christus
688 2007 944 2052 secundum
970 2007 1211 2051 scientiam
1237 2005 1646 2062 experimentalem
1672 2015 1764 2046 non
1784 2003 1939 2046 omnia

64 2077 93 2108 a
115 2077 339 2135 princi-pio
358 2067 506 2118 scivit,
527 2067 610 2111 sed
633 2067 678 2112 in
697 2081 752 2112 ea
774 2069 992 2124 profecit,
1014 2074 1066 2112 ut
1093 2068 1267 2112 dictum
1287 2072 1358 2112 est
1375 2070 1479 2121 (art.
1500 2067 1678 2121 praec.).
1702 2065 1785 2109 Sed
1810 2065 1940 2120 quili-

65 2123 139 2197 bet
160 2126 353 2171 audiens
372 2138 634 2196 sermonem
651 2129 1009 2184 significativum
1032 2128 1245 2185 alicujus,
1264 2133 1415 2184 potest
1429 2127 1669 2172 addiscere
1686 2126 1810 2182 quod
1830 2138 1940 2170 nes-

62 2191 142 2232 cit.
164 2189 281 2257 Ergo
311 2190 516 2233 Christus
535 2189 686 2245 potuit
711 2191 770 2234 ab
802 2190 1067 2234 hominibus
1100 2190 1256 2247 aliqua
1280 2190 1518 2235 addiscere
1546 2201 1653 2245 quae
1681 2188 1937 2232 secundum

64 2247 184 2292 hanc
206 2249 446 2293 scientiam
470 2250 720 2295 nesciebat.

120 2309 207 2354 Sed
229 2315 388 2353 contra
411 2315 484 2355 est
508 2312 631 2368 quod
662 2313 829 2357 dicitur
851 2315 952 2366 (isa.
979 2327 1050 2370 ιν,
1073 2316 1114 2366 4)
1140 2327 1152 2356 :
1176 2318 1291 2357 Ecce
1313 2316 1468 2357 testem
1487 2313 1665 2368 populis
1684 2313 1793 2356 dedi
1821 2327 1935 2364 eum,

65 2370 222 2413 ducem
246 2385 302 2413 ac
322 2377 642 2428 praeceptorem
664 2375 884 2428 qentz‘bus.
919 2376 1215 2431 Praeceptoris
1237 2381 1393 2418 autem
1423 2387 1516 2417 non
1549 2378 1620 2419 est
1645 2375 1828 2426 doceri,
1856 2376 1937 2419 sed

64 2431 241 2500 docere.
271 2435 386 2502 Ergo
417 2435 621 2480 Christus
648 2448 741 2479 non
767 2437 943 2494 accepit
969 2437 1171 2493 aliquam
1207 2437 1445 2482 scientiam
1466 2449 1550 2493 per
1569 2437 1828 2481 doctrinam
1857 2437 1938 2481 ali-

65 2503 199 2546 cujus
225 2493 440 2538 hominis.

87 2612 95 2620 ⁸
113 2560 398 2620 CONCLUSIO.
422 2584 470 2590 —-
493 2563 598 2602 Ci'im
613 2563 798 2603 Christus
816 2565 839 2603 a
853 2565 933 2603 Deo
948 2566 1196 2605 constitutus
1212 2566 1347 2611 fuerit,
1364 2569 1412 2604 ut
1425 2565 1476 2604 ab
1490 2577 1536 2604 eo
1551 2565 1778 2605 doctrinam
1794 2567 1938 2605 verita-

66 2616 120 2652 tis
133 2618 349 2664 reciperent
362 2627 525 2665 omnes;
542 2617 716 2658 minime
736 2619 998 2658 conveniebat
1011 2631 1107 2659 eum
1124 2620 1176 2659 ab
1192 2619 1273 2659 alio
1291 2631 1549 2670 quocumque
1563 2621 1709 2660 doceri.

117 2675 385 2730 Respondeo
405 2677 653 2724 dicendum
672 2680 795 2735 quod
813 2681 860 2723 in
883 2681 1091 2737 quolibet
1115 2693 1287 2737 genere
1311 2682 1358 2726 id
1380 2682 1507 2738 quod
1527 2688 1599 2726 est
1627 2682 1826 2738 primum
1845 2695 1940 2726 mo-

67 2744 200 2787 vens,
226 2748 317 2780 non
345 2744 556 2783 movetur
573 2742 830 2786 secundum
853 2742 980 2787 {Ham
1001 2744 1205 2799 speciem
1230 2747 1415 2799 motus,
1450 2744 1571 2787 sieut
1597 2745 1799 2800 primum
1831 2745 1940 2788 alte-

68 2805 291 2867 rans-non
311 2797 545 2870 alteratur.
566 2802 771 2847 Christus
793 2809 948 2848 autem
977 2805 1264 2848 constitutus
1287 2809 1359 2848 est
1390 2804 1417 2847 a
1437 2808 1527 2848 Deo
1549 2810 1689 2860 caput
1708 2806 1938 2855 Ecclesiae‚

69 2867 278 2930 quinimo
292 2869 498 2904 omnium
519 2862 785 2918 hominum,
811 2869 865 2908 ut
893 2877 1036 2922 supra
1063 2866 1239 2910 dictam
1263 2872 1334 2910 est
1354 2867 1534 2921 (quaest.
1560 2864 1657 2913 viii.
1682 2872 1768 2911 art.
1790 2870 1832 2919 3)
1852 2899 1864 2921 ,
1887 2872 1938 2910 ut

71 2928 163 2960 non
193 2917 343 2987 solum
362 2932 523 2990 ornnes
541 2934 623 2977 per
647 2926 800 2980 ipsum
819 2927 1014 2982 gratiam
1037 2928 1317 2983 acciperent,
1351 2928 1433 2971 sed
1451 2927 1588 2971 etiam
1614 2933 1666 2971 ut
1693 2941 1857 2972 omnes
1880 2928 1938 2972 ab

68 2989 124 3020 eo
145 2977 400 3023 doctrinam
426 2983 630 3027 veritatis
650 2986 917 3041 reciperent.
947 2989 1072 3032 Unde
1093 2988 1192 3044 ipse
1215 2987 1325 3031 dicit
1341 2989 1486 3042 (Joan.
1516 3002 1632 3043 xviii,
1653 2991 1724 3041 37)
1743 3003 1755 3033 :
1780 2993 1832 3032 [η
1855 2990 1938 3032 hoc

68 3041 201 3081 natus
220 3053 333 3096 sum,
358 3044 402 3083 et
423 3043 487 3085 ad
510 3044 593 3086 lwc
617 3050 715 3088 veni
734 3051 779 3088 in
801 3050 1044 3105 mundum,
1066 3053 1114 3092 ut
1138 3052 1434 3092 testimonium
1451 3051 1712 3106 perhibeam
1733 3054 1937 3095 veritali.

81 3232 88 3239 ,
106 3174 186 3253 (lp
198 3173 228 3230 el
244 3180 385 3217 ayenlzs
402 3181 762 3230 etr-tuteminfinilam
777 3183 951 3226 habentis,
1036 3197 1159 3226 purum
1175 3196 1212 3218 ac
1237 3185 1356 3219 ‹lcinde
1380 3187 1397 3219 {i
1411 3185 1523 3220 Verbo
1536 3198 1597 3228 per
1620 3186 1766 3227 aliquam
1787 3187 1938 3221 acciden-

68 3227 140 3290 υἱὲ)
157 3233 250 3275 anius
267 3229 413 3279 const-rui
434 3231 550 3279 potest.
794 3276 800 3283 ²
1038 3234 1138 3266 talem
1153 3231 1310 3264 unionem
1329 3232 1550 3267 inhabitatum
1568 3233 1708 3275 fingunt.

69 3320 80 3346 ί
109 3267 151 3308 t...)
176 3269 251 3347 Slixse
279 3275 478 3326 sapientia,
503 3274 681 3308 sedunum
702 3287 740 3310 cx
759 3276 825 3310 alio
846 3279 953 3319 sequi·
1079 3281 1120 3320 (ά)
1140 3279 1331 3319 expressive
1344 3280 1479 3321 quidem
1497 3283 1787 3323 interroqamem
1804 3282 1890 3315 illos
1907 3286 1936 3315 el

85 3326 136 3370 ur:
154 3326 204 3379 ve!⁷
224 3328 258 3349 iii
278 3316 337 3350 illo
355 3318 565 3376 subintelligi
583 3328 704 3361 potest.
1040 3327 1248 3360 audientem
1262 3354 1270 3367 ,
1292 3339 1358 3361 non
1376 3328 1422 3362 sic
1446 3329 1548 3362 etiam
1560 3330 1853 3374 respondentem
1882 3330 1937 3361 sed

107 3362 149 3401 (o)
180 3363 378 3419 tel-quoad
409 3366 485 3400 illos
509 3381 568 3408 qui
598 3369 750 3404 Nestoi-'io
781 3372 956 3413 desipienti
1041 3374 1212 3415 colligitur
1225 3387 1262 3409 ex
1278 3375 1455 3415 adjunctis.

69 3417 263 3450 proepostere
275 3411 636 3451 c1·edcnies.e1n=istum
667 3419 759 3458 prius
785 3419 956 3454 hominem
