2170 3808
87 208 173 251 494
669 203 868 257 QUAEST.
899 201 1001 259 LIX,
1031 202 1150 246 ΛΒΤ.
1181 203 1218 246 11
1245 204 1310 247 ET
1339 203 1408 249 111.

88 287 404 334 conditionem
430 291 623 342 naturae,
642 284 753 342 quia
775 284 844 331 sic
865 303 885 324 «
903 297 1068 330 omnes
1086 284 1299 331 homines
1319 284 1590 344 hujusmodi
1613 286 1892 343 potestatem
1908 285 1990 331 ha-

87 348 267 408 berent,
293 369 314 391 υ
336 354 390 394 ut
407 348 766 406 chrysostomus
786 346 946 405 objicit
963 347 1069 403 (loc.
1090 359 1197 406 sup.
1222 346 1343 405 cit.)3
1364 348 1447 394 sed
1467 348 1557 394 hoc
1578 347 1778 406 pertinet
1800 347 1860 393 ad
1884 358 1990 404 gra-

88 411 201 457 tiam
223 411 405 470 capitiS,
426 422 569 468 quam
588 410 794 456 Christus
813 411 861 455 in
880 410 1085 455 humana
1104 414 1280 456 natura
1302 410 1495 469 accepit.
1519 435 1571 442 -
1594 408 1990 467 Competitautem

87 474 266 520 Christo
292 474 381 518 hoc
395 472 534 518 modo
557 472 819 518 secundum
839 473 1094 518 humanam
1118 476 1340 517 naturam
1358 471 1606 532 judiciaria
1623 475 1830 531 potestas
1849 483 1990 530 prop-

86 539 159 580 ter
186 535 275 580 tria
300 549 311 579 z
336 534 487 592 primo
525 534 713 593 quidem
751 541 940 593 propter
962 533 1336 580 convenientiam
1369 537 1417 580 et
1447 535 1724 582 affinitatem
1749 533 1898 592 ipsius
1929 532 1990 578 ad

85 596 322 654 homines;
356 596 478 643 sicut
510 597 637 642 enim
673 601 795 643 Deus
829 611 912 655 per
939 610 1107 643 causas
1140 597 1334 655 mediaS‚
1368 596 1594 656 tanquam
1634 594 1990 655 propinquiores

85 658 345 716 effectihuS,
385 663 619 717 operatur,
646 658 709 705 ita
733 659 914 717 judicat
945 672 1027 718 per
1056 659 1294 705 hominem
1325 657 1558 707 Christum
1590 659 1825 713 homineS,
1847 661 1898 704 ut
1927 656 1989 702 sit

86 719 279 766 suavius
288 721 518 779 judicium
540 721 824 766 hominibus
851 722 981 767 Unde
998 721 1244 779 Apostolus
1262 720 1375 767 dicit
1397 720 1546 776 (Hebr.
1569 735 1629 780 ιν,
1653 723 1726 778 15)
1745 734 1759 766 2
1779 722 1881 766 Νοπ
1898 718 1990 763 Ιια-

85 782 238 827 bemus
253 785 528 841 pontificem,
541 787 617 841 qui
633 798 723 828 non
734 786 878 841 possit
894 788 1094 841 compati
1108 783 1452 841 infirmitatibus
1468 787 1653 843 nostris,
1666 785 1891 829 tentatum
1901 795 1989 841 per

84 847 239 890 omnia
272 859 360 903 pro
397 846 696 890 similitudine
729 846 894 902 absque
924 850 1126 904 peccato,
1168 848 1401 891 Adeamus
1443 860 1550 905 erqo
1574 859 1676 892 cum
1714 846 1886 901 fiducia
1921 844 1989 888 ad

82 907 303 951 ‘thronum
325 910 491 965 qratiae
514 910 629 965 ejus.
654 907 867 954 Secundo
895 908 1004 966 quia
1027 908 1075 952 in
1103 908 1232 953 finali
1250 908 1444 966 judici0,
1476 912 1531 954 ut
1559 908 1848 966 Augustinus
1875 906 1989 953 dicit

85 969 249 1026 (Super
275 972 405 1014 Joan.
426 973 561 1014 tract.
587 972 656 1027 23,
683 977 791 1015 ante
810 971 968 1026 med.),
989 971 1077 1015 erit
1109 971 1390 1017 resurrectio
1407 981 1657 1028 corporum
1676 974 1983 1027 mortuorum,

85 1042 192 1088 quae
212 1031 458 1078 suscitabit
476 1033 595 1077 Deus
619 1045 702 1090 per
725 1033 889 1078 Filium
909 1033 1131 1091 hominis3
1152 1033 1275 1079 sicut
1295 1045 1380 1091 per
1394 1033 1612 1080 eumdem
1627 1032 1859 1078 Christum
1880 1043 1986 1076 sus-

85 1093 197 1138 citat
230 1096 428 1151 animas,
455 1094 737 1153 inquantum
774 1100 846 1141 est
874 1096 1016 1141 Filius
1039 1096 1134 1142 Dei.
1156 1095 1306 1142 Tertio
1341 1095 1467 1155 quia,
1487 1099 1540 1142 ut
1566 1095 1855 1153 Augustinus
1876 1092 1988 1139 dicit

86 1154 150 1210 (in
173 1154 254 1199 lib.
275 1158 339 1201 De
362 1155 519 1202 verbis
538 1157 734 1214 Domini,
761 1170 901 1203 serm.
935 1158 1020 1202 ult.
1042 1171 1146 1216 cap.
1177 1161 1220 1215 7,
1244 1157 1273 1202 a
1293 1157 1454 1215 med.),
1475 1161 1656 1203 rectum
1675 1160 1775 1203 erat
1793 1161 1846 1202 ut
1858 1153 1985 1214 judi-

84 1217 220 1263 candi
241 1218 451 1264 viderent
464 1219 691 1277 judicem.
711 1220 952 1266 iudicandi
967 1226 1125 1265 autem
1144 1224 1280 1266 erant
1299 1219 1413 1266 boni
1431 1223 1478 1266 et
1488 1218 1617 1265 mali.
1636 1219 1854 1266 Restabat
1871 1228 1986 1274 ergo

83 1283 138 1324 ut
159 1279 403 1338 injudicio
422 1282 572 1327 forma
592 1282 715 1328 servi
743 1287 791 1329 et
816 1282 955 1328 bonis
979 1288 1027 1329 et
1048 1282 1186 1329 malis
1210 1283 1554 1341 ostenderetur,
1578 1282 1727 1327 forma
1759 1281 1840 1328 Dei
1872 1279 1986 1327 solis

82 1340 221 1388 bonis
242 1348 507 1389 servaretur
523 1346 600 1399 (1).
619 1363 640 1386 n

138 1406 207 1452 Ad
225 1410 426 1464 primum
447 1421 559 1466 ergo
583 1409 852 1464 dicendum,
872 1408 1001 1467 quod
1031 1408 1260 1467 judicium
1291 1409 1493 1467 pertinet
1510 1408 1568 1453 ad
1591 1408 1837 1454 veritatem
1866 1405 1987 1452 sicut

83 1469 143 1513 ad
164 1470 375 1527 regulam
401 1470 588 1527 judicii3
620 1471 706 1517 sed
725 1471 784 1518 ad
806 1472 1062 1529 hominem,
1086 1472 1166 1528 qui
1189 1476 1262 1517 est
1288 1471 1482 1518 veritate
1514 1469 1743 1527 imbutus,
1767 1468 1983 1529 pertinet,

82 1532 345 1577 secundum
368 1533 495 1590 qued
508 1538 580 1579 est
599 1546 750 1579 unum
772 1533 1118 1591 quodammodo
1136 1545 1247 1579 cum
1261 1534 1364 1592 ipsa
1383 1533 1597 1590 veritate,
1617 1531 1752 1589 quasi
1770 1530 1986 1589 quaedam

81 1592 160 1637 lex
169 1598 216 1639 et
229 1596 443 1651 quaedam
457 1595 640 1652 Justitia
655 1596 875 1640 animata.
894 1595 1024 1641 Unde
1042 1599 1089 1640 et
1099 1594 1272 1641 ibidem
1287 1594 1578 1653 Augustinus
1594 1593 1843 1638 introducit
1859 1591 1987 1650 quod

81 1654 253 1700 dicitur
272 1660 319 1712 (1.
344 1660 445 1702 Cor.
465 1672 512 1715 11,
537 1660 632 1713 15):
658 1658 930 1715 Spiritualis
951 1659 1132 1711 iudicat
1155 1660 1326 1704 omnia.
1341 1656 1506 1703 Anima
1521 1660 1680 1703 autem
1700 1653 1867 1701 Christi
1888 1666 1986 1712 prae

81 1718 263 1764 caeteris
292 1720 516 1766 creaturis
534 1721 685 1775 magis
704 1720 791 1766 fuit
814 1720 946 1766 unita
968 1720 1165 1780 veritati,
1191 1724 1238 1766 et
1255 1719 1406 1777 magis
1425 1721 1483 1766 ea
1505 1718 1701 1776 repleta,
1722 1715 1983 1763 secundum

79 1779 198 1825 illud
217 1782 362 1836 (Joan.
388 1796 419 1838 1,
444 1784 515 1838 14)
542 1798 553 1827 ε
581 1783 797 1827 Videmus
816 1796 915 1828 eum
936 1783 1127 1839 plenum
1145 1786 1314 1840 qratiae
1332 1786 1377 1826 et
1399 1784 1629 1827 veritatis.
1647 1783 1702 1826 Et
1721 1777 1983 1825 secundum

78 1842 169 1888 hoc
187 1842 247 1888 ad
260 1844 466 1889 animam
485 1844 650 1890 Christi
670 1845 873 1890 maxime
894 1845 1095 1901 pertinet
1112 1844 1270 1890 omnia
1288 1844 1517 1902 judicare.

134 1904 201 1951 Ad
230 1908 476 1951 secundum
497 1907 765 1963 dicendum,
790 1907 916 1965 quod
948 1908 1095 1953 solius
1117 1907 1196 1954 Dei
1224 1913 1299 1954 est
1324 1909 1398 1953 sui
1427 1904 1780 1965 participatione
1801 1904 1984 1950 animas

58 1966 243 2024 ,beatas
271 1967 452 2022 facere;
482 1969 562 2014 sed
597 1970 831 2015 adducere
860 1969 1075 2015 homines
1097 1968 1157 2015 ad
1186 1968 1521 2015 beatitudinem
1552 1966 1768 2014 convenit
1786 1965 1980 2025 ChristO,

76 2029 359 2087 inquantum
378 2036 450 2075 est
464 2038 606 2088 caput
621 2036 669 2077 et
685 2035 851 2078 auctor
870 2032 1035 2077 salutis
1050 2043 1231 2090 eorum,
1246 2032 1509 2079 secundum
1522 2031 1640 2077 illud
1651 2028 1803 2087 (Hebr.
1820 2043 1867 2087 ιι,
1881 2030 1979 2085 10):

80 2095 169 2149 Qui
189 2093 355 2136 multos
377 2093 496 2148 filios
519 2097 569 2138 in
590 2095 790 2151 qloriam
808 2096 1096 2152 adduxerat,
1113 2099 1346 2142 auctorem
1357 2095 1521 2140 salutis
1539 2107 1694 2140 eorum
1709 2105 1793 2152 per
1801 2095 1979 2151 passio-

76 2167 179 2197 nem
197 2157 521 2201 consummari.

132 2217 200 2262 Ad
222 2220 410 2261 tertium
433 2218 703 2276 dicendum,
726 2218 853 2276 quod
875 2231 1162 2276 cognoscere
1181 2220 1366 2266 occulta
1386 2220 1616 2278 cordium,
1637 2222 1686 2265 et
1705 2216 1977 2277 dijudicare,

76 2290 163 2336 per
195 2291 247 2324 se
279 2280 469 2335 quidem
500 2280 703 2337 pertinet
728 2280 787 2326 ad
822 2281 976 2326 solum
999 2285 1144 2327 Deum
1161 2297 1174 2340 ς
1194 2282 1279 2328 sed
1297 2294 1357 2328 ex
1378 2280 1620 2328 refluentia
1642 2279 1900 2326 divinitatis
1921 2279 1980 2325 ad

76 2340 283 2386 animam
302 2341 482 2397 Christi,
507 2343 724 2387 convenit
745 2342 883 2388 etiam
904 2344 945 2388 ei
961 2355 1242 2400 cognoscere
1262 2347 1311 2390 et
1321 2343 1534 2401 judicare
1549 2342 1732 2389 occulta
1749 2341 1976 2397 cordium,

76 2407 130 2447 ut
151 2415 294 2459 supra
308 2402 484 2448 dictum
507 2411 593 2462 est,
614 2407 722 2449 cum
742 2405 800 2449 de
822 2404 1016 2449 scientia
1034 2405 1197 2451 Christi
1213 2410 1431 2462 ageretur
1454 2409 1635 2463 (quaest.
1657 2419 1703 2458 x,
1724 2408 1814 2450 art.
1837 2404 1900 2460 2).
1925 2405 1979 2448 Et

76 2463 182 2510 ideo
202 2464 371 2509 dicitur
392 2466 538 2519 (Rom.
556 2479 600 2521 11,
627 2467 697 2521 16)
717 2469 799 2509 :In
813 2466 887 2509 die
904 2467 1246 2522 cumJ'udz’cabit
1260 2470 1380 2511 Deus
1395 2466 1575 2512 occulta
1586 2466 1874 2511 hominum...
1893 2478 1981 2524 per

75 2531 228 2571 Iesum
252 2527 485 2571 Christum
502 2529 578 2582 (2).

75 2591 420 2634 ARTICULUS
461 2592 546 2635 111.
575 2612 632 2623 —
659 2603 797 2635 urnuu
827 2602 1028 2635 cunisrus
1055 2603 1110 2634 nx
1138 2603 1303 2637 ussm‘rts
1328 2603 1515 2637 auur-rus
1542 2603 1692 2636 rusma-
1722 2602 1977 2635 Jumcuumu

882 2666 1161 2698 romam-rau.

74 2721 126 2758 De
147 2721 202 2757 his
213 2721 319 2757 etiam
344 2723 439 2757 Sent.
462 2730 513 2762 lv,
528 2721 610 2757 dist.
627 2722 661 2765 8,
676 2725 795 2764 quaest.
811 2731 840 2765 ι,
857 2726 926 2758 art.
944 2724 978 2765 t,
999 2723 1150 2808 etism.
1173 2727 1268 2766 gent.
1288 2722 1351 2760 tib.
1377 2731 1426 2765 lv.
1441 2734 1516 2766 cap.
1538 2723 1584 2760 95
1600 2721 1714 2765 princ.
1728 2727 1764 2759 et
1781 2724 1905 2767 opusc.
1929 2732 1974 2767 ιι,

930 2782 1003 2814 cap.
1094 2799 1103 2808 .

127 2823 195 2870 Ad
214 2823 400 2869 tertium
429 2822 496 2868 sic
521 2824 800 2882 proceditur.
826 2828 869 2871 1.
886 2825 1074 2871 Videtur
1088 2825 1215 2884 qued
1231 2825 1441 2871 Christus
1462 2838 1558 2871 non
1574 2837 1632 2871 ex
1645 2825 1824 2872 meritis
1837 2825 1975 2874 fuerit

73 2886 272 2943 adeptus
295 2884 588 2942 judiciariam
605 2890 898 2943 potestatem.
917 2888 940 2930 J
945 2886 1164 2932 udiciaria
1188 2886 1315 2932 enim
1335 2890 1543 2944 potestas
1567 2887 1872 2946 consequitur
1897 2901 1975 2935 re-

74 2948 198 3006 giam
222 2947 510 3004 dignitatem,
536 2948 795 2994 secundum
824 2948 937 2994 illud
965 2949 1199 3003 (Proverb.
1219 2963 1291 3008 xx,
1318 2951 1363 3005 8)
1389 2963 1401 2994 ε
1423 2953 1519 2995 Rex
1541 2952 1620 3007 qui
1644 2951 1773 2996 sedet
1796 2952 1845 2994 in
1861 2951 1974 2996 solio

70 3012 249 3067 judicii,
276 3011 473 3068 dissipat
497 3024 625 3054 omne
651 3012 826 3055 malum
855 3014 1022 3056 intuitu
1039 3026 1135 3058 suo,
1158 3012 1246 3058 Sed
1265 3011 1443 3069 regiam
1466 3012 1740 3070 dignitatem
1765 3013 1972 3060 Christus

72 3073 275 3119 obtinuit
297 3073 475 3131 absque
498 3074 701 3131 meritis3
725 3076 943 3133 competit
959 3077 1084 3121 enim
1105 3076 1148 3122 ei
1170 3089 1229 3122 ex
1242 3076 1332 3121 hoc
1349 3076 1452 3134 ipso
1470 3075 1597 3134 qued
1613 3080 1686 3122 est
1699 3076 1971 3134 unigenitus

71 3137 182 3183 Dei:
207 3136 375 3183 dicitur
400 3137 523 3182 enim
543 3139 668 3193 (Luc.
690 3152 722 3196 1,
742 3141 814 3194 32)
837 3155 848 3184 :
878 3141 1016 3184 Dabit
1035 3143 1076 3184 ei
1093 3143 1310 3184 Dominus
1333 3143 1452 3184 Deus
1478 3140 1629 3185 sedem
1648 3141 1803 3185 David
1819 3144 1971 3198 patris

70 3202 186 3257 eJ‘us,
226 3203 270 3243 et
299 3200 508 3256 requabz't
537 3203 584 3243 in
620 3202 753 3244 domo
779 3203 918 3246 Jacob
951 3205 1000 3246 in
1024 3206 1266 3248 aeteruum.·
1292 3204 1411 3260 Ergo
1442 3200 1651 3248 Christus
1675 3201 1970 3259 judiciariam

71 3265 351 3320 potestatem
372 3274 467 3305 non
489 3260 691 3308 obtinuit
706 3276 765 3308 ex
786 3265 980 3310 meritis.

110 3372 152 3414 (t)
180 3372 228 3407 Ex
243 3371 295 3406 his
315 3374 410 3412 patet
434 3371 604 3406 Christum
632 3373 758 3408 habere
779 3378 977 3414 potestatem
1063 3380 1260 3418 potestatem
1293 3387 1485 3417 supremam
1518 3386 1592 3417 qum
1622 3374 1694 3410 Deo
1729 3377 1868 3419 propria
1904 3380 1964 3412 est.

70 3420 285 3460 judiciariam
320 3430 394 3460 quae
433 3419 558 3453 dicitur
593 3421 809 3456 excelientior
838 3429 978 3462 propter
1106 3424 1148 3466 (2)
1161 3423 1639 3464 Cf.circahanc‹1uaestionem
1652 3424 1818 3467 supplem.
1833 3427 1962 3467 (quast.

71 3469 233 3504 unionem
255 3472 386 3504 naturae
411 3468 567 3505 humanae
586 3468 629 3502 ad
645 3469 808 3511 Verbum,
834 3472 890 3505 sed
909 3484 978 3506 non
1062 3481 1118 3513 Lx.
1138 3475 1205 3508 art.
1223 3472 1271 3509 Η.
