2170 3808
41 0 159 51 ³3³2·

718 122 916 174 QUAEST.
945 123 1058 178 xlv,
1087 122 1207 165 ART.
1237 121 1305 166 1v.
1690 89 1698 95 Α
1871 122 1950 166 131

128 205 216 251 Sed
240 208 396 248 contra
419 202 632 259 estquod
651 202 882 246 contraria
905 214 998 246 non
1019 205 1217 259 possunt
1234 200 1373 246 simul
1391 200 1520 246 fieri·
1508 213 1556 245 m
1581 200 1745 245 eodem
1758 202 1836 255 (1).
1861 201 1950 247 Sed

73 266 283 324 quaedam
314 265 600 309 infirmitates
622 269 731 307 sunt
752 263 838 307 sibi
869 263 981 320 ipsis
1005 263 1259 321 contrariae,
1283 267 1442 320 utpote
1470 274 1526 306 ex
1555 262 1795 306 conttariis
1825 262 1953 318 prin-
2019 291 2021 293 -

73 328 205 385 cipiis
226 332 442 373 causatae.
461 328 579 380 Ergo
597 337 691 370 non
713 325 861 383 potuit
882 337 986 371 esse
1008 325 1131 381 quod
1149 324 1355 369 Christus
1378 336 1541 368 omnes
1554 324 1844 368 infirmitates
1861 323 1952 369 hu-

72 401 235 434 manas
248 391 517 433 assumeret.

122 456 406 500 CONCLUSIO.
422 477 466 485 —
491 454 594 495 Cum
611 454 850 506 oportuerit,
868 457 916 494 ut
935 465 1008 506 pro
1027 452 1222 495 omnibus
1237 452 1423 495 Christus
1440 453 1699 503 satisfaceret,
1721 454 1845 494 illum
1865 465 1953 495 esse

74 511 243 556 scientia
267 515 304 550 et
323 509 452 560 gratia
472 509 714 560 perfectum,
741 521 824 552 non
841 520 985 550 omnes
1004 507 1228 559 corporales
1254 507 1430 549 defectus
1461 520 1664 549 assumere
1691 508 1858 554 debuit.
1879 507 1950 551 sed
2009 546 2010 549 ,

74 566 170 608 illos
192 567 353 606 tantum
370 565 442 616 qui
463 566 589 603 totam
607 567 799 603 naturam
819 565 976 614 peccato
995 563 1175 613 tapsum,
1195 564 1400 603 consecuti
1422 563 1597 602 fuerant.

129 627 396 685 Respondeo
429 626 675 671 dicendum
708 625 849 683 quod,
879 625 1000 669 sicut
1022 625 1195 669 dictum
1227 629 1298 668 est
1325 627 1425 679 (art.
1451 627 1471 669 1
1500 630 1547 668 et
1565 628 1592 669 2
1616 624 1715 681 huj.
1745 627 1949 682 quaest),

73 690 278 735 Christus
301 689 505 733 defectus
537 687 765 731 humanos
787 685 1038 741 assumpsit
1056 686 1115 730 ad
1135 685 1511 730 satisfaciendum
1544 697 1628 742 pro
1646 692 1837 742 peccato
1861 688 1948 731 hu·-

75 761 224 795 manae
245 756 421 794 naturae
441 765 452 794 ε
474 748 531 793 ad
551 748 677 805 quod
695 748 1015 804 requirebatur
1033 747 1156 803 qued
1178 747 1368 790 haberet
1390 747 1717 804 perfectionem
1744 748 1951 793 scientiae

75 815 121 856 et
138 812 295 868 gratiae
316 811 364 855 in
383 810 552 855 anima.
570 809 674 854 Illos
695 822 806 865 ergo
829 809 1036 854 defectus
1056 807 1263 853 Christus
1282 820 1519 854 assumere
1538 808 1717 864 debuit,
1738 809 1818 865 qui
1835 822 1949 854 con-

74 877 330 929 sequuntur
347 884 404 917 ex
433 876 618 928 peccato
638 871 872 917 communi
893 869 1032 915 totius
1053 877 1247 923 naturae,
1284 881 1369 914 nec
1388 875 1542 915 tamen
1564 875 1828 926 repugnant
1844 883 1949 927 per-

75 931 258 978 fectioni
276 932 477 977 scientiae
495 938 541 978 et
565 933 724 989 gratiae
750 935 826 986 (2).
851 932 922 975 Sic
938 932 1079 987 igitur
1096 944 1190 976 non
1207 931 1295 976 fuit
1311 944 1429 976 conv
1433 932 1596 976 eniens
1617 936 1667 975 ut
1684 944 1848 976 omnes
1869 932 1950 977 de-

76 993 227 1040 fectus
253 1006 337 1039 seu
370 994 654 1038 infirmitates
684 996 910 1039 humanas
939 999 1213 1038 assumeret.
1236 995 1351 1038 Sunt
1372 994 1497 1038 enim
1531 993 1721 1050 quidam
1744 981 2020 1039 desectus

75 1055 157 1113 qui
171 1062 430 1113 tepugnant
446 1055 709 1112 perfectioni
729 1054 935 1100 scientiae
955 1059 1004 1099 et
1022 1055 1206 1111 gratiae·
1226 1054 1348 1099 sicut
1362 1055 1641 1111 ignorantia,
1663 1055 1871 1111 pronitas
1889 1054 1949 1101 ad

75 1117 264 1172 malum,
288 1125 334 1163 et
367 1118 610 1164 difficultas
641 1118 699 1162 ad
727 1117 920 1162 bonum.
948 1116 1141 1170 Quidam
1163 1122 1318 1162 autem
1351 1117 1560 1162 defectus
1587 1122 1714 1172 sunt,
1737 1117 1816 1173 qui
1853 1129 1948 1164 non

74 1186 420 1236 consequuntur
447 1179 752 1224 communiter
780 1184 922 1223 totam
955 1177 1208 1223 humanam
1245 1183 1459 1223 naturam
1487 1182 1675 1235 propter
1708 1182 1949 1234 peccatum

73 1239 207 1294 primi
227 1241 442 1296 parentis,
466 1240 547 1285 sed
562 1243 814 1284 causantur
830 1239 878 1283 in
900 1238 1135 1297 aliquibus
1155 1240 1421 1285 hominibus
1438 1253 1493 1284 ex
1517 1239 1796 1297 quibusdam
1811 1240 1949 1296 parti·

73 1300 307 1346 cialaribus
336 1301 510 1357 causis3
529 1300 648 1345 sicut
667 1301 811 1358 lepra,
830 1305 877 1345 et
903 1301 1095 1345 morbus
1123 1301 1344 1355 caducus,
1368 1306 1415 1346 et
1447 1300 1537 1346 alia
1553 1300 1818 1357 hUJusmodi
1836 1317 1847 1345 :
1867 1303 1947 1359 qui

73 1361 259 1418 quidem
269 1363 474 1421 defectus
488 1363 767 1419 quandoque
779 1367 1032 1408 causantur
1041 1375 1100 1407 ex
1113 1363 1250 1420 culpa
1262 1363 1477 1419 hominis,
1491 1363 1603 1420 puta
1617 1375 1675 1408 ex
1688 1363 1950 1408 inordinato

72 1422 222 1480 victu;
246 1425 523 1481 quandoque
543 1430 697 1469 autem
717 1437 774 1469 ex
790 1424 973 1470 defectu
999 1425 1180 1469 virtutis
1202 1425 1486 1470 formativae:
1507 1437 1707 1482 quorum
1730 1430 1948 1471 neutrum

73 1487 291 1531 convenit
307 1488 484 1531 Christo
503 1501 515 1529 ε
538 1487 646 1544 quia
666 1492 712 1531 et
733 1499 841 1532 caro
857 1486 959 1544 ejus
973 1487 1030 1532 dc
1044 1487 1214 1544 Spiritu
1238 1491 1399 1531 sancto
1417 1492 1643 1543 concepta
1665 1490 1754 1542 est,
1777 1486 1858 1543 qui
1876 1492 1948 1533 est

75 1546 262 1593 infinitae
291 1549 526 1606 sapientiae
543 1554 590 1594 et
615 1549 815 1604 virtutis,
835 1562 990 1594 errare
1010 1554 1057 1594 et
1084 1547 1282 1595 deficere
1304 1562 1397 1594 non
1419 1555 1611 1606 potens,
1639 1554 1686 1594 et
1706 1549 1806 1605 ipse
1836 1548 1960 1595 nihil>

72 1607 383 1656 inordinatum
409 1611 456 1656 in
478 1611 701 1668 regimine
715 1623 817 1656 suae
829 1611 937 1656 vitae
959 1612 1180 1656 exercuit.
1198 1615 1314 1656 Sunt
1332 1616 1489 1656 autem
1507 1611 1623 1656 tertii
1642 1611 1850 1656 defectus
1866 1611 1946 1667 qui

74 1668 122 1713 in
141 1672 356 1715 omnibus
371 1673 633 1717 hominibus
651 1672 959 1718 communiter
974 1673 1275 1717 inveniuntur
1293 1686 1351 1718 ex
1368 1677 1557 1730 peccato
1574 1672 1710 1730 primi
1725 1673 1945 1730 parentis,

74 1730 192 1777 sicut
212 1744 353 1785 mors,
370 1733 531 1788 fames,
551 1735 670 1791 sitis,
693 1739 739 1778 et
755 1733 844 1778 alia
867 1735 1156 1791 hujusmodi:
1174 1736 1323 1780 ethos
1337 1735 1546 1780 defectus
1557 1746 1722 1779 omnes
1741 1735 1947 1781 Christus

73 1794 291 1849 suscepit,
312 1806 430 1850 quos
450 1797 905 1839 vocatDamascenus
929 1797 1070 1848 (Orth.
1091 1796 1171 1841 fid.
1192 1796 1272 1840 lib.
1288 1809 1320 1852 ι,
1339 1809 1441 1852 cap.
1465 1799 1520 1840 14
1542 1796 1590 1839 ln
1609 1793 1692 1839 fin.
1717 1801 1763 1839 et
1780 1796 1861 1841 lib.
1882 1810 1944 1852 111,

74 1864 173 1909 cap.
198 1856 285 1910 ΞΟ),
311 1871 332 1891 κ
357 1855 590 1905 naturales
612 1861 659 1900 et
679 1855 1039 1900 indetractibiles
1061 1859 1119 1910 (3)
1143 1857 1407 1913 passiones,
1433 1875 1453 1896 υ
1480 1856 1716 1901 naturales
1737 1856 1943 1914 quidem,

73 1914 182 1971 quia
197 1921 546 1971 consequuntur
563 1916 869 1960 communiter
889 1920 1032 1961 totam
1049 1922 1263 1961 naturam
1284 1918 1560 1974 humanamt,
1584 1917 1946 1964 indetractibiles

72 1981 241 2031 autem,
258 1977 366 2033 quia
384 1977 615 2021 defectum
633 1976 838 2022 scientiae
858 1982 906 2022 et
923 1977 1084 2034 gratiae
1100 1990 1195 2022 non
1209 1978 1475 2035 important.

123 2037 189 2082 Ad
206 2041 406 2094 primum
421 2050 534 2093 ergo
554 2037 817 2095 dicendum,
841 2038 966 2095 quod
982 2050 1147 2083 omnes
1167 2039 1466 2095 particulares
1480 2039 1688 2084 defectus
1705 2040 1945 2087 hominum

69 2103 320 2143 causantur
339 2111 397 2143 ex
414 2099 792 2155 corruptibilitate
814 2105 859 2144 et
878 2099 1175 2156 passibilitate
1190 2101 1410 2159 corporis,
1430 2101 1737 2158 superadditis
1753 2102 1946 2157 quibus-

70 2158 177 2206 dam
206 2159 561 2216 particulaiibus
578 2161 761 2205 causis.
793 2166 840 2205 et
861 2161 966 2206 ideo
988 2165 1096 2205 cum
1116 2162 1323 2207 Christus
1340 2163 1570 2207 curaverit
1597 2163 1944 2219 passibilitatem

69 2224 117 2266 et
135 2220 557 2276 corruptibilitatem
577 2221 781 2277 corporis
804 2221 965 2276 nostri,
985 2233 1068 2277 per
1088 2222 1176 2266 hoc
1194 2222 1318 2297 qued
1343 2234 1446 2267 eam
1463 2223 1731 2279 assumpsit,
1752 2236 1810 2268 ex
1832 2237 1944 2270 con-

70 2282 279 2338 sequenti
298 2295 458 2327 omnes
477 2283 593 2327 alios
612 2283 817 2327 defectus
836 2283 1030 2327 curavit

122 2343 188 2388 Ad
208 2345 448 2387 secundum
462 2344 728 2399 dicendum,
747 2344 871 2400 quod
888 2344 1127 2402 plenitudo
1142 2346 1294 2389 omnis
1311 2345 1469 2401 gratiae
1485 2351 1532 2390 et
1547 2346 1752 2390 scientiae
1776 2347 1945 2395 animae

68 2403 225 2451 Christi
261 2405 517 2451 secundum
545 2418 596 2451 se
630 2406 885 2451 debebatur
918 2419 978 2452 ex
1006 2407 1095 2451 hoc
1121 2407 1220 2463 ipso
1250 2407 1376 2464 quod
1402 2413 1504 2453 crat
1532 2409 1559 2452 a
1588 2408 1733 2452 Verbo
1762 2410 1837 2454 Dei
1867 2422 1942 2455 as-

69 2470 251 2523 sumpta
268 2481 280 2511 2
299 2472 345 2512 et
359 2467 460 2512 ideo
474 2467 685 2513 absolute
696 2480 883 2512 omnem
899 2468 1232 2525 plenitudinem
1247 2469 1484 2526 sapientiae
1500 2474 1545 2514 et
1565 2469 1726 2525 gratiae
1739 2471 1944 2518 Christus

69 2527 332 2583 assumpsit.
358 2529 443 2574 Sed
467 2529 674 2574 defectus
705 2534 889 2574 nostros
923 2529 1237 2586 dispensative
1263 2531 1531 2588 assumpsit,
1566 2536 1619 2575 ut
1647 2544 1732 2589 pro
1754 2540 1942 2588 peccato

70 2593 228 2633 nostro
257 2590 550 2644 satisfaceret,
579 2603 672 2635 non
707 2592 816 2648 quia
838 2592 879 2636 ei
903 2592 1161 2637 secundum
1185 2604 1236 2636 se
1258 2597 1603 2649 competerent·
1634 2598 1681 2637 et
1709 2594 1812 2638 ideo
1847 2607 1941 2639 non

67 2650 266 2705 oportuit
285 2651 405 2708 quod
424 2664 586 2697 omnes
608 2660 882 2710 assumeret,
907 2653 990 2698 sed
1015 2654 1165 2697 solu-m
1186 2653 1288 2697 illos
1312 2654 1392 2710 qui
1411 2654 1705 2699 sufficiebant
1726 2656 1785 2700 ad
1810 2657 1942 2701 satis·

69 2709 327 2757 faciendum
351 2725 432 2769 pro
448 2719 638 2770 peccato
651 2715 790 2759 totius
812 2716 1027 2759 humanae
1048 2720 1227 2759 naturae
1248 2718 1323 2769 (4).

123 2771 188 2815 Λᾶ
210 2775 390 2816 tertium
409 2774 670 2832 dicendum,
691 2775 812 2833 quod
842 2788 967 2820 mors
985 2776 1031 2819 in
1053 2788 1217 2819 omnes
1238 2775 1447 2820 homines
1467 2776 1654 2821 advenit
1672 2788 1731 2821 ex
1754 2783 1941 2848 peccato

69 2831 203 2885 primi
219 2834 443 2890 parentis3
465 2847 558 2879 non
579 2841 734 2881 autem
753 2837 940 2894 quidam
961 2837 1038 2882 alii
1066 2837 1287 2892 defectus,
1308 2836 1414 2881 licet
1434 2836 1527 2881 sint
1546 2841 1693 2882 morte
1717 2837 1936 2886 minores.

75 2892 198 2937 Unde
212 2905 303 2936 non
323 2900 393 2938 est
413 2896 575 2940 similis
593 2898 722 2942 ratio.

108 3012 151 3052 tl)
169 3013 287 3054 Suppl.
304 3015 499 3051 individuo
516 3017 568 3052 vel
586 3016 822 3056 indivisibili.
1080 3021 1126 3064 (δ)
1141 3020 1424 3063 Ῑιιδειιιιεῑίἰιὶῐοε,
1441 3019 1571 3056 scilicet
1597 3021 1856 3063 reprehensione
1874 3034 1935 3058 ca-
1966 3029 1969 3030 ’

111 3060 151 3099 (2)
172 3060 254 3095 Puta
282 3062 347 3095 fam
325 3074 422 3101 n,em
448 3075 476 3096 Sl
465 3063 504 3097 iit
495 3076 560 3103 ιιιι,
581 3064 874 3110 defatigationem,
890 3073 954 3103 etc.
1038 3074 1152 3104 rentes
1168 3068 1404 3103 autinnoxios.
1969 3070 1970 3073 ’

67 3106 159 3142 Unde
183 3107 307 3149 legitur
328 3110 427 3144 esurii
421 3111 479 3145 'sse
503 3112 635 3150 (Matth.
653 3121 688 3147 lv
712 3118 746 3147 et
771 3116 889 3154 xx1)ct
910 3116 953 3149 si·
1079 3117 1123 3158 (A)
1153 3116 1199 3150 Ex
1222 3115 1273 3149 his
1301 3115 1473 3156 colligitur
1496 3115 1645 3152 Christus
1669 3117 1859 3158 personales
1879 3118 1935 3153 de-

68 3155 155 3189 tiisse
188 3157 293 3198 (Joan
325 3166 360 3193 lv
377 3163 410 3193 et
435 3159 504 3203 xlx)
533 3159 620 3197 sicut
643 3164 676 3195 et
702 3159 863 3202 fatigatus
886 3175 955 3198 esse
1038 3163 1145 3198 fectus
1160 3163 1370 3204 assumpsisse
1387 3176 1469 3204 quos
1481 3164 1590 3205 operis
1609 3164 1648 3198 ad
1663 3165 1752 3205 quod
1768 3165 1933 3209 veniebat,

67 3202 252 3245 (Joan.1v).
1036 3210 1179 3250 qualitas
1196 3209 1408 3254 requirebat;
1424 3218 1463 3245 ut
1483 3216 1562 3247 sunt
1579 3211 1701 3249 livores
1722 3216 1757 3247 et
1781 3212 1932 3249 vulnera.
