<?xml version="1.0" encoding="UTF-8"?>
<!DOCTYPE html PUBLIC "-//W3C//DTD XHTML 1.0 Transitional//EN"
    "http://www.w3.org/TR/xhtml1/DTD/xhtml1-transitional.dtd">
<html xmlns="http://www.w3.org/1999/xhtml" xml:lang="en" lang="en">
 <head>
  <title>
</title>
<meta http-equiv="Content-Type" content="text/html;charset=utf-8" />
  <meta name='ocr-system' content='tesseract 3.04.00' />
  <meta name='ocr-capabilities' content='ocr_page ocr_carea ocr_par ocr_line ocrx_word'/>
</head>
<body>
  <div class='ocr_page' id='page_1' title='image "./summatheologica06thomuoft_0372.png"; bbox 0 0 2170 3808; ppageno 0'>
   <div class='ocr_carea' id='block_1_1' title="bbox 120 157 1418 210">
    <p class='ocr_par' dir='ltr' id='par_1_1' title="bbox 120 157 1418 210">
     <span class='ocr_line' id='line_1_1' title="bbox 120 157 1418 210; baseline -0.005 -3"><span class='ocrx_word' id='word_1_1' title='bbox 120 163 204 207; x_wconf 90' lang='grc'><strong>336</strong></span> <span class='ocrx_word' id='word_1_2' title='bbox 734 157 1418 210; x_wconf 80' lang='lat' dir='ltr'><strong>QUAEST.XL,ART.1ET11.</strong></span> 
     </span>
    </p>
   </div>
   <div class='ocr_carea' id='block_1_2' title="bbox 122 236 2019 356">
    <p class='ocr_par' dir='ltr' id='par_1_2' title="bbox 122 236 2019 356">
     <span class='ocr_line' id='line_1_2' title="bbox 122 236 2019 300; baseline -0.001 -11"><span class='ocrx_word' id='word_1_3' title='bbox 122 243 327 290; x_wconf 87' lang='lat' dir='ltr'><strong>erudivit</strong></span> <span class='ocrx_word' id='word_1_4' title='bbox 352 253 438 286; x_wconf 92' lang='lat' dir='ltr'><strong>nos</strong></span> <span class='ocrx_word' id='word_1_5' title='bbox 471 239 585 285; x_wconf 85' lang='lat' dir='ltr'>nihil</span> <span class='ocrx_word' id='word_1_6' title='bbox 604 238 665 284; x_wconf 89' lang='lat' dir='ltr'><strong>ad</strong></span> <span class='ocrx_word' id='word_1_7' title='bbox 682 237 1042 282; x_wconf 83' lang='lat' dir='ltr'><strong>ostentationem</strong></span> <span class='ocrx_word' id='word_1_8' title='bbox 1065 236 1234 291; x_wconf 85' lang='lat' dir='ltr'><strong>facere,</strong></span> <span class='ocrx_word' id='word_1_9' title='bbox 1258 242 1304 283; x_wconf 92' lang='lat' dir='ltr'><strong>et</strong></span> <span class='ocrx_word' id='word_1_10' title='bbox 1325 238 1353 283; x_wconf 77' lang='lat' dir='ltr'><strong>a</strong></span> <span class='ocrx_word' id='word_1_11' title='bbox 1372 239 1653 286; x_wconf 87' lang='lat' dir='ltr'><strong>tumultibus</strong></span> <span class='ocrx_word' id='word_1_12' title='bbox 1676 239 1954 300; x_wconf 88' lang='lat' dir='ltr'><strong>abscedere,</strong></span> <span class='ocrx_word' id='word_1_13' title='bbox 1974 246 2019 288; x_wconf 82' lang='lat' dir='ltr'><strong>et</strong></span> 
     </span>
     <span class='ocr_line' id='line_1_3' title="bbox 131 299 1380 356; baseline -0.009 -5"><span class='ocrx_word' id='word_1_14' title='bbox 131 305 336 351; x_wconf 82' lang='lat' dir='ltr'><strong>maxime</strong></span> <span class='ocrx_word' id='word_1_15' title='bbox 366 307 473 347; x_wconf 79' lang='lat' dir='ltr'><strong>cum</strong></span> <span class='ocrx_word' id='word_1_16' title='bbox 496 302 554 346; x_wconf 89' lang='lat' dir='ltr'><strong>de</strong></span> <span class='ocrx_word' id='word_1_17' title='bbox 579 299 855 346; x_wconf 84' lang='lat' dir='ltr'><strong>necessariis</strong></span> <span class='ocrx_word' id='word_1_18' title='bbox 882 299 1120 355; x_wconf 88' lang='lat' dir='ltr'><strong>disputare</strong></span> <span class='ocrx_word' id='word_1_19' title='bbox 1141 304 1380 356; x_wconf 83' lang='lat' dir='ltr'><strong>oportet.»</strong></span> 
     </span>
    </p>
   </div>
   <div class='ocr_carea' id='block_1_3' title="bbox 119 372 2023 2089">
    <p class='ocr_par' dir='ltr' id='par_1_3' title="bbox 181 372 2012 541">
     <span class='ocr_line' id='line_1_4' title="bbox 181 372 2012 418; baseline 0 0"><span class='ocrx_word' id='word_1_20' title='bbox 181 372 525 418; x_wconf 84' lang='lat' dir='ltr'><strong>ARTICULUS</strong></span> <span class='ocrx_word' id='word_1_21' title='bbox 545 373 604 413; x_wconf 90' lang='lat'><strong>11.</strong></span> <span class='ocrx_word' id='word_1_22' title='bbox 635 393 692 402; x_wconf 90' lang='lat'>—</span> <span class='ocrx_word' id='word_1_23' title='bbox 714 382 854 412; x_wconf 75' lang='lat' dir='ltr'><strong>urium</strong></span> <span class='ocrx_word' id='word_1_24' title='bbox 875 381 1072 412; x_wconf 77' lang='lat' dir='ltr'><strong>cnmsrus</strong></span> <span class='ocrx_word' id='word_1_25' title='bbox 1093 381 1307 411; x_wconf 70' lang='lat' dir='ltr'><strong>Aus&#39;ramm</strong></span> <span class='ocrx_word' id='word_1_26' title='bbox 1325 382 1452 414; x_wconf 72' lang='lat' dir='ltr'><strong>vinu</strong></span> <span class='ocrx_word' id='word_1_27' title='bbox 1473 383 1515 415; x_wconf 76' lang='lat' dir='ltr'><strong>m</strong></span> <span class='ocrx_word' id='word_1_28' title='bbox 1537 383 1618 414; x_wconf 78' lang='lat' dir='ltr'><strong>noc</strong></span> <span class='ocrx_word' id='word_1_29' title='bbox 1642 383 1780 414; x_wconf 68' lang='lat' dir='ltr'><strong>nunno</strong></span> <span class='ocrx_word' id='word_1_30' title='bbox 1803 382 1967 415; x_wconf 68' lang='lat' dir='ltr'><strong>nucum</strong></span> <span class='ocrx_word' id='word_1_31' title='bbox 2010 416 2012 418; x_wconf 78' lang='grc'>,</span> 
     </span>
     <span class='ocr_line' id='line_1_5' title="bbox 962 443 1184 474; baseline 0.005 -1"><span class='ocrx_word' id='word_1_32' title='bbox 962 443 1184 474; x_wconf 80' lang='lat' dir='ltr'><strong>DEBUERIT.</strong></span> 
     </span>
     <span class='ocr_line' id='line_1_6' title="bbox 664 499 1483 541; baseline 0.004 -8"><span class='ocrx_word' id='word_1_33' title='bbox 664 499 712 534; x_wconf 88' lang='lat' dir='ltr'><strong>De</strong></span> <span class='ocrx_word' id='word_1_34' title='bbox 735 500 788 535; x_wconf 84' lang='lat' dir='ltr'><strong>his</strong></span> <span class='ocrx_word' id='word_1_35' title='bbox 811 500 916 535; x_wconf 79' lang='lat' dir='ltr'><strong>etiam</strong></span> <span class='ocrx_word' id='word_1_36' title='bbox 931 499 1034 541; x_wconf 80' lang='lat' dir='ltr'><strong>infra,</strong></span> <span class='ocrx_word' id='word_1_37' title='bbox 1052 503 1168 541; x_wconf 78' lang='lat' dir='ltr'><strong>quaest.</strong></span> <span class='ocrx_word' id='word_1_38' title='bbox 1186 507 1258 540; x_wconf 75' lang='lat' dir='ltr'><strong>xm,</strong></span> <span class='ocrx_word' id='word_1_39' title='bbox 1279 503 1344 534; x_wconf 78' lang='lat' dir='ltr'><strong>art.</strong></span> <span class='ocrx_word' id='word_1_40' title='bbox 1359 500 1380 535; x_wconf 67' lang='lat'>4</span> <span class='ocrx_word' id='word_1_41' title='bbox 1394 500 1436 535; x_wconf 70' lang='lat' dir='ltr'><strong>ad</strong></span> <span class='ocrx_word' id='word_1_42' title='bbox 1449 501 1483 536; x_wconf 65' lang='lat'><strong>4.</strong></span> 
     </span>
    </p>

    <p class='ocr_par' dir='ltr' id='par_1_4' title="bbox 121 553 2023 1160">
     <span class='ocr_line' id='line_1_7' title="bbox 177 553 2022 611; baseline -0.002 -8"><span class='ocrx_word' id='word_1_43' title='bbox 177 557 245 603; x_wconf 84' lang='lat' dir='ltr'><strong>Ad</strong></span> <span class='ocrx_word' id='word_1_44' title='bbox 264 555 528 602; x_wconf 87' lang='lat' dir='ltr'><strong>secundum</strong></span> <span class='ocrx_word' id='word_1_45' title='bbox 550 554 619 599; x_wconf 89' lang='lat' dir='ltr'><strong>sic</strong></span> <span class='ocrx_word' id='word_1_46' title='bbox 638 554 919 611; x_wconf 87' lang='lat' dir='ltr'><strong>proceditur.</strong></span> <span class='ocrx_word' id='word_1_47' title='bbox 948 557 990 598; x_wconf 86' lang='lat'><strong>1.</strong></span> <span class='ocrx_word' id='word_1_48' title='bbox 1024 553 1212 598; x_wconf 85' lang='lat' dir='ltr'><strong>Videtur</strong></span> <span class='ocrx_word' id='word_1_49' title='bbox 1243 553 1369 610; x_wconf 81' lang='lat' dir='ltr'><strong>quod</strong></span> <span class='ocrx_word' id='word_1_50' title='bbox 1388 555 1595 600; x_wconf 90' lang='lat' dir='ltr'><strong>Christus</strong></span> <span class='ocrx_word' id='word_1_51' title='bbox 1626 553 1836 600; x_wconf 87' lang='lat' dir='ltr'><strong>debuerit</strong></span> <span class='ocrx_word' id='word_1_52' title='bbox 1867 558 2022 600; x_wconf 88' lang='lat' dir='ltr'><strong>auste-</strong></span> 
     </span>
     <span class='ocr_line' id='line_1_8' title="bbox 123 616 2022 675; baseline -0.001 -11"><span class='ocrx_word' id='word_1_53' title='bbox 123 631 223 664; x_wconf 89' lang='lat' dir='ltr'><strong>ram</strong></span> <span class='ocrx_word' id='word_1_54' title='bbox 252 619 397 663; x_wconf 85' lang='lat' dir='ltr'><strong>vitam</strong></span> <span class='ocrx_word' id='word_1_55' title='bbox 432 618 604 663; x_wconf 87' lang='lat' dir='ltr'><strong>ducere</strong></span> <span class='ocrx_word' id='word_1_56' title='bbox 628 617 676 661; x_wconf 90' lang='lat' dir='ltr'><strong>in</strong></span> <span class='ocrx_word' id='word_1_57' title='bbox 698 618 786 661; x_wconf 89' lang='lat' dir='ltr'><strong>hoc</strong></span> <span class='ocrx_word' id='word_1_58' title='bbox 806 616 1001 661; x_wconf 88' lang='lat' dir='ltr'><strong>mund0.</strong></span> <span class='ocrx_word' id='word_1_59' title='bbox 1039 616 1250 661; x_wconf 89' lang='lat' dir='ltr'><strong>Christus</strong></span> <span class='ocrx_word' id='word_1_60' title='bbox 1271 616 1398 661; x_wconf 85' lang='lat' dir='ltr'><strong>enim</strong></span> <span class='ocrx_word' id='word_1_61' title='bbox 1418 617 1566 663; x_wconf 78' lang='lat' dir='ltr'><strong>&#39;multo</strong></span> <span class='ocrx_word' id='word_1_62' title='bbox 1585 618 1735 675; x_wconf 82' lang='lat' dir='ltr'><strong>magis</strong></span> <span class='ocrx_word' id='word_1_63' title='bbox 1756 617 2022 674; x_wconf 68' lang='lat' dir='ltr'><strong>praedicavit</strong></span> 
     </span>
     <span class='ocr_line' id='line_1_9' title="bbox 121 678 2023 738; baseline 0 -13"><span class='ocrx_word' id='word_1_64' title='bbox 121 680 451 738; x_wconf 81' lang='lat' dir='ltr'><strong>perfectionem</strong></span> <span class='ocrx_word' id='word_1_65' title='bbox 475 679 581 723; x_wconf 86' lang='lat' dir='ltr'><strong>vitae</strong></span> <span class='ocrx_word' id='word_1_66' title='bbox 605 678 748 735; x_wconf 78' lang='lat' dir='ltr'><strong>quam</strong></span> <span class='ocrx_word' id='word_1_67' title='bbox 769 680 989 722; x_wconf 86' lang='lat' dir='ltr'><strong>Joannes.</strong></span> <span class='ocrx_word' id='word_1_68' title='bbox 1023 678 1109 722; x_wconf 87' lang='lat' dir='ltr'><strong>Sed</strong></span> <span class='ocrx_word' id='word_1_69' title='bbox 1131 679 1335 722; x_wconf 85' lang='lat' dir='ltr'><strong>Joannes</strong></span> <span class='ocrx_word' id='word_1_70' title='bbox 1363 683 1597 724; x_wconf 82' lang='lat' dir='ltr'><strong>austeram</strong></span> <span class='ocrx_word' id='word_1_71' title='bbox 1622 679 1765 723; x_wconf 89' lang='lat' dir='ltr'><strong>vitam</strong></span> <span class='ocrx_word' id='word_1_72' title='bbox 1787 678 1948 734; x_wconf 84' lang='lat' dir='ltr'><strong>duxit,</strong></span> <span class='ocrx_word' id='word_1_73' title='bbox 1971 684 2023 725; x_wconf 89' lang='lat' dir='ltr'><strong>ut</strong></span> 
     </span>
     <span class='ocr_line' id='line_1_10' title="bbox 122 739 2020 799; baseline -0.002 -11"><span class='ocrx_word' id='word_1_74' title='bbox 122 755 209 788; x_wconf 89' lang='lat' dir='ltr'><strong>suo</strong></span> <span class='ocrx_word' id='word_1_75' title='bbox 242 742 456 799; x_wconf 84' lang='lat' dir='ltr'><strong>exemplo</strong></span> <span class='ocrx_word' id='word_1_76' title='bbox 492 741 706 785; x_wconf 85' lang='lat' dir='ltr'><strong>homines</strong></span> <span class='ocrx_word' id='word_1_77' title='bbox 744 740 803 785; x_wconf 88' lang='lat' dir='ltr'><strong>ad</strong></span> <span class='ocrx_word' id='word_1_78' title='bbox 839 739 1173 795; x_wconf 83' lang='lat' dir='ltr'><strong>perfectionem</strong></span> <span class='ocrx_word' id='word_1_79' title='bbox 1210 739 1316 784; x_wconf 84' lang='lat' dir='ltr'><strong>vitae</strong></span> <span class='ocrx_word' id='word_1_80' title='bbox 1347 745 1620 796; x_wconf 83' lang='lat' dir='ltr'><strong>provocaret</strong></span> <span class='ocrx_word' id='word_1_81' title='bbox 1651 754 1664 786; x_wconf 75' lang='grc' dir='ltr'>ε</span> <span class='ocrx_word' id='word_1_82' title='bbox 1696 741 1866 786; x_wconf 90' lang='lat' dir='ltr'><strong>dicitur</strong></span> <span class='ocrx_word' id='word_1_83' title='bbox 1894 739 2020 785; x_wconf 90' lang='lat' dir='ltr'><strong>enim</strong></span> 
     </span>
     <span class='ocr_line' id='line_1_11' title="bbox 124 802 2021 861; baseline -0.003 -11"><span class='ocrx_word' id='word_1_84' title='bbox 124 805 293 859; x_wconf 80' lang='lat' dir='ltr'><strong>(Mattb.</strong></span> <span class='ocrx_word' id='word_1_85' title='bbox 318 819 378 861; x_wconf 88' lang='lat'><strong>111,</strong></span> <span class='ocrx_word' id='word_1_86' title='bbox 403 808 465 861; x_wconf 76' lang='grc'><strong>4),</strong></span> <span class='ocrx_word' id='word_1_87' title='bbox 494 803 619 860; x_wconf 72' lang='lat' dir='ltr'><strong>quod</strong></span> <span class='ocrx_word' id='word_1_88' title='bbox 643 805 737 858; x_wconf 83' lang='lat' dir='ltr'><strong>ipse</strong></span> <span class='ocrx_word' id='word_1_89' title='bbox 758 806 956 846; x_wconf 75' lang='lat' dir='ltr'><strong>Joamzes</strong></span> <span class='ocrx_word' id='word_1_90' title='bbox 985 802 1180 845; x_wconf 79' lang='lat' dir='ltr'><strong>habebat</strong></span> <span class='ocrx_word' id='word_1_91' title='bbox 1201 805 1512 848; x_wconf 78' lang='lat' dir='ltr'><strong>vestimentum</strong></span> <span class='ocrx_word' id='word_1_92' title='bbox 1539 805 1596 847; x_wconf 85' lang='lat' dir='ltr'><strong>de</strong></span> <span class='ocrx_word' id='word_1_93' title='bbox 1615 804 1724 860; x_wconf 79' lang='lat' dir='ltr'><strong>pilis</strong></span> <span class='ocrx_word' id='word_1_94' title='bbox 1745 802 2021 847; x_wconf 82' lang='lat' dir='ltr'><strong>camelorum</strong></span> 
     </span>
     <span class='ocr_line' id='line_1_12' title="bbox 122 864 2021 923; baseline -0.003 -11"><span class='ocrx_word' id='word_1_95' title='bbox 122 871 167 912; x_wconf 74' lang='lat' dir='ltr'><strong>et</strong></span> <span class='ocrx_word' id='word_1_96' title='bbox 183 880 345 910; x_wconf 74' lang='lat' dir='ltr'><strong>zonam</strong></span> <span class='ocrx_word' id='word_1_97' title='bbox 361 866 607 923; x_wconf 73' lang='lat' dir='ltr'><strong>pelliceam</strong></span> <span class='ocrx_word' id='word_1_98' title='bbox 626 867 751 908; x_wconf 75' lang='lat' dir='ltr'><strong>circa</strong></span> <span class='ocrx_word' id='word_1_99' title='bbox 774 864 946 907; x_wconf 76' lang='lat' dir='ltr'><strong>lumbos</strong></span> <span class='ocrx_word' id='word_1_100' title='bbox 963 877 1066 907; x_wconf 81' lang='lat' dir='ltr'><strong>suos</strong></span> <span class='ocrx_word' id='word_1_101' title='bbox 1075 879 1094 920; x_wconf 91' lang='lat'><em>;</em></span> <span class='ocrx_word' id='word_1_102' title='bbox 1113 878 1216 908; x_wconf 85' lang='lat' dir='ltr'><strong>esca</strong></span> <span class='ocrx_word' id='word_1_103' title='bbox 1231 868 1383 909; x_wconf 77' lang='lat' dir='ltr'><strong>antem</strong></span> <span class='ocrx_word' id='word_1_104' title='bbox 1401 868 1497 921; x_wconf 82' lang='lat' dir='ltr'><strong>ejus</strong></span> <span class='ocrx_word' id='word_1_105' title='bbox 1518 869 1651 910; x_wconf 77' lang='lat' dir='ltr'><strong>erant</strong></span> <span class='ocrx_word' id='word_1_106' title='bbox 1668 865 1851 908; x_wconf 72' lang='lat' dir='ltr'><strong>locustae</strong></span> <span class='ocrx_word' id='word_1_107' title='bbox 1869 867 1915 907; x_wconf 83' lang='lat' dir='ltr'><strong>et</strong></span> <span class='ocrx_word' id='word_1_108' title='bbox 1933 864 2021 908; x_wconf 82' lang='lat' dir='ltr'><strong>mel</strong></span> 
     </span>
     <span class='ocr_line' id='line_1_13' title="bbox 122 926 2019 987; baseline -0.003 -13"><span class='ocrx_word' id='word_1_109' title='bbox 122 931 369 987; x_wconf 77' lang='lat' dir='ltr'><strong>sylvestre5</strong></span> <span class='ocrx_word' id='word_1_110' title='bbox 401 928 526 985; x_wconf 92' lang='lat' dir='ltr'><strong>quod</strong></span> <span class='ocrx_word' id='word_1_111' title='bbox 552 939 795 983; x_wconf 86' lang='lat' dir='ltr'><strong>exponens</strong></span> <span class='ocrx_word' id='word_1_112' title='bbox 821 927 1177 984; x_wconf 90' lang='lat' dir='ltr'><strong>Chrysostomus</strong></span> <span class='ocrx_word' id='word_1_113' title='bbox 1208 927 1349 982; x_wconf 91' lang='lat' dir='ltr'><strong>(hom.</strong></span> <span class='ocrx_word' id='word_1_114' title='bbox 1378 941 1406 971; x_wconf 82' lang='lat' dir='ltr'><strong>x</strong></span> <span class='ocrx_word' id='word_1_115' title='bbox 1429 928 1478 971; x_wconf 94' lang='lat' dir='ltr'><strong>in</strong></span> <span class='ocrx_word' id='word_1_116' title='bbox 1499 930 1681 986; x_wconf 85' lang='lat' dir='ltr'><strong>Mattb.,</strong></span> <span class='ocrx_word' id='word_1_117' title='bbox 1706 928 1829 972; x_wconf 89' lang='lat' dir='ltr'><strong>circa</strong></span> <span class='ocrx_word' id='word_1_118' title='bbox 1850 926 2019 984; x_wconf 65' lang='lat' dir='ltr'><strong>med),</strong></span> 
     </span>
     <span class='ocr_line' id='line_1_14' title="bbox 121 987 2022 1046; baseline -0.001 -10"><span class='ocrx_word' id='word_1_119' title='bbox 121 991 255 1036; x_wconf 87' lang='lat' dir='ltr'><strong>dicit:</strong></span> <span class='ocrx_word' id='word_1_120' title='bbox 280 1010 301 1029; x_wconf 64' lang='grc' dir='ltr'>κ</span> <span class='ocrx_word' id='word_1_121' title='bbox 326 993 432 1034; x_wconf 88' lang='lat' dir='ltr'><strong>Erat</strong></span> <span class='ocrx_word' id='word_1_122' title='bbox 458 988 668 1033; x_wconf 88' lang='lat' dir='ltr'><strong>mirabile</strong></span> <span class='ocrx_word' id='word_1_123' title='bbox 688 989 735 1032; x_wconf 92' lang='lat' dir='ltr'><strong>in</strong></span> <span class='ocrx_word' id='word_1_124' title='bbox 760 988 967 1032; x_wconf 89' lang='lat' dir='ltr'><strong>humano</strong></span> <span class='ocrx_word' id='word_1_125' title='bbox 986 1000 1178 1046; x_wconf 89' lang='lat' dir='ltr'><strong>corpore</strong></span> <span class='ocrx_word' id='word_1_126' title='bbox 1201 993 1379 1033; x_wconf 88' lang='lat' dir='ltr'><strong>tantam</strong></span> <span class='ocrx_word' id='word_1_127' title='bbox 1401 989 1669 1045; x_wconf 89' lang='lat' dir='ltr'><strong>patientiam</strong></span> <span class='ocrx_word' id='word_1_128' title='bbox 1688 989 1871 1045; x_wconf 68' lang='lat' dir='ltr'><strong>videre,</strong></span> <span class='ocrx_word' id='word_1_129' title='bbox 1896 987 2022 1045; x_wconf 82' lang='lat' dir='ltr'><strong>quod</strong></span> 
     </span>
     <span class='ocr_line' id='line_1_15' title="bbox 122 1050 2020 1108; baseline -0.003 -9"><span class='ocrx_word' id='word_1_130' title='bbox 122 1058 171 1099; x_wconf 89' lang='lat' dir='ltr'><strong>et</strong></span> <span class='ocrx_word' id='word_1_131' title='bbox 189 1054 373 1099; x_wconf 84' lang='lat' dir='ltr'><strong>Judaeos</strong></span> <span class='ocrx_word' id='word_1_132' title='bbox 396 1052 547 1108; x_wconf 82' lang='lat' dir='ltr'><strong>magis</strong></span> <span class='ocrx_word' id='word_1_133' title='bbox 569 1051 848 1096; x_wconf 84' lang='lat' dir='ltr'><strong>attrahebat.</strong></span> <span class='ocrx_word' id='word_1_134' title='bbox 882 1069 902 1090; x_wconf 70' lang='grc' dir='ltr'><strong>υ</strong></span> <span class='ocrx_word' id='word_1_135' title='bbox 930 1053 1049 1107; x_wconf 86' lang='lat' dir='ltr'><strong>Ergo</strong></span> <span class='ocrx_word' id='word_1_136' title='bbox 1080 1050 1266 1096; x_wconf 87' lang='lat' dir='ltr'><strong>videtur</strong></span> <span class='ocrx_word' id='word_1_137' title='bbox 1292 1051 1418 1108; x_wconf 83' lang='lat' dir='ltr'><strong>quod</strong></span> <span class='ocrx_word' id='word_1_138' title='bbox 1446 1051 1594 1096; x_wconf 82' lang='lat' dir='ltr'><strong>multo</strong></span> <span class='ocrx_word' id='word_1_139' title='bbox 1618 1052 1768 1108; x_wconf 82' lang='lat' dir='ltr'><strong>magis</strong></span> <span class='ocrx_word' id='word_1_140' title='bbox 1790 1050 2020 1096; x_wconf 83' lang='lat' dir='ltr'><strong>Christum</strong></span> 
     </span>
     <span class='ocr_line' id='line_1_16' title="bbox 122 1113 738 1160; baseline -0.008 1"><span class='ocrx_word' id='word_1_141' title='bbox 122 1114 335 1160; x_wconf 87' lang='lat' dir='ltr'><strong>decuerit</strong></span> <span class='ocrx_word' id='word_1_142' title='bbox 353 1114 602 1158; x_wconf 88' lang='lat' dir='ltr'><strong>austeritas</strong></span> <span class='ocrx_word' id='word_1_143' title='bbox 617 1113 738 1157; x_wconf 83' lang='lat' dir='ltr'><strong>vitae.</strong></span> 
     </span>
    </p>

    <p class='ocr_par' dir='ltr' id='par_1_5' title="bbox 120 1175 2021 1541">
     <span class='ocr_line' id='line_1_17' title="bbox 177 1175 2021 1233; baseline 0 -13"><span class='ocrx_word' id='word_1_144' title='bbox 177 1180 220 1222; x_wconf 76' lang='lat'><strong>2.</strong></span> <span class='ocrx_word' id='word_1_145' title='bbox 265 1179 490 1221; x_wconf 78' lang='lat' dir='ltr'><strong>Praeterea</strong></span> <span class='ocrx_word' id='word_1_146' title='bbox 507 1209 520 1233; x_wconf 94' lang='lat'><strong>,</strong></span> <span class='ocrx_word' id='word_1_147' title='bbox 570 1175 851 1220; x_wconf 86' lang='lat' dir='ltr'><strong>abstinentia</strong></span> <span class='ocrx_word' id='word_1_148' title='bbox 887 1175 947 1220; x_wconf 89' lang='lat' dir='ltr'><strong>ad</strong></span> <span class='ocrx_word' id='word_1_149' title='bbox 993 1175 1331 1220; x_wconf 90' lang='lat' dir='ltr'><strong>continentiam</strong></span> <span class='ocrx_word' id='word_1_150' title='bbox 1375 1176 1632 1221; x_wconf 90' lang='lat' dir='ltr'><strong>ordinatur.</strong></span> <span class='ocrx_word' id='word_1_151' title='bbox 1685 1176 1859 1221; x_wconf 89' lang='lat' dir='ltr'><strong>Dicitur</strong></span> <span class='ocrx_word' id='word_1_152' title='bbox 1895 1175 2021 1220; x_wconf 90' lang='lat' dir='ltr'><strong>enim</strong></span> 
     </span>
     <span class='ocr_line' id='line_1_18' title="bbox 122 1238 2021 1295; baseline -0.002 -11"><span class='ocrx_word' id='word_1_153' title='bbox 122 1240 268 1293; x_wconf 84' lang='lat' dir='ltr'><strong>(Oseae</strong></span> <span class='ocrx_word' id='word_1_154' title='bbox 298 1252 353 1294; x_wconf 81' lang='lat' dir='ltr'><strong>iv,</strong></span> <span class='ocrx_word' id='word_1_155' title='bbox 379 1241 449 1291; x_wconf 88' lang='grc'><strong>10)</strong></span> <span class='ocrx_word' id='word_1_156' title='bbox 471 1252 481 1281; x_wconf 90' lang='lat'>:</span> <span class='ocrx_word' id='word_1_157' title='bbox 507 1238 767 1293; x_wconf 79' lang='lat' dir='ltr'><strong>Comedent,</strong></span> <span class='ocrx_word' id='word_1_158' title='bbox 790 1240 834 1280; x_wconf 78' lang='lat' dir='ltr'><strong>et</strong></span> <span class='ocrx_word' id='word_1_159' title='bbox 855 1249 945 1280; x_wconf 76' lang='lat' dir='ltr'><strong>non</strong></span> <span class='ocrx_word' id='word_1_160' title='bbox 964 1238 1296 1281; x_wconf 82' lang='lat' dir='ltr'><strong>saturabuntur</strong></span> <span class='ocrx_word' id='word_1_161' title='bbox 1314 1252 1329 1278; x_wconf 91' lang='lat'><strong>.·</strong></span> <span class='ocrx_word' id='word_1_162' title='bbox 1348 1240 1567 1292; x_wconf 76' lang='lat' dir='ltr'><strong>fornicati</strong></span> <span class='ocrx_word' id='word_1_163' title='bbox 1589 1242 1694 1281; x_wconf 73' lang='lat' dir='ltr'><strong>sunt</strong></span> <span class='ocrx_word' id='word_1_164' title='bbox 1706 1271 1721 1295; x_wconf 83' lang='lat'>‚</span> <span class='ocrx_word' id='word_1_165' title='bbox 1745 1241 1790 1280; x_wconf 80' lang='lat' dir='ltr'><strong>et</strong></span> <span class='ocrx_word' id='word_1_166' title='bbox 1811 1251 1901 1281; x_wconf 78' lang='lat' dir='ltr'><strong>non</strong></span> <span class='ocrx_word' id='word_1_167' title='bbox 1926 1251 2021 1280; x_wconf 80' lang='lat' dir='ltr'><strong>ces-</strong></span> 
     </span>
     <span class='ocr_line' id='line_1_19' title="bbox 120 1299 2020 1357; baseline -0.001 -11"><span class='ocrx_word' id='word_1_168' title='bbox 120 1305 353 1346; x_wconf 77' lang='lat' dir='ltr'><strong>saverunt.</strong></span> <span class='ocrx_word' id='word_1_169' title='bbox 377 1301 461 1345; x_wconf 86' lang='lat' dir='ltr'><strong>Sed</strong></span> <span class='ocrx_word' id='word_1_170' title='bbox 486 1301 692 1345; x_wconf 88' lang='lat' dir='ltr'><strong>Christus</strong></span> <span class='ocrx_word' id='word_1_171' title='bbox 716 1299 1052 1344; x_wconf 85' lang='lat' dir='ltr'><strong>continentiam</strong></span> <span class='ocrx_word' id='word_1_172' title='bbox 1076 1305 1123 1344; x_wconf 92' lang='lat' dir='ltr'><strong>et</strong></span> <span class='ocrx_word' id='word_1_173' title='bbox 1145 1300 1193 1344; x_wconf 92' lang='lat' dir='ltr'><strong>in</strong></span> <span class='ocrx_word' id='word_1_174' title='bbox 1220 1312 1271 1345; x_wconf 90' lang='lat' dir='ltr'><strong>se</strong></span> <span class='ocrx_word' id='word_1_175' title='bbox 1290 1300 1519 1357; x_wconf 87' lang='lat' dir='ltr'><strong>servavit,</strong></span> <span class='ocrx_word' id='word_1_176' title='bbox 1547 1303 1594 1345; x_wconf 86' lang='lat' dir='ltr'><strong>et</strong></span> <span class='ocrx_word' id='word_1_177' title='bbox 1613 1300 1715 1345; x_wconf 87' lang='lat' dir='ltr'><strong>aliis</strong></span> <span class='ocrx_word' id='word_1_178' title='bbox 1744 1299 2020 1345; x_wconf 88' lang='lat' dir='ltr'><strong>servandam</strong></span> 
     </span>
     <span class='ocr_line' id='line_1_20' title="bbox 121 1361 2020 1421; baseline -0.001 -13"><span class='ocrx_word' id='word_1_179' title='bbox 121 1363 390 1421; x_wconf 74' lang='lat' dir='ltr'><strong>proposuit,</strong></span> <span class='ocrx_word' id='word_1_180' title='bbox 415 1363 522 1406; x_wconf 81' lang='lat' dir='ltr'><strong>cum</strong></span> <span class='ocrx_word' id='word_1_181' title='bbox 555 1362 673 1406; x_wconf 87' lang='lat' dir='ltr'><strong>dixit</strong></span> <span class='ocrx_word' id='word_1_182' title='bbox 703 1361 875 1416; x_wconf 86' lang='lat' dir='ltr'><strong>(Matth.</strong></span> <span class='ocrx_word' id='word_1_183' title='bbox 899 1375 998 1417; x_wconf 77' lang='lat' dir='ltr'><strong>xix,</strong></span> <span class='ocrx_word' id='word_1_184' title='bbox 1030 1363 1133 1416; x_wconf 47' lang='lat' dir='ltr'><strong>12ss</strong></span> <span class='ocrx_word' id='word_1_185' title='bbox 1159 1363 1276 1405; x_wconf 77' lang='lat' dir='ltr'><strong>Sunt</strong></span> <span class='ocrx_word' id='word_1_186' title='bbox 1306 1362 1500 1405; x_wconf 78' lang='lat' dir='ltr'><strong>eunuchi</strong></span> <span class='ocrx_word' id='word_1_187' title='bbox 1525 1364 1603 1418; x_wconf 80' lang='lat' dir='ltr'><strong>qui</strong></span> <span class='ocrx_word' id='word_1_188' title='bbox 1631 1376 1677 1405; x_wconf 81' lang='lat' dir='ltr'><strong>se</strong></span> <span class='ocrx_word' id='word_1_189' title='bbox 1705 1365 2020 1406; x_wconf 79' lang='lat' dir='ltr'><strong>castraverunt</strong></span> 
     </span>
     <span class='ocr_line' id='line_1_21' title="bbox 120 1423 2019 1482; baseline 0 -13"><span class='ocrx_word' id='word_1_190' title='bbox 120 1428 313 1482; x_wconf 80' lang='lat' dir='ltr'><strong>propter</strong></span> <span class='ocrx_word' id='word_1_191' title='bbox 339 1436 529 1480; x_wconf 66' lang='lat' dir='ltr'><strong>requam</strong></span> <span class='ocrx_word' id='word_1_192' title='bbox 554 1424 768 1467; x_wconf 79' lang='lat' dir='ltr'><strong>coelorum</strong></span> <span class='ocrx_word' id='word_1_193' title='bbox 788 1438 803 1465; x_wconf 93' lang='lat'><strong>.·</strong></span> <span class='ocrx_word' id='word_1_194' title='bbox 835 1426 912 1479; x_wconf 76' lang='lat' dir='ltr'><strong>qui</strong></span> <span class='ocrx_word' id='word_1_195' title='bbox 944 1426 1091 1479; x_wconf 78' lang='lat' dir='ltr'><strong>potest</strong></span> <span class='ocrx_word' id='word_1_196' title='bbox 1129 1436 1292 1479; x_wconf 81' lang='lat' dir='ltr'><strong>capere</strong></span> <span class='ocrx_word' id='word_1_197' title='bbox 1324 1427 1495 1480; x_wconf 77' lang='lat' dir='ltr'><strong>capiat.</strong></span> <span class='ocrx_word' id='word_1_198' title='bbox 1529 1426 1648 1480; x_wconf 84' lang='lat' dir='ltr'><strong>Ergo</strong></span> <span class='ocrx_word' id='word_1_199' title='bbox 1682 1423 1866 1468; x_wconf 86' lang='lat' dir='ltr'><strong>videtur</strong></span> <span class='ocrx_word' id='word_1_200' title='bbox 1894 1423 2019 1481; x_wconf 77' lang='lat' dir='ltr'><strong>quod</strong></span> 
     </span>
     <span class='ocr_line' id='line_1_22' title="bbox 122 1484 1923 1541; baseline -0.001 -10"><span class='ocrx_word' id='word_1_201' title='bbox 122 1487 330 1531; x_wconf 89' lang='lat' dir='ltr'><strong>Christus</strong></span> <span class='ocrx_word' id='word_1_202' title='bbox 350 1486 399 1530; x_wconf 91' lang='lat' dir='ltr'><strong>in</strong></span> <span class='ocrx_word' id='word_1_203' title='bbox 419 1498 471 1530; x_wconf 88' lang='lat' dir='ltr'><strong>se</strong></span> <span class='ocrx_word' id='word_1_204' title='bbox 494 1490 540 1530; x_wconf 91' lang='lat' dir='ltr'><strong>et</strong></span> <span class='ocrx_word' id='word_1_205' title='bbox 562 1485 609 1529; x_wconf 90' lang='lat' dir='ltr'><strong>in</strong></span> <span class='ocrx_word' id='word_1_206' title='bbox 635 1485 735 1529; x_wconf 89' lang='lat' dir='ltr'><strong>suis</strong></span> <span class='ocrx_word' id='word_1_207' title='bbox 759 1484 1001 1541; x_wconf 89' lang='lat' dir='ltr'><strong>discipulis</strong></span> <span class='ocrx_word' id='word_1_208' title='bbox 1019 1485 1339 1529; x_wconf 87' lang='lat' dir='ltr'><strong>austeritatem</strong></span> <span class='ocrx_word' id='word_1_209' title='bbox 1360 1486 1465 1528; x_wconf 86' lang='lat' dir='ltr'><strong>vitae</strong></span> <span class='ocrx_word' id='word_1_210' title='bbox 1484 1497 1671 1530; x_wconf 85' lang='lat' dir='ltr'><strong>servare</strong></span> <span class='ocrx_word' id='word_1_211' title='bbox 1694 1485 1923 1531; x_wconf 87' lang='lat' dir='ltr'><strong>debuerit.</strong></span> 
     </span>
    </p>

    <p class='ocr_par' dir='ltr' id='par_1_6' title="bbox 119 1546 2021 1966">
     <span class='ocr_line' id='line_1_23' title="bbox 178 1546 2018 1605; baseline 0 -12"><span class='ocrx_word' id='word_1_212' title='bbox 178 1552 220 1594; x_wconf 88' lang='lat'><strong>3.</strong></span> <span class='ocrx_word' id='word_1_213' title='bbox 252 1551 497 1603; x_wconf 84' lang='lat' dir='ltr'><strong>Praeterea,</strong></span> <span class='ocrx_word' id='word_1_214' title='bbox 526 1547 776 1592; x_wconf 90' lang='lat' dir='ltr'><strong>ridiculum</strong></span> <span class='ocrx_word' id='word_1_215' title='bbox 798 1546 985 1591; x_wconf 85' lang='lat' dir='ltr'><strong>videtur</strong></span> <span class='ocrx_word' id='word_1_216' title='bbox 1008 1551 1061 1591; x_wconf 91' lang='lat' dir='ltr'><strong>ut</strong></span> <span class='ocrx_word' id='word_1_217' title='bbox 1083 1547 1253 1603; x_wconf 89' lang='lat' dir='ltr'><strong>aliquis</strong></span> <span class='ocrx_word' id='word_1_218' title='bbox 1278 1546 1606 1592; x_wconf 86' lang='lat' dir='ltr'><strong>districtiorem</strong></span> <span class='ocrx_word' id='word_1_219' title='bbox 1634 1547 1777 1591; x_wconf 82' lang='lat' dir='ltr'><strong>vitam</strong></span> <span class='ocrx_word' id='word_1_220' title='bbox 1804 1546 2018 1605; x_wconf 79' lang='lat' dir='ltr'><strong>incipiat,</strong></span> 
     </span>
     <span class='ocr_line' id='line_1_24' title="bbox 122 1608 2019 1667; baseline 0 -12"><span class='ocrx_word' id='word_1_221' title='bbox 122 1614 170 1655; x_wconf 90' lang='lat' dir='ltr'><strong>et</strong></span> <span class='ocrx_word' id='word_1_222' title='bbox 190 1610 250 1655; x_wconf 91' lang='lat' dir='ltr'><strong>ab</strong></span> <span class='ocrx_word' id='word_1_223' title='bbox 272 1610 395 1655; x_wconf 89' lang='lat' dir='ltr'><strong>eain</strong></span> <span class='ocrx_word' id='word_1_224' title='bbox 416 1609 639 1654; x_wconf 86' lang='lat' dir='ltr'><strong>laxiorem</strong></span> <span class='ocrx_word' id='word_1_225' title='bbox 664 1613 951 1667; x_wconf 81' lang='lat' dir='ltr'><strong>revertatur3</strong></span> <span class='ocrx_word' id='word_1_226' title='bbox 979 1613 1132 1666; x_wconf 89' lang='lat' dir='ltr'><strong>potest</strong></span> <span class='ocrx_word' id='word_1_227' title='bbox 1153 1609 1279 1653; x_wconf 90' lang='lat' dir='ltr'><strong>enim</strong></span> <span class='ocrx_word' id='word_1_228' title='bbox 1298 1608 1390 1654; x_wconf 91' lang='lat' dir='ltr'><strong>dici</strong></span> <span class='ocrx_word' id='word_1_229' title='bbox 1418 1613 1579 1654; x_wconf 90' lang='lat' dir='ltr'><strong>contra</strong></span> <span class='ocrx_word' id='word_1_230' title='bbox 1604 1621 1712 1654; x_wconf 89' lang='lat' dir='ltr'><strong>eum</strong></span> <span class='ocrx_word' id='word_1_231' title='bbox 1734 1609 1860 1666; x_wconf 91' lang='lat' dir='ltr'><strong>quod</strong></span> <span class='ocrx_word' id='word_1_232' title='bbox 1881 1610 2019 1655; x_wconf 90' lang='lat' dir='ltr'><strong>habe-</strong></span> 
     </span>
     <span class='ocr_line' id='line_1_25' title="bbox 122 1672 2020 1728; baseline 0.001 -12"><span class='ocrx_word' id='word_1_233' title='bbox 122 1677 199 1717; x_wconf 86' lang='lat' dir='ltr'><strong>tur</strong></span> <span class='ocrx_word' id='word_1_234' title='bbox 219 1675 339 1726; x_wconf 87' lang='lat' dir='ltr'><strong>(Luc.</strong></span> <span class='ocrx_word' id='word_1_235' title='bbox 366 1685 453 1727; x_wconf 82' lang='lat' dir='ltr'><strong>x1v,</strong></span> <span class='ocrx_word' id='word_1_236' title='bbox 483 1674 554 1722; x_wconf 88' lang='lat'><strong>30)</strong></span> <span class='ocrx_word' id='word_1_237' title='bbox 577 1685 589 1716; x_wconf 79' lang='lat' dir='ltr'><strong><em>z</em></strong></span> <span class='ocrx_word' id='word_1_238' title='bbox 616 1675 703 1715; x_wconf 84' lang='lat' dir='ltr'><strong>Hic</strong></span> <span class='ocrx_word' id='word_1_239' title='bbox 729 1672 862 1715; x_wconf 75' lang='lat' dir='ltr'><strong>homo</strong></span> <span class='ocrx_word' id='word_1_240' title='bbox 881 1675 1019 1728; x_wconf 81' lang='lat' dir='ltr'><strong>coepz‘t</strong></span> <span class='ocrx_word' id='word_1_241' title='bbox 1049 1672 1296 1728; x_wconf 68' lang='lat' dir='ltr'><strong>aedificare,</strong></span> <span class='ocrx_word' id='word_1_242' title='bbox 1330 1675 1375 1715; x_wconf 79' lang='lat' dir='ltr'><strong>et</strong></span> <span class='ocrx_word' id='word_1_243' title='bbox 1402 1685 1494 1715; x_wconf 79' lang='lat' dir='ltr'><strong>non</strong></span> <span class='ocrx_word' id='word_1_244' title='bbox 1521 1674 1672 1728; x_wconf 71' lang='lat' dir='ltr'><strong>potuit</strong></span> <span class='ocrx_word' id='word_1_245' title='bbox 1694 1685 2020 1717; x_wconf 77' lang='lat' dir='ltr'><strong>consummare.</strong></span> 
     </span>
     <span class='ocr_line' id='line_1_26' title="bbox 121 1733 2021 1791; baseline 0.001 -13"><span class='ocrx_word' id='word_1_246' title='bbox 121 1734 330 1778; x_wconf 75' lang='lat' dir='ltr'><strong>Christus</strong></span> <span class='ocrx_word' id='word_1_247' title='bbox 355 1739 512 1778; x_wconf 88' lang='lat' dir='ltr'><strong>autem</strong></span> <span class='ocrx_word' id='word_1_248' title='bbox 535 1733 926 1778; x_wconf 85' lang='lat' dir='ltr'><strong>districtissimam</strong></span> <span class='ocrx_word' id='word_1_249' title='bbox 949 1733 1091 1778; x_wconf 87' lang='lat' dir='ltr'><strong>vitam</strong></span> <span class='ocrx_word' id='word_1_250' title='bbox 1122 1734 1315 1790; x_wconf 87' lang='lat' dir='ltr'><strong>incoepit</strong></span> <span class='ocrx_word' id='word_1_251' title='bbox 1346 1738 1452 1790; x_wconf 87' lang='lat' dir='ltr'><strong>post</strong></span> <span class='ocrx_word' id='word_1_252' title='bbox 1479 1733 1790 1791; x_wconf 88' lang='lat' dir='ltr'><strong>baptismum,</strong></span> <span class='ocrx_word' id='word_1_253' title='bbox 1820 1746 2021 1780; x_wconf 87' lang='lat' dir='ltr'><strong>manens</strong></span> 
     </span>
     <span class='ocr_line' id='line_1_27' title="bbox 119 1796 2021 1855; baseline 0.001 -13"><span class='ocrx_word' id='word_1_254' title='bbox 119 1797 167 1842; x_wconf 91' lang='lat' dir='ltr'><strong>in</strong></span> <span class='ocrx_word' id='word_1_255' title='bbox 190 1798 388 1850; x_wconf 89' lang='lat' dir='ltr'><strong>desert0,</strong></span> <span class='ocrx_word' id='word_1_256' title='bbox 414 1803 459 1842; x_wconf 83' lang='lat' dir='ltr'><strong>ct</strong></span> <span class='ocrx_word' id='word_1_257' title='bbox 478 1797 700 1853; x_wconf 88' lang='lat' dir='ltr'><strong>jejunans</strong></span> <span class='ocrx_word' id='word_1_258' title='bbox 722 1797 1033 1854; x_wconf 78' lang='lat' dir='ltr'><strong>quadraginta</strong></span> <span class='ocrx_word' id='word_1_259' title='bbox 1056 1796 1223 1843; x_wconf 90' lang='lat' dir='ltr'><strong>diebus</strong></span> <span class='ocrx_word' id='word_1_260' title='bbox 1248 1801 1295 1842; x_wconf 94' lang='lat' dir='ltr'><strong>et</strong></span> <span class='ocrx_word' id='word_1_261' title='bbox 1313 1797 1625 1855; x_wconf 79' lang='lat' dir='ltr'><strong>quadraginta</strong></span> <span class='ocrx_word' id='word_1_262' title='bbox 1651 1798 1881 1843; x_wconf 90' lang='lat' dir='ltr'><strong>noctibus.</strong></span> <span class='ocrx_word' id='word_1_263' title='bbox 1901 1800 2021 1855; x_wconf 86' lang='lat' dir='ltr'><strong>Ergo</strong></span> 
     </span>
     <span class='ocr_line' id='line_1_28' title="bbox 121 1858 2017 1916; baseline 0.002 -14"><span class='ocrx_word' id='word_1_264' title='bbox 121 1858 304 1904; x_wconf 87' lang='lat' dir='ltr'><strong>videtur</strong></span> <span class='ocrx_word' id='word_1_265' title='bbox 323 1859 448 1916; x_wconf 70' lang='lat' dir='ltr'><strong>qued</strong></span> <span class='ocrx_word' id='word_1_266' title='bbox 477 1871 570 1903; x_wconf 91' lang='lat' dir='ltr'><strong>non</strong></span> <span class='ocrx_word' id='word_1_267' title='bbox 600 1858 765 1904; x_wconf 85' lang='lat' dir='ltr'><strong>fuisset</strong></span> <span class='ocrx_word' id='word_1_268' title='bbox 787 1871 1051 1916; x_wconf 86' lang='lat' dir='ltr'><strong>congruum</strong></span> <span class='ocrx_word' id='word_1_269' title='bbox 1071 1859 1197 1916; x_wconf 78' lang='lat' dir='ltr'><strong>quod</strong></span> <span class='ocrx_word' id='word_1_270' title='bbox 1224 1863 1330 1916; x_wconf 89' lang='lat' dir='ltr'><strong>post</strong></span> <span class='ocrx_word' id='word_1_271' title='bbox 1355 1863 1532 1904; x_wconf 83' lang='lat' dir='ltr'><strong>tantam</strong></span> <span class='ocrx_word' id='word_1_272' title='bbox 1552 1860 1660 1905; x_wconf 84' lang='lat' dir='ltr'><strong>vitae</strong></span> <span class='ocrx_word' id='word_1_273' title='bbox 1684 1859 2017 1905; x_wconf 88' lang='lat' dir='ltr'><strong>districtionem</strong></span> 
     </span>
     <span class='ocr_line' id='line_1_29' title="bbox 122 1919 876 1966; baseline 0.001 -2"><span class='ocrx_word' id='word_1_274' title='bbox 122 1919 182 1965; x_wconf 88' lang='lat' dir='ltr'><strong>ad</strong></span> <span class='ocrx_word' id='word_1_275' title='bbox 200 1932 501 1964; x_wconf 88' lang='lat' dir='ltr'><strong>communem</strong></span> <span class='ocrx_word' id='word_1_276' title='bbox 522 1920 665 1964; x_wconf 87' lang='lat' dir='ltr'><strong>vitam</strong></span> <span class='ocrx_word' id='word_1_277' title='bbox 690 1920 876 1966; x_wconf 87' lang='lat' dir='ltr'><strong>rediret.</strong></span> 
     </span>
    </p>

    <p class='ocr_par' dir='ltr' id='par_1_7' title="bbox 122 1982 2021 2089">
     <span class='ocr_line' id='line_1_30' title="bbox 177 1982 2021 2040; baseline 0.001 -14"><span class='ocrx_word' id='word_1_278' title='bbox 177 1982 265 2028; x_wconf 88' lang='lat' dir='ltr'><strong>Sed</strong></span> <span class='ocrx_word' id='word_1_279' title='bbox 296 1986 454 2026; x_wconf 78' lang='lat' dir='ltr'><strong>contra</strong></span> <span class='ocrx_word' id='word_1_280' title='bbox 479 1987 550 2026; x_wconf 87' lang='lat' dir='ltr'><strong>est</strong></span> <span class='ocrx_word' id='word_1_281' title='bbox 580 1983 705 2040; x_wconf 88' lang='lat' dir='ltr'><strong>quod</strong></span> <span class='ocrx_word' id='word_1_282' title='bbox 728 1982 897 2027; x_wconf 86' lang='lat' dir='ltr'><strong>dicitur</strong></span> <span class='ocrx_word' id='word_1_283' title='bbox 919 1983 1087 2037; x_wconf 74' lang='lat' dir='ltr'><strong>(Mattb.</strong></span> <span class='ocrx_word' id='word_1_284' title='bbox 1110 1996 1171 2037; x_wconf 77' lang='grc' dir='ltr'>ιιι,</span> <span class='ocrx_word' id='word_1_285' title='bbox 1192 1985 1263 2038; x_wconf 87' lang='grc'><strong>19)</strong></span> <span class='ocrx_word' id='word_1_286' title='bbox 1286 1998 1299 2028; x_wconf 74' lang='lat'>2</span> <span class='ocrx_word' id='word_1_287' title='bbox 1327 1986 1460 2028; x_wconf 72' lang='lat' dir='ltr'><strong>Venit</strong></span> <span class='ocrx_word' id='word_1_288' title='bbox 1483 1983 1632 2028; x_wconf 80' lang='lat' dir='ltr'><strong>Filius</strong></span> <span class='ocrx_word' id='word_1_289' title='bbox 1663 1983 1860 2028; x_wconf 78' lang='lat' dir='ltr'><strong>hominis</strong></span> <span class='ocrx_word' id='word_1_290' title='bbox 1885 1998 2021 2029; x_wconf 85' lang='lat' dir='ltr'><strong>man-</strong></span> 
     </span>
     <span class='ocr_line' id='line_1_31' title="bbox 122 2045 552 2089; baseline -0.002 0"><span class='ocrx_word' id='word_1_291' title='bbox 122 2046 298 2089; x_wconf 75' lang='lat' dir='ltr'><strong>ducans</strong></span> <span class='ocrx_word' id='word_1_292' title='bbox 319 2048 364 2088; x_wconf 79' lang='lat' dir='ltr'><strong>et</strong></span> <span class='ocrx_word' id='word_1_293' title='bbox 386 2045 552 2088; x_wconf 80' lang='lat' dir='ltr'><strong>bibens.</strong></span> 
     </span>
    </p>
   </div>
   <div class='ocr_carea' id='block_1_4' title="bbox 123 2119 2019 2228">
    <p class='ocr_par' dir='ltr' id='par_1_8' title="bbox 123 2119 2019 2228">
     <span class='ocr_line' id='line_1_32' title="bbox 168 2119 2016 2172; baseline 0.001 -12"><span class='ocrx_word' id='word_1_294' title='bbox 168 2120 456 2161; x_wconf 90' lang='lat' dir='ltr'><strong>CONCLUSIO.</strong></span> <span class='ocrx_word' id='word_1_295' title='bbox 465 2142 515 2150; x_wconf 89' lang='lat'>—</span> <span class='ocrx_word' id='word_1_296' title='bbox 529 2120 635 2161; x_wconf 81' lang='lat' dir='ltr'><strong>Cum</strong></span> <span class='ocrx_word' id='word_1_297' title='bbox 646 2120 893 2160; x_wconf 87' lang='lat' dir='ltr'><strong>conveniens</strong></span> <span class='ocrx_word' id='word_1_298' title='bbox 905 2120 1044 2170; x_wconf 76' lang='lat' dir='ltr'><strong>fuerit,</strong></span> <span class='ocrx_word' id='word_1_299' title='bbox 1061 2122 1110 2159; x_wconf 86' lang='lat' dir='ltr'><strong>ut</strong></span> <span class='ocrx_word' id='word_1_300' title='bbox 1124 2131 1222 2160; x_wconf 89' lang='lat' dir='ltr'><strong>cum</strong></span> <span class='ocrx_word' id='word_1_301' title='bbox 1236 2119 1480 2160; x_wconf 90' lang='lat' dir='ltr'><strong>hominibus</strong></span> <span class='ocrx_word' id='word_1_302' title='bbox 1494 2119 1684 2162; x_wconf 89' lang='lat' dir='ltr'><strong>Christus</strong></span> <span class='ocrx_word' id='word_1_303' title='bbox 1697 2125 2016 2172; x_wconf 85' lang='lat' dir='ltr'><strong>conversaretur,</strong></span> 
     </span>
     <span class='ocr_line' id='line_1_33' title="bbox 123 2175 2019 2228; baseline 0.002 -13"><span class='ocrx_word' id='word_1_304' title='bbox 123 2176 380 2227; x_wconf 86' lang='lat' dir='ltr'><strong>perspicuum</strong></span> <span class='ocrx_word' id='word_1_305' title='bbox 401 2180 461 2216; x_wconf 86' lang='lat' dir='ltr'><strong>est</strong></span> <span class='ocrx_word' id='word_1_306' title='bbox 486 2176 668 2216; x_wconf 87' lang='lat' dir='ltr'><strong>decuisse</strong></span> <span class='ocrx_word' id='word_1_307' title='bbox 693 2175 886 2226; x_wconf 87' lang='lat' dir='ltr'><strong>omnino,</strong></span> <span class='ocrx_word' id='word_1_308' title='bbox 914 2179 963 2214; x_wconf 88' lang='lat' dir='ltr'><strong>ut</strong></span> <span class='ocrx_word' id='word_1_309' title='bbox 985 2175 1027 2215; x_wconf 90' lang='lat' dir='ltr'><strong>in</strong></span> <span class='ocrx_word' id='word_1_310' title='bbox 1050 2175 1141 2216; x_wconf 88' lang='lat' dir='ltr'><strong>cibo</strong></span> <span class='ocrx_word' id='word_1_311' title='bbox 1166 2179 1207 2215; x_wconf 90' lang='lat' dir='ltr'><strong>et</strong></span> <span class='ocrx_word' id='word_1_312' title='bbox 1230 2179 1331 2228; x_wconf 88' lang='lat' dir='ltr'><strong>potu</strong></span> <span class='ocrx_word' id='word_1_313' title='bbox 1349 2176 1626 2217; x_wconf 86' lang='lat' dir='ltr'><strong>communiter</strong></span> <span class='ocrx_word' id='word_1_314' title='bbox 1650 2176 1828 2226; x_wconf 81' lang='lat' dir='ltr'><strong>se‚siout</strong></span> <span class='ocrx_word' id='word_1_315' title='bbox 1842 2177 2019 2227; x_wconf 61' lang='grc' dir='ltr'><strong>8111,ὴᾶ-</strong></span> 
     </span>
    </p>
   </div>
   <div class='ocr_carea' id='block_1_5' title="bbox 101 2230 2023 3467">
    <p class='ocr_par' dir='ltr' id='par_1_9' title="bbox 119 2230 244 2270">
     <span class='ocr_line' id='line_1_34' title="bbox 119 2230 244 2270; baseline -0.008 0"><span class='ocrx_word' id='word_1_316' title='bbox 119 2230 244 2270; x_wconf 86' lang='lat' dir='ltr'><strong>beret.</strong></span> 
     </span>
    </p>

    <p class='ocr_par' dir='ltr' id='par_1_10' title="bbox 101 2292 2019 2906">
     <span class='ocr_line' id='line_1_35' title="bbox 175 2292 2019 2351; baseline 0.003 -14"><span class='ocrx_word' id='word_1_317' title='bbox 175 2292 449 2348; x_wconf 85' lang='lat' dir='ltr'><strong>Respondeo</strong></span> <span class='ocrx_word' id='word_1_318' title='bbox 467 2292 715 2337; x_wconf 89' lang='lat' dir='ltr'><strong>dicendum</strong></span> <span class='ocrx_word' id='word_1_319' title='bbox 739 2293 880 2350; x_wconf 79' lang='lat' dir='ltr'><strong>quod,</strong></span> <span class='ocrx_word' id='word_1_320' title='bbox 901 2293 1023 2338; x_wconf 87' lang='lat' dir='ltr'><strong>sicut</strong></span> <span class='ocrx_word' id='word_1_321' title='bbox 1044 2293 1220 2338; x_wconf 90' lang='lat' dir='ltr'><strong>dictum</strong></span> <span class='ocrx_word' id='word_1_322' title='bbox 1239 2296 1313 2338; x_wconf 88' lang='lat' dir='ltr'><strong>est</strong></span> <span class='ocrx_word' id='word_1_323' title='bbox 1332 2295 1618 2350; x_wconf 87' lang='lat' dir='ltr'><strong>(art.praec.),</strong></span> <span class='ocrx_word' id='word_1_324' title='bbox 1639 2307 1901 2351; x_wconf 83' lang='lat' dir='ltr'><strong>congruum</strong></span> <span class='ocrx_word' id='word_1_325' title='bbox 1919 2302 2019 2343; x_wconf 87' lang='lat' dir='ltr'><strong>erat</strong></span> 
     </span>
     <span class='ocr_line' id='line_1_36' title="bbox 121 2354 2019 2413; baseline 0.001 -13"><span class='ocrx_word' id='word_1_326' title='bbox 121 2354 454 2400; x_wconf 87' lang='lat' dir='ltr'><strong>incarnationis</strong></span> <span class='ocrx_word' id='word_1_327' title='bbox 468 2354 566 2408; x_wconf 85' lang='lat' dir='ltr'><strong>fini,</strong></span> <span class='ocrx_word' id='word_1_328' title='bbox 587 2359 640 2399; x_wconf 90' lang='lat' dir='ltr'><strong>ut</strong></span> <span class='ocrx_word' id='word_1_329' title='bbox 663 2355 869 2399; x_wconf 87' lang='lat' dir='ltr'><strong>Christus</strong></span> <span class='ocrx_word' id='word_1_330' title='bbox 894 2368 989 2399; x_wconf 91' lang='lat' dir='ltr'><strong>non</strong></span> <span class='ocrx_word' id='word_1_331' title='bbox 1015 2360 1172 2412; x_wconf 83' lang='lat' dir='ltr'><strong>ageret</strong></span> <span class='ocrx_word' id='word_1_332' title='bbox 1201 2354 1453 2400; x_wconf 88' lang='lat' dir='ltr'><strong>solitariam</strong></span> <span class='ocrx_word' id='word_1_333' title='bbox 1475 2356 1631 2413; x_wconf 88' lang='lat' dir='ltr'><strong>vitam,</strong></span> <span class='ocrx_word' id='word_1_334' title='bbox 1654 2356 1738 2401; x_wconf 90' lang='lat' dir='ltr'><strong>sed</strong></span> <span class='ocrx_word' id='word_1_335' title='bbox 1755 2369 1863 2401; x_wconf 89' lang='lat' dir='ltr'><strong>cum</strong></span> <span class='ocrx_word' id='word_1_336' title='bbox 1874 2357 2019 2402; x_wconf 90' lang='lat' dir='ltr'><strong>homi-</strong></span> 
     </span>
     <span class='ocr_line' id='line_1_37' title="bbox 121 2417 2019 2473; baseline 0.002 -12"><span class='ocrx_word' id='word_1_337' title='bbox 121 2417 262 2461; x_wconf 89' lang='lat' dir='ltr'><strong>nibus</strong></span> <span class='ocrx_word' id='word_1_338' title='bbox 281 2421 652 2460; x_wconf 81' lang='lat' dir='ltr'><strong>conversaretur.</strong></span> <span class='ocrx_word' id='word_1_339' title='bbox 669 2417 750 2469; x_wconf 86' lang='lat' dir='ltr'><strong>Qui</strong></span> <span class='ocrx_word' id='word_1_340' title='bbox 765 2422 920 2461; x_wconf 88' lang='lat' dir='ltr'><strong>autem</strong></span> <span class='ocrx_word' id='word_1_341' title='bbox 934 2429 1041 2460; x_wconf 89' lang='lat' dir='ltr'><strong>cum</strong></span> <span class='ocrx_word' id='word_1_342' title='bbox 1055 2417 1290 2473; x_wconf 77' lang='lat' dir='ltr'><strong>ailquibus</strong></span> <span class='ocrx_word' id='word_1_343' title='bbox 1309 2418 2019 2473; x_wconf 80' lang='lat' dir='ltr'><strong>conversatur,convenientissi-</strong></span> 
     </span>
     <span class='ocr_line' id='line_1_38' title="bbox 115 2477 2018 2536; baseline 0.003 -16"><span class='ocrx_word' id='word_1_344' title='bbox 115 2490 249 2522; x_wconf 88' lang='lat' dir='ltr'><strong>mum</strong></span> <span class='ocrx_word' id='word_1_345' title='bbox 275 2484 346 2522; x_wconf 90' lang='lat' dir='ltr'><strong>est</strong></span> <span class='ocrx_word' id='word_1_346' title='bbox 375 2483 427 2521; x_wconf 89' lang='lat' dir='ltr'><strong>ut</strong></span> <span class='ocrx_word' id='word_1_347' title='bbox 447 2490 497 2522; x_wconf 81' lang='lat' dir='ltr'><strong>se</strong></span> <span class='ocrx_word' id='word_1_348' title='bbox 531 2477 598 2523; x_wconf 86' lang='lat' dir='ltr'><strong>eis</strong></span> <span class='ocrx_word' id='word_1_349' title='bbox 620 2477 665 2521; x_wconf 93' lang='lat' dir='ltr'><strong>in</strong></span> <span class='ocrx_word' id='word_1_350' title='bbox 702 2477 1050 2522; x_wconf 84' lang='lat' dir='ltr'><strong>conversatione</strong></span> <span class='ocrx_word' id='word_1_351' title='bbox 1073 2478 1345 2533; x_wconf 87' lang='lat' dir='ltr'><strong>conformet,</strong></span> <span class='ocrx_word' id='word_1_352' title='bbox 1371 2478 1631 2522; x_wconf 82' lang='lat' dir='ltr'><strong>secundum</strong></span> <span class='ocrx_word' id='word_1_353' title='bbox 1664 2478 1778 2523; x_wconf 86' lang='lat' dir='ltr'><strong>illud</strong></span> <span class='ocrx_word' id='word_1_354' title='bbox 1814 2481 2018 2536; x_wconf 87' lang='lat' dir='ltr'><strong>Apostoli</strong></span> 
     </span>
     <span class='ocr_line' id='line_1_39' title="bbox 123 2538 2017 2594; baseline 0.003 -11"><span class='ocrx_word' id='word_1_355' title='bbox 123 2542 167 2591; x_wconf 88' lang='grc' dir='ltr'><strong>(Ι.</strong></span> <span class='ocrx_word' id='word_1_356' title='bbox 186 2542 287 2584; x_wconf 91' lang='lat' dir='ltr'><strong>Cor.</strong></span> <span class='ocrx_word' id='word_1_357' title='bbox 310 2553 367 2594; x_wconf 81' lang='lat' dir='ltr'><strong>ix,</strong></span> <span class='ocrx_word' id='word_1_358' title='bbox 389 2542 458 2592; x_wconf 74' lang='lat'><strong>22)</strong></span> <span class='ocrx_word' id='word_1_359' title='bbox 481 2551 493 2583; x_wconf 89' lang='lat'>:</span> <span class='ocrx_word' id='word_1_360' title='bbox 520 2539 733 2582; x_wconf 74' lang='lat' dir='ltr'><strong>Omnibus</strong></span> <span class='ocrx_word' id='word_1_361' title='bbox 750 2542 899 2582; x_wconf 78' lang='lat' dir='ltr'><strong>omnia</strong></span> <span class='ocrx_word' id='word_1_362' title='bbox 922 2542 1070 2593; x_wconf 79' lang='lat' dir='ltr'><strong>factus</strong></span> <span class='ocrx_word' id='word_1_363' title='bbox 1086 2552 1198 2583; x_wconf 80' lang='lat' dir='ltr'><strong>sum.</strong></span> <span class='ocrx_word' id='word_1_364' title='bbox 1224 2541 1277 2583; x_wconf 86' lang='lat' dir='ltr'><strong>Et</strong></span> <span class='ocrx_word' id='word_1_365' title='bbox 1295 2538 1399 2583; x_wconf 91' lang='lat' dir='ltr'><strong>ideo</strong></span> <span class='ocrx_word' id='word_1_366' title='bbox 1416 2540 1910 2586; x_wconf 87' lang='lat' dir='ltr'><strong>convenientissimum</strong></span> <span class='ocrx_word' id='word_1_367' title='bbox 1930 2542 2017 2589; x_wconf 82' lang='lat' dir='ltr'><strong>fuit</strong></span> 
     </span>
     <span class='ocr_line' id='line_1_40' title="bbox 120 2600 2018 2658; baseline 0.002 -12"><span class='ocrx_word' id='word_1_368' title='bbox 120 2605 175 2646; x_wconf 88' lang='lat' dir='ltr'><strong>ut</strong></span> <span class='ocrx_word' id='word_1_369' title='bbox 196 2601 402 2646; x_wconf 89' lang='lat' dir='ltr'><strong>Christus</strong></span> <span class='ocrx_word' id='word_1_370' title='bbox 435 2601 483 2644; x_wconf 94' lang='lat' dir='ltr'><strong>in</strong></span> <span class='ocrx_word' id='word_1_371' title='bbox 517 2600 620 2645; x_wconf 88' lang='lat' dir='ltr'><strong>cibo</strong></span> <span class='ocrx_word' id='word_1_372' title='bbox 643 2606 689 2645; x_wconf 92' lang='lat' dir='ltr'><strong>et</strong></span> <span class='ocrx_word' id='word_1_373' title='bbox 718 2605 832 2657; x_wconf 88' lang='lat' dir='ltr'><strong>potu</strong></span> <span class='ocrx_word' id='word_1_374' title='bbox 867 2601 1177 2646; x_wconf 89' lang='lat' dir='ltr'><strong>communiter</strong></span> <span class='ocrx_word' id='word_1_375' title='bbox 1196 2614 1263 2658; x_wconf 85' lang='lat' dir='ltr'><strong>se,</strong></span> <span class='ocrx_word' id='word_1_376' title='bbox 1289 2601 1410 2645; x_wconf 87' lang='lat' dir='ltr'><strong>sicut</strong></span> <span class='ocrx_word' id='word_1_377' title='bbox 1430 2602 1523 2657; x_wconf 85' lang='lat' dir='ltr'><strong>alii,</strong></span> <span class='ocrx_word' id='word_1_378' title='bbox 1548 2603 1754 2648; x_wconf 89' lang='lat' dir='ltr'><strong>haberet.</strong></span> <span class='ocrx_word' id='word_1_379' title='bbox 1778 2604 1906 2649; x_wconf 91' lang='lat' dir='ltr'><strong>Unde</strong></span> <span class='ocrx_word' id='word_1_380' title='bbox 1923 2608 2018 2649; x_wconf 89' lang='lat' dir='ltr'><strong>Au-</strong></span> 
     </span>
     <span class='ocr_line' id='line_1_41' title="bbox 120 2662 2017 2722; baseline 0.002 -15"><span class='ocrx_word' id='word_1_381' title='bbox 120 2664 339 2719; x_wconf 84' lang='lat' dir='ltr'><strong>gustinus</strong></span> <span class='ocrx_word' id='word_1_382' title='bbox 356 2662 464 2708; x_wconf 82' lang='lat' dir='ltr'><strong>dicit</strong></span> <span class='ocrx_word' id='word_1_383' title='bbox 486 2667 648 2707; x_wconf 86' lang='lat' dir='ltr'><strong>contra</strong></span> <span class='ocrx_word' id='word_1_384' title='bbox 674 2665 893 2707; x_wconf 82' lang='lat' dir='ltr'><strong>Faustum</strong></span> <span class='ocrx_word' id='word_1_385' title='bbox 915 2663 1011 2717; x_wconf 81' lang='lat' dir='ltr'><strong>(lib.</strong></span> <span class='ocrx_word' id='word_1_386' title='bbox 1036 2678 1120 2719; x_wconf 76' lang='lat' dir='ltr'><strong>xvi,</strong></span> <span class='ocrx_word' id='word_1_387' title='bbox 1146 2676 1247 2721; x_wconf 88' lang='lat' dir='ltr'><strong>cap.</strong></span> <span class='ocrx_word' id='word_1_388' title='bbox 1270 2665 1342 2719; x_wconf 85' lang='lat'><strong>31,</strong></span> <span class='ocrx_word' id='word_1_389' title='bbox 1367 2669 1475 2707; x_wconf 88' lang='lat' dir='ltr'><strong>ante</strong></span> <span class='ocrx_word' id='word_1_390' title='bbox 1498 2665 1619 2710; x_wconf 88' lang='lat' dir='ltr'><strong>med.</strong></span> <span class='ocrx_word' id='word_1_391' title='bbox 1624 2667 1656 2720; x_wconf 93' lang='lat'><strong>),</strong></span> <span class='ocrx_word' id='word_1_392' title='bbox 1681 2664 1806 2722; x_wconf 75' lang='lat' dir='ltr'><strong>quod</strong></span> <span class='ocrx_word' id='word_1_393' title='bbox 1832 2683 1852 2704; x_wconf 91' lang='lat'>«</span> <span class='ocrx_word' id='word_1_394' title='bbox 1874 2668 2017 2710; x_wconf 86' lang='lat' dir='ltr'><strong>Joan-</strong></span> 
     </span>
     <span class='ocr_line' id='line_1_42' title="bbox 120 2725 2017 2797; baseline 0.002 -27"><span class='ocrx_word' id='word_1_395' title='bbox 120 2737 207 2770; x_wconf 88' lang='lat' dir='ltr'><strong>nes</strong></span> <span class='ocrx_word' id='word_1_396' title='bbox 230 2726 383 2770; x_wconf 90' lang='lat' dir='ltr'><strong>dictus</strong></span> <span class='ocrx_word' id='word_1_397' title='bbox 406 2730 477 2770; x_wconf 87' lang='lat' dir='ltr'><strong>est</strong></span> <span class='ocrx_word' id='word_1_398' title='bbox 515 2738 608 2769; x_wconf 92' lang='lat' dir='ltr'><strong>non</strong></span> <span class='ocrx_word' id='word_1_399' title='bbox 633 2725 943 2783; x_wconf 87' lang='lat' dir='ltr'><strong>manducans,</strong></span> <span class='ocrx_word' id='word_1_400' title='bbox 970 2738 1122 2796; x_wconf 79' lang='lat' dir='ltr'><strong>neque</strong></span> <span class='ocrx_word' id='word_1_401' title='bbox 1153 2726 1339 2782; x_wconf 88' lang='lat' dir='ltr'><strong>bibens,</strong></span> <span class='ocrx_word' id='word_1_402' title='bbox 1370 2726 1478 2783; x_wconf 87' lang='lat' dir='ltr'><strong>quia</strong></span> <span class='ocrx_word' id='word_1_403' title='bbox 1503 2727 1581 2771; x_wconf 89' lang='lat' dir='ltr'><strong>illo</strong></span> <span class='ocrx_word' id='word_1_404' title='bbox 1604 2727 1728 2771; x_wconf 87' lang='lat' dir='ltr'><strong>victu</strong></span> <span class='ocrx_word' id='word_1_405' title='bbox 1752 2739 1848 2797; x_wconf 74' lang='lat' dir='ltr'><strong>quo</strong></span> <span class='ocrx_word' id='word_1_406' title='bbox 1873 2728 2017 2773; x_wconf 73' lang='lat' dir='ltr'><strong>Iudaei</strong></span> 
     </span>
     <span class='ocr_line' id='line_1_43' title="bbox 121 2787 2023 2855; baseline 0.002 -24"><span class='ocrx_word' id='word_1_407' title='bbox 121 2787 388 2844; x_wconf 84' lang='lat' dir='ltr'><strong>utebantur,</strong></span> <span class='ocrx_word' id='word_1_408' title='bbox 423 2801 516 2832; x_wconf 90' lang='lat' dir='ltr'><strong>non</strong></span> <span class='ocrx_word' id='word_1_409' title='bbox 546 2787 779 2832; x_wconf 89' lang='lat' dir='ltr'><strong>utebatur.</strong></span> <span class='ocrx_word' id='word_1_410' title='bbox 808 2790 900 2831; x_wconf 90' lang='lat' dir='ltr'><strong>Hoc</strong></span> <span class='ocrx_word' id='word_1_411' title='bbox 938 2800 1050 2845; x_wconf 83' lang='lat' dir='ltr'><strong>ergo</strong></span> <span class='ocrx_word' id='word_1_412' title='bbox 1075 2789 1162 2832; x_wconf 90' lang='lat' dir='ltr'><strong>nisi</strong></span> <span class='ocrx_word' id='word_1_413' title='bbox 1199 2787 1421 2833; x_wconf 88' lang='lat' dir='ltr'><strong>Dominus</strong></span> <span class='ocrx_word' id='word_1_414' title='bbox 1460 2793 1683 2846; x_wconf 90' lang='lat' dir='ltr'><strong>uteretur,</strong></span> <span class='ocrx_word' id='word_1_415' title='bbox 1704 2800 1799 2832; x_wconf 90' lang='lat' dir='ltr'><strong>non</strong></span> <span class='ocrx_word' id='word_1_416' title='bbox 1836 2787 1885 2832; x_wconf 90' lang='lat' dir='ltr'><strong>in</strong></span> <span class='ocrx_word' id='word_1_417' title='bbox 1914 2789 2023 2855; x_wconf 87' lang='lat' dir='ltr'><strong>ejus</strong></span> 
     </span>
     <span class='ocr_line' id='line_1_44' title="bbox 101 2849 1362 2906; baseline 0.002 -14"><span class='ocrx_word' id='word_1_418' title='bbox 101 2850 468 2906; x_wconf 85' lang='lat' dir='ltr'><strong>‘comparatione</strong></span> <span class='ocrx_word' id='word_1_419' title='bbox 491 2849 782 2894; x_wconf 87' lang='lat' dir='ltr'><strong>manducans</strong></span> <span class='ocrx_word' id='word_1_420' title='bbox 802 2849 1062 2905; x_wconf 87' lang='lat' dir='ltr'><strong>bibensque</strong></span> <span class='ocrx_word' id='word_1_421' title='bbox 1086 2850 1362 2894; x_wconf 70' lang='lat' dir='ltr'><strong>diceretur-1</strong></span> 
     </span>
    </p>

    <p class='ocr_par' dir='ltr' id='par_1_11' title="bbox 119 2910 2018 3467">
     <span class='ocr_line' id='line_1_45' title="bbox 175 2910 2018 2968; baseline 0.003 -14"><span class='ocrx_word' id='word_1_422' title='bbox 175 2911 241 2955; x_wconf 85' lang='lat' dir='ltr'><strong>Ad</strong></span> <span class='ocrx_word' id='word_1_423' title='bbox 263 2915 466 2968; x_wconf 72' lang='lat' dir='ltr'><strong>primum</strong></span> <span class='ocrx_word' id='word_1_424' title='bbox 489 2923 600 2968; x_wconf 84' lang='lat' dir='ltr'><strong>ergo</strong></span> <span class='ocrx_word' id='word_1_425' title='bbox 628 2910 894 2968; x_wconf 87' lang='lat' dir='ltr'><strong>dicendum,</strong></span> <span class='ocrx_word' id='word_1_426' title='bbox 915 2911 1040 2966; x_wconf 66' lang='lat' dir='ltr'><strong>quod</strong></span> <span class='ocrx_word' id='word_1_427' title='bbox 1063 2911 1316 2956; x_wconf 89' lang='lat' dir='ltr'><strong>Dominus</strong></span> <span class='ocrx_word' id='word_1_428' title='bbox 1305 2924 1351 2955; x_wconf 89' lang='grc' dir='ltr'><strong>ιιι</strong></span> <span class='ocrx_word' id='word_1_429' title='bbox 1373 2924 1458 2956; x_wconf 87' lang='lat' dir='ltr'><strong>sua</strong></span> <span class='ocrx_word' id='word_1_430' title='bbox 1482 2912 1834 2957; x_wconf 85' lang='lat' dir='ltr'><strong>conversatione</strong></span> <span class='ocrx_word' id='word_1_431' title='bbox 1856 2925 2018 2959; x_wconf 77' lang='lat' dir='ltr'><strong>exem-</strong></span> 
     </span>
     <span class='ocr_line' id='line_1_46' title="bbox 119 2971 2017 3032; baseline 0.004 -18"><span class='ocrx_word' id='word_1_432' title='bbox 119 2971 249 3027; x_wconf 82' lang='lat' dir='ltr'><strong>plum</strong></span> <span class='ocrx_word' id='word_1_433' title='bbox 273 2973 569 3028; x_wconf 79' lang='lat' dir='ltr'><strong>perfectionis</strong></span> <span class='ocrx_word' id='word_1_434' title='bbox 593 2973 747 3018; x_wconf 89' lang='lat' dir='ltr'><strong>dedit</strong></span> <span class='ocrx_word' id='word_1_435' title='bbox 736 2986 784 3017; x_wconf 80' lang='lat' dir='ltr'><strong>in</strong></span> <span class='ocrx_word' id='word_1_436' title='bbox 803 2973 1023 3017; x_wconf 90' lang='lat' dir='ltr'><strong>omnibus</strong></span> <span class='ocrx_word' id='word_1_437' title='bbox 1038 2985 1143 3030; x_wconf 82' lang='lat' dir='ltr'><strong>quae</strong></span> <span class='ocrx_word' id='word_1_438' title='bbox 1168 2986 1248 3030; x_wconf 87' lang='lat' dir='ltr'><strong>per</strong></span> <span class='ocrx_word' id='word_1_439' title='bbox 1266 2985 1316 3029; x_wconf 81' lang='lat' dir='ltr'><strong>se</strong></span> <span class='ocrx_word' id='word_1_440' title='bbox 1345 2973 1579 3030; x_wconf 87' lang='lat' dir='ltr'><strong>pertinent</strong></span> <span class='ocrx_word' id='word_1_441' title='bbox 1601 2974 1659 3019; x_wconf 88' lang='lat' dir='ltr'><strong>ad</strong></span> <span class='ocrx_word' id='word_1_442' title='bbox 1680 2974 1894 3019; x_wconf 89' lang='lat' dir='ltr'><strong>salutem.</strong></span> <span class='ocrx_word' id='word_1_443' title='bbox 1915 2977 2017 3032; x_wconf 85' lang='lat' dir='ltr'><strong>Ipsa</strong></span> 
     </span>
     <span class='ocr_line' id='line_1_47' title="bbox 120 3035 2016 3092; baseline 0.004 -17"><span class='ocrx_word' id='word_1_444' title='bbox 120 3036 276 3076; x_wconf 86' lang='lat' dir='ltr'><strong>autem</strong></span> <span class='ocrx_word' id='word_1_445' title='bbox 299 3035 579 3078; x_wconf 83' lang='lat' dir='ltr'><strong>abstinentia</strong></span> <span class='ocrx_word' id='word_1_446' title='bbox 596 3035 685 3079; x_wconf 87' lang='lat' dir='ltr'><strong>cibi</strong></span> <span class='ocrx_word' id='word_1_447' title='bbox 702 3040 747 3080; x_wconf 91' lang='lat' dir='ltr'><strong>et</strong></span> <span class='ocrx_word' id='word_1_448' title='bbox 769 3040 908 3092; x_wconf 81' lang='lat' dir='ltr'><strong>potus</strong></span> <span class='ocrx_word' id='word_1_449' title='bbox 929 3048 1022 3079; x_wconf 92' lang='lat' dir='ltr'><strong>non</strong></span> <span class='ocrx_word' id='word_1_450' title='bbox 1043 3048 1125 3091; x_wconf 91' lang='lat' dir='ltr'><strong>per</strong></span> <span class='ocrx_word' id='word_1_451' title='bbox 1150 3048 1200 3080; x_wconf 90' lang='lat' dir='ltr'><strong>se</strong></span> <span class='ocrx_word' id='word_1_452' title='bbox 1224 3035 1422 3092; x_wconf 85' lang='lat' dir='ltr'><strong>pertinet</strong></span> <span class='ocrx_word' id='word_1_453' title='bbox 1444 3037 1502 3081; x_wconf 89' lang='lat' dir='ltr'><strong>ad</strong></span> <span class='ocrx_word' id='word_1_454' title='bbox 1521 3036 1735 3091; x_wconf 85' lang='lat' dir='ltr'><strong>salutem,</strong></span> <span class='ocrx_word' id='word_1_455' title='bbox 1757 3038 2016 3083; x_wconf 80' lang='lat' dir='ltr'><strong>secundum</strong></span> 
     </span>
     <span class='ocr_line' id='line_1_48' title="bbox 120 3093 2016 3155; baseline 0.004 -18"><span class='ocrx_word' id='word_1_456' title='bbox 120 3093 234 3138; x_wconf 86' lang='lat' dir='ltr'><strong>illud</strong></span> <span class='ocrx_word' id='word_1_457' title='bbox 253 3095 396 3148; x_wconf 87' lang='lat' dir='ltr'><strong>(Rom.</strong></span> <span class='ocrx_word' id='word_1_458' title='bbox 420 3110 504 3152; x_wconf 76' lang='lat' dir='ltr'><strong>xiv,</strong></span> <span class='ocrx_word' id='word_1_459' title='bbox 530 3100 599 3151; x_wconf 87' lang='grc'><strong>17)</strong></span> <span class='ocrx_word' id='word_1_460' title='bbox 626 3102 758 3142; x_wconf 81' lang='lat' dir='ltr'><strong>:Non</strong></span> <span class='ocrx_word' id='word_1_461' title='bbox 781 3101 846 3141; x_wconf 78' lang='lat' dir='ltr'><strong>est</strong></span> <span class='ocrx_word' id='word_1_462' title='bbox 871 3111 1056 3155; x_wconf 75' lang='lat' dir='ltr'><strong>reqnum</strong></span> <span class='ocrx_word' id='word_1_463' title='bbox 1074 3101 1158 3141; x_wconf 76' lang='lat' dir='ltr'><strong>Dei</strong></span> <span class='ocrx_word' id='word_1_464' title='bbox 1172 3111 1272 3142; x_wconf 84' lang='lat' dir='ltr'><strong>esca</strong></span> <span class='ocrx_word' id='word_1_465' title='bbox 1287 3101 1330 3141; x_wconf 82' lang='lat' dir='ltr'><strong>et</strong></span> <span class='ocrx_word' id='word_1_466' title='bbox 1343 3103 1500 3154; x_wconf 82' lang='lat' dir='ltr'><strong>potus,·</strong></span> <span class='ocrx_word' id='word_1_467' title='bbox 1520 3104 1566 3143; x_wconf 92' lang='lat' dir='ltr'><strong>et</strong></span> <span class='ocrx_word' id='word_1_468' title='bbox 1595 3098 1883 3154; x_wconf 78' lang='lat' dir='ltr'><strong>Augustinus</strong></span> <span class='ocrx_word' id='word_1_469' title='bbox 1906 3099 2016 3145; x_wconf 90' lang='lat' dir='ltr'><strong>dicit</strong></span> 
     </span>
     <span class='ocr_line' id='line_1_49' title="bbox 122 3155 2016 3231; baseline 0.003 -33"><span class='ocrx_word' id='word_1_470' title='bbox 122 3155 182 3210; x_wconf 90' lang='lat' dir='ltr'><strong>(in</strong></span> <span class='ocrx_word' id='word_1_471' title='bbox 208 3155 288 3199; x_wconf 83' lang='lat' dir='ltr'><strong>lib.</strong></span> <span class='ocrx_word' id='word_1_472' title='bbox 310 3170 338 3198; x_wconf 88' lang='lat'><strong>11</strong></span> <span class='ocrx_word' id='word_1_473' title='bbox 361 3156 417 3201; x_wconf 88' lang='lat' dir='ltr'><strong>de</strong></span> <span class='ocrx_word' id='word_1_474' title='bbox 442 3159 610 3209; x_wconf 78' lang='lat' dir='ltr'><strong>Quaest.</strong></span> <span class='ocrx_word' id='word_1_475' title='bbox 638 3159 852 3216; x_wconf 68' lang='lat' dir='ltr'><strong>evangel.</strong></span> <span class='ocrx_word' id='word_1_476' title='bbox 883 3165 1048 3231; x_wconf 76' lang='lat' dir='ltr'><strong>quaest</strong></span> <span class='ocrx_word' id='word_1_477' title='bbox 1071 3164 1119 3204; x_wconf 84' lang='lat'><strong>11</strong></span> <span class='ocrx_word' id='word_1_478' title='bbox 1139 3172 1414 3216; x_wconf 87' lang='lat' dir='ltr'><strong>,exponens</strong></span> <span class='ocrx_word' id='word_1_479' title='bbox 1438 3160 1553 3204; x_wconf 89' lang='lat' dir='ltr'><strong>illud</strong></span> <span class='ocrx_word' id='word_1_480' title='bbox 1576 3161 1729 3203; x_wconf 89' lang='lat' dir='ltr'><strong>Mattb.</strong></span> <span class='ocrx_word' id='word_1_481' title='bbox 1757 3174 1824 3204; x_wconf 84' lang='lat' dir='ltr'><strong>x1:</strong></span> <span class='ocrx_word' id='word_1_482' title='bbox 1844 3164 2016 3216; x_wconf 80' lang='lat' dir='ltr'><strong>Justz‘fi·</strong></span> 
     </span>
     <span class='ocr_line' id='line_1_50' title="bbox 120 3220 2014 3279; baseline 0.004 -20"><span class='ocrx_word' id='word_1_483' title='bbox 120 3220 228 3260; x_wconf 80' lang='lat' dir='ltr'><strong>cata</strong></span> <span class='ocrx_word' id='word_1_484' title='bbox 256 3221 323 3261; x_wconf 76' lang='lat' dir='ltr'><strong>est</strong></span> <span class='ocrx_word' id='word_1_485' title='bbox 341 3231 422 3273; x_wconf 66' lang='lat' dir='ltr'><strong>sap</strong></span> <span class='ocrx_word' id='word_1_486' title='bbox 415 3221 567 3261; x_wconf 58' lang='lat' dir='ltr'><strong>tentia</strong></span> <span class='ocrx_word' id='word_1_487' title='bbox 583 3221 613 3262; x_wconf 81' lang='grc' dir='ltr'><em>ὰ</em></span> <span class='ocrx_word' id='word_1_488' title='bbox 638 3222 746 3276; x_wconf 76' lang='lat' dir='ltr'><strong>filiis</strong></span> <span class='ocrx_word' id='word_1_489' title='bbox 768 3224 894 3277; x_wconf 82' lang='lat' dir='ltr'><strong>suis),</strong></span> <span class='ocrx_word' id='word_1_490' title='bbox 910 3222 1019 3279; x_wconf 90' lang='lat' dir='ltr'><strong>quia</strong></span> <span class='ocrx_word' id='word_1_491' title='bbox 1051 3223 1258 3267; x_wconf 90' lang='lat' dir='ltr'><strong>scilicet‹</strong></span> <span class='ocrx_word' id='word_1_492' title='bbox 1248 3240 1268 3261; x_wconf 89' lang='lat'>«</span> <span class='ocrx_word' id='word_1_493' title='bbox 1294 3223 1442 3267; x_wconf 89' lang='lat' dir='ltr'><strong>sancti</strong></span> <span class='ocrx_word' id='word_1_494' title='bbox 1471 3222 1664 3279; x_wconf 85' lang='lat' dir='ltr'><strong>apostoli</strong></span> <span class='ocrx_word' id='word_1_495' title='bbox 1688 3221 2014 3268; x_wconf 85' lang='lat' dir='ltr'><strong>intellexerunt</strong></span> 
     </span>
     <span class='ocr_line' id='line_1_51' title="bbox 121 3281 2015 3342; baseline 0.004 -20"><span class='ocrx_word' id='word_1_496' title='bbox 121 3291 319 3335; x_wconf 84' lang='lat' dir='ltr'><strong>regnum</strong></span> <span class='ocrx_word' id='word_1_497' title='bbox 339 3281 414 3324; x_wconf 89' lang='lat' dir='ltr'><strong>Dei</strong></span> <span class='ocrx_word' id='word_1_498' title='bbox 434 3293 526 3324; x_wconf 88' lang='lat' dir='ltr'><strong>non</strong></span> <span class='ocrx_word' id='word_1_499' title='bbox 542 3294 645 3326; x_wconf 91' lang='lat' dir='ltr'><strong>esse</strong></span> <span class='ocrx_word' id='word_1_500' title='bbox 668 3283 715 3326; x_wconf 89' lang='lat' dir='ltr'><strong>in</strong></span> <span class='ocrx_word' id='word_1_501' title='bbox 736 3296 842 3328; x_wconf 84' lang='lat' dir='ltr'><strong>esca</strong></span> <span class='ocrx_word' id='word_1_502' title='bbox 866 3291 912 3329; x_wconf 90' lang='lat' dir='ltr'><strong>et</strong></span> <span class='ocrx_word' id='word_1_503' title='bbox 933 3290 1059 3342; x_wconf 88' lang='lat' dir='ltr'><strong>potu,</strong></span> <span class='ocrx_word' id='word_1_504' title='bbox 1084 3285 1167 3329; x_wconf 89' lang='lat' dir='ltr'><strong>sed</strong></span> <span class='ocrx_word' id='word_1_505' title='bbox 1196 3285 1243 3328; x_wconf 88' lang='lat' dir='ltr'><strong>in</strong></span> <span class='ocrx_word' id='word_1_506' title='bbox 1275 3284 1616 3341; x_wconf 83' lang='lat' dir='ltr'><strong>aequanimitate</strong></span> <span class='ocrx_word' id='word_1_507' title='bbox 1637 3284 1880 3339; x_wconf 76' lang='lat' dir='ltr'><strong>toleiandi,</strong></span> <span class='ocrx_word' id='word_1_508' title='bbox 1897 3297 2015 3341; x_wconf 87' lang='lat' dir='ltr'><strong>quos</strong></span> 
     </span>
     <span class='ocr_line' id='line_1_52' title="bbox 120 3341 2009 3416; baseline 0.002 -32"><span class='ocrx_word' id='word_1_509' title='bbox 120 3353 207 3385; x_wconf 90' lang='lat' dir='ltr'><strong>nec</strong></span> <span class='ocrx_word' id='word_1_510' title='bbox 227 3341 360 3398; x_wconf 85' lang='lat' dir='ltr'><strong>copia</strong></span> <span class='ocrx_word' id='word_1_511' title='bbox 380 3341 610 3398; x_wconf 83' lang='lat' dir='ltr'><strong>sublevat,</strong></span> <span class='ocrx_word' id='word_1_512' title='bbox 628 3357 715 3388; x_wconf 91' lang='lat' dir='ltr'><strong>nec</strong></span> <span class='ocrx_word' id='word_1_513' title='bbox 738 3346 952 3401; x_wconf 84' lang='lat' dir='ltr'><strong>deprimit</strong></span> <span class='ocrx_word' id='word_1_514' title='bbox 973 3352 1211 3416; x_wconf 78' lang='lat' dir='ltr'><strong>egestaS.›</strong></span> <span class='ocrx_word' id='word_1_515' title='bbox 1201 3349 1297 3390; x_wconf 85' lang='lat' dir='ltr'><strong>»Et</strong></span> <span class='ocrx_word' id='word_1_516' title='bbox 1315 3349 1391 3402; x_wconf 86' lang='lat' dir='ltr'><strong>(De</strong></span> <span class='ocrx_word' id='word_1_517' title='bbox 1414 3346 1618 3391; x_wconf 86' lang='lat' dir='ltr'><strong>doctrina</strong></span> <span class='ocrx_word' id='word_1_518' title='bbox 1654 3345 1832 3402; x_wconf 76' lang='lat' dir='ltr'><strong>Christi,</strong></span> <span class='ocrx_word' id='word_1_519' title='bbox 1851 3345 1930 3389; x_wconf 89' lang='lat' dir='ltr'><strong>lib.</strong></span> <span class='ocrx_word' id='word_1_520' title='bbox 1949 3359 2009 3401; x_wconf 86' lang='grc' dir='ltr'>ιιι,</span> 
     </span>
     <span class='ocr_line' id='line_1_53' title="bbox 121 3403 2010 3467; baseline 0.003 -21"><span class='ocrx_word' id='word_1_521' title='bbox 121 3414 222 3459; x_wconf 88' lang='lat' dir='ltr'><strong>cap.</strong></span> <span class='ocrx_word' id='word_1_522' title='bbox 241 3405 311 3460; x_wconf 73' lang='lat'><strong>12,</strong></span> <span class='ocrx_word' id='word_1_523' title='bbox 334 3416 498 3460; x_wconf 85' lang='lat' dir='ltr'><strong>parum</strong></span> <span class='ocrx_word' id='word_1_524' title='bbox 521 3403 548 3447; x_wconf 78' lang='lat' dir='ltr'><strong>a</strong></span> <span class='ocrx_word' id='word_1_525' title='bbox 565 3405 761 3462; x_wconf 86' lang='lat' dir='ltr'><strong>princip</strong></span> <span class='ocrx_word' id='word_1_526' title='bbox 766 3407 909 3467; x_wconf 68' lang='lat' dir='ltr'><strong>&gt;dicit</strong></span> <span class='ocrx_word' id='word_1_527' title='bbox 924 3408 1089 3463; x_wconf 79' lang='lat' dir='ltr'><strong>quod«</strong></span> <span class='ocrx_word' id='word_1_528' title='bbox 1069 3408 1158 3452; x_wconf 82' lang='lat' dir='ltr'><strong>«in</strong></span> <span class='ocrx_word' id='word_1_529' title='bbox 1173 3408 1390 3452; x_wconf 89' lang='lat' dir='ltr'><strong>omnibus</strong></span> <span class='ocrx_word' id='word_1_530' title='bbox 1407 3406 1578 3452; x_wconf 85' lang='lat' dir='ltr'><strong>talibus</strong></span> <span class='ocrx_word' id='word_1_531' title='bbox 1599 3419 1693 3451; x_wconf 91' lang='lat' dir='ltr'><strong>non</strong></span> <span class='ocrx_word' id='word_1_532' title='bbox 1711 3419 1824 3451; x_wconf 88' lang='lat' dir='ltr'><strong>usus</strong></span> <span class='ocrx_word' id='word_1_533' title='bbox 1838 3418 2010 3462; x_wconf 89' lang='lat' dir='ltr'><strong>rerum,</strong></span> 
     </span>
    </p>
   </div>
  </div>
 </body>
</html>
