2170 3808
194 245 276 291 234
833 245 1032 297 QnAEsr.
1059 247 1236 302 xxvm,
1266 249 1385 291 ART.
1415 249 1451 293 1.

855 371 1160 435 QUAESTIO
1200 373 1343 425 XXV
1347 373 1433 426 ΙΙΙ.

377 497 439 531 DE
472 496 778 532 VIRGINITATE
809 498 854 533 B.
892 498 1077 547 MARIAE,
1112 498 1160 533 IN
1194 499 1418 542 QUATUOR
1451 501 1710 537 ARTICULOS
1741 501 1909 536 DivisA.

240 591 395 632 Deinde
415 591 763 633 considerandum
781 596 843 633 est
855 592 906 633 de
920 593 1160 643 virginitate
1184 594 1332 634 matris
1346 594 1442 644 Dei;
1460 599 1502 635 et
1520 596 1627 637 circa
1646 596 1723 638 hoc
1742 600 1988 650 quaeruntur
2001 607 2094 647 qua

190 650 307 687 tuor:
335 653 371 688 1⁰
385 647 537 688 Utrum
565 648 689 688 fuerit
717 650 833 699 virgo
862 648 909 689 in
937 647 1220 701 concipiendO.
1234 670 1285 680 «-
1311 657 1351 690 2⁰
1366 649 1516 692 Utrum
1543 652 1667 693 fuerit
1694 653 1810 703 virgo
1836 652 1881 691 in
1898 653 2035 704 partu.
2052 673 2097 682 -
2169 692 2170 696 ,

188 706 228 741 3··
250 701 401 742 Utrum
418 704 691 755 peimanserit
707 703 823 753 virgo
838 709 930 756 post
945 707 1128 755 partum.
1144 725 1193 733 -
1221 708 1262 743 4⁰
1286 705 1436 744 Utrum
1458 710 1606 747 votum
1626 707 1881 758 virginitatis
1901 706 2098 748 emiserit.

327 767 676 810 ARTICULUS
706 769 744 810 1.
767 789 823 797 -
854 779 990 809 υτιωιι
1011 779 1052 810 ιι.
1069 779 1193 809 mim
1215 780 1365 810 runnu*
1381 780 1507 812 vinco
1529 782 1571 813 m
1591 771 1958 824 concremarem.

325 834 375 870 De
393 833 448 869 his
469 834 575 870 etiam
598 836 696 870 Cont.
711 840 804 875 gent.
823 834 886 869 lib.
903 843 953 875 lv,
973 845 1047 875 cap.
1065 836 1120 876 44,
1135 838 1171 869 et
1182 835 1306 876 opusc.
1325 844 1366 877 ιι,
1379 847 1452 878 cap.
1473 836 1550 878 223,
1569 843 1604 873 et
1620 839 1744 880 Opusc.
1759 847 1819 880 Lx,
1834 849 1909 878 cap.
1925 839 1960 873 4.

240 887 309 934 Ad
326 889 530 946 primum
547 889 614 934 sic
635 888 920 946 proceditur.
946 893 991 935 1.
1014 889 1204 935 Videtur
1222 889 1349 947 quod
1367 898 1516 936 mater
1535 893 1613 938 Dei
1635 905 1730 938 non
1748 893 1887 938 fuerit
1898 892 2029 948 virgo
2049 892 2099 937 in

187 951 493 1008 concipiendo
515 951 764 996 Christum.
783 951 918 996 Nulla
937 951 1064 996 enim
1075 952 1231 1008 proles
1249 965 1355 1010 quae
1377 953 1518 999 habet
1537 962 1720 1012 patrem
1742 964 1787 1001 et
1808 963 2022 1012 matrem,
2039 967 2099 999 ex

186 1011 367 1069 virgine
383 1018 532 1058 matre
564 1026 682 1058 conc
685 1014 842 1070 ipitur.
865 1013 954 1058 Sed
975 1014 1187 1058 Christus
1212 1027 1307 1059 non
1333 1015 1485 1060 solum
1506 1016 1675 1061 dicitur
1691 1016 1864 1062 habere
1883 1021 2096 1070 matrem,
2159 1036 2170 1074 ρ.Ι

186 1074 282 1120 sed
293 1074 432 1120 etiam
461 1079 676 1132 patrem:
698 1075 869 1120 dicitur
902 1076 1028 1120 enim
1048 1078 1172 1130 (Luc.
1198 1091 1245 1132 ιι,
1269 1079 1377 1130 33):
1406 1081 1558 1122 Erant
1581 1083 1722 1136 pater
1752 1080 1849 1134 effus
1871 1081 1916 1121 et
1949 1079 2100 1120 mater
2164 1106 2166 1110 ψ

186 1138 406 1182 mirantes
422 1151 560 1194 super
580 1137 652 1182 his
670 1151 767 1194 quae
790 1139 1062 1183 dicebantur
1077 1138 1236 1182 de=illo
1250 1154 1268 1196 ‚·
1283 1145 1331 1185 et
1352 1140 1490 1195 infra,
1508 1143 1582 1197 48,
1606 1141 1772 1187 eadem
1791 1145 1941 1185 mater
1955 1138 2095 1185 dicit·
2084 1166 2095 1176 -

188 1201 302 1242 Ecce
314 1201 456 1256 pater
479 1204 582 1244 tuus
600 1204 644 1244 et
661 1213 741 1257 eqo
763 1202 971 1245 dolentes
990 1201 1300 1258 quaerebamus
1314 1206 1374 1246 te.
1399 1204 1517 1259 Ergo
1546 1203 1755 1248 Christus
1779 1214 1876 1247 non
1892 1208 1966 1248 est
1982 1213 2098 1246 con-

186 1265 350 1318 ceptus
368 1274 429 1307 ex
445 1262 625 1319 virgine
642 1268 809 1308 matre.

241 1325 285 1368 2.
314 1325 540 1369 Praeterea
552 1325 720 1377 (matth.
738 1329 782 1382 ι),
795 1325 1021 1383 probatur
1031 1325 1158 1381 quod
1168 1325 1378 1370 Christus
1388 1326 1527 1371 fuerit
1537 1327 1664 1371 filius
1675 1326 1869 1371 Abrahae
1879 1331 1926 1371 et
1935 1325 2095 1378 David,

185 1397 268 1442 per
287 1385 378 1430 hoc
401 1387 527 1444 quod
548 1389 716 1444 Joseph
739 1400 798 1432 ex
809 1388 952 1432 David
971 1387 1211 1432 descendit
1231 1401 1243 1431 t
1265 1400 1371 1443 quae
1382 1389 1570 1444 quidem
1585 1388 1796 1445 probatio
1812 1387 1941 1432 nulla
1955 1391 2096 1442 esset,

186 1447 224 1490 si
246 1449 414 1506 Joseph
428 1451 559 1494 Pater
580 1449 747 1493 Christi
770 1462 864 1494 non
887 1449 1068 1494 fuisset.
1085 1451 1206 1506 Ergo
1223 1449 1408 1494 videtur
1419 1450 1546 1507 quod
1562 1455 1711 1495 mater
1724 1449 1891 1495 Christi
1909 1461 2018 1494 eum
2038 1461 2096 1493 ex

185 1509 364 1555 semine
402 1511 574 1568 Joseph
609 1511 878 1568 conceperit
909 1527 921 1556 z
962 1515 1011 1555 et
1043 1511 1108 1556 ita
1146 1523 1242 1556 non
1279 1511 1464 1556 videtur
1495 1512 1641 1556 fuisse
1679 1511 1812 1568 virgo
1846 1511 1897 1556 in
1937 1509 2097 1556 conci·

184 1573 372 1630 piendo.

239 1637 282 1680 3.
314 1637 541 1680 Praeterea
561 1635 726 1690 (Galat.
743 1649 806 1691 ιν,
828 1638 890 1691 4),
907 1635 1079 1681 dicitur
1099 1649 1113 1679 ε
1137 1638 1263 1679 Misit
1284 1639 1403 1680 Deus
1422 1636 1568 1690 filium
1587 1649 1716 1680 suum
1736 1638 1910 1690 sactum
1922 1648 1981 1679 ex
1994 1647 2097 1678 mu·

185 1697 310 1742 liere.
331 1698 489 1744 Mulier
508 1704 665 1743 autem
684 1704 910 1742 consueto
924 1698 1066 1743 modo
1086 1697 1310 1769 loquendi
1323 1698 1494 1744 dicitur
1510 1710 1617 1756 quae
1637 1703 1710 1743 est
1731 1698 1758 1741 a
1772 1698 1873 1742 viro
1890 1697 2094 1754 cognita.

186 1762 304 1816 Ergo
324 1760 533 1806 Christus
554 1773 648 1805 non
675 1760 763 1806 fuit
785 1765 1042 1818 conceptus
1058 1772 1116 1805 ex
1137 1759 1320 1816 virgine
1339 1766 1504 1805 matre.

239 1826 284 1868 4.
316 1825 558 1880 Praeterea,
589 1835 752 1868 eorum
777 1836 882 1880 quae
901 1828 1015 1868 sunt
1035 1822 1248 1894 eJusdem
1275 1823 1444 1878 speciei
1462 1830 1534 1867 est
1551 1822 1676 1867 idem
1707 1820 1877 1866 modus
1898 1831 2098 1876 genera·

186 1885 340 1942 tionis,
363 1885 476 1942 quia
490 1886 730 1942 generatio
749 1885 913 1955 recipit
934 1886 1138 1943 speciem
1159 1884 1188 1928 a
1205 1885 1422 1941 termium
1436 1885 1559 1930 sicut
1573 1891 1620 1938 et
1638 1884 1792 1929 caeteri
1810 1891 1983 1927 motus,
2008 1881 2096 1928 Sed
2155 1933 2158 1936 Α

184 1946 393 1991 Christus
412 1947 503 1992 fuit
516 1946 729 2004 ersdem
745 1947 919 2004 speciei
940 1958 1050 1991 cum
1067 1946 1173 1991 aliis
1192 1946 1479 2002 hominibus,
1499 1928 1760 1991 secundum
1779 1945 1895 1990 illud
1914 1944 2094 2001 (Philip.

185 2023 232 2067 11,
252 2011 294 2064 7)
321 2024 331 2053 :
356 2012 412 2053 In
431 2010 778 2053 similitudinem
809 2009 1042 2053 hominum
1069 2012 1236 2064 lactus,
1262 2013 1306 2052 et
1327 2008 1487 2053 habitu
1507 2011 1711 2052 inventus
1729 2011 1779 2051 ut
1813 2007 1962 2050 homo·
1981 2006 2094 2050 Cum

185 2083 298 2128 ergo
337 2069 417 2115 alii
458 2071 674 2116 homines
687 2076 972 2128 generentur
1001 2084 1059 2117 ex
1106 2071 1438 2116 commixtione
1465 2070 1610 2116 maris
1646 2076 1694 2115 et
1726 2069 1930 2126 feminee,
1963 2067 2097 2114 vide·
2153 2083 2170 2130 ς.

185 2138 260 2177 tur
280 2134 409 2191 quod
429 2134 570 2178 etiam
589 2135 800 2179 Christus
831 2134 971 2178 simili
990 2133 1131 2178 modo
1150 2134 1291 2179 fuerit
1322 2139 1575 2190 generatus
1598 2146 1610 2174 ε
1635 2137 1684 2177 et
1706 2131 1770 2177 ita
1793 2143 1888 2176 non
1911 2130 2097 2175 videtur
2147 2180 2170 2212 a„

184 2194 331 2240 fuisse
352 2202 608 2252 conceptus
632 2197 689 2242 de
713 2196 892 2253 virgine
925 2203 1091 2241 matre.

240 2259 284 2302 5.
314 2259 566 2314 Praeterea,
614 2258 835 2316 quaelibet
873 2259 1023 2302 forma
1063 2257 1291 2302 naturalis
1337 2256 1478 2301 habet
1519 2255 1763 2301 materiam
1805 2254 1896 2299 sibi
1942 2254 2096 2300 deter-
2148 2302 2159 2307 ,.

2153 2247 2170 2282 ,ἲ

186 2319 433 2375 minatam,
466 2326 600 2364 extra
635 2332 777 2377 quam
810 2333 915 2365 esse
953 2333 1048 2364 non
1081 2324 1251 2377 potest.
1282 2318 1468 2363 Materia
1500 2324 1658 2364 autem
1695 2318 1857 2362 formae
1878 2316 2096 2362 humanae

187 2380 370 2426 videtur
401 2394 505 2427 esse
542 2393 703 2427 semen
729 2382 872 2426 maris
894 2387 940 2427 et
978 2381 1179 2427 feminae.
1215 2380 1260 2425 Si
1293 2393 1406 2437 ergo
1442 2392 1612 2437 corpus
1633 2379 1800 2424 Christi
1832 2391 1929 2423 non
1957 2378 2096 2424 fuerit

185 2449 464 2501 conceptum
484 2455 545 2488 ex
566 2444 745 2489 semine
767 2444 912 2488 maris
930 2450 977 2489 et
1009 2443 1214 2497 feminae,
1235 2454 1331 2486 non
1356 2443 1467 2487 vere
1485 2442 1574 2486 fuit
1604 2454 1776 2499 corpus
1796 2442 2056 2486 humanum
2079 2454 2093 2486 :

186 2505 314 2562 quod
334 2510 407 2551 est
443 2505 795 2551 inconveniens.
831 2505 1022 2551 Videtur
1053 2505 1195 2562 igitur
1228 2517 1324 2549 non
1363 2504 1508 2549 fuisse
1540 2507 1796 2560 conceptus
1821 2515 1880 2548 ex
1914 2502 2096 2560 virgine

186 2571 349 2613 matre.

246 2631 335 2677 Sed
353 2621 513 2676 contra
536 2636 608 2678 est
629 2632 756 2688 quod
768 2631 938 2677 dicitur
955 2632 1104 2686 (Isaiae
1119 2646 1195 2688 vn,
1215 2632 1285 2686 14)
1304 2647 1316 2675 :
1335 2635 1450 2675 Ecce
1472 2634 1599 2688 virqo
1618 2633 1677 2685 (2)
1693 2633 1927 2688 concipiet.

235 2700 532 2742 CONCLUSIO.
558 2723 604 2730 -—
633 2701 723 2740 Non
752 2698 876 2741 modo
905 2701 1038 2740 Patris
1055 2700 1263 2740 mittentis
1287 2698 1502 2751 dignitati,
1530 2699 1674 2739 verum
1695 2699 1822 2739 etiam
1843 2698 1978 2750 ipsius
1999 2695 2095 2737 Filii

190 2754 310 2795 missi
324 2755 565 2807 proprietati
579 2759 619 2794 et
637 2753 936 2795 Incarnationis
956 2755 1048 2804 fini,
1061 2754 1328 2795 conveniebat
1340 2757 1390 2793 ut
1414 2753 1602 2795 Christus
1624 2752 1988 2805 sinecorruptione
2002 2762 2096 2791 ma·
2138 2771 2139 2774 ¹

189 2809 266 2849 tris
280 2809 574 2862 conciperetur.

242 2873 517 2929 Respondeo
554 2872 806 2918 dicendum
830 2871 959 2929 quod
975 2871 1249 2930 simpliciter
1270 2871 1587 2917 confitendum
1621 2876 1693 2916 est
1710 2874 1907 2915 matrem
1929 2868 2094 2914 Christi

188 2933 417 2991 virginem
437 2934 726 2991 concepisse.
742 2933 1033 2979 Contrarium
1049 2933 1175 2978 enim
1190 2933 1391 2991 pertinet
1409 2932 1469 2978 ad
1483 2932 1697 2978 haeresim
1715 2930 2031 2976 Ebionitarum
2049 2933 2095 2976 et

187 2995 404 3052 cerinthi,
422 2997 504 3054 qui
537 2996 770 3042 Christum
792 3007 966 3053 purum
982 2996 1221 3041 hominem
1244 2995 1591 3040 arbitrabantur
1618 3001 1666 3040 et
1687 2995 1745 3040 de
1763 2998 1962 3050 utroque
1978 3004 2094 3038 sexu

187 3068 297 3102 eum
313 3030 476 3103 natiim
494 3063 794 3116 putaverunt.
821 3057 952 3111 Quod
966 3058 1091 3103 enim
1112 3057 1322 3103 Christus
1340 3057 1400 3102 sit
1421 3063 1677 3114 conceptus
1698 3068 1758 3101 ex
1774 3054 1957 3111 virgine
1978 3066 2092 3098 con-

187 3117 381 3163 veniens
415 3124 487 3164 est
517 3125 707 3178 propter
738 3126 976 3178 quatuor:
1006 3120 1156 3178 primo
1188 3127 1376 3177 propter
1396 3118 1624 3164 mittentis
1653 3116 1799 3162 Patris
1819 3115 2092 3172 dignitatem

186 3183 574 3227 conseiv.andam
610 3187 724 3228 Cum
743 3182 869 3228 enim
894 3183 1104 3228 Christus
1125 3183 1188 3228 sit
1218 3195 1360 3228 verus
1393 3187 1440 3228 et
1462 3181 1688 3227 naturalis
1708 3181 1787 3226 Dei
1808 3179 1965 3235 Filius,
1999 3189 2090 3223 non

227 3303 272 3345 (4)
289 3303 503 3339 Αῐῆηιιιιῑίνὲ
531 3306 734 3348 respondet3
763 3318 839 3347 quae
865 3305 1021 3340 doctrina
1043 3312 1094 3340 est
1178 3307 1265 3340 riam
1281 3305 1381 3339 fuisse
1397 3309 1592 3345 corruptam
1602 3301 1639 3336 in
1657 3308 1770 3344 partu
1784 3309 1823 3336 ut
1838 3302 1943 3337 refert
1962 3301 2087 3340 Augus-

185 3349 267 3385 fidei
300 3357 418 3386 contra
442 3352 667 3394 Corinthum,
702 3353 922 3388 jovinianum
950 3361 985 3388 et
1010 3353 1094 3388 alios
1180 3356 1270 3390 tinus
1288 3352 1418 3389 (haeres.
1437 3352 1490 3394 42,
1508 3357 1542 3385 et
1559 3349 1622 3386 lib.
1639 3359 1652 3385 1
1670 3356 1762 3385 cont.
1779 3349 1907 3385 Julian
1920 3360 1990 3389 arg.
2006 3347 2050 3388 2).

186 3409 331 3439 quorum
351 3399 409 3432 ille
428 3399 512 3434 dixit
539 3400 712 3435 Christum
729 3413 768 3435 ex
792 3401 912 3442 Ioseph
922 3401 1094 3443 genitum,
1221 3402 1267 3444 (2)
1294 3401 1365 3436 Nec
1386 3401 1481 3440 virgo
1501 3398 1632 3440 qualist
1618 3410 1783 3439 c,u1nque
1811 3397 1868 3432 sed
1894 3393 2088 3431 abscondita

186 3451 224 3480 ut
234 3452 377 3483 testatur
391 3448 599 3490 Epiphanius
620 3449 750 3491 lhaeres.
764 3449 833 3492 24),
848 3449 910 3484 iste
929 3451 1009 3486 vero
1024 3450 1098 3485 Ma-
1181 3455 1217 3485 et
1237 3455 1365 3483 secreta
1395 3459 1468 3489 quae
1500 3457 1674 3501 nunquam
1714 3444 1904 3487 aspectibus
1931 3443 2084 3478 virorum

1180 3496 1341 3537 patuerit.
1354 3500 1393 3528 ut
1405 3494 1489 3528 hebi
1493 3494 1572 3527 aicae
1587 3493 1676 3527 vocis
1690 3493 1785 3527 notio
1798 3492 1877 3526 fert.
