2170 3808
641 297 838 348 QUAEST.
867 297 1007 352 XXIII,
1038 296 1157 338 ΛΒΤ.
1187 295 1223 337 Π
1249 295 1313 338 ΕΤ
1342 295 1410 338 111.
1889 293 1972 336 203

97 383 182 427 hoc
198 381 396 438 pertinet
417 380 474 424 ad
491 382 635 423 totam
654 377 937 433 Trinitatem,
958 376 1078 420 sicut
1099 380 1146 419 et
1167 379 1333 419 caetera
1349 374 1538 418 nomina
1555 386 1659 431 quae
1677 373 1896 418 dicun-tur
1913 373 1973 418 de

94 446 186 489 Deo
207 441 394 488 relative
426 441 484 486 ad
505 446 780 495 creaturam,
812 443 866 483 ut
888 438 935 482 in
957 438 1105 494 prima
1134 442 1265 493 parte
1293 436 1502 480 habitum
1527 441 1598 481 est
1622 437 1800 492 (quaest.
1825 447 1972 489 xxxin,

95 509 181 550 art.
199 507 243 562 3,
260 509 307 550 et
329 507 495 560 quaest.
514 515 656 558 xxxix,
674 507 758 545 art.
783 503 846 555 7).
866 501 983 555 Ergo
1002 499 1225 554 adoptare
1239 498 1460 541 convenit
1479 497 1563 542 toti
1581 496 1804 542 Trinitati.

143 571 430 613 CONGLUSIO.
458 591 505 599 -
529 570 635 609 Cum
654 570 817 620 propter
833 570 991 607 natum
1009 566 1214 606 unitatem
1225 594 1236 614 ‚
1255 575 1562 616 quemcumque
1578 564 1626 604 iu
1642 564 1837 605 creaturis
1856 562 1972 604 effec-

97 629 191 668 tum
208 627 347 675 faeere,
364 626 440 666 toti
454 623 644 665 Trinitati
664 624 722 663 sit
737 633 971 670 commune,
993 619 1255 673 perspicuum
1272 621 1332 658 est
1350 618 1536 658 homines
1555 618 1603 659 in
1623 619 1695 659 Dei
1723 619 1832 659 filios
1849 617 1972 670 adop-

97 685 195 732 tare,
216 682 291 722 toti
307 680 494 721 Tri-nitati
512 679 740 718 convenire.

152 743 418 795 Respondeo
438 741 684 787 dicendum
703 739 827 797 quod
844 739 944 783 haec
954 742 1025 783 est
1041 735 1295 783 differentia
1312 735 1434 780 inter
1447 734 1595 778 filium
1609 735 1689 779 Dei
1704 734 1970 791 adoptivum

99 809 149 850 et
170 808 441 852 naturalem,
465 803 590 857 quod
611 802 735 846 filius
756 801 833 846 Dei
857 800 1080 845 naturalis
1113 803 1185 844 est
1206 797 1406 856 genituS,
1431 809 1527 840 non
1554 797 1705 841 faetus
1730 799 1815 852 (1);
1848 795 1972 842 filius

99 869 254 911 autem
274 865 517 923 adoptivus
536 870 608 909 est
628 864 795 919 factus,
821 860 1077 906 secundum
1101 860 1215 904 illud
1238 861 1382 910 (Joan.
1406 872 1439 914 ι,
1462 859 1532 917 12)
1555 873 1570 902 2
1589 860 1724 900 Dedit
1751 860 1813 900 eis
1831 861 1972 913 potes-

98 929 239 970 tatem
255 927 368 982 filios
386 929 470 969 Dei
497 927 613 980 fieri.
633 924 806 968 Dicitur
829 928 981 968 tamen
1002 921 1283 979 quandoque
1304 919 1426 964 filius
1448 918 1694 975 adoptivus
1711 930 1816 963 esse
1839 916 1973 973 geni-

97 990 174 1031 tus
207 991 392 1044 propter
425 985 709 1042 spiritualem
744 983 1106 1041 generationem,
1131 986 1326 1038 quaeest
1357 979 1574 1036 gratuita,
1597 992 1692 1024 non
1729 977 1970 1023 naturalis.

99 1048 225 1093 Unde
242 1047 407 1094 dicitur
424 1047 594 1102 (Jacobi
619 1061 649 1101 1,
664 1048 735 1102 18)
760 1059 773 1090 :
799 1045 1066 1088 Voluntaria
1082 1045 1235 1100 qenuzt
1255 1055 1335 1085 nos
1357 1042 1486 1085 verbo
1510 1044 1732 1086 veritati&
1753 1039 1973 1094 Quamvis

99 1116 251 1154 autem
285 1121 507 1165 generare
530 1111 576 1154 in
618 1108 787 1153 divinis
821 1106 882 1151 sit
916 1106 1152 1164 proprium
1175 1116 1386 1162 personae
1423 1104 1586 1161 Patris,
1628 1108 1785 1149 tamen
1821 1103 1973 1148 facere

99 1182 438 1228 quemcumque
453 1172 667 1217 effectum
687 1171 733 1214 in
757 1169 980 1214 creaturis
997 1173 1067 1212 est
1081 1178 1328 1212 commune
1347 1166 1428 1210 toti
1443 1166 1644 1210 Trinitati
1664 1171 1852 1223 propter
1867 1163 1973 1208 uni-

98 1236 238 1276 tatem
259 1238 436 1277 naturae
457 1246 468 1275 z
489 1232 599 1290 quia
620 1231 698 1275 uhi
719 1235 791 1275 est
807 1242 902 1274 una
925 1234 1106 1284 natura,
1130 1230 1309 1284 oportet
1324 1226 1448 1284 quod
1463 1227 1524 1272 sit
1541 1239 1635 1271 una
1650 1228 1798 1271 virtus
1816 1231 1866 1271 et.
1877 1238 1972 1270 una

98 1293 318 1349 operatio.
345 1294 471 1339 Unde
491 1292 712 1338 Dominus
733 1291 844 1336 dicit
863 1293 1008 1344 (Joan.
1043 1305 1086 1347 v,
1107 1293 1177 1344 19)
1202 1301 1213 1332 :
1240 1292 1533 1345 Quaecumque
1554 1292 1692 1332 Pater
1714 1291 1849 1345 facit,
1875 1287 1972 1332 haec

97 1357 142 1397 et
152 1355 303 1398 Filius
324 1357 533 1400 similiter
548 1358 682 1409 facit.
702 1357 756 1398 Et
773 1353 875 1397 ideo
898 1352 1115 1410 adoptare
1130 1351 1342 1395 homines
1362 1351 1410 1394 in
1425 1351 1543 1395 filios
1561 1350 1639 1394 Dei
1655 1350 1871 1394 convenit
1891 1349 1972 1394 toti

97 1415 317 1460 Trinitati.
364 1420 367 1425 “

152 1477 218 1521 Ad
247 1481 444 1533 primum
471 1488 587 1532 ergo
614 1475 890 1530 dicendum,
914 1473 1039 1531 quod
1070 1487 1233 1520 omnes
1267 1485 1479 1531 personae
1509 1474 1726 1517 humanae
1745 1485 1840 1516 non
1862 1479 1973 1518 sunt

100 1537 236 1581 unius
258 1544 432 1581 naturae
453 1537 710 1582 secundum
733 1547 995 1591 numerum,
1022 1540 1076 1580 ut
1100 1540 1310 1592 oporteat
1336 1547 1480 1579 unam
1506 1546 1611 1579 esse
1631 1534 1839 1579 omnium
1861 1546 1974 1591 ope·
2006 1548 2008 1550 ’

100 1599 324 1643 rationem
340 1604 522 1644 tantum
540 1605 587 1643 et
602 1610 753 1643 unum
773 1598 1001 1652 effectum,
1022 1598 1143 1642 sicut
1167 1599 1332 1642 accidit
1350 1598 1397 1640 in
1419 1595 1611 1653 divinis3
1626 1601 1675 1640 et
1695 1595 1801 1640 ideo
1821 1608 1973 1653 quan-

102 1663 200 1703 tum
215 1661 271 1705 ad
296 1660 382 1704 hoc
403 1674 495 1705 non
515 1660 663 1717 potuit
682 1660 857 1704 attendi
880 1659 1131 1704 similitudo
1152 1659 1396 1716 utrobique
1420 1661 1493 1714 (2).

159 1720 225 1764 Ad
252 1724 497 1765 secundum
524 1721 788 1774 dicendum,
826 1720 952 1777 quod
981 1733 1065 1765 nos
1102 1734 1183 1777 per
1219 1720 1512 1777 adoptionem
1547 1719 1774 1764 efficimur
1808 1719 1973 1765 fratres

52 1807 57 1811 ·
105 1781 281 1835 Christi,
312 1783 443 1839 quasi
471 1783 685 1827 eumdem
707 1785 890 1826 Patrem
919 1782 1144 1827 habentes
1171 1795 1278 1828 cum
1298 1783 1426 1839 ipso3
1449 1781 1528 1839 qui
1554 1789 1706 1826 tamen
1727 1781 1816 1825 alio
1834 1781 1974 1827 modo

105 1847 177 1888 est
198 1845 327 1887 Pater
345 1844 521 1900 Christi,
550 1849 596 1888 et
617 1845 707 1888 alio
723 1844 862 1888 modo
883 1849 956 1888 est
975 1846 1106 1888 Pater
1128 1849 1285 1890 noster
1307 1860 1318 1888 :
1339 1844 1464 1889 unde
1486 1844 1725 1900 signanter
1751 1843 1974 1888 Dominus

100 1905 248 1958 (Joan.
282 1906 349 1959 xx)
378 1908 591 1949 seorsum
618 1904 731 1948 dixit
757 1919 767 1946 :
791 1908 974 1948 Patrem
994 1919 1155 1962 meum,
1180 1910 1225 1950 et
1257 1905 1465 1950 seorsum
1488 1905 1605 1949 dixit
1630 1919 1639 1946 :
1670 1908 1854 1948 Patrem
1875 1918 1973 1949 ves-

105 1967 253 2020 trum5
275 1969 347 2009 est
368 1965 492 2009 enim
515 1968 644 2009 Pater
670 1965 832 2009 Christi
868 1966 1132 2010 naturaliter
1169 1966 1451 2023 generandO,
1482 1966 1607 2023 quod
1634 1972 1706 2011 est
1734 1966 1974 2022 proprium

103 2025 219 2080 ipsi3
242 2029 315 2070 est
347 2033 499 2070 autem
531 2029 662 2070 Pater
695 2033 868 2082 noster,
896 2026 1154 2072 voluntarie
1180 2028 1353 2085 aliquid
1390 2027 1601 2072 faciendo
1627 2029 1711 2083 (3);
1747 2027 1870 2083 quod
1901 2031 1975 2072 est

104 2098 349 2131 commune
368 2087 472 2143 ipsi,
497 2092 543 2132 et
566 2088 692 2143 Filio,
722 2093 769 2132 et
792 2088 976 2145 Spiritui
997 2094 1181 2140 saneto;
1206 2095 1253 2134 et
1273 2090 1377 2134 ideo
1398 2089 1604 2134 Christus
1630 2101 1723 2147 non
1751 2093 1822 2134 est
1849 2087 1974 2134 filius

45 2197 61 2214 ·
104 2147 242 2191 totius
258 2148 503 2203 Trinitatis,
519 2150 638 2192 sicut
658 2161 760 2192 nos.

157 2209 225 2253 Ad
254 2212 434 2253 tertium
465 2210 728 2265 dicendum,
751 2209 891 2268 quod,
924 2211 1045 2255 sicut
1066 2212 1240 2256 dictum
1271 2218 1343 2257 est
1363 2215 1465 2269 (art.
1490 2225 1628 2269 praec.
1652 2213 1711 2257 ad
1733 2215 1793 2271 2),
1815 2212 1974 2257 filiatio

105 2267 318 2326 adoptiva
340 2275 412 2315 est
443 2271 654 2327 quaedam
693 2271 946 2316 similitudo
976 2273 1210 2317 filiationis
1230 2279 1440 2330 aeternae3
1469 2274 1591 2318 sicut
1611 2274 1766 2318 omnia
1797 2274 1974 2331 quaein

107 2334 308 2386 tempore
331 2331 449 2375 facta
484 2338 607 2389 sunt,
640 2332 1202 2390 similitudinesquaedam
1238 2341 1348 2380 sunt
1385 2347 1546 2381 eorum
1570 2349 1673 2393 quae
1709 2335 1767 2380 ab
1800 2340 1974 2381 aeterno

105 2390 304 2435 fuerunt.
330 2393 618 2437 Assimilatur
636 2398 792 2439 autem
808 2394 948 2438 homo
967 2396 1203 2452 splendori
1223 2397 1384 2442 aeterni
1405 2398 1499 2442 Filii
1517 2411 1600 2454 per
1618 2398 1775 2453 gratiae
1793 2398 1975 2442 clarita-

106 2456 216 2507 tem,
238 2464 340 2508 quae
359 2454 621 2499 attribuitur
637 2456 821 2511 Spiritui
846 2462 1024 2501 sancte.
1050 2462 1100 2501 Et
1116 2458 1220 2503 ideo
1240 2459 1490 2516 adoptatio.
1515 2460 1622 2504 lieet
1635 2460 1696 2503 sit
1712 2460 1975 2505 communis

106 2512 185 2580 toti
199 2513 428 2581 ‘Trinitath
453 2516 772 2573 appropriatur
796 2522 949 2570 tamen
970 2520 1085 2562 Patri
1110 2526 1160 2565 ut
1177 2521 1369 2577 auctori,
1385 2521 1495 2565 Filio
1510 2527 1563 2566 ut
1582 2521 1849 2578 exemplari,
1872 2522 1974 2579 Spi-

106 2577 210 2616 ritui
235 2580 408 2631 sancto,
430 2581 480 2619 ut
498 2577 777 2633 imprimenti
796 2578 844 2622 in
867 2579 999 2623 nobis
1019 2581 1155 2636 thus
1170 2582 1447 2638 exemplaris
1469 2582 1835 2627 similitudinem.

188 2637 526 2681 AR'HCULUS
536 2641 620 2683 111.
640 2653 843 2683 -u‘rnuu
860 2654 1058 2685 Aliorum
1078 2656 1141 2686 sn·
1158 2657 1363 2687 enormen
1387 2658 1629 2688 nummus
1652 2658 1891 2690 cnm'rnnAE.

111 2701 157 2734 De
176 2694 228 2736 liis
245 2703 343 2737 etiam
374 2706 468 2739 sent.
495 2715 549 2748 111,
566 2707 643 2741 dist.
659 2707 712 2748 40,
733 2712 847 2748 quaest.
872 2715 1001 2791 luhart.
1025 2709 1190 2792 25⁴qizlaest.
1210 2721 1223 2746 1
1241 2715 1274 2746 et
1306 2721 1353 2752 11,
1379 2716 1412 2746 et
1435 2713 1536 2747 Cont.
1564 2716 1656 2753 gent.
1672 2712 1734 2748 lib.
1760 2721 1906 2756 lv,cap.
1933 2713 1975 2750 ⁴7

926 2758 974 2791 'n.
993 2762 1028 2792 et
1047 2783 1068 2792 -
1120 2760 1168 2794 'n.

162 2802 228 2871 ad
250 2805 432 2873 tertium
455 2807 522 2851 sic
553 2810 828 2864 proceditur.
852 2815 895 2856 1.
918 2812 1104 2857 Videtur
1127 2813 1250 2869 quod
1284 2814 1490 2870 adoptari
1521 2827 1614 2858 non
1640 2815 1700 2858 sit
1737 2816 1975 2872 proprium

111 2864 352 2934 ramonahs'
364 2872 601 2914 creaturae.
625 2872 722 2914 Non
745 2872 868 2916 enim
892 2872 1061 2918 dieitur
1079 2878 1200 2919 Deus
1229 2882 1358 2932 pater
1380 2881 1607 2921 creaturae
1626 2876 1863 2921 ratlenalis
1886 2878 1976 2925 nisi

111 2933 192 2990 per
202 2923 506 2980 adoptionem.
522 2930 692 2975 Dicitur
703 2939 858 2978 autem
877 2938 1007 2991 pater
1018 2941 1242 2980 creaturae
1253 2937 1386 2980 etiarn
1402 2937 1694 2994 irrationaHs,
1716 2939 1975 2984 secundum

109 2983 223 3028 illud
253 2986 367 3040 (Job,
394 3002 562 3057 xrxvni,
597 2994 666 3046 28)
695 3008 706 3034 ε
733 2997 840 3050 Quis
867 3000 932 3040 est
960 2998 1128 3053 pluviae
1139 3001 1288 3054 pater,
1307 3002 1352 3041 et
1367 2998 1518 3041 stillas
1534 3002 1654 3042 roris
1672 3003 1771 3056 quis
1789 3000 1977 3057 qenuic?

111 3045 228 3098 Ergo
248 3045 453 3101 adoptari
474 3060 567 3092 non
586 3055 658 3094 est
677 3055 911 3110 proprium
930 3057 1167 3105 rationalis
1192 3063 1429 3103 creaturae.

113 3166 121 3174 ²
165 3107 214 3180 2.Ἷ
231 3108 465 3177 Praeterea,
489 3122 571 3166 per
591 3111 885 3182 adoptionem
911 3118 1128 3163 dicuntur
1148 3120 1288 3177 aliqui
1307 3120 1388 3164 filii
1411 3120 1505 3165 Dei.
1527 3122 1612 3165 Sed
1634 3133 1738 3166 esse
1759 3123 1879 3168 filios
1898 3124 1975 3169 Dei

110 3178 157 3209 in
190 3169 419 3224 scriptura
450 3183 634 3227 proprie
650 3174 831 3219 videtur
854 3180 1038 3223 attribui
1071 3182 1264 3237 angelis,
1295 3182 1552 3226 seeundum
1587 3183 1699 3228 illud
1723 3185 1839 3241 (Job,
1857 3198 1888 3242 1,
1905 3188 1974 3239 6):

129 3261 191 3317 „w
209 3262 252 3296 Ut
266 3263 307 3298 ad
330 3268 492 3320 maiorem
513 3267 766 3308 explicationem
791 3269 828 3305 in
848 3272 996 3313 symbolo
1120 3277 1164 3319 (2)
1187 3277 1346 3320 Quamvis
1372 3281 1407 3313 et
1431 3277 1467 3312 in
1494 3276 1615 3314 divinis
1639 3279 1880 3321 approprietur
1904 3290 1976 3320 spo·

110 3309 243 3344 lxseaeno
260 3318 458 3351 exprimitur
471 3321 612 3356 propter
627 3316 746 3351 Atium
767 3317 826 3358 qui
848 3323 996 3354 creatum
1079 3324 1212 3359 cialiter
1231 3326 1341 3370 Patri;
1357 3330 1393 3360 ut
1406 3338 1445 3361 ex
1458 3327 1485 3361 1.
1499 3327 1596 3361 Joan.
1608 3336 1630 3362 v
1647 3328 1828 3368 colligitur.

111 3356 162 3390 vel
179 3355 301 3391 fascium
330 3361 504 3395 asserebat.
525 3363 578 3395 Sic
594 3362 684 3396 enim
709 3363 770 3406 ibi,
798 3364 913 3400 Deum
939 3377 996 3402 ve·
1119 3372 1162 3412 (5)
1176 3373 1272 3406 Juxta
1284 3373 1368 3406 illud
1384 3375 1462 3413 (lac.
1480 3383 1505 3417 1,
1518 3374 1570 3414 48)
1587 3387 1596 3408 ε
1611 3375 1828 3409 Voluntaria
1845 3374 1974 3416 yenuil

110 3414 192 3460 rurn
212 3405 254 3439 de
275 3407 347 3440 Deo
370 3418 454 3442 vero
467 3436 476 3450 ,
494 3412 654 3465 yenftum
667 3421 743 3445 non
761 3414 906 3455 sactum,
931 3420 993 3450 etc.
1079 3429 1143 3454 nos
1158 3420 1260 3454 verbo
1274 3422 1453 3464 veritalis,
1469 3426 1511 3458 ut
1525 3424 1637 3458 simus
1655 3423 1808 3457 initium
1829 3420 1974 3466 aliquid

114 3450 154 3486 Et
171 3464 206 3486 m
219 3454 367 3494 symbolo
388 3456 561 3492 Athanasii
579 3473 587 3492 :
607 3459 730 3495 Filius
751 3461 774 3495 ὰ
788 3461 901 3495 Patre
919 3464 994 3498 solo
1080 3469 1258 3502 creaturae
1280 3467 1372 3510 ejus.

111 3503 172 3539 est.
187 3511 261 3536 non
276 3503 405 3545 sactus,
417 3514 481 3539 nec
496 3510 652 3550 creatus,
682 3508 745 3544 sed
762 3508 919 3553 genitus„
