2170 3808
619 233 817 285 QUAEST.
847 233 1020 287 LXVIII,
1052 234 1172 275 ART.
1202 233 1254 275 IX
1279 233 1344 275 ET
1366 233 1418 275 X.
1886 233 1969 274 599

83 316 208 360 tinus
231 315 340 360 dicit
360 317 437 369 (De
455 318 753 371 peccatorum
768 314 946 358 meritis
967 318 1012 357 et
1034 314 1327 370 remissione,
1343 313 1423 358 lib.
1442 327 1472 370 1,
1491 325 1594 368 cap.
1609 314 1680 368 25,
1699 311 1822 355 circa
1839 311 1966 366 fin.):

85 395 106 415 «ι
130 379 265 421 Mater
289 376 493 420 Ecclesia
523 379 786 419 maternum
820 387 874 419 os
910 375 1115 431 parvulis
1140 375 1331 431 praebet,
1365 381 1418 419 ut
1451 373 1596 418 sacris
1629 372 1860 429 mysteriis
1881 371 1969 416 im-

81 437 301 491 buantur,
328 437 437 494 quia
471 436 680 481 nondum
706 442 902 494 possunt
922 437 1063 481 corde
1093 437 1280 492 proprio
1301 436 1491 481 credere
1515 436 1573 480 ad
1596 434 1851 492 Justitiam,
1881 445 1969 478 nec

78 511 159 543 ore
187 498 376 556 proprio
409 495 619 542 confiteri
654 499 714 544 ad
747 498 963 542 salutem.
996 516 1016 537 ω
1043 499 1095 541 Et
1122 500 1237 554 (cap.
1274 499 1345 552 19,
1377 497 1499 541 circa
1532 497 1632 550 fin.)
1651 509 1664 541 :
1686 513 1706 534 «
1733 496 1775 540 Si
1810 501 1967 539 autem

79 564 324 617 propterea
355 560 481 603 recte
512 558 675 603 fideles
702 565 946 611 vocantur,
975 558 1196 615 quoniam
1228 556 1366 602 fidem
1401 570 1486 614 per
1513 557 1655 601 verba
1684 557 1966 613 gestantium

78 620 422 677 quodammodo
442 620 732 676 profitentur,
757 632 842 664 cur
859 619 996 664 ctiam
1025 632 1116 662 non
1144 619 1426 674 poenitentes
1453 618 1727 672 habeantur,
1748 621 1855 661 cum
1883 628 1967 673 per

77 681 345 727 eorumdem
368 682 511 727 verba
531 682 831 738 gestantium,
855 681 1040 726 diabolo
1057 685 1103 724 et
1129 681 1236 725 huic
1266 680 1438 725 saeculo
1458 679 1782 724 abrenuntiare
1804 690 1967 723 mons-

80 746 291 787 trentur?
312 762 332 782 »
357 745 409 787 Et
427 743 590 788 eadem
610 743 790 788 ratione
808 747 1007 800 possunt
1029 742 1117 787 dici
1138 742 1450 798 intendentes,
1471 754 1564 786 non
1584 752 1666 797 per
1682 745 1837 784 actum
1863 751 1967 796 pro-

79 806 191 862 priae
208 806 502 862 intentionis,
523 807 631 850 cum
659 806 749 863 ipsi
778 805 1060 863 quandoque
1078 811 1241 850 contra
1260 805 1469 849 nitantur
1487 808 1534 848 et
1555 803 1754 860 plorent,
1783 803 1866 848 sed
1883 814 1968 860 per

80 871 234 912 actum
257 879 419 911 eorum
441 867 468 911 a
487 866 662 923 quihus
683 867 959 911 offeruntur.

133 928 200 973 Ad
232 929 473 973 secundum
509 928 790 984 dicendum,
827 927 983 984 quod,
1023 927 1143 972 sicut
1175 927 1464 984 Augustinus
1499 926 1709 970 scribens
1733 924 1968 969 Bonifacio

79 987 227 1043 (Cont.
247 988 366 1034 duas
383 989 519 1046 epist.
542 989 695 1046 Pelag.
715 989 795 1033 lib.
814 1002 854 1044 1,
876 1001 979 1045 cap.
1000 992 1094 1046 22),
1114 987 1240 1044 dicit,
1266 1007 1286 1026 «
1308 988 1357 1031 in
1373 987 1575 1032 Ecclesia
1594 987 1841 1032 salvatoris
1863 997 1966 1042 par-

80 1049 175 1094 vuli
194 1063 277 1107 per
298 1051 415 1095 alios
445 1052 657 1103 credunt,
688 1051 809 1095 sicut
829 1063 889 1095 ex
910 1051 1029 1104 aliis,
1052 1051 1224 1107 quaein
1247 1050 1479 1107 baptismo
1513 1049 1829 1104 remittuntur,
1854 1060 1967 1105 pec-

79 1115 184 1155 cata
200 1116 455 1157 traxerunt.
479 1132 499 1152 2»
521 1115 612 1157 Nec
640 1112 889 1170 impeditur
921 1124 1084 1156 eorum
1118 1112 1264 1165 salus,
1295 1112 1334 1156 si
1366 1115 1584 1167 parentes
1618 1111 1710 1156 sint
1736 1110 1963 1166 infideles,

80 1171 188 1228 quia
204 1205 218 1229 ,
254 1173 375 1218 sicut
408 1174 696 1229 Augustinus
721 1172 832 1217 dicit
856 1172 1007 1217 eidem
1031 1172 1263 1216 Bonifaoio
1289 1171 1500 1216 scribens
1526 1172 1679 1228 (epist.
1708 1174 1763 1216 98
1780 1205 1793 1224 ,
1818 1171 1863 1215 al
1891 1172 1963 1228 23,

78 1232 200 1278 circa
218 1235 376 1290 med),
410 1254 430 1272 ιι
464 1235 725 1279 offeruntur
749 1233 931 1290 parvuli
962 1233 1018 1276 ad
1053 1233 1398 1288 percipiendam
1432 1233 1718 1289 spiritualem
1750 1232 1963 1289 gratiam,

79 1305 172 1339 non
187 1299 282 1339 tam
297 1295 356 1339 ab
382 1295 450 1340 eis
481 1306 682 1352 quorum
707 1298 951 1350 gestantur
975 1293 1192 1337 manibus
1223 1293 1452 1349 (quamvis
1478 1298 1524 1338 et
1537 1293 1596 1338 ab
1612 1294 1743 1350 ipsis,
1760 1294 1799 1338 si
1814 1300 1861 1338 et
1876 1292 1966 1349 ipsi

80 1355 190 1399 honi
207 1356 366 1400 fideles
385 1360 535 1411 sunt),
563 1354 703 1412 quam
725 1354 784 1399 ab
808 1355 1030 1399 universa
1047 1355 1267 1399 societate
1292 1359 1561 1399 sanctorum
1582 1360 1722 1412 atque
1740 1355 1962 1399 fidelium.

76 1415 143 1462 Ab
175 1417 396 1461 omnihus
423 1428 628 1473 namque
657 1416 811 1461 offerri
832 1417 958 1461 recte
976 1416 1313 1472 intelliguntur,
1337 1417 1509 1473 quibus
1531 1417 1682 1473 placet
1709 1417 1834 1474 quod
1858 1416 1967 1461 offe·

76 1483 260 1534 runtur,
271 1484 316 1523 et
326 1491 525 1540 quorum
538 1479 762 1523 charitate
776 1478 835 1523 ad
844 1478 1221 1523 communionem
1235 1478 1383 1522 sancti
1393 1478 1584 1535 spiritus
1598 1480 1963 1537 adiunguntur.»

77 1540 326 1585 lnfidelitas
345 1546 501 1584 autem
524 1541 815 1598 propriorum
841 1545 1106 1596 parentum,
1137 1539 1317 1585 etIamsi
1345 1552 1426 1584 eos
1443 1546 1549 1596 post
1566 1541 1851 1598 baptismum
1875 1540 1965 1586 dae-

77 1602 340 1646 moniorum
373 1602 614 1647 sacrificiis
642 1602 853 1647 imbuere
874 1607 1118 1658 conentur,
1144 1603 1304 1659 pueris
1327 1614 1421 1646 non
1449 1607 1611 1659 nocet,
1643 1603 1768 1660 quia,
1800 1607 1852 1646 ut
1879 1605 1967 1647 Au-

80 1663 298 1720 gustinus
317 1663 518 1720 (ibidem,
540 1663 664 1709 circa
688 1665 858 1722 princ.)
885 1664 1012 1720 dicit,
1034 1682 1054 1701 «
1074 1677 1188 1721 puer
1214 1664 1360 1709 semel
1380 1669 1629 1719 generatus
1657 1678 1741 1721 per
1767 1664 1965 1709 aliorum
1987 1697 1989 1699 >

76 1724 313 1769 carnalem
347 1725 652 1782 voluntatem,
682 1728 790 1770 cum
815 1726 959 1771 semel
992 1731 1298 1781 regeneratus
1327 1726 1466 1770 fuerit
1486 1738 1571 1784 per
1601 1726 1796 1771 aliorum
1827 1725 1966 1782 spiri-

77 1785 252 1834 tualem
281 1786 598 1843 voluntatem,
631 1786 853 1844 deinceps
888 1798 983 1832 non
1018 1793 1171 1844 potest
1193 1786 1381 1832 vinculo
1404 1787 1569 1832 alienae
1593 1787 1850 1845 iniquitatis
1878 1787 1966 1831 ob-

78 1848 260 1904 stringi,
279 1849 320 1892 si
343 1849 473 1892 nulla
495 1850 583 1893 sua
603 1849 843 1894 voluntate
860 1850 1109 1907 consentit,
1131 1850 1390 1894 secundum
1412 1849 1529 1895 illud
1551 1851 1728 1907 (Ezech.
1745 1863 1863 1905 xvm,
1888 1853 1915 1893 4
1929 1852 1963 1903 ):

77 1911 199 1953 Sicut
216 1914 374 1954 anima
390 1913 544 1967 patris
567 1924 668 1956 mea
687 1915 771 1966 est,
793 1914 861 1955 ita
877 1916 922 1955 et
940 1915 1098 1955 anima
1117 1913 1228 1967 filii3
1257 1914 1414 1955 anima
1440 1924 1539 1967 quae
1559 1915 1834 1969 peccaverit,
1863 1914 1966 1967 ipsa

80 1974 313 2016 morietur.
356 1973 444 2018 Sed
471 1972 574 2017 ideo
601 1984 658 2019 ex
685 1974 830 2018 Adam
860 1973 999 2018 traxit
1024 1973 1150 2030 quod
1179 1974 1456 2019 sacramenti
1482 1974 1607 2019 illius
1641 1974 1786 2031 gratia
1819 1974 1967 2019 solve·

69 2036 222 2090 retur,
246 2033 357 2091 quia
379 2033 588 2078 nondum
610 2039 710 2079 erat
732 2035 888 2079 anima
906 2035 1153 2092 separatim
1169 2035 1348 2080 vivens.
1370 2035 1502 2080 Fides
1520 2040 1675 2080 autem
1696 2035 1856 2091 unius,
1872 2034 1966 2079 imo

67 2095 220 2139 *totius
237 2095 468 2151 Ecclesiae,
492 2096 688 2152 parvulo
710 2096 899 2152 prodest
917 2109 1000 2153 per
1022 2096 1338 2154 operationem
1362 2097 1557 2153 Spiritus
1577 2097 1743 2154 sancti,
1763 2096 1843 2155 qui
1862 2096 1967 2141 unit

78 2156 346 2212 Ecclesiam,
365 2162 412 2201 et
431 2157 561 2201 bona
584 2157 726 2202 unius
748 2157 881 2203 alteri
902 2158 1230 2203 communicat.

133 2217 201 2263 Ad
222 2222 406 2262 tertium
439 2219 687 2264 dicendum
704 2253 716 2274 ,
743 2220 868 2277 quod
897 2221 1018 2265 sicut
1040 2232 1156 2276 puer
1174 2255 1184 2273 ,
1210 2221 1316 2265 cum
1347 2221 1623 2279 baptizatur,
1658 2233 1755 2265 non
1788 2232 1869 2278 per
1897 2232 1968 2265 se-

79 2277 249 2336 ipsum,
271 2280 353 2325 sed
376 2293 454 2336 per
473 2281 588 2326 alios
606 2282 768 2334 credit,
793 2282 856 2325 ita
880 2294 973 2326 non
1000 2294 1084 2338 per
1105 2281 1336 2338 seipsum,
1360 2282 1442 2327 sed
1463 2294 1545 2338 per
1571 2282 1687 2327 alios
1709 2282 1967 2338 interroga-

81 2344 178 2398 tur3
199 2345 245 2386 et
267 2341 539 2399 interrogati
569 2343 848 2387 confitentur
876 2341 1016 2388 fidem
1038 2343 1253 2388 Ecclesiae
1274 2344 1322 2387 in
1346 2355 1546 2400 persona
1568 2343 1726 2399 pueri,
1757 2344 1836 2401 qui
1858 2344 1967 2389 huic

79 2400 184 2446 fidei
218 2408 535 2460 aggregantur
568 2417 651 2461 per
688 2405 798 2450 fidei
835 2410 1196 2450 sacramentum.
1231 2405 1571 2450 Conscientiam
1605 2410 1761 2450 autem
1794 2406 1967 2451 bonam

79 2465 376 2521 consequitur
397 2477 513 2522 puer
534 2467 673 2511 etiam
697 2466 746 2510 in
769 2466 938 2524 seipso,
963 2479 1059 2511 non
1083 2467 1274 2524 quidem
1302 2471 1438 2524 actu,
1462 2468 1547 2512 sed
1573 2466 1735 2512 habitu
1760 2480 1844 2525 per
1866 2480 1967 2524 gra-

79 2523 190 2569 tiam
208 2525 559 2582 Justiflcantem.

134 2608 475 2653 ARTICULUS
502 2611 565 2654 X.
594 2634 649 2641 -
672 2623 807 2654 uranu
841 2623 962 2653 ruem
982 2623 1211 2653 amazonum
1234 2623 1314 2653 vm.
1343 2624 1525 2654 Amomm
1549 2623 1787 2653 mnostrum
1814 2623 1908 2654 suu·

628 2683 779 2715 mvms
802 2685 1054 2715 mnnnrmus
1077 2684 1315 2715 ΒΑΡτιΖΑΝυΙ
1340 2673 1414 2726 (1).

380 2749 387 2753 ‘
413 2750 462 2784 De
479 2750 533 2786 his
547 2755 650 2786 enam
664 2753 686 2787 2
699 2753 733 2793 2,
750 2758 867 2794 quaest.
882 2761 914 2794 x,
931 2758 998 2788 art.
1018 2752 1071 2794 42,
1088 2758 1122 2787 et
1138 2753 1252 2794 quodl.
1270 2761 1310 2794 11,
1324 2756 1390 2788 art.
1407 2753 1440 2795 7,
1458 2756 1491 2788 et
1506 2752 1529 2788 2
1542 2764 1636 2794 corp.

138 2823 203 2869 Ad
220 2822 453 2869 decimum
473 2825 541 2869 sic
561 2827 843 2882 proceditur.
865 2832 907 2872 1.
935 2828 1123 2872 Videtur
1151 2827 1275 2884 quod
1305 2827 1439 2884 pueri
1470 2828 1734 2872 Judaeorum
1755 2828 1829 2874 vel
1851 2828 1970 2874 alio·

81 2897 186 2931 rum
205 2882 463 2930 infidelium
486 2887 579 2931 sint
600 2887 881 2945 baptizandi,
894 2889 1034 2934 etiam
1050 2890 1207 2933 invitis
1226 2889 1515 2946 parentibus.
1533 2890 1673 2946 Magis
1690 2890 1813 2935 enim
1830 2891 1970 2939 debet

82 2946 257 2992 homini
273 2946 515 2991 subveniri
533 2952 696 2993 contra
714 2950 974 3005 periculum
991 2951 1153 2995 mort1s
1170 2955 1356 2995 aeternae
1375 2951 1519 3007 quam
1533 2956 1694 2995 contra
1709 2952 1969 3007 periculum

81 3009 243 3053 mortis
266 3009 548 3065 temporalis.
576 3010 665 3055 Sed
687 3024 832 3067 puero
860 3013 910 3056 in
943 3013 1150 3070 periculo
1178 3013 1342 3057 mortis
1373 3012 1640 3069 temporalis
1661 3013 1874 3059 existenti
1897 3019 1970 3060 est

82 3071 456 3116 subveniendum
474 3105 486 3127 ,
519 3071 698 3116 etiamsi
729 3079 948 3129 parentes
980 3087 1063 3131 per
1095 3074 1319 3118 malitiam
1353 3079 1515 3118 contra
1545 3075 1821 3121 niterentur.
1851 3079 1969 3133 Ergo

83 3131 227 3177 multo
248 3132 399 3187 magis
433 3137 505 3177 est
540 3133 916 3180 subveniendum
950 3135 1109 3192 pueris
1146 3134 1404 3179 infidelium
1434 3134 1542 3180 filiis
1574 3148 1656 3193 per
1684 3136 1968 3194 baptismum

82 3198 244 3238 contra
268 3195 526 3249 periculum
550 3195 713 3239 mortis
735 3200 940 3252 aeternae,
962 3197 1100 3241 etiam
1125 3197 1284 3241 invitis
1305 3197 1593 3253 parentibus.

138 3258 182 3299 2.
213 3257 462 3312 Praeterea,
486 3256 567 3300 filii
588 3268 830 3302 servorum
853 3263 960 3303 sunt
980 3259 1123 3312 servi,
1149 3263 1196 3302 et
1218 3258 1267 3301 in
1290 3262 1519 3314 potestate
1544 3259 1854 3304 dominorum.
1880 3260 1970 3305 Sed

87 3316 228 3362 Judaei
250 3321 361 3361 sunt
384 3318 506 3362 servi
528 3329 691 3373 regum
723 3323 770 3364 et
794 3320 1074 3376 principum,
1099 3324 1145 3363 et
1167 3319 1451 3377 quicumque
1477 3321 1618 3365 etiam
1644 3321 1721 3364 alii
1741 3321 1967 3366 infideles.

126 3453 171 3495 (4)
193 3453 242 3488 Cf.
268 3452 357 3495 quod
380 3457 449 3494 iam
474 3464 513 3488 ea
538 3454 579 3488 dc
604 3466 641 3490 re
668 3454 797 3490 dictum
818 3461 867 3491 est
892 3456 924 3499 (2
946 3457 979 3500 2,
998 3461 1114 3499 quaest.
1134 3465 1168 3498 Χ,
1188 3461 1253 3492 art.
1270 3458 1337 3500 42).
