2170 3808
185 294 269 338 200
755 291 954 344 QUAEST.
985 290 1111 345 xxii,
1140 290 1259 333 ART.
1290 291 1324 333 V
1353 290 1416 332 ET
1444 291 1512 332 Vl.

183 387 320 429 num3
346 373 472 430 quia,
487 377 541 417 ut
555 372 725 417 dicitur
740 371 890 427 (Hebr.
911 385 953 427 x,
977 373 1047 425 14)
1065 386 1075 413 :
1103 372 1202 413 Una
1218 370 1440 414 oblatione
1454 371 1780 414 consummavit
1800 372 1848 412 in
1863 373 2076 414 aeternum

182 438 506 490 sanctificatos·

234 501 286 542 Et
309 509 388 554 per
409 497 497 540 hoc
517 500 643 552 patet
667 495 806 539 etiam
824 495 1068 551 responsio
1088 493 1147 538 ad
1167 496 1364 537 tertium.

238 560 396 604 Unitas
418 563 574 602 autem
594 557 735 614 hujus
753 556 1000 601 oblationis
1024 555 1313 612 figurabatur
1330 555 1379 598 in
1399 554 1503 611 lege
1517 567 1600 613 per
1621 556 1711 600 hoc
1732 552 1860 610 quod
1874 551 2019 597 semel
2033 553 2081 597 iu

182 634 306 667 anno
330 620 492 676 legalis
512 620 720 676 pontifex
739 617 848 664 cum
871 618 1068 664 solemni
1091 617 1324 662 oblatione
1344 618 1590 674 sanguinis
1608 615 1812 661 intrabat
1834 614 1881 659 in
1904 618 2081 672 sancta,

178 690 232 729 ut
249 683 419 728 dicitur
442 683 600 737 (Levit.
621 684 720 737 xvi).
743 682 829 727 Sed
851 681 1092 726 deficiebat
1106 681 1255 736 figura
1277 679 1303 723 a
1320 679 1512 724 veritate
1527 680 1577 723 in
1594 679 1683 724 hoc
1698 677 1824 736 quod
1842 676 1920 721 illa
1934 676 2085 721 hostia

179 757 274 790 non
305 744 506 790 habebat
525 744 855 800 sempiternam
876 742 1111 798 virtutem,
1138 745 1185 785 et
1212 740 1316 786 ideo
1339 740 1582 785 annuatim
1600 740 1690 784 illae
1711 738 1876 784 hostiae
1892 738 2086 783 reitera-

179 806 367 852 bantur.

235 884 581 927 ARTICULUS
610 884 694 925 vl.
714 905 770 912 —-
788 893 928 924 urium
949 892 1233 923 salcannorwu
1256 892 1418 924 cmusu
1440 893 1590 923 runnu·
1612 892 1827 924 sscuxnuu
1848 890 2029 922 oximum«

924 954 1242 986 nmemsnnsscn
1267 944 1343 996 (1).

268 1022 318 1056 De
333 1020 386 1056 his
401 1017 504 1055 etiam
524 1017 626 1061 infra,
644 1020 762 1059 quoest.
781 1025 851 1059 Lxx,
876 1021 944 1052 art.
965 1017 987 1051 5
1001 1015 1041 1051 ad
1056 1016 1091 1054 5.
1107 1020 1140 1050 et
1155 1017 1251 1050 Sent.
1281 1023 1330 1058 lv,
1350 1014 1428 1051 dist,
1446 1016 1479 1058 8,
1502 1021 1619 1058 quoest.
1636 1024 1663 1057 1,
1681 1020 1746 1051 art.
1762 1018 1796 1057 5,
1812 1019 1931 1058 quaest.
1950 1022 2005 1050 111.

238 1089 303 1135 Ad
319 1094 503 1134 sextum
526 1087 593 1131 sic
610 1086 889 1143 proceditur.
908 1090 949 1131 1.
974 1085 1163 1130 Videtur
1177 1084 1303 1142 quod
1322 1085 1634 1130 sacerdotium
1652 1085 1814 1130 Christi
1840 1097 1934 1129 non
1949 1083 2087 1128 fuerit

182 1151 442 1198 secundum
468 1150 680 1194 ordinem
703 1148 1050 1193 Melchisedech.
1078 1147 1286 1192 Christus
1308 1147 1435 1191 enim
1450 1152 1522 1192 est
1538 1148 1643 1191 fons
1665 1147 1808 1192 totius
1823 1145 2083 1203 sacerdotii,

182 1221 406 1270 tanquam
435 1212 704 1270 principalis
726 1211 959 1256 sacerdos.
988 1211 1076 1256 Sed
1097 1210 1212 1255 illud
1237 1210 1363 1266 quod
1388 1215 1459 1255 est
1483 1210 1736 1267 principale
1762 1223 1853 1254 non
1877 1209 2089 1267 sequitur

181 1277 391 1321 ordinem
416 1276 624 1330 alterius,
655 1273 738 1318 sed
766 1273 856 1317 alia
885 1277 1147 1329 sequuntur
1178 1273 1390 1316 ordinem
1417 1273 1583 1329 ipsius.
1615 1275 1734 1330 Ergo
1761 1272 1969 1317 Christus
1991 1283 2086 1317 non

182 1339 322 1384 debet
340 1338 429 1383 dici
455 1337 672 1394 sacerdos
692 1336 951 1381 secundum
974 1335 1186 1380 ordinem
1207 1334 1555 1380 Melchisedech.

269 1436 279 1446 .
307 1404 531 1446 Praeterea
554 1398 867 1444 sacerdotium
885 1398 1056 1442 veteris
1087 1397 1205 1454 legis
1220 1397 1526 1454 propinquius
1541 1396 1627 1441 fuit
1641 1396 1901 1442 sacerdotio
1922 1396 2086 1441 Christi

182 1463 323 1521 quam
349 1461 659 1506 sacerdotium
685 1459 809 1517 quod
828 1459 915 1503 fuit
937 1464 1046 1503 ante
1067 1459 1234 1516 legem.
1258 1459 1347 1504 Sed
1362 1463 1653 1503 sacramenta
1675 1459 1803 1504 tanto
1820 1458 2087 1515 expressius

182 1526 300 1582 signi
310 1522 510 1569 ficabant
520 1522 766 1575 Christum,
784 1521 957 1578 quanto
972 1521 1302 1578 propinquiora
1315 1521 1505 1566 fuerunt
1517 1522 1712 1580 Christo,
1726 1529 1778 1566 ut
1795 1527 1921 1579 patet
1940 1533 1999 1566 ex
2014 1520 2086 1567 his
2157 1504 2170 1531 Ἰ

182 1600 288 1646 quae
308 1588 354 1631 in
382 1586 589 1631 secunda
614 1589 743 1640 parte
767 1584 887 1629 dicta
911 1588 1023 1628 sunt
1040 1584 1228 1640 «simplic.
1252 1587 1337 1640 22,
1363 1590 1528 1640 quaest.
1547 1598 1594 1634 η,
1617 1588 1704 1629 art.
1722 1587 1779 1640 7).
1806 1586 1924 1640 Ergo
1939 1596 2086 1629 sacer·

182 1650 359 1695 dotium
379 1648 541 1693 Christi
559 1646 708 1702 magis
724 1646 860 1691 debet
875 1645 1164 1691 denominari
1181 1646 1438 1690 secundum
1453 1646 1763 1691 sacerdotium
1780 1645 1929 1701 legale
1943 1645 2084 1702 quam

183 1711 440 1756 secundum
466 1709 777 1754 sacerdotium
799 1708 1145 1762 Melchisedech„
1171 1708 1295 1765 quod
1317 1708 1405 1752 fuit
1423 1713 1529 1752 ante
1553 1708 1722 1765 legem.

239 1776 280 1817 3.
303 1775 527 1816 Praeterea
545 1770 695 1826 (Hehr.
716 1784 790 1826 vu,
806 1773 866 1828 2),
891 1770 1060 1815 dicitur
1075 1768 1201 1826 quod
1222 1774 1294 1814 est
1311 1775 1407 1814 Rex
1429 1773 1574 1826 pacis,
1597 1773 1693 1814 sine
1705 1774 1856 1827 patre,
1873 1773 1968 1813 sine
1982 1783 2087 1814 ma-

183 1839 269 1888 tre,
293 1838 388 1877 sine
412 1834 705 1890 yenealoqz‘a5
726 1840 866 1888 neque
891 1835 1071 1876 initium
1099 1832 1292 1888 dierum,
1312 1845 1451 1887 neque
1475 1832 1604 1885 finem
1629 1835 1731 1875 vitaz
1755 1831 1923 1874 liabens
1939 1846 1954 1872 .-
1980 1844 2086 1889 quae

183 1896 373 1953 quidem
397 1895 681 1940 conveniunt
712 1894 798 1939 soli
829 1895 939 1939 Filio
972 1894 1066 1939 Dei.
1096 1896 1213 1950 Ergo
1238 1907 1332 1939 non
1357 1894 1496 1939 debet
1519 1894 1605 1939 dici
1631 1894 1838 1939 Christus
1869 1894 2086 1942 sacerdos

185 1958 444 2003 secundum
468 1956 679 2001 ordinem
699 1956 1044 2012 Melchisedech,
1073 1960 1294 2013 tanquam
1316 1955 1561 2012 cujusdam
1583 1957 1789 2010 alterius,
1811 1956 1894 2002 sed
1913 1969 2086 2002 secun·-

185 2018 296 2063 dum
318 2019 528 2064 ordinem
545 2018 783 2074 suiipsius.
974 2059 976 2062 ,

241 2082 326 2126 Sed
349 2084 510 2125 contra
536 2085 607 2125 est
630 2081 756 2137 quod
782 2079 951 2125 dicitur
975 2080 1110 2134 (Psal.
1132 2093 1217 2138 cix,
1236 2082 1305 2135 4):
1334 2084 1398 2123 Tu
1417 2093 1462 2123 es
1477 2082 1685 2125 sacerdos
1704 2084 1752 2124 in
1778 2084 1993 2124 aeternum
2011 2095 2084 2126 se-
2155 2136 2157 2138 q

186 2145 382 2186 cundiam
405 2145 612 2186 ordinem
628 2140 972 2186 Melchisedech.

233 2211 528 2251 CONCLUSIO.
556 2233 606 2239 —-
632 2210 783 2250 Christi
813 2208 1090 2249 sacerdotium
1119 2208 1271 2249 dicitur
1295 2208 1524 2248 secundnm
1546 2209 1736 2250 ordinem
1761 2208 2053 2251 Melchisedech
2069 2241 2082 2261 ,

189 2269 354 2318 propter
373 2265 651 2306 excellentiam
670 2266 757 2305 veri
781 2264 992 2305 sacerdotii
1008 2264 1060 2303 ad
1083 2263 1254 2315 figurale
1272 2264 1543 2304 sacerdotium
1561 2265 1675 2318 legis.

241 2328 513 2384 Respondeo
532 2327 780 2372 dicendum
809 2326 951 2383 quod,
973 2325 1094 2371 sicut
1126 2339 1267 2384 supra
1292 2327 1466 2371 dictum
1494 2333 1564 2372 est
1594 2330 1698 2382 (art.
1732 2331 1759 2373 4
1790 2329 1887 2385 huj.
1918 2336 2080 2386 quaest.

190 2402 289 2446 arg.
307 2392 366 2444 3),
393 2389 540 2446 legale
559 2389 871 2434 sacerdotium
887 2389 974 2432 fuit
996 2388 1147 2444 figura
1169 2388 1412 2434 sacerdotii
1429 2389 1611 2444 Christi,
1630 2402 1726 2434 non
1747 2390 1936 2447 quidem
1951 2392 2083 2447 quasi

188 2451 441 2506 adaequans
464 2450 726 2506 veritatem,
753 2450 832 2494 sed
856 2449 1055 2494 multum
1076 2449 1134 2493 ab
1162 2462 1216 2494 ea
1239 2450 1459 2495 deficiens
1482 2466 1493 2493 ε
1522 2456 1622 2496 tum
1643 2452 1752 2509 quia
1774 2452 2083 2497 sacerdotium

189 2512 338 2569 legale
365 2525 459 2556 non
484 2512 742 2556 mundabat
770 2516 990 2568 peccata3
1023 2516 1122 2556 tum
1144 2513 1282 2556 etiam
1310 2513 1419 2569 quia
1452 2526 1546 2557 non
1566 2517 1666 2558 erat
1687 2518 1930 2567 aeternum,
1965 2515 2081 2561 sicut
2121 2536 2124 2538 ·

190 2574 500 2619 sacerdotium
528 2574 689 2618 Christi
719 2589 729 2615 z
754 2573 853 2630 ipsa
877 2578 1033 2618 autem
1056 2574 1333 2618 excellentia
1353 2575 1596 2620 sacerdotii
1621 2576 1786 2621 Christi
1802 2576 1860 2622 ad
1879 2577 2086 2622 sacerdo·

191 2638 305 2682 tium
337 2637 570 2681 leviticum
592 2637 679 2681 fuit
711 2637 910 2693 figurata
933 2636 980 2680 in
1006 2637 1263 2682 sacerdotio
1285 2638 1631 2693 Melchisedech,
1657 2639 1737 2696 qui
1770 2639 1829 2683 ab
1855 2639 2078 2684 Abraham

190 2698 395 2743 decimas
416 2698 632 2754 sumpsit,
655 2697 702 2742 in
726 2698 862 2754 qu‘us
877 2698 1050 2742 lumbis
1073 2698 1330 2744 decimatus
1349 2705 1422 2744 est
1443 2700 1784 2757 quodammodo
1809 2701 1907 2758 ipse
1928 2713 2080 2746 sacer-

189 2759 274 2804 dos
305 2759 484 2815 legalis.
520 2762 574 2804 Et
596 2759 700 2804 ideo
730 2760 1040 2805 sacerdotium
1067 2761 1230 2805 Christi
1255 2760 1422 2806 dicitur
1447 2773 1551 2806 esse
1581 2762 1842 2807 secundum
1874 2761 2085 2808 ordinem

189 2822 520 2866 Melchisedech
541 2823 614 2878 (2),
637 2827 825 2879 propter
846 2822 1170 2867 excellentiam
1192 2823 1290 2868 veri
1312 2824 1557 2868 sacerdotii
1578 2825 1637 2869 ad
1654 2825 1849 2881 figurale
1867 2825 2081 2871 sacerdo-

190 2884 305 2928 tium
323 2884 457 2940 legis.

247 2945 310 2990 Ad
340 2950 539 3001 primum
562 2957 674 3002 ergo
696 2945 961 3002 dicendum,
995 2946 1120 3003 quod
1148 2947 1355 2991 Christus
1386 2960 1481 2991 non
1508 2948 1677 2993 dicitur
1696 2960 1801 2993 esse
1825 2949 2082 2994 secundum

191 3007 400 3052 ordinem
418 3007 764 3064 Melchisedech,
790 3008 924 3065 quasi
943 3008 1281 3065 principalioris
1307 3010 1576 3062 sacerdotis,
1601 3010 1683 3055 sed
1707 3011 1841 3067 quasi
1866 3011 2083 3068 praefigu-

191 3069 339 3113 rantis
359 3069 683 3114 excellentiam
705 3070 949 3115 sacerdotii
970 3070 1134 3115 Christi
1153 3071 1211 3115 ad
1231 3071 1541 3116 sacerdotium
1562 3072 1814 3118 leviticum.

246 3129 313 3174 Ad
342 3132 588 3173 secundum
625 3131 890 3187 dicendum,
922 3132 1047 3188 quod
1071 3132 1118 3176 in
1135 3133 1390 3178 sacerdotio
1412 3134 1575 3178 Christi
1597 3134 1690 3179 duo
1709 3140 1907 3191 possunt
1926 3137 2084 3181 consi-

193 3190 370 3245 derari3
398 3191 573 3236 scilicet
604 3192 705 3248 ipsa
734 3193 905 3238 oblatio
927 3194 1108 3250 Christi,
1141 3199 1186 3239 et
1211 3195 1498 3251 participatio
1527 3196 1647 3252 eJ'us.
1673 3196 1904 3250 Quantilm
1933 3199 1991 3243 ad
2014 3198 2083 3255 ip-

192 3265 292 3298 sam
317 3252 598 3298 oblationem
623 3258 698 3311 (3),
725 3257 991 3312 expressius
1006 3257 1237 3318 figurabat
1256 3259 1565 3304 sacerdotium
1587 3259 1753 3304 Christi
1775 3260 2083 3305 sacerdotium

231 3389 277 3430 (Ι)
298 3389 482 3431 Responsio
498 3389 702 3426 affirmativa
722 3392 762 3426 de
786 3393 850 3427 fide
866 3398 926 3436 est,
947 3399 985 3429 ut
1004 3398 1095 3435 patet
1180 3395 1324 3435 explicat
1338 3395 1440 3431 verba
1452 3396 1505 3430 Ps.
1526 3403 1583 3429 cix
1593 3407 1668 3437 quae
1684 3395 1719 3429 in
1732 3408 1863 3437 argum.
1879 3397 1941 3432 scd
1955 3399 2082 3431 contra

191 3447 228 3470 cx
250 3437 304 3470 Ps.
331 3445 410 3478 CXX,
436 3439 469 3478 4,
495 3437 599 3472 chr.
624 3446 686 3478 vn,
708 3444 742 3473 ct
767 3452 804 3474 ex
824 3453 917 3477 conc.
937 3442 1091 3477 Trident.
1180 3443 1286 3477 relata
1303 3449 1392 3478 sunt.

189 3495 265 3517 sess
287 3493 370 3518 xxu.
1222 3492 1266 3531 (5)
1293 3492 1359 3526 Pro
1387 3491 1518 3525 actione
1539 3491 1610 3532 ipsa
1635 3491 1801 3526 offerendi
1821 3487 2082 3527 cruento'modo

231 3532 272 3574 (2)
291 3532 362 3568 Hoc
377 3532 469 3567 enim
489 3545 586 3568 sensu
605 3533 785 3576 Apostolus
800 3546 872 3576 cap.
891 3545 910 3570 v
928 3537 968 3570 ad
987 3537 1090 3571 Hebr.
1180 3544 1363 3581 sumptam,
1383 3544 1420 3574 ut
1430 3539 1770 3581 adjuncta-explicant
1784 3553 1791 3574 :
1807 3541 1960 3582 quamvis
1978 3540 2081 3576 etiami
2118 3576 2135 3581 ,
