2170 3808
671 188 873 239 QUAEST.
904 189 1048 249 LXVI,
1078 188 1194 231 ART.
1226 187 1312 231 Vll.
1853 190 1934 232 567

50 290 60 315 ‹
81 270 266 316 eorsum
305 269 584 322 occultatum
620 268 786 314 deinde
819 282 968 314 novus
990 272 1154 314 rursus
1178 269 1403 315 ascendit.
1421 288 1442 309 a
1471 272 1586 327 Ergo
1609 269 1792 314 videtur
1809 267 1935 325 quod

50 332 60 376 i
75 331 284 376 nmersio
306 331 366 375 sit
385 331 442 375 de
457 330 732 375 necessitate
747 331 980 388 baptismi.

103 397 147 438 3.
170 396 409 448 Praeterea,
433 392 472 436 si
501 393 603 437 sine
622 393 920 438 immersione
950 393 1092 438 totius
1119 393 1326 450 corporis
1354 397 1513 454 posset
1533 391 1634 437 fieri
1654 392 1929 449 baptismus,

49 460 322 512 tequeretur
346 454 472 510 quod
497 454 596 510 pari
626 455 804 500 ratione
827 455 1063 500 sufficeret
1082 455 1341 511 quamlibet
1358 460 1538 511 partem
1560 455 1681 511 aqua
1701 453 1928 511 perfundi.

48 518 136 562 ted
157 518 244 562 hoc
267 517 448 561 videtur
465 517 819 576 inconveniens,
840 518 952 575 quia
966 517 1191 573 originale
1215 522 1473 572 peccatum,
1494 522 1655 561 contra
1673 517 1797 574 quod
1819 528 1931 572 prae-

44 594 57 621 ‹
75 579 181 636 ipue
213 578 349 623 datur
383 578 661 638 baptismUS,
704 592 798 624 non
840 582 911 624 est
950 578 999 622 in
1036 591 1130 622 una
1163 579 1343 623 tantum
1381 579 1590 636 corporis
1632 584 1777 635 parte.
1813 580 1931 635 Ergo

46 640 228 684 videtur
256 639 382 697 quod
416 639 682 697 requiratur
710 640 948 686 immersio
978 639 1039 685 ad
1071 639 1371 697 baptismum,
1399 643 1446 684 et
1480 652 1575 684 non
1603 639 1805 684 sufficiat
1833 639 1932 685 sola

45 713 266 758 aspersio.

97 762 185 808 Sed
203 766 363 807 contra
382 767 454 807 est
475 763 601 819 quod
619 763 769 816 (I-lebr.
787 779 830 821 x,
846 767 916 820 22)
935 763 1104 809 dicitur
1124 777 1137 808 ε
1155 765 1440 808 Accedamus
1455 776 1557 807 cum
1573 775 1677 807 vero
1708 763 1846 807 corde
1879 761 1932 807 in*

42 823 324 880 plenitudine
355 825 479 882 fidei,
499 829 678 881 aspersi
695 828 841 870 corda
860 828 892 870 ὰ
929 828 1206 869 conscientia
1225 826 1371 881 mala,
1393 829 1435 869 et
1456 826 1602 869 abluti
1621 838 1784 881 corpus
1807 825 1934 881 aqud

43 887 234 930 munda.

89 953 382 993 CONCLUSIO.
400 975 450 983 -
470 955 573 995 cum
595 954 640 994 in
671 954 872 1005 baptismo
888 956 1123 994 assumatur
1147 965 1255 1005 aqua
1273 953 1326 994 ad
1349 953 1527 1006 corporis
1549 952 1819 1004 ablutionem,
1843 965 1929 996 non

42 1006 164 1048 modo
182 1019 250 1058 per
264 1008 586 1058 immersionem,
606 1009 752 1048 verum
780 1011 905 1049 etiam
930 1020 1002 1060 per
1019 1009 1316 1060 aspersionem,
1335 1008 1399 1048 vel
1414 1007 1655 1049 effusionem
1673 1020 1810 1060 aquae,
1829 1007 1929 1060 bap·

42 1063 193 1105 tismus
215 1066 304 1105 dari
324 1069 478 1117 potest,
498 1068 629 1107 tutius
648 1071 785 1106 tamen
810 1070 871 1106 est
896 1067 1009 1117 (quia
1027 1066 1104 1106 hoe
1118 1065 1238 1106 hahet
1258 1067 1519 1106 communior
1535 1066 1650 1115 usus)
1667 1076 1738 1117 per
1757 1065 1930 1106 modum

43 1120 321 1161 immersionis
342 1122 562 1173 baptizare.

99 1183 371 1239 Respondeo
394 1183 643 1228 dicendum
663 1182 789 1239 quod
817 1195 938 1240 aqua
959 1182 1214 1227 assumitur
1232 1182 1281 1226 In
1309 1187 1600 1227 sacramento
1618 1181 1838 1239 baptismi
1868 1182 1929 1227 ad

43 1254 183 1288 usum
200 1244 447 1289 abluti0nis
465 1244 731 1300 corporalis,
745 1255 829 1299 per
846 1254 986 1300 quam
1004 1242 1293 1299 significatur
1309 1243 1500 1287 interior
1521 1243 1695 1287 ablutio
1714 1247 1929 1299 peccato-

42 1315 166 1349 rum.
185 1306 368 1350 Ablutio
385 1311 538 1349 autem
554 1305 651 1349 fieri
671 1309 821 1361 potest
841 1317 925 1360 per
942 1316 1129 1360 aquam,
1145 1316 1240 1348 non
1257 1304 1408 1349 solum
1423 1317 1506 1360 per
1523 1305 1716 1348 modum
1738 1305 1927 1348 immer-

42 1365 206 1421 sionis,
230 1366 314 1411 sed
337 1367 477 1411 etiam
500 1378 582 1422 per
602 1366 795 1410 modum
815 1365 1099 1422 aspersionis
1119 1366 1196 1410 vel
1227 1366 1482 1411 effusionis.
1507 1368 1559 1410 Et
1591 1366 1695 1411 ideo
1717 1367 1930 1423 quamvis

43 1425 188 1471 tutius
217 1427 276 1472 sit
304 1427 536 1486 baptizare
554 1440 637 1485 per
658 1428 852 1473 modum
881 1428 1193 1473 immersionis
1216 1429 1344 1486 (quia
1370 1429 1458 1473 hoc
1480 1427 1619 1473 habet
1638 1429 1929 1473 communior

41 1491 173 1543 usus)
199 1491 268 1544 (1),
290 1494 622 1546 potest.tamen
651 1486 747 1534 fieri
778 1490 1042 1546 baptismus
1068 1503 1151 1547 per
1169 1491 1359 1535 modum
1386 1491 1685 1546 aspersionis,
1702 1490 1775 1535 vel
1789 1490 1928 1535 etiam

42 1562 125 1607 per
151 1553 342 1596 modum
366 1552 605 1596 effusionis
647 1555 720 1608 (2),
747 1552 1006 1597 secundum
1035 1553 1150 1597 illud
1187 1554 1363 1608 (Ezech.
1388 1567 1528 1609 xxxvr,
1553 1556 1623 1604 25)
1643 1565 1657 1596 τ
1680 1554 1928 1608 Effundam

42 1624 179 1668 super
197 1626 273 1656 vos
291 1627 458 1669 aquam
471 1614 706 1671 mundam,
724 1613 846 1659 sicut
863 1614 1030 1660 beatus
1053 1615 1323 1659 Laurentius
1341 1615 1511 1671 legitur
1527 1615 1786 1671 baptizasse
1804 1617 1928 1669 (cum

43 1673 103 1718 ab
124 1687 180 1718 eo
210 1674 260 1719 in
282 1677 505 1720 craticula
523 1676 817 1733 superposito
837 1689 888 1721 se
910 1676 1130 1733 baptizari
1154 1679 1198 1721 S.
1222 1680 1456 1722 Romanus
1477 1677 1730 1734 petiisset);
1756 1683 1802 1722 et
1840 1678 1928 1723 hoc

43 1736 275 1793 praecipue
294 1744 481 1794 propter
495 1740 837 1796 necessitatem,
855 1738 931 1783 vel
954 1739 1065 1796 quia
1087 1743 1159 1784 est
1175 1750 1347 1795 magna
1363 1739 1614 1784 multitudo
1632 1739 1929 1795 baptizando·

66 1810 164 1855 um,
180 1803 234 1844 ut
254 1804 382 1855 patet
405 1802 516 1854 (Act.
542 1814 571 1843 11
591 1805 637 1845 et
653 1803 727 1855 iv),
751 1799 1019 1845 ubidicitur
1038 1801 1164 1858 quod
1187 1802 1484 1847 crediderunt
1504 1804 1598 1846 una
1618 1801 1692 1847 die
1714 1802 1800 1846 tria
1821 1802 1929 1848 mil-

43 1860 122 1917 da,
141 1866 187 1906 et
199 1861 290 1906 alia
302 1862 378 1906 die
396 1862 604 1919 quinque
624 1862 785 1907 millia.
805 1863 1092 1920 Quandoque
1111 1863 1266 1908 aute'm
1286 1868 1439 1921 potest
1457 1864 1702 1909 imminere
1719 1865 1930 1910 necessi-

44 1927 115 1967 tas
137 1928 323 1981 propter
337 1925 615 1981 paucitatem
632 1937 782 1981 aquae,
801 1926 873 1969 vel
889 1930 1077 1982 propter
1090 1925 1378 1971 debilitatem
1391 1925 1671 1983 baptizandi,
1682 1927 1757 1971 cui
1775 1931 1928 1984 potest

43 1983 284 2050 imminere
303 1986 562 2042 periculum
586 1988 748 2031 mortis
775 1999 835 2032 ex
872 1987 1185 2033 immersione.
1208 1991 1261 2033 Et
1299 1987 1404 2033 ideo
1423 1988 1673 2034 dicendum
1695 1994 1768 2034 est
1802 1989 1927 2046 qued

43 2046 278 2091 immersio
297 2060 390 2091 non
410 2052 481 2092 est
504 2047 561 2092 de
584 2049 857 2093 necessitate
873 2048 1105 2106 baptismi.

96 2107 162 2152 Ad
183 2111 379 2162 primum
397 2121 509 2165 ergo
527 2109 791 2166 dicendum,
806 2110 931 2168 quod
951 2123 1006 2155 ea
1021 2123 1125 2168 quae
1144 2114 1256 2155 sunt
1274 2123 1358 2168 per
1378 2111 1612 2171 accidens,
1638 2124 1730 2156 non
1745 2112 1927 2158 variant

41 2169 350 2214 substantiam
365 2171 447 2215 rei.
477 2173 627 2216 Perse
651 2177 804 2216 autem
827 2173 1076 2229 requiritur
1095 2173 1156 2218 ad
1176 2173 1460 2230 bapt1smum
1479 2173 1731 2230 corporalis
1751 2174 1926 2220 ablutio

42 2243 125 2286 per
155 2243 345 2288 aquam,
383 2233 508 2276 unde
548 2237 596 2277 et
634 2233 892 2290 baptismus
924 2234 1163 2279 lavacrum
1202 2236 1484 2292 nominatur,
1516 2237 1775 2281 secundum
1811 2237 1925 2282 illud

43 2293 221 2348 (Ephes.
243 2307 287 2351 v,
310 2297 380 2348 26)
406 2307 418 2338 ε
449 2296 674 2338 Mundam
692 2308 791 2339 eam
813 2296 1000 2340 lavacro
1035 2309 1163 2352 aquae
1196 2300 1246 2340 in
1266 2298 1399 2341 verbo
1435 2300 1552 2342 vitae.
1590 2298 1677 2342 Sed
1699 2298 1823 2354 quod
1846 2299 1925 2343 fiat

43 2354 218 2399 ablutio
249 2356 336 2400 hoc
357 2356 431 2400 vel
452 2356 530 2401 illo
561 2357 716 2414 modo,
747 2358 913 2403 accidit
939 2358 1185 2416 baptismo.
1216 2362 1269 2404 Et
1302 2359 1406 2404 ideo
1424 2360 1529 2404 talis
1560 2361 1805 2405 diversitas
1831 2374 1921 2406 non

43 2416 161 2461 tollit
176 2416 403 2462 unitatem
424 2417 655 2473 baptismi.

94 2478 162 2522 Ad
183 2479 424 2522 secundum
441 2479 709 2534 dicendum,
743 2480 868 2537 quod
886 2481 934 2525 in
952 2483 1250 2527 immersione
1284 2483 1550 2539 expressius
1568 2489 1925 2540 repraesentatur

42 2537 193 2597 figura
217 2540 469 2597 sepulturae
485 2540 673 2599 Christi3
698 2547 744 2586 et
761 2542 863 2587 ideo
881 2544 956 2588 hic
983 2545 1150 2588 modus
1170 2545 1431 2601 baptizandi
1453 2551 1524 2590 est
1553 2547 1842 2590 communior
1878 2552 1924 2592 et

38 2601 330 2648 laudabilior.
355 2603 442 2648 Sed
477 2603 523 2648 in
564 2603 666 2648 aliis
703 2604 855 2649 modis
897 2604 1158 2662 baptIzandi
1190 2611 1550 2663 repraesentatur
1585 2608 1738 2664 aliquo
1767 2609 1921 2666 modo,

42 2662 151 2708 licet
166 2664 335 2707 nonita
354 2665 572 2721 expresse
589 2678 601 2707 ε
623 2677 733 2710 nam
751 2679 1047 2724 quocumque
1064 2669 1202 2713 modo
1219 2668 1299 2712 fiat
1313 2668 1503 2726 ablutio,
1521 2681 1690 2726 corpus
1702 2671 1918 2728 hominis,

43 2723 114 2769 vel
138 2724 293 2780 aliqua
324 2738 432 2781 pars
455 2726 558 2781 ejus
579 2739 713 2783 aquae
730 2729 1024 2787 supponitur,
1053 2730 1174 2774 sicut
1202 2741 1372 2787 corpus
1386 2730 1550 2775 Christi
1566 2730 1655 2776 sub
1688 2736 1809 2776 terra
1834 2732 1923 2778 fuit

42 2786 263 2842 positum.

97 2847 163 2892 Ad
184 2850 367 2891 tertium
390 2848 654 2903 dicendum,
679 2850 804 2907 quod
821 2853 1088 2910 principalis
1107 2866 1214 2910 pars
1227 2854 1434 2912 corporis
1449 2854 1680 2912 praecipue
1695 2857 1921 2912 quantum

43 2908 104 2954 ad
120 2909 346 2954 exteriora
366 2910 590 2966 membra,
619 2914 691 2955 est
712 2918 866 2969 caput,
891 2915 936 2959 in
957 2928 1051 2971 quo
1072 2916 1231 2972 vigent
1248 2927 1412 2962 omnes
1433 2929 1600 2962 sensus
1618 2920 1664 2962 et
1679 2917 1922 2965 interiores

43 2975 88 3016 et
109 2971 373 3016 exteriores.
394 2974 448 3015 Et
477 2971 581 3016 ideo
606 2972 644 3016 si
676 2977 825 3019 totum
853 2988 1023 3034 corpus
1043 2980 1165 3034 aqua
1190 2991 1284 3022 non
1311 2979 1458 3035 possit
1484 2978 1699 3035 perfundi
1733 2987 1921 3038 propter

45 3044 177 3090 aquae
198 3032 493 3089 paucitatem,
523 3033 597 3077 vel
616 3039 803 3090 propter
837 3037 1042 3095 aliquam
1065 3039 1202 3082 aliam
1233 3052 1439 3095 causam,
1458 3045 1638 3097 oportet
1657 3047 1798 3098 caput
1812 3056 1920 3100 per-

44 3092 237 3138 fundere
261 3094 336 3149 (3),
361 3093 410 3136 in
446 3106 540 3151 quo
582 3095 903 3142 manifestatur
930 3099 1210 3156 principium
1242 3100 1454 3146 animalis
1490 3102 1612 3147 vitae.
1634 3105 1689 3147 Et
1710 3103 1818 3149 licet
1838 3117 1920 3161 per

82 3220 323 3264 (UDuodecim
336 3222 453 3261 primis
469 3223 621 3257 Ecclesiae
632 3224 760 3259 saeculis
775 3225 939 3266 baptisma
1024 3228 1276 3270 Florentinum,
1308 3234 1444 3266 auctore
1477 3232 1591 3268 Marco
1615 3233 1802 3277 Ephaesino‚
1830 3236 1919 3271 inter

42 3270 254 3304 communius
275 3269 340 3303 suit
368 3270 642 3305 administratum
670 3284 731 3313 per
754 3273 940 3308 immersio-
1023 3277 1104 3310 alias
1120 3278 1340 3318 separationis
1362 3291 1429 3314 suae
1451 3291 1563 3315 causas
1585 3287 1810 3322 praetexerunt
1831 3286 1918 3325 quod

44 3327 117 3351 nem
133 3331 142 3359 ;
160 3317 248 3358 quod
266 3323 395 3351 constat
424 3330 481 3358 per
511 3319 583 3352 haec
602 3319 703 3354 verba
734 3321 775 3354 D.
803 3321 940 3356 Thoniae
1024 3324 1168 3358 Ecclesia
1192 3336 1330 3359 romana
1353 3326 1536 3362 deserendo
1555 3327 1757 3368 baptismum
1774 3343 1832 3370 per
1847 3332 1918 3365 im-

45 3364 100 3405 qui
111 3364 197 3398 obiit
210 3377 296 3398 anno
307 3364 399 3398 4274.
1024 3372 1226 3406 mersionem
1241 3374 1259 3406 ii
1273 3384 1351 3407 vera
1373 3374 1440 3410 fide
1452 3375 1635 3414 defecisset.
1657 3378 1704 3411 ait
1720 3378 1876 3413 Billuart.

83 3413 127 3455 (2)
145 3414 241 3456 Quod
256 3418 305 3447 est
325 3417 440 3447 contra
459 3414 588 3449 Graecos
605 3416 663 3456 qui
681 3420 754 3457 post
777 3418 938 3459 synodum
1065 3419 1108 3461 (5)
1134 3419 1169 3453 Si
1189 3431 1273 3462 aqua
1300 3427 1399 3465 caput
1423 3436 1490 3459 non
1519 3425 1670 3464 tetigerit
1699 3425 1840 3461 dubium
1869 3429 1918 3462 est
