2170 3808
160 0 218 38 'ge
215 0 292 27 vsvs
300 0 318 27 x*
324 0 398 25 fem
409 0 414 7 ⁸
451 0 463 16 *x

114 26 119 34 f
136 28 147 42 κ
165 16 247 61 ,μα
261 31 266 34 <
282 38 291 50 „

144 50 151 61 5

715 262 915 314 QUAEST.
945 261 1123 318 XXXIX,
1151 260 1269 304 Am.
1301 261 1319 303 Ι
1342 260 1409 303 ΕΤ
1437 261 1490 304 11.
1965 259 2050 304 323

171 342 462 404 baptismatiS
478 341 572 387 vim
594 340 682 396 (vel
699 341 795 398 jus)
809 335 1033 386 haberent
1052 343 1130 396 (1),
1148 345 1195 386 et
1212 345 1265 385 ut
1282 340 1590 385 sanctificatas
1604 352 1754 396 aquas
1773 339 2049 396 relinqueret

171 407 462 466 postmodum
476 402 780 461 baptizandis,
796 422 815 442 n
832 404 954 448 sicut
970 404 1326 460 Chrysostomus
1337 402 1449 446 dicit
1469 405 1632 459 (Super
1648 403 1800 447 Matth.
1812 402 1933 446 alius
1944 413 2050 447 auc-

171 470 392 527 torfflom.
404 471 432 512 4
445 467 491 511 in
504 468 588 522 Op.
604 465 775 521 imperf
777 498 806 521 .‚
824 464 852 508 a
867 466 1049 522 princ).
1064 464 1291 519 Secundo,
1303 463 1428 522 quia,
1441 463 1563 508 sicut
1577 464 1930 522 Chrysostomus
1939 463 2050 509 dicit
2100 484 2105 525 j

169 532 330 589 (Super
339 529 491 575 Matth.
511 527 610 584 ib.),
628 544 648 564 α
666 527 879 583 quamvis
891 527 989 583 ipse
1006 538 1098 569 non
1112 531 1234 570 esset
1251 529 1481 581 peccator,
1499 532 1653 570 tamen
1671 532 1883 569 naturam
1894 537 2050 571 susce-

168 592 237 650 pit
253 590 571 650 peccatricem,
584 593 633 633 et
645 588 993 633 similitudinem
1005 587 1159 631 carnis
1178 587 1375 644 peccati:
1397 592 1640 642 propterea
1650 587 1735 631 etsi
1755 599 1839 643 pro
1860 598 1911 632 se
1932 586 2049 644 bap·

169 653 351 698 tismate
365 665 457 697 non
478 649 730 707 indigebat,
743 654 898 695 tamen
914 650 966 694 in
979 649 1084 694 aliis
1093 649 1292 693 carnalis
1302 652 1466 692 natura
1476 647 1818 704 opushabe‘bat3
1829 653 1911 693 »et
1927 648 2048 694 sicut
2092 689 2095 694 .

168 715 412 772 Gregorius
429 714 741 759 Nazianzenus
755 711 941 766 dicit(in
960 717 1077 756 orat.
1090 714 1162 764 39,
1177 723 1281 768 quae
1297 716 1366 755 est
1379 710 1427 754 in
1441 714 1603 754 sancta
1621 710 1830 764 Lumina,
1848 709 2044 768 emeda,
2073 767 2077 770 q

170 793 194 815 ε
202 776 458 834 baptizatus
469 781 539 820 est
551 775 770 830 Christus,
785 779 838 819 ut
850 780 996 819 totum
1007 779 1275 819 veteranum
1285 772 1427 817 Adam
1440 772 1685 826 immergat
1696 783 1871 828 aquae.»
1880 772 2045 832 Tertio,
2073 776 2077 795 ³

168 835 385 895 baptizari
398 837 556 894 voluit,
573 837 694 880 sicut
706 836 991 892 Augustinus
1000 835 1183 888 dicit(in
1196 846 1409 879 sermone
1425 834 1482 879 de
1496 834 1719 890 Epiphan.
1732 837 1787 877 29
1802 833 1859 877 de
1869 835 2045 892 Tempq

132 928 134 930 -
169 896 359 956 implic,
368 902 531 956 parum
547 898 574 942 a
585 898 770 955 princ.),
785 914 805 935 α
822 898 933 955 quia
943 897 1090 942 voluit
1100 898 1251 941 fauere
1261 896 1392 952 quod
1405 895 1667 940 faciendum
1677 894 1898 938 omnibus
1908 894 2048 951 impe·

102 992 112 995 ν
169 959 335 1004 ravit.»
358 963 412 1004 Et
436 960 522 1003 hoc
542 964 614 1003 est
634 958 760 1016 quod
778 958 877 1014 ipse
895 958 1032 1003 dicit:
1066 960 1142 1002 Sic
1159 958 1290 1001 decet
1316 970 1397 1001 nos
1426 957 1612 1013 implere
1633 969 1806 1000 omnem
1813 958 2047 1012 justitiam

167 1020 499 1076 matthamffi).
513 1021 567 1064 Ut
575 1020 697 1064 enim
710 1019 978 1064 Ambrosius
986 1019 1268 1075 dicit(Super
1275 1021 1382 1064 Luc.
1394 1018 1481 1063 loc.
1495 1029 1598 1074 sup.
1611 1018 1727 1076 cin),
1741 1035 1760 1055 «
1771 1016 1964 1074 haecestj
1973 1027 2047 1062 us-

170 1081 282 1137 titia,
304 1087 359 1127 ut
376 1082 500 1140 quod
509 1082 711 1126 alterum
726 1081 882 1126 facere
902 1081 1035 1139 velis,
1057 1080 1183 1136 prior
1202 1079 1304 1136 ipse
1323 1078 1535 1136 incipias,
1552 1083 1601 1124 et
1614 1083 1694 1124 tuo
1713 1080 1829 1124 alios
1847 1077 2045 1124 horteris

167 1155 292 1190 mem
328 1145 389 1189 lo.
410 1161 430 1182 υ
1895 1158 1898 1161 ·

219 1205 287 1252 Λᾶ
297 1157 502 1262 {rmum
528 1216 640 1262 ergo
656 1203 920 1260 dicendum,
935 1202 1065 1260 quod
1078 1202 1287 1247 Christus
1307 1214 1401 1247 non
1418 1202 1508 1248 fuit
1520 1202 1800 1260 baptizatae,
1813 1207 1868 1247 ut
1880 1201 2045 1248 ablue·

166 1271 313 1324 oemr,
331 1267 418 1313 sed
438 1271 490 1312 uz
503 1266 735 1320 ablueret,
760 1264 881 1309 sicut
904 1264 1080 1309 dictum
1102 1269 1175 1308 est
1197 1264 1262 1318 (in
1281 1266 1446 1321 corp.).

218 1328 286 1373 Ad
305 1329 548 1372 seo-nondum
580 1326 843 1380 dicendum,
863 1325 989 1382 quod
1017 1324 1227 1370 Christus
1256 1337 1350 1369 non
1375 1325 1526 1370 solum
1550 1324 1748 1370 debebat
1770 1324 1961 1380 implere
1985 1334 2045 1371 eu

165 1401 269 1446 quae
292 1387 616 1435 erant'veteris
651 1388 787 1444 legis,
810 1387 893 1432 sed
913 1388 1051 1432 etiam
1086 1387 1304 1431 inchoare
1326 1400 1380 1431 ea
1397 1400 1505 1443 quae
1520 1393 1631 1432 sunt
1660 1399 1795 1432 novae
1823 1385 1941 1443 legis
1961 1401 1973 1430 ε
1997 1389 2044 1431 et

164 1450 266 1497 ideo
285 1464 379 1496 non
394 1451 550 1496 solum
574 1450 722 1495 voluit
737 1450 1022 1506 circumcidi,
1040 1450 1122 1495 sed
1145 1449 1287 1494 etiam
1307 1449 1544 1505 baptizari.

217 1513 286 1558 Ad
301 1517 479 1557 tertium
498 1512 764 1566 dicendum,
787 1511 914 1570 quod
934 1511 1139 1556 Christus
1160 1516 1232 1556 est
1251 1512 1453 1568 primum
1469 1510 1709 1568 baptizans
1727 1508 2040 1567 spiritualiter,

163 1577 212 1619 et
230 1574 299 1619 sic
323 1587 414 1618 non
431 1579 506 1619 est
525 1574 801 1631 baptizatus,
825 1573 909 1618 sed
929 1573 1080 1618 solum
1095 1573 1145 1617 in
1167 1585 1306 1630 aqua.

217 1645 561 1689 ARTICULUS
589 1645 649 1688 11.
674 1666 730 1674 -—
754 1655 888 1687 urium
919 1654 1116 1687 cnmsrus
1137 1655 1335 1686 mensim
1350 1654 1519 1686 soumis
1540 1654 1741 1685 unaucurt
1763 1653 1986 1686 amrium.

218 1711 285 1757 Ad
308 1713 563 1757 secundum
581 1711 650 1757 sic
668 1711 945 1768 proceditur.
961 1715 1005 1756 1.
1025 1710 1210 1756 Videtur
1228 1711 1353 1769 quod
1371 1710 1578 1756 Christus
1595 1722 1690 1754 non
1708 1709 1920 1754 debuerit
1931 1709 2042 1767 bap-

166 1769 292 1816 tizari
310 1772 536 1830 baptismo
559 1772 764 1817 loannis.
785 1773 1046 1829 Baptismus
1065 1772 1195 1816 enim
1218 1772 1407 1816 loannis
1425 1772 1511 1816 fuit
1529 1772 1785 1828 baptismus
1806 1771 2042 1828 poeniten-—

165 1832 255 1878 tiae.
278 1834 365 1878 Sed
381 1834 660 1891 ,poenitentia
680 1833 858 1878 Christo
877 1845 975 1877 [non
995 1834 1242 1878 convenit:
1265 1833 1373 1890 quia
1392 1833 1572 1878 nullum
1600 1833 1761 1878 habuit
1782 1838 2040 1890 peecatum.

165 1896 287 1951 Ergo
304 1895 486 1940 videtur
503 1896 627 1952 quod
649 1907 741 1939 non
759 1894 977 1940 debuerit
998 1895 1216 1952 baptizari
1238 1895 1470 1952 baptismo
1491 1895 1692 1940 loannis.

215 1959 262 2000 2.
283 1959 520 2015 Praeterea,
549 1957 810 2013 baptismus
836 1956 1045 2014 Joannis,
1069 1957 1188 2002 sicut
1212 1957 1323 2002 dicit
1358 1958 1714 2014 Chrysostomus
1730 1957 1871 2009 (hom.
1902 1970 1960 2001 ιιι
1991 1957 2041 2003 in

162 2019 313 2063 natm.
329 2018 359 2062 a
384 2019 543 2073 med.)‚
563 2018 770 2063 medium
792 2018 880 2064 fuit
903 2018 1024 2063 inter
1042 2018 1326 2076 baptismum
1347 2020 1611 2064 Judaeorum
1626 2024 1671 2064 et
1689 2019 1849 2063 Christi
1871 2018 2042 2076 baptis·

162 2089 308 2124 mum.
340 2080 428 2125 Sed
454 2079 659 2124 medium
684 2079 807 2136 sapit
838 2085 1051 2124 naturam
1071 2086 1402 2126 extremorum.
1432 2081 1544 2125 cum
1572 2092 1689 2137 ergo
1718 2081 1925 2125 Christus
1945 2092 2040 2127 non

162 2139 299 2185 fuerit
330 2139 591 2198 baptizatus
626 2140 902 2197 baptismate
936 2141 1090 2198 legali,
1114 2155 1201 2187 nec
1236 2142 1376 2187 etiam
1409 2141 1687 2198 baptismate
1723 2153 1826 2199 suo,
1859 2141 2042 2191 videtur

163 2200 286 2257 quod
304 2202 400 2258 pari
422 2202 598 2247 ratione
616 2201 891 2259 baptismate
912 2204 1099 2248 Joannis
1122 2203 1341 2260 baptizari
1365 2216 1459 2247 non
1482 2202 1707 2248 debuerit.

214 2265 259 2308 3.
281 2265 518 2321 Praeterea,
532 2277 676 2309 omne
708 2265 833 2321 quod
853 2266 901 2309 in
924 2265 1067 2310 rebus
1089 2266 1306 2311 humanis
1327 2271 1399 2311 est
1417 2266 1660 2322 optimum,
1680 2264 1817 2310 debet
1845 2265 2038 2311 attribui

165 2323 353 2370 Christo.
374 2326 461 2370 Sed
484 2325 740 2382 baptismus
764 2327 954 2371 Ioannis
977 2339 1070 2371 non
1092 2331 1217 2371 tenet
1242 2339 1515 2383 supremum
1545 2326 1699 2370 locum
1725 2326 1845 2371 inter
1858 2326 2039 2384 baptis-

163 2389 299 2430 mata.
319 2389 436 2444 Ergo
454 2399 545 2431 non
566 2387 784 2432 convenit
801 2387 1031 2433 Christum
1054 2388 1274 2445 baptizari
1295 2388 1527 2445 baptismo
1542 2387 1750 2432 Joannis.

211 2447 303 2491 Sed
325 2452 484 2491 contra
501 2452 572 2492 est
589 2448 714 2505 quod
733 2448 903 2493 dicitur
918 2449 1086 2505 (Matth.
1104 2463 1166 2506 111,
1188 2451 1274 2505 33),
1286 2449 1413 2506 qued
1431 2451 1552 2493 venit
1560 2452 1689 2493 ,Iesus
1702 2451 1752 2493 in
1766 2449 2034 2508 Iordanem,

162 2511 210 2550 ut
228 2509 537 2565 baptizaretur
554 2511 584 2552 ὰ
605 2513 794 2554 loanne.

203 2580 495 2634 CONCLUSIO.
520 2604 571 2612 —
593 2583 830 2633 Congruum
847 2584 941 2635 fuit,
963 2585 1178 2626 Christum
1198 2585 1400 2638 baptizari
1415 2585 1620 2637 baptismo
1633 2585 1819 2634 loannis,
1843 2589 1891 2624 ut
1913 2586 2038 2627 Joan·

163 2634 229 2675 nis
250 2636 502 2686 baptismum
518 2638 809 2689 comprobaret.

215 2699 484 2753 Respondeo
510 2699 757 2744 dicendum
785 2701 928 2758 qued,
945 2702 1066 2747 sicut
1087 2703 1198 2748 dicit
1214 2700 1508 2758 Augustinus
1523 2703 1680 2759 (super
1689 2705 2035 2761 Joan.tract.13,

165 2757 381 2814 aliquant.
402 2760 429 2803 a
451 2760 633 2816 princ.),
658 2778 679 2800 «ι
701 2762 959 2819 baptizatus
987 2765 1208 2808 Dominus
1239 2764 1528 2821 baptizabat,
1549 2776 1643 2808 non
1678 2775 1733 2808 eo
1762 2761 2037 2819 baptismate

165 2831 256 2875 quo
280 2820 537 2876 baptizatus
550 2827 641 2868 est.
658 2841 680 2862 n
703 2824 832 2869 Unde
849 2825 959 2869 cum
988 2825 1087 2886 ipse
1120 2826 1371 2882 baptizaret
1394 2825 1622 2882 baptismo
1641 2824 1843 2882 propri0,
1872 2838 2038 2871 conse-

163 2893 311 2936 quens
343 2887 415 2925 est
449 2883 575 2939 quod
606 2896 699 2928 non
727 2885 867 2931 fuerit
902 2887 1161 2943 baptizatus
1190 2895 1284 2932 -suo
1316 2888 1609 2945 baptismate,
1640 2887 1721 2931 sed
1761 2887 2037 2943 baptismate

161 2941 364 3011 ioannis.
381 2944 433 2986 Et
457 2943 544 2987 hoc
563 2944 648 2988 fuit
673 2947 1148 3005 conveniens;primo
1171 2949 1359 3005 quidem
1379 2954 1567 3005 propter
1582 2949 1895 2993 conditionem
1919 2948 2037 3006 bap-

163 3002 283 3046 tismi
308 3004 510 3059 loanniS,
536 3005 615 3060 qui
637 3018 730 3050 non
758 3007 1005 3064 baptizavit
1028 3010 1079 3054 in
1111 3010 1305 3065 Spiritu,
1330 3010 1585 3055 sedsolum
1604 3010 1650 3053 in
1670 3023 1806 3066 aqua.
1831 3011 2036 3057 Christus

162 3067 315 3133 autem
337 3065 560 3120 spirituali
580 3066 854 3122 baptismate
878 3083 970 3114 non
990 3071 1241 3127 indigebat,
1262 3072 1340 3128 qui
1364 3071 1391 3114 a
1410 3072 1635 3128 principio
1658 3084 1754 3116 suae
1774 3073 2035 3129 conceptio-

161 3136 232 3167 ms
254 3125 400 3180 gratia
435 3126 626 3183 Spiritus
660 3130 806 3173 sancti
835 3132 1037 3187 repletus
1068 3134 1176 3186 suit,
1201 3138 1254 3177 ut
1282 3137 1407 3189 patet
1436 3145 1497 3177 ex
1520 3133 1653 3177 dictis
1680 3136 1857 3189 (quaest.
1892 3148 2033 3190 xxxiv,

159 3192 244 3230 art.
265 3191 325 3242 4).
342 3190 395 3232 Et
414 3189 509 3233 haec
531 3195 602 3234 est
617 3191 732 3235 ratio
755 3193 1062 3249 chrysostomi
1078 3195 1284 3249 (alterius
1298 3196 1518 3250 auctoris,
1540 3197 1663 3240 hom.
1691 3209 1730 3239 ιν
1761 3197 1806 3239 in
1835 3199 1915 3252 Op.
1944 3197 2035 3240 im-

158 3250 309 3303 perf).
332 3251 556 3306 Secundo,
577 3257 629 3296 ut
650 3253 771 3298 Beda
792 3254 901 3298 dicit
924 3259 1039 3312 (cap.
1056 3261 1083 3300 4
1107 3257 1152 3300 in
1179 3260 1347 3313 Marc.),
1382 3274 1402 3294 «
1422 3256 1678 3313 baptizatus
1705 3262 1776 3302 est
1805 3258 2034 3313 baptismo

155 3310 358 3365 ⁴Ioannis,
375 3317 427 3354 ut
456 3312 683 3368 baptismo
709 3326 796 3358 suo
818 3315 1098 3371 baptismum
1117 3317 1306 3361 Joannis
1327 3318 1661 3374 comprobaret.
1681 3338 1700 3358 »
1723 3318 1886 3373 Tertio,
1911 3319 2033 3363 sicut

195 3399 241 3441 (l)
256 3399 349 3434 Facit
375 3400 537 3435 nimirum
562 3401 598 3435 id
621 3403 710 3444 quod
735 3403 882 3438 Ecclesia
909 3405 994 3446 petit
1018 3406 1054 3440 in
1138 3419 1196 3441 nes
1212 3410 1250 3441 ea
1266 3406 1434 3448 abluendi,
1454 3413 1612 3448 operante
1628 3409 1663 3442 in
1681 3409 1728 3442 eis
1750 3408 1878 3448 Spiritu
1893 3411 2031 3453 sancto,

157 3444 392 3482 benedictione
423 3448 525 3483 fontis
542 3449 762 3493 baptismalis,
783 3456 821 3485 ut
847 3458 931 3486 esset
950 3454 1054 3486 unda
1138 3454 1292 3494 perfectae
1329 3455 1538 3496 purgationis
1573 3455 1818 3496 indulgentiam
1851 3467 2031 3498 conseque·

157 3494 378 3536 purificans..
393 3506 490 3539 aqua
506 3507 737 3540 reqenerans,
758 3504 822 3540 qua
838 3498 965 3533 scilicet
983 3512 1054 3534 om·
1139 3507 1270 3534 rentur.
