2170 3808
688 194 887 246 QUAEST.
918 195 1130 251 xxxvffl,
1158 195 1277 237 ΛΒΤ.
1307 194 1325 236 Ι
1353 195 1417 237 ET
1446 195 1496 239 11.
1959 196 2043 238 315

208 282 250 324 3.
273 281 513 332 Praeterea,
539 277 616 321 ubi
639 281 709 320 est
743 277 939 334 alicujus
970 279 1036 323 rei
1068 278 1381 334 superfluitas,
1407 289 1500 321 non
1527 282 1597 322 est
1626 277 1683 322 ad
1712 277 1828 322 illud
1864 276 2039 333 aliquid

154 340 434 385 addendum.
461 338 547 384 Sed
566 337 709 382 Judaei
733 339 1021 384 excedebant
1049 340 1096 383 in
1126 339 1444 395 superfluitate
1468 339 1798 395 baptismatum
1832 352 1842 380 :
1874 339 2040 383 dicitur

153 403 276 446 enim
297 401 444 455 (Marci
466 414 540 456 vn,
560 403 620 454 3),
639 399 763 457 quod
781 402 1002 445 Pltarz'saei
1020 405 1064 444 et
1089 414 1238 443 omnes
1255 403 1419 457 ludaei,
1440 405 1527 444 nisi
1545 402 1701 445 crebro
1720 402 1916 444 laverint
1939 414 2039 443 ma-

155 476 254 519 nus,
276 477 364 506 non
381 463 714 517 manducant..,
734 465 776 504 et
793 463 823 504 ὰ
841 467 941 516 soro
959 465 1198 517 venientes,
1223 465 1311 504 nisi
1331 463 1631 520 baptizentur,
1661 476 1749 504 mm
1777 462 2009 505 comedunt
2020 477 2039 518 ;

154 529 196 568 et
215 526 309 568 alia
326 525 468 567 multa
490 528 594 566 sunt
610 535 704 577 quae
726 525 902 567 tradita
921 527 1024 567 sunt
1047 524 1139 565 illis
1157 536 1357 578 servare,
1382 524 1658 578 baptismata
1673 523 1880 575 calicum,
1902 526 1945 566 et
1962 536 2039 565 ur-

153 599 345 638 ceorum,
363 589 407 627 et
422 588 770 628 aeramentorum
784 590 826 628 et
841 587 1077 628 lectorum.
1102 586 1219 641 Ergo
1238 584 1571 628 inconveniens
1589 583 1675 627 fuit
1694 585 1817 639 qued
1838 587 2037 629 Joannes

154 646 418 704 baptizaret.

210 709 294 753 Sed
311 712 470 751 contra
491 711 562 751 est
577 708 751 752 auctori
759 713 831 752 tas.
848 707 1092 764 scripturae
1103 708 1271 762 (Matth.
1291 721 1353 764 ιιι,
1368 710 1430 762 6),
1446 706 1528 751 ubi
1541 708 1779 763 praemissa
1795 707 2038 752 sanctitate
2101 735 2108 743 ·

153 769 357 874 Joagnis,
379 767 609 825 subditur,
634 770 758 826 quod
777 770 960 812 exibant
980 768 1042 811 ad
1062 782 1159 812 eum
1191 769 1336 825 multi,
1363 772 1407 812 et
1436 769 1792 825 baptizabantur
1824 768 1883 811 ab
1910 781 1960 810 eo
1987 771 2038 810 in

151 834 231 873 Jor
266 843 367 875 ane.

151 885 155 889 .
199 905 488 946 CONCLUSIO.
519 927 568 934 -
593 890 847 945 Conveniens
865 906 958 954 fuit,
976 910 1019 945 ut
1038 905 1216 945 Joannes
1238 904 1474 956 baptizaret,
1493 908 1540 944 ut
1557 904 1744 944 Christus
1765 902 2036 966 baptizaretur

152 964 191 1000 et
212 961 555 1009 manifestaretur,
575 964 614 999 et
629 964 677 1000 ut
692 960 878 1000 homines
895 961 946 1000 ad
966 960 1098 1000 Christ
1104 962 1113 998 i
1134 961 1383 1010 baptismum
1405 960 1639 1008 assuefacti,
1658 959 1819 999 facilius
1834 958 1885 998 ad
1904 959 2034 1008 poeni-

151 1017 304 1062 tentiae,
321 1019 360 1054 et
379 1015 570 1066 baptismi
591 1020 842 1056 sacramenta
858 1016 992 1055 idonei
1009 1015 1285 1055 redderentur.
1476 1028 1483 1036 ·

206 1086 474 1140 Respondeo
497 1085 745 1129 dicendum
768 1085 892 1142 quod
915 1085 1199 1129 conveniens
1220 1085 1307 1128 fuit
1328 1087 1552 1128 loannem
1579 1083 1824 1139 baptizare,
1849 1050 2035 1139 propter

151 1150 365 1202 quatuor.
397 1147 547 1190 Primo
577 1147 767 1202 quidem
795 1146 905 1204 quia
926 1146 1166 1202 oportebat
1188 1146 1418 1190 Christum
1442 1147 1470 1189 a
1501 1148 1677 1190 Joanne
1709 1144 1957 1200 baptizari,
1984 1148 2036 1188 ut

151 1207 432 1264 baptismum
453 1215 762 1264 consecraret,
787 1214 848 1255 ut
859 1209 1147 1265 Augustinus
1166 1209 1275 1254 dicit
1298 1211 1460 1266 (Super
1481 1210 1612 1253 Joan.
1638 1207 1808 1278 implic.
1834 1211 1965 1252 tiact.
1988 1211 2032 1264 5,

149 1269 256 1327 aliq.
293 1272 321 1314 a
343 1271 524 1327 princ..)
559 1272 802 1326 Secundo,
836 1275 888 1316 ut
907 1271 1116 1316 Christus
1139 1271 1536 1316 manifestaretur.
1563 1270 1691 1314 Unde
1713 1269 1812 1326 ipse
1833 1271 2033 1314 Joannes

149 1332 348 1388 Baptista
371 1333 480 1377 dicit
505 1335 649 1387 (Joan.
674 1347 704 1391 1,
727 1336 832 1388 31)·
821 1367 832 1378 .
867 1335 925 1377 Ut
957 1335 1290 1388 manifestetur,
1318 1333 1495 1378 scilicet
1516 1333 1751 1386 Christus,
1778 1334 1825 1374 in
1867 1333 2030 1387 lsrael,

146 1398 389 1450 propterea
409 1398 510 1437 veni
531 1409 609 1451 eqo
631 1400 677 1438 in
700 1409 821 1450 aqua
844 1396 1084 1451 baptizans
1095 1410 1113 1450 ,·
1129 1395 1517 1439 concurrentibus
1533 1393 1659 1438 enim
1681 1391 1828 1437 turbis
1847 1392 1904 1437 ad
1926 1392 2034 1449 bap-

151 1457 335 1500 tismum
362 1457 671 1501 annuntiabat
690 1457 918 1501 Christum
937 1470 948 1498 :
971 1456 1096 1513 quod
1115 1457 1304 1512 quidem
1320 1457 1498 1500 facilius·
1523 1456 1591 1499 sic
1606 1456 1779 1499 sactum
1799 1460 1868 1498 est
1891 1454 2031 1512 quarn

148 1516 186 1559 si
209 1529 291 1573 per
313 1517 522 1573 singulos
540 1518 854 1571 discurrisset,
877 1523 930 1562 ut
948 1519 1305 1575 chrysostomus
1325 1517 1435 1562 dicit
1457 1520 1619 1572 (Super
1640 1518 1768 1560 Joan.
1793 1516 1919 1559 hom.
1945 1530 2030 1571 xvi,

148 1577 267 1622 inter
295 1579 442 1636 princ.
472 1584 519 1623 et
553 1579 713 1633 med).
759 1579 934 1635 Tertio,
958 1585 1013 1623 ut
1033 1592 1120 1624 suo
1152 1579 1381 1636 baptismo
1405 1580 1716 1623 assuefaceret
1738 1578 1949 1622 homines
1973 1578 2031 1623 ad

148 1638 427 1696 baptismum
461 1641 636 1686 Christi.
669 1641 796 1686 Unde
826 1642 1072 1698 Gregorius
1103 1640 1214 1686 dicit
1246 1641 1311 1696 (in
1335 1641 1537 1699 quadam
1570 1641 1693 1685 hom.
1725 1643 1751 1683 7
1775 1640 1824 1682 in
1857 1642 2030 1695 Evang-v

148 1706 254 1746 ante
277 1702 436 1757 med.),
458 1702 583 1759 quud
606 1721 626 1740 «
651 1702 755 1747 ideo
772 1705 970 1748 Ioannes
990 1702 1254 1759 baptizavit,
1280 1707 1331 1747 ut
1349 1701 1675 1759 praecursionis
1703 1714 1800 1745 suae
1822 1700 2031 1744 ordinem

148 1775 360 1818 servans,
380 1764 460 1820 qui
480 1764 769 1808 nasciturum
782 1765 1029 1809 Dominum
1049 1765 1283 1810 nascendo
1298 1770 1602 1821 praevenerat,
1623 1762 1899 1819 baptizando
1913 1774 2033 1818 quo-

146 1837 238 1882 que
258 1825 593 1883 baptizaturum
616 1826 859 1870 Dominum
883 1826 1176 1883 praeveniret.
1195 1846 1214 1866 n
1239 1826 1425 1881 Quarto,
1451 1830 1502 1870 ut
1525 1826 1583 1870 ad
1607 1825 1927 1881 poenitentiam
1947 1826 2032 1868 ho-

146 1886 297 1932 mines
318 1887 570 1943 inducens,
594 1888 804 1932 homines
824 1892 1103 1945 praepararet
1132 1888 1192 1934 ad
1213 1888 1354 1944 digne
1378 1888 1726 1944 suscipiendum
1749 1887 2031 1942 baptismum

147 1948 324 1993 Christi.
351 1949 478 1994 Unde
498 1949 669 1993 ibidem
688 1948 808 1994 Beda
826 1949 937 1994 dicit
953 1950 1018 2004 (in
1039 1951 1161 1993 hom.
1185 1950 1448 1994 Circumcis.
1467 1962 1572 2006 quae
1587 1953 1660 1993 est
1677 1948 1797 1992 inter
1817 1949 1940 1991 hom.
1959 1951 2030 1991 to-

148 2009 238 2054 tius
260 2009 387 2067 anni,
408 2022 574 2067 parum
594 2009 620 2053 a
642 2010 804 2066 princ.)
828 2009 951 2067 quod
989 2027 1008 2048 «
1034 2011 1262 2067 quantum
1282 2010 1626 2055 catechumenis
1648 2009 1856 2054 nondum
1878 2008 2030 2065 bapti-

145 2072 256 2115 zatis
280 2071 469 2127 prodest
488 2071 697 2116 doctrina
720 2071 844 2126 fidei,
870 2072 1050 2115 tantum
1074 2071 1245 2128 profuit
1264 2071 1491 2129 baptisma
1513 2071 1702 2116 Joannis
1725 2075 1832 2114 ante
1858 2069 2026 2126 baptis-

146 2147 221 2179 ma
238 2134 400 2178 Christi
419 2148 430 2189 3
448 2153 467 2173 ι»
489 2133 598 2190 quia
616 2133 736 2177 sicut
752 2133 829 2177 ille
847 2133 1127 2189 praedicabat
1141 2133 1481 2190 poenitentiam,
1500 2138 1548 2178 et
1566 2133 1846 2189 baptismum
1866 2132 2026 2177 Christi

146 2196 503 2252 praenuntiabat,
529 2199 576 2239 et
593 2194 641 2238 in
660 2194 973 2251 cognitionem
1002 2196 1226 2251 veritatis,
1250 2208 1355 2252 quae
1376 2195 1552 2240 mundo
1575 2193 2030 2252 apparuiuattrahe-

147 2257 262 2302 bat:
297 2257 364 2302 sic
396 2256 595 2300 ministri
628 2256 841 2301 Ecclesiae
875 2256 1023 2312 primo
1055 2258 1300 2310 erudiunt,
1334 2262 1439 2314 post
1465 2262 1656 2314 peccata
1683 2267 1844 2300 eorum
1878 2255 2030 2300 redar-

147 2324 312 2375 guunt,
348 2318 537 2362 demum
562 2318 609 2361 in
634 2318 862 2374 baptismo
883 2318 1048 2363 Chr1sti
1073 2318 1393 2363 remissionem
1419 2322 1713 2373 peccatorum
1737 2316 2026 2374 promittunt.

198 2380 265 2425 Ad
296 2383 493 2436 primum
526 2392 638 2437 ergo
667 2380 942 2435 dicendum,
977 2379 1102 2437 quod
1126 2379 1386 2436 baptismus
1417 2380 1606 2424 Joannis
1630 2392 1723 2423 non
1749 2383 1849 2423 erat
1875 2390 1958 2435 per
1979 2391 2029 2424 se

145 2447 502 2498 sacramentum,
526 2441 610 2486 sed
628 2442 764 2498 quasi
787 2413 1022 2499 quoddam
1045 2442 1380 2487 sacramentale
1398 2442 1651 2499 disponens
1668 2441 1728 2486 ad
1746 2440 2028 2497 baptismum

145 2503 333 2560 Christi,
357 2509 403 2548 et
423 2504 526 2549 ideo
547 2502 807 2560 aliqualiter
827 2502 1085 2560 pertinebat
1105 2504 1165 2549 ad
1183 2503 1334 2560 legem
1360 2503 1549 2565 Christi,
1583 2515 1677 2546 non
1704 2507 1860 2546 autem
1882 2502 1942 2547 ad
1965 2502 2028 2546 le-

145 2576 248 2622 gem
268 2566 335 2608 Mo
370 2577 426 2608 sl.

198 2626 265 2672 Ad
296 2577 540 2670 sos-{undum
571 2625 849 2682 dicendum,
874 2626 1000 2683 quod
1021 2629 1223 2671 Ioannes
1250 2638 1345 2670 non
1369 2626 1522 2670 solum
1552 2625 1640 2669 fuit
1670 2626 1922 2681 propheta,
1945 2626 2027 2671 sed

141 2688 395 2745 plusquam
412 2688 655 2744 propheta,
679 2692 731 2732 ut
749 2687 916 2732 dicitur
939 2689 1106 2742 (Matth.
1128 2691 1203 2742 xi).
1228 2687 1330 2732 Fuit
1348 2688 1473 2732 enim
1498 2686 1724 2731 terminus
1742 2686 1856 2741 legis
1876 2684 2028 2731 etini-

146 2748 260 2794 tium
276 2749 507 2805 Evangelii
527 2750 602 2804 (1).
626 2751 681 2793 Et
702 2749 805 2794 ideo
825 2750 975 2806 magis
1002 2749 1261 2806 pertinebat
1280 2749 1339 2795 ad
1362 2761 1470 2793 eum
1493 2749 1636 2794 verbo
1658 2751 1704 2792 et
1733 2760 1872 2804 opere
1895 2748 2028 2793 indu-

145 2821 248 2854 cere
269 2810 479 2854 homines
496 2810 556 2855 ad
578 2810 728 2866 legem
749 2811 913 2855 Christi
940 2812 1082 2868 quam
1103 2811 1161 2856 ad
1183 2810 1525 2855 observantiam
1547 2809 1719 2854 veteris
1740 2809 1872 2864 legis.

199 2872 265 2916 Ad
287 2875 467 2914 tertium
485 2870 758 2927 dicendum,
777 2872 902 2929 quod
922 2872 1302 2928 baptismatailla
1330 2872 1666 2916 Pharisaeorum
1692 2875 1823 2914 erant
1845 2870 2023 2929 inania,

145 2937 303 2988 utpote
325 2932 381 2976 ad
405 2932 550 2976 solam
571 2933 848 2978 munditiam
871 2935 1026 2978 carnis
1049 2935 1285 2989 ordinata3
1310 2934 1394 2979 sed
1417 2933 1676 2990 baptismus
1702 2932 1888 2976 loannis
1907 2932 2026 2978 ordi-

146 2994 342 3038 nabatur
364 2993 422 3038 ad
442 2993 716 3038 munditiam
740 2995 1027 3049 spiritualem
1048 3011 1059 3039 :
1085 2995 1334 3039 inducebat
1347 2995 1472 3039 enim
1491 2995 1703 3039 homines
1719 2993 1778 3038 ad
1794 2994 2026 3050 poeniten-

147 3056 271 3112 tiam,
293 3059 342 3100 ut
363 3055 539 3100 dictum
562 3060 634 3100 est
650 3056 714 3109 (in
733 3059 896 3113 corp.).

363 3132 709 3174 ARTICULUS
729 3133 790 3175 11.
819 3155 870 3163 -
896 3144 1036 3176 uranu
1062 3145 1280 3175 BAPTtsmus
1298 3144 1465 3176 somnis
1483 3145 1635 3175 rui-:arr
1657 3144 1684 3174 A
1704 3144 1800 3177 nso.

535 3200 580 3234 De
596 3199 648 3234 his
662 3199 764 3234 etiam
779 3200 874 3234 Sent.
892 3207 931 3241 n,
951 3200 1031 3234 dist.
1048 3200 1100 3242 Η,
1118 3205 1230 3241 quaest.
1248 3209 1288 3242 11,
1308 3206 1371 3234 art.
1395 3202 1427 3242 t,
1444 3205 1557 3243 quaest.
1575 3209 1628 3236 ιιι.

198 3253 266 3298 Ad
293 3254 549 3298 secundum
578 3254 645 3298 sic
666 3254 947 3311 proceditur.
979 3257 1022 3298 1.
1057 3255 1243 3299 Videtur
1272 3256 1394 3312 quod
1429 3256 1685 3312 baptismus
1717 3257 1906 3301 Joannis
1928 3269 2023 3301 non

183 3377 311 3428 (ssiam
328 3378 410 3430 inde
431 3378 480 3410 lex
504 3377 603 3418 coepit
623 3376 778 3418 abrogari
805 3382 838 3411 et
872 3387 1012 3416 regnum
1042 3377 1104 3411 Dei
1133 3389 1199 3412 non
1226 3379 1370 3420 amplius
1397 3380 1614 3422 prophetari,
1642 3380 1699 3415 sed
1730 3379 1953 3420 evangelizari
1988 3383 2022 3413 et

144 3431 350 3458 annuutxan.
821 3441 825 3444 ’
