2170 3808
767 251 965 306 QUAEs‘r.
996 251 1067 307 111,
1096 251 1213 294 ΛΒΤ.
1244 251 1346 294 vm.
1948 254 2000 293 43

116 338 454 383 ARTIGULUS
484 336 614 378 vm.
653 357 708 366 -
736 347 877 378 tri-mm
907 346 1054 376 ramur
1089 345 1209 376 meis
1239 345 1498 376 conveniens
1540 343 1648 383 Quon
1686 343 1864 375 PERSONA
1903 344 1999 375 rim

336 409 571 442 Issum-:nm
600 408 796 438 numnam
835 406 1024 437 nnuma
1053 405 1163 442 Qum
1191 406 1285 436 ΑιιΑ
1314 406 1498 437 ransom
1526 405 1669 437 mvm
1699 394 1775 446 (t).

117 468 167 504 De
182 467 235 503 his
251 467 350 502 etiam
368 465 468 506 infra.
486 468 602 506 quaest.
622 472 739 503 xxxix,
761 471 827 498 art.
850 464 872 497 8
893 462 936 497 ad
949 462 983 502 5,
999 464 1033 496 et
1046 461 1142 496 Sene.
1167 469 1220 500 ιιι,
1245 461 1327 496 dist.
1344 461 1380 502 2,
1396 466 1513 503 quest.
1528 471 1576 504 n,
1591 466 1657 496 art.
1676 461 1711 501 2.
1728 464 1761 496 et
1781 451 1882 496 cont.
1906 464 1998 502 gent.

821 509 886 545 lib.
902 516 951 549 lv,
968 519 1041 550 cap.
1055 508 1098 543 59
1109 507 1169 542 fin.
1190 512 1223 542 et
1236 508 1291 542 62.

172 575 239 621 Ad
252 579 464 620 octavum
481 573 548 619 sic
566 572 848 631 proceditur.
868 573 912 614 1.
936 568 1121 613 Videtur
1136 567 1263 626 quod
1281 580 1375 612 non
1391 568 1530 613 fuerit
1546 569 1698 624 magis
1713 567 2001 614 conveniens

119 637 279 683 Filium
298 635 373 681 Dei
397 635 629 679 incarnari
649 634 790 691 quam
811 635 992 676 Patrem
1010 629 1086 674 vel
1111 629 1330 686 Spiritum
1360 634 1592 675 sanc-tum.
1616 633 1699 674 Per
1725 629 2000 687 mysterium

119 699 240 744 enim
269 696 602 742 incarnationis
626 695 839 741 homines
857 692 916 737 ad
933 702 1093 736 veram
1109 690 1186 735 Dei
1206 690 1519 748 cognitionem
1546 697 1659 736 sunt
1680 692 1908 748 perducti,
1931 703 2000 737 se-

118 759 321 805 cundum
339 757 455 803 illud
475 760 619 812 (Ioan.
644 769 764 811 xviii,
784 756 887 809 37):
911 756 965 796 In
987 753 1073 795 hoc
1097 755 1234 794 natus
1257 765 1357 795 sum
1373 784 1388 808 ,
1414 754 1459 794 et
1482 752 1548 795 ad
1567 752 1651 794 hoc
1673 754 1774 794 veni
1795 754 1843 795 in
1865 765 2001 796 mun·-

117 821 241 874 dum,
264 812 327 863 ut*
339 822 640 864 testimonium
657 816 921 874 perhibeam
938 816 1138 858 veritati.
1163 813 1250 858 Sed
1268 824 1327 857 ex
1345 814 1435 858 hoc
1452 812 1578 870 quod
1595 824 1796 869 persona
1811 813 1909 857 Filii
1922 812 2001 858 Dei

116 886 189 926 est
212 881 468 936 incarnata,
498 879 634 924 multi
661 876 869 935 impediti
891 876 1083 920 fuerunt
1109 874 1137 918 ὲ
1160 886 1272 919 vera
1301 875 1379 918 Dei
1403 874 1687 931 cognitione,
1719 885 1774 918 ea
1804 886 1910 931 quae
1932 874 2001 919 di-

116 946 287 987 cuntur
304 941 362 986 de
379 941 490 986 Filio
521 940 779 986 secundum
800 940 1053 984 humanam
1086 939 1325 995 naturam,
1353 937 1607 981 referentes
1635 935 1694 980 ad
1723 934 1874 993 ipsam
1904 935 2001 980 Filii

117 1014 388 1059 personam3
413 1002 533 1047 sicut
557 1002 691 1046 Arius
707 1034 719 1058 ‚
745 1000 825 1058 qui
856 999 1012 1057 posuit
1045 997 1410 1054 inaequalitatem
1447 1009 1754 1055 personarum
1771 1030 1783 1052 ,
1815 1002 2002 1054 propter

117 1064 204 1109 hoc
222 1064 346 1121 quod
376 1064 542 1109 dicitur
570 1066 715 1119 (Joan.
737 1077 823 1116 xiv,
857 1064 928 1117 28)
951 1063 1123 1106 :Pater
1157 1062 1307 1114 major
1329 1073 1399 1103 me
1433 1064 1527 1116 est,·
1561 1059 1641 1117 qui
1661 1059 1848 1116 quidem
1874 1070 2002 1104 error

116 1137 210 1171 non
238 1127 544 1183 provenisset,
574 1127 613 1171 si
645 1137 845 1184 persona
876 1123 1023 1168 Patris
1055 1122 1297 1166 incarnata
1323 1122 1515 1167 fuisset:
1537 1122 1697 1167 nullus
1726 1120 1850 1166 enim
1881 1121 2001 1166 aesti-

116 1194 290 1233 masset
306 1191 486 1233 Patrem
503 1188 616 1234 Filio
635 1188 877 1231 minorem.
902 1185 1042 1241 Magis
1071 1195 1183 1239 ergo
1206 1184 1390 1229 videtur
1406 1185 1553 1230 fuisse
1572 1184 1856 1230 conveniens
1876 1182 2002 1240 quod

52 1301 54 1303 ,
117 1262 315 1306 persona
332 1250 476 1295 Patris
495 1251 813 1294 incarnaretur
830 1247 971 1305 quam
991 1258 1191 1304 persona
1212 1246 1326 1291 Filii.

171 1312 213 1354 2.
243 1313 492 1364 Praeterea‚
522 1309 854 1355 incarnationis
874 1308 1068 1353 effectus
1096 1306 1280 1351 videtur
1312 1320 1415 1352 esse
1447 1306 1674 1353 recreatio
1699 1307 1757 1362 (2)
1787 1304 2002 1364 quaedam

116 1372 331 1416 humanae
348 1376 543 1426 naturae,
567 1370 826 1416 secundum
848 1369 964 1414 illud
985 1367 1101 1425 (Gal.
1122 1366 1206 1411 ult.
1229 1369 1327 1421 15):
1348 1372 1403 1411 In
1423 1370 1608 1412 Christo
1630 1370 1738 1411 lesu
1756 1379 1896 1422 neque
1909 1369 2004 1410 cir-

116 1436 324 1476 cumcisio
345 1433 522 1489 aliquid
542 1433 683 1489 valet,
707 1445 787 1474 nec
806 1433 1098 1487 praeputium,
1123 1430 1204 1472 sed
1222 1443 1340 1473 nova
1363 1433 1579 1473 creatura
1600 1432 1675 1482 (3).
1695 1430 1781 1474 Sed
1798 1428 2004 1485 potentia

117 1493 303 1539 creandi
332 1494 655 1551 appropriatur
675 1492 810 1537 Patri.
835 1495 954 1549 Ergo
976 1491 1128 1548 magis
1150 1490 1385 1536 decuisset
1402 1494 1584 1536 Patrem
1603 1490 1837 1536 incarnari
1860 1489 2001 1546 quam

116 1554 296 1598 Filium.

171 1618 212 1660 3.
243 1618 482 1669 Praeterea,
501 1615 758 1660 incarnatio
779 1615 1023 1660 ordinatur
1047 1613 1107 1658 ad
1127 1613 1454 1659 remissionem
1485 1619 1799 1671 peccatorum,
1832 1626 2003 1659 secun-

117 1678 228 1721 dum
259 1677 375 1722 illud
399 1678 568 1732 (Matth.
601 1691 632 1735 1,
659 1679 729 1731 21)
756 1691 768 1719 :
794 1678 984 1720 Vocabis
1013 1688 1174 1720 nomen
1203 1680 1299 1733 ejus
1331 1681 1484 1720 Jesum
1503 1692 1519 1718 .·
1552 1680 1647 1734 ipse
1675 1679 1795 1720 enim
1826 1677 2014 1721 salvum

117 1741 253 1790 faciet
270 1739 484 1795 populum
506 1753 635 1782 suum
653 1740 684 1781 ὰ
697 1742 897 1795 peccatis
916 1751 1086 1783 eorum.
1117 1738 1343 1782 Remissio
1365 1742 1521 1783 autem
1548 1742 1842 1794 peccatorum
1871 1737 1996 1782 attri-

117 1799 276 1843 buitur
303 1799 490 1855 Spiritui
520 1804 699 1852 sanem,
722 1800 981 1845 secundum
1004 1799 1118 1844 illud
1149 1803 1291 1855 (Joan.
1322 1814 1391 1855 xx,
1424 1804 1525 1855 22):
1549 1803 1750 1856 Accipite
1778 1802 2002 1856 Spiritum

15 1895 30 1901 .„
79 1914 91 1917 ⁸
119 1863 325 1902 sanctum
343 1874 358 1900 :
378 1872 565 1915 quorum
597 1863 862 1904 remiseritis
889 1866 1110 1917 peccata,
1145 1865 1442 1908 remittuntur
1464 1865 1540 1905 eis.
1572 1863 1690 1916 Ergo
1716 1861 1867 1917 magis
1888 1874 2002 1906 eon-

121 1920 317 1975 gruebat
345 1931 591 1975 personam
621 1921 816 1976 Spiritus
845 1923 991 1965 sancti
1021 1922 1253 1968 incarnari
1276 1923 1417 1978 quarn
1448 1933 1699 1977 personam
1730 1922 1843 1965 Filii.

176 1981 265 2026 Sed
286 1984 446 2024 contra
464 1986 535 2026 est
550 1982 677 2039 quod
698 1986 1012 2028 Damascenus
1028 1984 1139 2029 dicit
1156 1986 1299 2040 (Orth.
1315 1984 1395 2028 fid.
1416 1983 1498 2027 lib.
1516 1997 1579 2035 ιιι,
1598 1995 1699 2040 cap.
1719 1986 1760 2038 1)
1778 1997 1789 2025 :
1809 1986 1859 2028 In
1878 1996 2004 2044 mys-

119 2042 234 2087 terio
254 2042 591 2087 Incarnationis
609 2043 904 2088 manifestata
926 2049 997 2088 est
1020 2046 1247 2102 sapientia
1268 2050 1313 2090 et
1331 2045 1480 2089 virtus
1503 2044 1580 2089 Dei
1607 2058 1618 2087 :
1650 2045 1877 2100 sapientia
1896 2048 2003 2102 qui-

118 2103 241 2161 dem,
260 2101 369 2159 quia
386 2101 566 2147 invenit
589 2104 847 2148 difficillimi
868 2106 1148 2152 solutionem
1177 2107 1312 2164 pretii
1342 2106 1483 2163 quam
1513 2105 1890 2150 decentissimam
1914 2110 1999 2163 (ὥς

116 2164 266 2208 virtus
285 2167 456 2221 autem,
475 2164 585 2221 quia
612 2165 787 2210 victum
808 2166 916 2211 fecit
937 2169 1101 2213 rursus
1123 2169 1366 2213 victorem.
1389 2187 1407 2206 »
1432 2167 1518 2211 Sed
1543 2167 1692 2211 virtus
1712 2171 1758 2211 et
1775 2168 2001 2224 sapientia

118 2226 471 2282 appropriantur
496 2227 621 2286 Filio,
647 2229 906 2273 secundum
924 2228 1040 2273 illud
1063 2233 1112 2284 (l.
1135 2231 1338 2276 Corinth.
1367 2244 1399 2288 ι,
1423 2231 1495 2284 24)
1516 2242 1528 2273 t
1550 2231 1787 2273 Christum
1806 2234 1891 2274 Dei
1908 2236 1999 2275 vir-

119 2291 260 2331 tutem
276 2291 321 2332 et
334 2291 419 2331 Dei
434 2291 724 2346 sapientiam.
744 2292 864 2347 Ergo
883 2292 1168 2337 conveniens
1190 2292 1277 2337 fuit
1298 2303 1548 2349 personam
1576 2291 1673 2335 Filii
1695 2291 1943 2339 incarnari.

165 2355 450 2397 CONCLUSIO.
469 2378 518 2385 —-
546 2358 650 2397 Gum
668 2358 788 2398 Verbi
819 2359 891 2398 Dei
912 2359 965 2399 ad
987 2360 1220 2401 humanam
1250 2364 1444 2400 naturam
1464 2360 1646 2399 maxima
1676 2360 1730 2399 sit
1755 2361 2000 2418 similitudo,

118 2410 551 2504 convenientissimum
579 2412 684 2462 tuit,
714 2424 763 2452 ex
787 2413 941 2454 divinis
969 2416 1151 2466 personis
1178 2416 1316 2467 ipsum
1337 2414 1515 2455 Verbum
1537 2414 1764 2454 humanam
1796 2428 2001 2459 assumere

119 2476 172 2505 na
191 2475 324 2504 uram.

172 2526 444 2583 Respondeo
463 2526 713 2572 dicendum
735 2529 860 2586 quod
882 2531 1377 2577 convenientissimum
1404 2531 1491 2576 fuit
1519 2542 1767 2588 personam
1799 2532 1895 2577 Filii
1924 2533 2001 2578 in-

119 2587 326 2631 carnari:
351 2587 499 2644 primo
530 2589 718 2646 quidem
751 2603 809 2635 ex
843 2597 975 2648 parte
1006 2594 1193 2638 unionis
1208 2596 1288 2650 (5)3
1314 2593 1647 2638 convenienter
1669 2594 1795 2638 enim
1815 2606 1869 2639 ea
1895 2608 2000 2651 quae

120 2653 232 2693 sunt
253 2648 434 2706 similia,
454 2650 695 2696 uniuntur.
728 2653 879 2709 Ipsius
908 2658 1063 2699 autem
1097 2668 1311 2712 personae
1343 2655 1459 2708 Filii,
1485 2655 1565 2712 qui
1593 2659 1665 2699 est
1684 2655 1880 2700 Verbum
1904 2657 1996 2711 Dei,

120 2710 370 2755 attenditur
384 2723 479 2755 uno
497 2712 684 2769 quidem
698 2714 838 2759 modo
855 2717 1120 2762 communis
1136 2717 1460 2762 convenientia
1478 2717 1537 2762 ad
1552 2722 1696 2761 totam
1714 2721 1996 2775 creaturam3

120 2772 230 2828 quia
251 2771 444 2816 verbum
478 2773 688 2831 artificis,
719 2775 768 2820 id
796 2781 882 2830 est,
906 2783 1160 2836 conceptus
1194 2779 1313 2837 ers‚
1337 2783 1408 2824 est
1435 2778 1688 2824 similitudo
1722 2780 2000 2836 exemplaris

121 2845 281 2903 epmm
299 2848 401 2892 quae
414 2835 473 2880 ab
488 2838 658 2883 artifice
671 2839 807 2884 fiunt.
827 2841 957 2886 Unde
974 2843 1175 2887 Verbum
1189 2843 1284 2898 Dei,
1300 2843 1426 2900 quod
1441 2846 1512 2887 est
1527 2847 1730 2887 aeternus
1744 2846 1999 2899 conceptus

121 2905 239 2964 ejus,
258 2900 329 2939 est
346 2897 595 2943 similitudo
614 2900 891 2957 exemplaris
910 2903 1053 2949 totius
1073 2908 1311 2949 creaturae.
1332 2907 1384 2948 Et
1402 2904 1505 2948 ideo
1522 2903 1642 2947 sicut
1660 2915 1742 2960 per
1758 2904 2000 2961 participa-

122 2959 291 3000 tlonem
314 2957 453 3012 huJ’us
478 2959 792 3007 similitudinis
814 2969 1038 3009 creaturae
1058 2970 1169 3011 sunt
1191 2966 1239 3010 in
1264 2965 1461 3023 propriis
1485 2965 1730 3022 speciebus
1759 2965 1997 3023 institutae.

122 3016 206 3061 sed
225 3016 480 3074 mobiliter3
502 3019 566 3064 ita
583 3035 666 3077 per
686 3024 909 3070 unionem
928 3027 1060 3072 Verbi
1079 3028 1139 3073 ad
1158 3024 1436 3079 creaturam,
1453 3039 1546 3071 non
1567 3026 1903 3084 participatam„
1917 3029 1998 3073 sed

124 3186 134 3196 .
164 3138 210 3181 (4)
231 3138 358 3195 Ῑιι.1]ιιο
382 3141 562 3181 quaestione
586 3142 662 3177 vide
689 3145 847 3181 Athanas.
875 3147 947 3189 (lib.
967 3150 1015 3183 De
1140 3150 1183 3191 (2)
1200 3149 1374 3184 Recreatio
1394 3161 1451 3184 seu
1465 3149 1585 3185 iterata
1605 3150 1741 3190 creatio,
1759 3150 1810 3185 vel
1835 3154 1995 3184 creaturae

123 3188 378 3240 numquamne),
410 3190 551 3229 August.
581 3193 691 3232 (tract.
721 3202 794 3227 xvn
823 3195 858 3228 in
886 3196 1013 3238 lnam),
1100 3198 1312 3232 instauratio.

123 3233 268 3268 Ansenn.
288 3234 361 3276 (lib.
389 3236 438 3270 De
460 3236 588 3272 incons.
615 3250 686 3278 cap.
712 3241 733 3273 Ιι
748 3244 780 3275 et
804 3241 864 3276 lib.
895 3251 920 3276 ιι
948 3244 1016 3277 Cur
1140 3246 1182 3285 (ὃ)
1200 3246 1254 3278 Sic
1279 3252 1311 3278 et
1328 3245 1387 3285 (11.
1408 3246 1485 3279 Gor.
1504 3254 1538 3286 v,
1568 3246 1646 3286 4721:
1672 3246 1772 3280 Nora
1793 3247 1832 3279 in
1852 3246 1995 3279 Christo

125 3280 212 3336 [Jens
239 3281 352 3324 homo,
388 3295 417 3317 c.
444 3285 490 3327 9),
521 3285 671 3320 Damaso.
690 3288 751 3327 (De
780 3288 846 3323 fide
881 3290 1013 3325 orthod.
1100 3295 1288 3327 creatura.

123 3328 181 3382 lib.
203 3337 249 3368 lv,
275 3341 305 3364 c.
333 3331 377 3372 lc),
409 3332 572 3368 Bernard.
606 3338 717 3373 (serm.
744 3336 820 3371 IDe
845 3336 1015 3379 adventu),
1139 3341 1183 3381 (la)
1205 3340 1255 3374 Ita
1278 3340 1410 3381 pasnm.
1444 3340 1551 3375 Codex
1574 3340 1701 3378 Alcan..
1728 3340 1832 3373 ualde
1864 3339 1994 3373 elecm-

123 3375 280 3411 Riclmrd.
296 3377 336 3412 de
354 3379 534 3415 S.—Victor.
549 3381 622 3423 (lib.
640 3382 688 3416 De
702 3381 813 3416 Verbo
829 3383 1015 3428 incarnato,
1100 3387 1287 3422 tissiraam.

123 3433 194 3464 cap.
212 3424 235 3457 9
249 3428 281 3458 et
300 3429 398 3466 sem).
1141 3435 1182 3474 (Β)
1202 3434 1426 3469 Consideratae
1440 3447 1558 3476 nempe
1578 3432 1756 3470 secundum
1775 3445 1806 3466 se
1821 3433 1867 3466 τιεῖ
1890 3443 1991 3474 quun-

1100 3480 1172 3515 tum
1188 3481 1229 3515 ad
1244 3488 1390 3517 extrema
1402 3495 1474 3525 quae
1490 3482 1577 3518 unit.
