2170 3808
728 240 928 298 QUAEST.
958 245 1070 297 XXI,
1100 243 1218 286 ART.
1251 242 1284 286 1.
1869 239 1949 280 187

64 346 153 391 nae,
168 333 289 377 sicut
302 336 349 376 et
358 332 446 376 hoc
459 341 628 374 nomen
645 328 818 382 Filius;
837 327 916 370 illa
927 339 1010 382 per
1022 338 1072 370 se
1086 330 1134 369 et
1148 322 1359 368 absolute
1373 325 1570 378 possunt
1585 319 1674 365 dici
1687 319 1744 364 de
1755 318 1948 374 Christo,

69 409 172 440 sruae
191 394 473 439 conveniunt
493 392 534 435 ei
557 390 734 435 ratione
756 400 853 433 suae
873 400 1100 444 personae,
1121 398 1225 442 quae
1245 390 1316 429 est
1344 390 1543 439 aeterna;
1566 391 1613 427 et
1634 381 1837 426 maxime
1858 379 1949 423 hu-

72 456 267 509 }usmodi
291 450 551 506 relationes,
574 463 678 508 quae
700 450 850 506 magis
877 449 1056 506 proprie
1078 447 1298 491 videntur
1318 445 1381 492 ad¹
1407 455 1658 501 personam
1678 442 1754 486 vel
1776 443 1952 499 hypos-

74 518 203 562 :asim
234 517 475 573 pertinere.
497 513 582 558 Sed
607 525 661 556 ea
684 524 789 568 quae
804 509 1086 554 conveniunt
1102 507 1144 552 ei
1169 506 1427 551 secundum
1448 507 1699 549 humanam
1722 510 1949 570 naturam,

70 584 179 622 sunt
196 580 235 622 ei
258 577 408 634 potius
423 573 716 619 attribuenda
732 584 841 616 cum
855 568 1264 616 determinatione:
1282 572 1333 611 ut
1348 566 1560 610 videlieet
1580 566 1789 609 dicamus
1808 564 1954 608 Chris-

90 652 167 683 um
188 650 291 683 esse
310 637 576 693 simpliciter
599 634 870 685 maximum,
896 636 941 677 et
963 630 1205 676 dominum
1219 664 1234 688 ,
1264 632 1309 673 et
1329 627 1686 684 praesidentem3
1710 625 1836 682 quod
1869 637 1952 668 au-

79 712 162 746 tem
187 702 246 745 sit
264 700 516 756 subjectus,
538 697 611 741 vel
633 708 796 740 servus
811 728 824 752 ‚
846 694 920 739 vel
951 694 1118 749 minor,
1142 699 1213 736 est
1241 691 1282 735 ei
1303 688 1653 734 attribuendum
1677 699 1785 732 cum
1806 687 1955 732 deter-

76 763 337 818 minatione,
359 761 547 813 seilicet,
571 758 830 803 secundum
853 758 1103 801 humanam
1128 758 1342 798 naturam
1362 754 1439 805 (1).

124 823 190 868 Ad
207 826 402 880 primum
425 833 536 877 ergo
560 820 826 872 dicendum,
846 818 970 875 qued
988 817 1186 874 cyrillus
1205 820 1250 859 et
1268 818 1581 858 Damascenus
1603 815 1778 866 negant
1798 809 1955 854 Chris-

76 891 170 929 tum
192 897 296 930 esse
318 883 561 928 Dominum
584 881 806 937 suiipsius
821 913 833 937 ,
857 879 1114 924 secundum
1144 876 1268 935 quod
1290 887 1372 932 per
1391 875 1480 918 hoc
1500 873 1775 929 importatur
1798 870 1957 927 plura-

73 948 175 992 litas
211 947 552 1003 suppositorum
571 977 584 999 ,
615 955 719 1000 quae
750 941 1002 999 requiritur
1036 940 1095 984 ad
1126 941 1213 984 hoe
1247 936 1374 995 quod
1403 935 1572 991 aliquis
1605 933 1873 990 simpliciter
1896 932 1958 976 sit

73 1007 287 1052 dominus
306 1007 522 1062 alicujus.
1861 1055 1870 1063 ι

124 1070 190 1114 Ad
217 1069 459 1112 secundum
490 1066 764 1122 dicendum,
795 1064 920 1121 quod
953 1062 1224 1119 simpliciter
1251 1060 1440 1116 quidem
1476 1062 1657 1114 oportet
1687 1068 1792 1101 esse
1814 1055 1958 1099 alium

73 1130 311 1175 dominum
331 1135 378 1174 et
396 1130 539 1173 atium
568 1140 757 1172 servum
786 1129 872 1181 (2);
905 1129 1057 1182 potest
1077 1129 1235 1168 tamen
1260 1122 1417 1178 aliqua
1437 1120 1555 1164 ratio
1580 1117 1769 1163 dominii
1793 1121 1839 1161 et
1860 1128 1959 1160 ser-

73 1193 230 1236 vitutis
261 1191 455 1244 servari,
491 1194 629 1247 prout
659 1189 784 1234 idem
806 1192 879 1232 est
909 1186 1127 1232 dominus
1161 1188 1206 1228 et
1242 1194 1409 1227 servus
1441 1181 1666 1238 suiipsius
1696 1178 1958 1224 seeundum

70 1254 206 1299 aliud
225 1259 272 1298 et
294 1252 438 1297 aliud.

129 1316 194 1361 Ad
217 1319 402 1366 tertium
428 1312 701 1366 dicendum,
721 1310 843 1366 quod
867 1314 1054 1366 propter
1086 1307 1293 1352 diversas
1325 1310 1479 1362 partes
1500 1303 1728 1358 hominis,
1762 1314 1960 1358 quarum

76 1388 168 1420 una
189 1381 258 1420 est
276 1375 485 1432 superior
506 1377 551 1417 et
573 1373 663 1416 alia
682 1371 887 1424 inferior,
904 1370 1015 1415 dicit
1029 1369 1167 1414 etiam
1185 1367 1487 1422 Philosophus
1501 1364 1662 1418 (Ethic.
1683 1363 1764 1407 tib.
1786 1377 1830 1417 v,
1856 1376 1958 1419 cap.

77 1439 178 1490 ult.)
196 1471 208 1494 .,
232 1438 357 1493 quod
376 1441 447 1480 est
467 1434 668 1479 hominis
687 1434 745 1477 ad
765 1434 972 1489 seipsum
991 1431 1188 1489 iustitia,
1218 1429 1497 1485 inquantum
1521 1426 1764 1471 irascibilis
1782 1429 1828 1469 et
1847 1437 1962 1468 con-

77 1499 357 1555 cupiscibilis
379 1498 600 1542 obediunt
617 1494 798 1539 rationi.
819 1494 945 1538 Unde
962 1505 1044 1549 per
1062 1493 1188 1536 hunc
1208 1490 1399 1534 modum
1419 1490 1557 1533 etiam
1580 1500 1706 1532 unus
1726 1487 1863 1531 homo
1882 1499 1962 1542 po-

80 1567 167 1606 test
187 1561 274 1604 dici
296 1560 382 1604 sibi
404 1559 644 1616 sthectus
662 1562 707 1601 et
726 1557 934 1601 serviens
954 1554 1213 1599 secundum
1233 1553 1442 1597 diversas
1460 1551 1532 1594 sui
1553 1556 1724 1607 partes.

132 1622 198 1667 Ad
220 1623 309 1666 alia
327 1626 480 1666 autem
502 1625 777 1676 argumenta
799 1623 925 1675 patet
943 1617 1183 1673 responsio
1196 1628 1256 1659 ex
1278 1615 1427 1659 dicus.
1450 1616 1562 1657 Nam
1581 1612 1870 1667 Augustinus
1886 1623 1965 1655 as—

81 1683 191 1727 serit
219 1683 381 1727 Filium
403 1682 559 1738 seipso
580 1681 809 1725 minorem
830 1691 934 1724 esse
951 1712 964 1734 ,
989 1679 1063 1723 vel
1094 1677 1180 1721 sibi
1205 1676 1485 1732 subjectum,
1519 1674 1779 1719 secundum
1802 1674 1965 1718 huma-

85 1754 197 1788 nam
220 1749 451 1798 naturam,
476 1755 569 1786 non
593 1741 853 1786 secundum
876 1740 1190 1785 diversitatem
1215 1738 1576 1795 suppositorum.

776 1866 1077 1930 QUAESTIO
1125 1866 1266 1919 XXI.

330 1988 391 2022 DE
423 1985 654 2023 ORATIONE'
687 1985 889 2035 CHRISTI,
925 1986 972 2020 IN
1004 1985 1225 2027 QUATUOR
1256 1983 1513 2020 ARTICULOS
1544 1984 1712 2021 DIVISA.

131 2075 282 2115 Deinde
299 2073 640 2115 considerandum
666 2078 725 2113 est
750 2073 799 2113 de
817 2074 998 2113 oratione
1015 2073 1192 2122 Christi3
1216 2077 1256 2113 et
1281 2073 1385 2113 circa
1404 2072 1480 2112 hoc
1503 2077 1746 2124 quaeruntur
1763 2075 1966 2123 quatuor:

88 2134 124 2169 1·
147 2129 295 2169 Utrum
322 2129 480 2169 Christo
505 2129 719 2169 conveniat
744 2140 869 2168 orare.
886 2150 934 2157 —-
954 2135 991 2167 γ’
1015 2129 1160 2167 Utrum
1182 2127 1398 2168 conveniat
1420 2127 1458 2166 ei
1489 2125 1716 2166 secundum
1743 2137 1862 2166 suam
1879 2136 1968 2165 sen-

84 2184 332 2224 sualitatem.
361 2206 410 2213 —
441 2189 480 2223 3ο
502 2184 649 2223 Utrum
677 2184 894 2223 conveniat
925 2183 962 2223 ei
995 2194 1107 2222 orare
1135 2194 1206 2235 pro
1236 2183 1386 2234 seipso,
1417 2193 1469 2221 an
1497 2181 1661 2221 tantitm
1691 2193 1764 2233 pro
1790 2181 1897 2220 aliis.
1921 2201 1968 2209 -

84 2243 125 2278 4·
146 2238 290 2278 Utrum
305 2238 440 2278 omnis
453 2237 540 2289 ejus
551 2237 682 2277 oratio
697 2237 753 2276 sit
767 2237 970 2277 exaudita.

353 2308 686 2349 AR'HCULUS
715 2307 751 2348 1.
782 2330 840 2338 -—
865 2318 998 2348 urium
1031 2317 1201 2348 cnmsro
1230 2318 1444 2348 commu
1466 2317 1601 2347 omns
1623 2305 1700 2358 (3).

90 2374 137 2409 De
167 2374 220 2408 his
232 2375 333 2408 etiam
349 2374 443 2408 Sent.
460 2382 512 2415 ιιι,
529 2373 610 2408 dist.
631 2373 683 2415 17,
702 2377 768 2407 art.
783 2374 816 2415 5,
835 2378 949 2456 qui'est.
967 2381 991 2413 ί,
1006 2376 1042 2407 et
1053 2380 1115 2454 liv,
1133 2372 1212 2455 d‘iist.
1231 2373 1283 2413 ⁴5,
1301 2378 1419 2414 quaest.
1435 2381 1484 2414 IV,
1500 2376 1566 2406 art.
1590 2373 1624 2413 6,
1648 2375 1767 2414 quaest.
1784 2380 1810 2406 n
1830 2371 1872 2407 ad
1886 2372 1919 2413 4,
1936 2376 1970 2407 et

895 2432 971 2455 oan.
990 2428 1038 2460 ¹1.
1068 2425 1133 2455 eet.
1175 2446 1184 2455 .

138 2476 205 2520 Ad
222 2476 420 2531 primum
445 2475 513 2519 sic
531 2476 810 2531 proceditur.
835 2480 879 2520 1.
901 2475 1087 2520 Videtur
1103 2475 1229 2531 quod
1249 2475 1429 2520 Christo
1451 2487 1545 2519 non
1567 2479 1798 2530 competat
1816 2486 1965 2519 orare.

87 2539 215 2593 Nam,
236 2538 356 2581 sicut
375 2541 687 2581 Damascenus
708 2537 820 2582 dicit
840 2538 979 2591 (Orth.
1002 2538 1081 2582 fid.
1100 2537 1180 2580 lib.
1203 2551 1264 2595 ιιι,
1287 2550 1390 2594 cap.
1412 2540 1484 2591 24,
1507 2537 1553 2580 in
1575 2538 1756 2593 princ.).‚
1781 2554 1802 2574 α
1824 2536 1969 2581 oratio

88 2604 158 2643 est
175 2598 329 2655 petitio
347 2599 609 2643 decentium
630 2598 659 2642 a
682 2603 787 2643 Deo,
814 2618 834 2638 »ι
856 2600 944 2644 Sed
966 2600 1074 2643 cum
1092 2599 1298 2643 Christus
1321 2600 1478 2643 omnia
1500 2599 1652 2643 facere
1676 2604 1847 2655 posset,
1874 2611 1966 2643 non

89 2660 269 2704 videtur
299 2660 342 2704 ei
374 2660 622 2705 convenire
651 2660 775 2717 quod
806 2661 982 2718 aliquid
1001 2661 1062 2705 ab
1093 2661 1249 2718 aliquo
1271 2666 1466 2717 peteret.
1492 2664 1614 2716 Ergo
1641 2661 1826 2705 videtur
1846 2661 1968 2717 quod

88 2722 263 2765 Christo
282 2734 374 2765 non
392 2723 638 2767 conveniat
657 2736 808 2768 orare.
1781 2715 1788 2726 '

146 2785 189 2825 2.
220 2785 454 2837 Praeterea,
481 2796 571 2827 non
586 2790 767 2840 oportet
784 2785 961 2830 orando
982 2789 1139 2842 petere
1167 2785 1282 2829 illud
1303 2785 1427 2840 quod
1448 2784 1617 2840 aliquis
1639 2783 1728 2828 scit
1747 2796 1828 2840 pro
1845 2789 1971 2830 certo

90 2854 195 2886 esse
218 2843 449 2900 suturum3
476 2845 597 2889 sicut
617 2858 710 2889 non
742 2858 932 2890 oramus
961 2845 1084 2902 quod
1116 2846 1187 2889 sol
1205 2846 1378 2889 oriatur
1400 2858 1537 2890 cras:
1560 2857 1714 2900 neque
1738 2850 1809 2889 est
1830 2846 1970 2890 etiam

94 2904 375 2948 conveniens
393 2905 515 2961 quod
538 2906 704 2963 aliquis
720 2908 896 2952 orando
912 2912 1036 2964 petat
1057 2908 1183 2964 quod
1202 2907 1289 2951 scit
1306 2907 1433 2951 nullo
1455 2907 1593 2951 modo
1621 2919 1723 2950 esse
1745 2907 1967 2954 futurum.

96 2963 180 3008 Scd
200 2964 403 3008 Christus
431 2966 602 3010 sciehat
622 2968 743 3012 circa
763 2970 919 3013 omnia
938 2970 1048 3026 quid
1071 2973 1196 3014 esset
1215 2969 1436 3013 futurum.
1467 2971 1583 3024 Ergo
1607 2981 1699 3011 non
1722 2970 1970 3015 convenie-

97 3026 173 3068 bat
191 3025 231 3068 ei
253 3025 428 3080 aliquid
447 3028 621 3072 orando
642 3034 812 3084 petere.

149 3089 189 3130 3.
223 3089 458 3141 Praeterea,
471 3091 779 3135 Damascenus
798 3091 907 3136 dicit
926 3092 989 3145 (in
1010 3092 1128 3136 libro
1150 3105 1211 3147 ιιι,
1231 3091 1318 3135 loc.
1334 3091 1448 3146 cit),
1462 3090 1589 3147 quod
1608 3091 1784 3136 «oratio
1803 3096 1876 3137 est
1896 3105 1971 3138 as-

94 3159 262 3218 census
287 3149 545 3193 intellectus
569 3151 616 3193 in
647 3154 804 3196 Deum.
823 3172 842 3192 »
865 3154 951 3198 Sed
972 3155 1234 3198 intellectus
1252 3153 1414 3197 Christi
1437 3165 1527 3196 non
1552 3153 1790 3208 indigebat
1808 3167 1969 3199 ascen-

93 3221 223 3253 sione
257 3210 303 3252 in
329 3214 469 3254 Deum
485 3245 497 3267 ,
523 3212 632 3267 quia
668 3225 850 3270 semper
886 3215 1147 3260 intellectus
1173 3215 1274 3271 ejus
1298 3219 1397 3259 erat
1434 3218 1523 3259 Deo
1556 3216 1852 3273 conjunctus,
1878 3229 1971 3260 non

135 3319 179 3360 (4)
196 3319 278 3360 Nisi,
300 3325 336 3352 ut
351 3320 443 3353 addit
468 3321 623 3362 Billuart,
648 3322 726 3356 taiia
745 3323 812 3356 sint
826 3335 897 3363 ‹111oe
912 3322 984 3356 nul-
1070 3324 1192 3368 minus.
1221 3330 1255 3359 et
1270 3324 1356 3359 alius
1387 3326 1488 3359 etiam
1519 3326 1576 3360 ille
1604 3327 1660 3367 qui
1690 3331 1739 3361 est
1762 3337 1889 3367 servus,
1904 3329 1970 3360 etc.

93 3364 985 3411 iamambiguitatemimportent,utv.gessemanim,
1112 3373 1155 3412 ὦ)
1182 3373 1226 3405 Ex
1257 3373 1440 3413 Scripturis
1470 3380 1597 3408 constat
1625 3375 1794 3408 Christum
1814 3373 1854 3407 de
1884 3374 1970 3407 facto

97 3420 279 3451 mortuum,
297 3421 359 3447 otc.
1072 3431 1177 3453 orasse
1194 3420 1324 3461 (Matth.
1344 3430 1414 3462 xlv,
1433 3423 1488 3462 26,
1503 3423 1583 3456 Luc.
1606 3431 1653 3464 vi,
1673 3422 1723 3460 ⁴2,
1741 3422 1886 3459 Jnanmi,
1904 3419 1970 3459 42).

134 3461 174 3500 (2)
196 3462 232 3495 ld
261 3470 320 3502 cst,
338 3470 469 3504 oportet
485 3469 521 3498 ut
545 3465 589 3498 sit
609 3465 695 3498 alius
713 3465 771 3499 ille
788 3466 844 3503 oui
863 3472 912 3499 est
932 3465 987 3498 do-
