2170 3808
196 207 275 249 480
790 203 991 255 QUAEST.
1023 203 1142 258 LVII,
1175 203 1295 246 ART.
1323 203 1362 264 Π
1387 204 1453 247 ΕΤ
1480 205 1549 248 ΙΠ.

195 290 313 332 Deus
336 303 348 331 :
376 300 470 331 non
490 286 616 330 enim
640 289 711 331 est
734 285 821 330 iste
841 285 1097 330 descensus
1120 284 1455 340 intelligendus
1474 286 1736 332 secundum
1758 293 1939 330 motum
1956 286 2087 332 loca-

195 349 299 403 lem,
322 348 404 392 sed
421 347 683 392 secundum
702 347 1083 403 exinanitionem,
1103 346 1210 404 qua,
1238 348 1410 392 cumin
1428 348 1576 393 forma
1595 349 1669 392 Dei
1693 353 1832 404 esset,
1855 347 1975 392 servi
1992 348 2087 394 for-

194 422 318 454 mam
336 410 566 466 suscepit3
593 410 714 454 sicut
735 410 860 455 enim
884 410 1052 455 dicitur
1069 409 1352 465 exinanitus,
1375 423 1470 454 non
1493 423 1552 456 ex
1566 423 1623 456 eo
1642 409 1768 467 qudd
1789 421 1923 454 suam
1939 409 2086 466 pleni-

195 471 403 515 tudinem
426 471 646 527 amiserit,
669 472 751 516 sed
774 485 831 516 ex
850 484 905 517 eo
925 472 1050 529 qued
1070 477 1276 516 nostram
1295 471 1571 528 parvitatem
1590 471 1812 528 suscepit,
1835 471 1898 515 ita
1920 471 2087 516 dicitur

193 531 492 577 descendisse
516 533 573 578 de
593 533 712 578 coelo
725 569 738 591 ,
760 546 855 578 non
876 534 1003 591 quod
1027 533 1199 578 coelum
1218 533 1497 591 deseruerit,
1518 534 1601 579 sed
1623 534 1733 591 quia
1754 538 1969 577 naturam
1993 536 2088 578 ter-

192 605 354 638 renam
383 595 638 652 assumpsit
660 596 709 640 in
731 595 959 640 unitatem
991 608 1218 652 personae.
1256 594 1382 640 Alius
1410 601 1564 642 autem
1595 601 1665 641 est
1684 596 1964 651 descensus,
1995 607 2087 652 quo

194 655 424 700 descendit
445 661 495 701 in
513 661 751 713 inferiores
770 661 925 714 partes
946 662 1094 710 terrae,
1117 663 1171 702 ut
1200 658 1369 703 dicitur
1389 658 1570 714 (Ephes.
1591 661 1675 714 iv),
1702 657 1782 715 qui
1809 657 1999 714 quidem
2018 661 2087 702 est

195 716 450 763 descensus
471 719 658 775 localis,
682 720 809 764 unde
830 719 1052 776 competit
1071 719 1248 764 Christo
1263 720 1522 765 secundum
1542 720 1855 765 conditionem
1871 719 2088 764 humanae

196 783 390 824 naturae.

249 840 318 886 Ad
347 845 529 885 tertium
556 842 825 899 dicendum,
850 842 976 899 quod
1005 842 1214 887 Christus
1236 842 1407 888 dicitur
1428 842 1486 888 ad
1510 845 1691 888 Patrem
1721 841 1991 897 ascendere,
2013 842 2089 886 in-

196 908 425 960 quantum
449 904 659 949 ascendit
681 904 740 950 ad
769 916 1044 950 consessum
1069 909 1275 962 paternae
1299 904 1527 961 dexterae3
1553 905 1681 962 quod
1702 905 1891 962 quidem
1916 916 2089 949 conve-

196 964 267 1009 nit
288 965 464 1010 Christo
484 967 744 1023 aliqualiter
764 967 1023 1012 secundum
1054 967 1261 1012 divinam
1292 972 1530 1024 naturam,
1553 967 1814 1024 aliqualiter
1840 971 1997 1011 autem
2015 978 2088 1012 se—

197 1029 404 1073 cundum
427 1029 696 1087 humanam,
718 1030 979 1075 secundum
1002 1029 1127 1088 quod
1146 1030 1267 1074 infra
1285 1029 1465 1076 dicetur
1481 1031 1662 1087 (quaest.
1685 1042 1783 1087 seq.
1807 1035 1891 1074 art.
1916 1030 1975 1084 3).

293 1107 636 1150 ARTICULUS
665 1110 747 1151 111.
777 1132 832 1139 —
863 1121 999 1151 urium
1021 1120 1218 1152 cinusrus
1237 1120 1494 1151 Ascnunanir
1512 1118 1692 1151 ramum
1713 1119 1893 1151 varrum
1911 1106 1986 1161 (1).

637 1177 685 1212 De
697 1176 751 1211 his
767 1176 870 1211 etiam
883 1178 1004 1219 Opusc.
1021 1185 1061 1218 Π,
1080 1177 1285 1218 cap.256,et
1301 1177 1423 1217 opusc.
1441 1185 1497 1217 Lx,
1512 1186 1585 1219 cap.
1599 1175 1655 1211 25.

253 1243 320 1287 Ad
340 1243 526 1289 tertium
548 1245 616 1290 sic
637 1246 918 1302 proceditur.
943 1249 986 1290 1.
1007 1245 1197 1291 Videtur
1216 1245 1340 1301 qued
1360 1244 1566 1289 Christus
1584 1257 1678 1289 non
1701 1243 1964 1289 ascenderit
1979 1254 2089 1300 pro-

198 1306 300 1362 pria
322 1307 506 1352 virtute.
539 1309 712 1353 Dicitur
738 1309 863 1353 enim
893 1309 1041 1362 (Marci
1070 1308 1156 1352 ult.
1185 1310 1255 1361 19)
1280 1306 1404 1363 quod
1430 1310 1649 1350 Dominus
1675 1311 1827 1362 JesuS,
1845 1306 2090 1363 postquc‘zm
2152 1339 2153 1342 η

200 1368 374 1412 locutus
391 1373 457 1413 est
479 1371 727 1426 discipulis,
749 1373 1006 1425 assumptus
1028 1374 1093 1414 est
1114 1373 1162 1412 in
1181 1369 1342 1413 coelum
1354 1384 1372 1424 3
1389 1372 1436 1413 et
1454 1371 1567 1422 (Act.
1589 1383 1619 1424 1,
1642 1370 1683 1423 9)
1702 1368 1895 1413 dicitur:
1917 1368 2089 1411 Viden·
2159 1403 2165 1419 λ

201 1431 317 1474 tibus
334 1432 431 1474 illis
444 1432 641 1475 elevatus
662 1436 743 1488 est,
764 1436 807 1475 et
821 1433 957 1475 nubes
974 1434 1172 1488 suscepit
1189 1444 1290 1475 eum
1303 1431 1360 1474 ab
1378 1432 1519 1474 oculis
1538 1444 1708 1475 eorum.
1731 1431 1817 1475 Sed
1833 1430 1949 1474 illud
1963 1430 2088 1487 quod
2161 1430 2165 1435 ⁴

199 1493 454 1538 assumitur
473 1499 520 1539 et
544 1495 767 1550 elevatur,
790 1495 849 1538 ab
869 1495 960 1538 alio
978 1494 1161 1538 videtur
1188 1493 1378 1538 moveri.
1403 1496 1522 1550 Ergo
1548 1493 1754 1538 Christus
1783 1505 1876 1537 non
1903 1492 2090 1549 propria

199 1557 386 1611 virtute,
410 1557 494 1602 sed
517 1558 670 1602 aliena
690 1558 926 1602 ferebatur
946 1557 996 1600 in
1022 1557 1210 1601 coelum.
2160 1601 2162 1603 ,

255 1620 296 1661 2.
330 1621 567 1675 Praeterea,
593 1625 762 1676 corpus
785 1619 948 1663 Christi
967 1618 1055 1662 fuit
1076 1623 1330 1675 terrenum,
1353 1618 1476 1662 sicut
1497 1622 1543 1662 et
1563 1630 1758 1674 corpora
1779 1621 1958 1660 nostra.
1979 1618 2090 1661 Cor-

200 1680 296 1737 pori
320 1686 475 1724 autem
498 1686 679 1726 terreno
695 1686 857 1731 contra
877 1685 1089 1725 naturam
1107 1686 1178 1725 est
1202 1679 1313 1725 ferri
1343 1683 1556 1737 sursum3
1578 1680 1736 1724 nullus
1759 1683 1916 1722 autem
1935 1682 2090 1723 motus

200 1748 271 1787 est
289 1755 345 1788 ex
366 1744 551 1800 propria
567 1744 739 1789 virtute
767 1744 871 1800 ejus
902 1743 1028 1800 quod
1058 1748 1221 1788 contra
1250 1747 1468 1788 naturam
1490 1747 1719 1788 movetur.
1745 1745 1862 1798 Ergo
1885 1741 2090 1787 Christus

200 1818 293 1851 non
316 1808 529 1852 ascendit
547 1808 733 1864 propria
752 1808 924 1851 virtute
943 1807 990 1850 in
1012 1807 1202 1852 coelum.
2156 1810 2166 1867 ξ

254 1872 297 1915 3.
328 1872 568 1926 Praeterea,
590 1870 777 1927 propria
795 1871 943 1915 virtus
962 1870 1126 1914 Christi
1145 1874 1217 1915 est
1237 1869 1387 1914 virtus
1416 1869 1590 1914 divina.
1612 1869 1698 1914 Sed
1718 1874 1874 1913 motus
1894 1867 1973 1913 ille
1994 1880 2090 1912 non
2155 1869 2170 1915 ἓ

200 1932 384 1977 videtur
403 1933 549 1977 fuisse
567 1945 626 1976 ex
648 1933 820 1977 virtute
838 1932 1012 1988 divina,
1036 1933 1144 1990 quia
1163 1935 1273 1977 cum
1293 1932 1443 1976 virtus
1466 1931 1623 1977 divina
1641 1931 1701 1976 sit
1716 1931 1910 1987 infinita,
1934 1935 2091 1975 motus

200 1993 278 2039 ille
296 1995 461 2039 fuisset
481 1996 527 2038 in
548 1995 765 2051 instanti,
785 1995 918 2040 etsie
937 2007 1030 2039 non
1049 1995 1280 2051 potuisset
1298 1993 1569 2039 videntibus
1587 1993 1826 2050 discipulis
1853 1992 2022 2038 elevari
2041 1992 2090 2037 in
2144 2001 2151 2039 ξ
2167 1988 2170 2029 3

200 2057 388 2113 coelum,
410 2063 462 2102 ut
485 2058 653 2103 dicitur
667 2058 784 2111 (Act.
803 2058 848 2112 1).
867 2059 987 2113 Ergo
1012 2057 1197 2101 videtur
1221 2056 1345 2114 quod
1371 2055 1578 2102 Christus
1596 2067 1690 2099 non
1709 2055 1967 2100 ascenderit
1983 2067 2092 2114 pro·
2146 2063 2170 2122 333

199 2134 344 2229 prlsi‘tgg
349 2125 517 2227 1ἔὲἓὲῗᾶ
529 2188 601 2228 est
618 2184 745 2241 quod
766 2182 938 2228 dicitur
962 2185 1064 2237 (Isa.
1092 2196 1205 2238 LXIII,
1224 2184 1267 2238 1)
1289 2196 1301 2224 ε
1325 2185 1413 2226 Iste
1433 2183 1659 2236 formosus
1675 2184 1725 2224 in
1738 2181 1856 2225 stola
1870 2194 1956 2224 sua
1978 2194 2092 2237 qra-

202 2248 329 2290 diens
347 2251 394 2290 in
407 2247 701 2290 multitudine
719 2246 1003 2301 fortitudinis
1021 2259 1128 2289 suae.
1150 2248 1205 2289 Et
1219 2244 1466 2302 Gregorius
1481 2244 1593 2289 dicit
1613 2243 1755 2300 (hom.
1778 2242 2090 2299 Ascensionis,
2140 2234 2170 2296 „23

201 2313 255 2354 29
273 2309 320 2352 in
343 2311 515 2364 Evang.
538 2310 646 2353 circ.
669 2309 812 2363 med.)
837 2325 848 2354 :
878 2326 898 2347 «
918 2309 1178 2353 Notandum
1197 2313 1267 2352 est
1287 2307 1412 2365 quod
1440 2306 1562 2351 Elias
1582 2306 1630 2351 in
1657 2318 1799 2351 curru
1818 2306 1987 2362 legitur
2011 2318 2089 2349 as-
2136 2286 2170 2362 ζ

201 2371 439 2427 cendisse,
462 2375 515 2414 ut
536 2370 751 2414 videlicet
779 2370 935 2425 aperte
965 2370 1360 2415 demonstraretur
1385 2369 1495 2426 quia
1522 2369 1661 2413 homo
1689 2379 1836 2424 purus
1863 2367 2092 2424 adjutorio
2146 2370 2160 2418 ἦ

200 2433 441 2491 indigebat
466 2432 634 2476 alieno.
658 2431 933 2487 Redemptor
951 2438 1106 2476 autem
1126 2437 1285 2476 noster
1306 2444 1401 2475 non
1424 2443 1565 2476 curru
1581 2464 1594 2485 ,
1618 2442 1711 2474 non
1730 2429 1909 2485 angelis
1931 2429 2093 2475 suble—

200 2501 338 2541 vatus
358 2496 542 2552 legitur,
565 2494 675 2552 quia
694 2494 774 2551 qui
790 2495 962 2539 fecerat
979 2493 1151 2550 omnia,
1173 2506 1317 2550 super
1334 2493 1491 2538 omnia
1508 2494 1681 2537 virtute
1698 2494 1785 2536 sua
1800 2491 2049 2537 ferebatur.
2067 2511 2088 2532 n

247 2565 539 2606 CONCLUSIO.
556 2586 605 2592 —-
617 2563 810 2605 Ascendit
821 2563 1008 2603 Christus
1019 2565 1063 2602 iu
1080 2563 1231 2603 coelum
1250 2562 1412 2615 propria
1426 2561 1597 2610 virtute,
1612 2560 1924 2613 primoquidem
1932 2561 2092 2611 divina,

201 2621 378 2662 secundo
397 2619 489 2659 vero
508 2621 660 2659 virtute
674 2619 826 2658 animae
845 2618 1093 2669 glorificatae,
1114 2629 1206 2668 quae
1223 2628 1369 2668 corpus
1385 2628 1459 2669 pro
1479 2615 1647 2656 arbitrio
1665 2627 1741 2655 suo
1754 2614 1958 2655 movebat.
2139 2629 2149 2635 ¹⁴

256 2682 529 2739 Respondeo
552 2682 803 2727 dicendum
826 2680 953 2738 quod
970 2681 1018 2724 in
1043 2681 1220 2725 Christo
1242 2685 1314 2725 est
1334 2680 1509 2737 duplex
1526 2683 1710 2735 natura,
1737 2678 1895 2723 divina
1917 2678 2092 2726 scincet
2134 2682 2170 2743 ἐξ.

201 2751 246 2793 et
259 2747 479 2791 humana.
503 2745 632 2790 Unde
644 2744 901 2790 secundum
918 2749 1165 2800 utramque
1183 2748 1396 2788 naturam
1410 2747 1563 2800 potest
1580 2742 1726 2798 accipi
1742 2741 1928 2798 propria
1942 2741 2093 2788 virtus

200 2810 316 2867 ejus.
338 2808 425 2853 Sed
444 2807 703 2852 secundum
721 2808 974 2851 humanam
989 2812 1203 2850 naturam
1218 2811 1373 2862 potest
1388 2805 1537 2862 accipi
1550 2804 1721 2862 duplex
1732 2804 1882 2849 virtus
1897 2804 2087 2850 Christi:

198 2885 294 2916 una
327 2870 517 2928 quidem
548 2870 794 2926 naturalis,
822 2881 928 2927 quae
946 2869 1157 2926 procedit
1177 2881 1235 2913 ex
1262 2868 1504 2926 principiis
1526 2872 1733 2926 naturae,
1755 2871 1801 2912 et
1822 2867 1901 2911 tali
1920 2866 2093 2913 virtute

198 2933 499 2978 manifestum
518 2937 591 2977 est
612 2931 735 2989 quod
764 2933 973 2977 Christus
1000 2932 1048 2975 in
1074 2931 1246 2976 coelum
1270 2943 1365 2974 non
1392 2929 1627 2985 ascendit,
1648 2929 1738 2974 alia
1761 2933 1919 2974 autem
1943 2929 2092 2974 virtus
2136 2940 2138 2945 ·

198 2997 246 3040 in
270 2996 477 3040 humana
503 2999 671 3040 natura
694 2994 860 3039 Christi
880 2999 953 3040 est
975 2994 1124 3039 virtus
1151 2993 1332 3050 gloriae,
1367 2993 1625 3038 secundum
1644 3003 1786 3049 quam
1814 2992 2019 3037 Christus
2043 2992 2091 3036 in

199 3058 369 3102 coelum
393 3057 620 3102 ascendit.
639 3058 781 3114 Cujus
798 3057 988 3114 quidem
1009 3057 1191 3101 virtutis
1213 3056 1441 3101 rationem
1458 3055 1647 3113 quidam
1671 3053 1906 3110 accipiunt
1925 3066 1983 3099 ex
2007 3065 2091 3098 na-

200 3125 301 3165 tura
331 3120 506 3176 quintae
530 3120 748 3165 essentiae
768 3122 826 3175 (2)
841 3153 854 3178 ,
878 3132 984 3178 quae
1006 3124 1078 3165 est
1106 3119 1211 3175 lux,
1234 3123 1288 3163 ut
1317 3119 1479 3164 dicunt
1495 3151 1508 3174 ,
1534 3128 1675 3175 quam
1697 3121 1881 3173 ponunt
1907 3128 2012 3161 esse
2033 3115 2091 3161 de

198 3182 533 3239 compositione
558 3183 750 3227 humani
775 3183 1007 3239 corporis,
1036 3187 1081 3227 et
1102 3195 1185 3239 per
1208 3194 1313 3237 eam
1345 3182 1574 3226 elementa
1596 3178 1827 3224 contraria
1857 3178 2090 3224 conciliari

237 3313 280 3354 (1)
296 3314 394 3347 Juxta
404 3316 555 3348 mentem
572 3313 614 3347 D.
630 3313 768 3349 Thoniae
785 3314 938 3348 Christus
952 3313 1102 3348 ascendit
1186 3312 1243 3347 lux
1260 3325 1333 3354 quae
1350 3324 1388 3346 ex
1404 3311 1487 3346 coelo
1504 3309 1636 3345 sidereo
1649 3311 1708 3343 aut
1722 3308 1928 3350 crystallino,
1944 3311 2002 3342 aut
2012 3319 2089 3343 em—
2149 3315 2155 3317 ⁴

198 3362 334 3403 propria
357 3361 496 3401 virtute,
524 3360 639 3395 divina
665 3363 744 3403 quia
762 3374 861 3396 verus
882 3363 972 3406 Deus
990 3366 1051 3405 est,
1068 3364 1102 3396 et
1186 3373 1288 3402 pyreo
1318 3360 1493 3395 dicebatur
1517 3363 1613 3400 orta,
1640 3360 1707 3400 qua
1732 3357 1923 3399 philosophi
1952 3356 2088 3397 quidam

195 3411 342 3446 humana
361 3410 491 3444 scilicet
505 3409 632 3445 virtute
651 3411 774 3445 animae
789 3411 996 3451 glorificatae.
1186 3410 1461 3448 conjunctionem
1476 3408 1597 3442 animae
1616 3413 1650 3442 et
1665 3407 1815 3448 corporis
1829 3406 1994 3448 explicare
2018 3410 2087 3439 ten-

236 3457 280 3499 (2)
299 3457 376 3492 Haec
397 3458 514 3500 quinta
540 3457 682 3493 essentia
709 3458 796 3492 nihil
822 3458 914 3493 aliud
934 3464 984 3493 est
1001 3459 1102 3500 quium
1189 3457 1320 3494 tabant.
