2170 3808
218 249 275 292 62
668 254 674 275 ι
813 244 1013 297 QUAEST.
1043 242 1115 299 vi,
1146 244 1266 288 Aur.
1295 245 1332 287 11
1358 245 1425 289 ΕΤ
1452 244 1522 288 ιιι.

216 327 438 386 potentiis
460 324 755 381 communis3
776 323 861 369 sed
878 336 964 382 pro
986 323 1206 381 potentiis
1224 323 1525 371 inferioribus
1542 337 1650 383 quae
1670 330 1783 371 sunt
1804 325 1933 369 omni
1946 324 2114 370 animae

215 401 506 434 communes.

152 484 156 493 «
215 456 562 502 ARTICULUS
612 456 695 499 111.
735 478 792 487 —
821 467 957 499 mmm
984 467 1111 498 suum
1140 468 1167 498 Α
1196 467 1266 571 »131
1294 466 1406 499 mmo
1435 468 1554 499 rmus
1581 469 1733 499 rur-,mr
1758 467 1973 499 ⁴atssmu‘n
2001 467 2112 506 Qun

788 525 792 530 ·
1070 529 1177 561 cmo
1197 520 1230 570 (1
1256 551 1266 561 .

215 588 268 624 De
292 588 345 623 his
375 589 477 622 ctiam
491 586 597 628 infra,
621 591 686 621 art.
709 586 744 627 4,
760 591 795 621 et
808 591 925 628 quaest.
953 593 1076 628 xxxm,
1092 587 1191 620 artat
1213 586 1255 619 ad
1280 585 1303 621 2
1321 592 1355 621 et
1370 587 1405 626 5,
1432 591 1466 620 et
1492 592 1608 629 quaest.
1626 595 1729 627 xxxv,
1750 593 1816 622 art.
1834 586 1869 628 4,
1888 589 1924 621 et
1939 585 2034 620 Sent.
2057 591 2114 626 m,

564 634 644 670 dist.
658 634 692 675 2,
713 637 832 676 quaest.
849 642 877 669 ιι
892 637 927 669 et
941 641 993 674 ιιι.
1011 637 1048 668 et
1065 634 1163 669 Cont.
1178 638 1273 675 gent.
1291 633 1353 669 lib.
1371 641 1422 675 lv,
1439 644 1512 677 cap.
1529 634 1586 677 55,
1604 635 1648 670 44
1663 639 1699 670 et
1714 635 1769 670 45.

271 695 339 741 Ad
359 697 546 741 tortium
567 695 636 741 sic
657 694 940 754 proceditur.
960 698 1005 740 1.
1025 694 1214 740 Videtur
1234 695 1361 752 quod
1375 695 1532 740 anima
1549 695 1713 741 Christi
1731 695 1872 740 fuerit
1889 694 2020 753 prius
2036 706 2115 740 as·-

217 765 405 815 sumpta
432 759 461 803 a
483 757 631 804 Verbo
650 758 795 816 quam
822 769 947 802 caro.
976 756 1118 801 Filius
1139 757 1267 802 enim
1286 756 1365 801 Dei
1387 758 1642 815 assumpsit
1663 769 1853 802 earnem
1881 756 2117 802 mediante

218 819 391 875 anima,
424 827 479 866 ut
500 820 678 866 dictum
700 825 773 865 est
799 822 900 872 (art.
923 823 945 864 1
975 818 1074 876 huj.
1095 822 1210 876 qu.).
1248 818 1336 864 Sed
1368 819 1498 876 prius
1528 820 1796 877 pervenitur
1822 819 1884 865 ad
1909 818 2116 864 medium

218 881 358 938 quam
374 883 434 928 ad
452 886 732 928 extremum.
747 883 868 938 Ergo
878 881 1021 926 Filius
1034 880 1112 926 Dei
1130 881 1384 939 assumpsit
1398 880 1529 938 prius
1542 881 1747 927 animam
1765 880 1909 939 quam
1926 892 2114 937 corpus.

271 946 314 988 2.
348 945 590 997 Praeterea,
620 943 778 988 anima
805 942 973 988 Christi
1007 947 1080 987 est
1101 942 1286 999 dignior
1314 942 1510 999 angeliS‚
1547 942 1805 989 secundum
1834 941 1950 988 illud
1977 941 2115 996 (Psal.

217 1017 330 1059 mvl,
350 1009 394 1056 8)
418 1022 426 1047 z
452 1005 659 1049 Adorate
673 1018 775 1048 eum
789 1018 941 1047 omnes
960 1005 1115 1061 anqeli
1132 1007 1248 1061 eju-e.
1266 1003 1354 1049 Sed
1368 1003 1521 1060 angeli
1540 1004 1685 1050 creati
1695 1009 1806 1050 sunt
1823 1004 1851 1049 a
1869 1003 2115 1061 principio,

217 1071 272 1112 ut
295 1066 344 1111 in
368 1068 519 1124 primo
549 1065 762 1111 habitum
796 1073 868 1111 est
898 1069 995 1123 (qu.
1029 1079 1143 1123 xrvr,
1173 1071 1260 1110 art.
1282 1069 1327 1121 3,
1348 1071 1396 1111 et
1418 1079 1499 1124 qn.
1526 1079 1612 1122 m,
1630 1071 1719 1111 art.
1742 1069 1831 1112 2et
1852 1068 1912 1121 3).
1935 1067 2053 1123 Ergo
2071 1068 2118 1110 et

217 1128 374 1173 anima
396 1129 578 1187 Christi,
599 1141 705 1186 quae
725 1141 822 1173 non
847 1128 937 1173 fuit
958 1133 1067 1174 ante
1099 1135 1255 1178 creata
1279 1130 1422 1186 quam
1441 1133 1713 1186 assumpta:
1735 1126 1848 1173 dicit
1873 1127 1999 1173 enim
2027 1130 2118 1172 Da·

217 1202 468 1236 mascenus
486 1190 629 1246 (Orth.
643 1187 725 1236 fid.
748 1189 830 1235 lib.
848 1204 912 1248 111,
935 1203 1039 1247 cap.
1057 1193 1103 1246 2,
1123 1193 1150 1235 3
1166 1195 1212 1235 et
1225 1193 1285 1249 9),
1305 1190 1431 1247 quod
1454 1208 1473 1228 a
1491 1201 1734 1247 nunquam
1754 1201 1910 1246 neque
1944 1187 2115 1244 anima,

219 1265 372 1309 neque
383 1266 556 1311 corpus
575 1252 741 1297 Christi
752 1252 988 1309 propriam
1007 1252 1276 1298 habuerunt
1293 1253 1601 1310 hypostasim,
1616 1257 1784 1310 praeter
1794 1250 1929 1296 Verbi
1944 1250 2118 1309 hypos-

218 1315 404 1359 tasim.»
436 1316 556 1372 Ergo
586 1314 774 1359 videtur
796 1313 924 1370 quod
945 1313 1102 1358 anima
1121 1313 1262 1359 fuerit
1288 1321 1397 1359 ante
1419 1320 1662 1373 assumpta
1688 1314 1832 1372 quam
1861 1323 1990 1370 earo,
2012 1323 2119 1370 quae

216 1380 291 1420 est
310 1381 536 1434 concepta
554 1376 760 1437 inoutero
780 1375 997 1431 Virginis.

274 1439 317 1482 3.
349 1439 574 1483 Praeterea
592 1439 738 1491 (Joan.
756 1451 787 1492 ι,
810 1439 901 1493 14),
920 1436 1120 1482 dicitur:
1146 1438 1355 1482 Vidimus
1376 1451 1476 1482 eum
1489 1438 1674 1496 plenum
1692 1440 1854 1495 qratiae
1871 1440 1916 1480 et
1942 1438 2120 1481 verita-

217 1500 304 1556 tis,·
331 1504 378 1544 et
406 1504 566 1556 postea
594 1498 811 1544 subditur
832 1498 959 1556 quod
980 1499 1039 1544 de
1064 1499 1347 1556 plenitudine
1366 1501 1462 1556 effus
1491 1514 1573 1543 nos
1601 1513 1752 1544 omnes
1778 1502 2048 1556 accepimus,
2070 1497 2118 1544 id

217 1566 305 1618 est,
327 1572 491 1607 omnes
513 1560 673 1606 fideles
683 1573 982 1618 quocumque
1004 1566 1228 1619 tempore,
1244 1568 1299 1607 ut
1314 1564 1673 1621 Chrysostomus
1686 1562 1876 1618 exponit
1892 1562 2119 1616 (hom.xu1

216 1622 266 1668 in
290 1626 422 1669 Joan.
445 1625 672 1682 aliquant.
697 1624 726 1668 a
742 1624 930 1681 prino).
958 1627 1052 1670 Hoc
1077 1630 1234 1670 autem
1274 1638 1370 1671 non
1393 1631 1531 1682 esset,
1560 1625 1652 1670 nisi
1674 1627 1831 1670 anima
1847 1623 2011 1669 Christi
2033 1624 2118 1668 ha-

215 1685 398 1732 buisset
421 1686 761 1744 plenitudinem
784 1687 946 1744 gratiae
963 1692 1011 1733 et
1038 1688 1247 1733 veritatis
1270 1695 1379 1733 ante
1401 1700 1568 1734 omnes
1587 1693 1792 1743 sanctos,
1821 1686 1901 1745 qui
1929 1687 2118 1732 fuerunt

215 1747 276 1791 ab
291 1748 470 1803 origine
491 1748 684 1805 mundi3
708 1748 820 1806 quia
837 1761 981 1794 causa
999 1762 1094 1794 non
1115 1754 1188 1794 est
1205 1750 1432 1808 posterior
1447 1756 1656 1795 causato.
1677 1751 1788 1794 Cum
1807 1749 1949 1805 igitur
1965 1748 2119 1805 pleni-

216 1809 330 1854 tudo
351 1811 514 1867 gratiae
536 1815 585 1855 et
601 1810 811 1856 veritatis
835 1811 977 1856 fuerit
999 1812 1048 1855 in
1075 1811 1231 1868 anima
1253 1812 1419 1858 Christi
1447 1825 1508 1857 ex
1524 1812 1699 1857 unione
1717 1812 1778 1857 ad
1796 1809 2012 1866 Verbum,
2041 1822 2119 1855 se-

214 1871 424 1916 cundum
442 1871 558 1916 illud
573 1872 701 1929 quod
717 1872 891 1918 ibidem
914 1873 1084 1918 dicitur
1103 1888 1114 1918 ε
1139 1874 1349 1917 Vidimus
1366 1874 1563 1930 qloriam
1577 1877 1691 1931 ejus,
1707 1875 1841 1929 quasi
1853 1874 2072 1928 uniqeniti
2087 1873 2119 1915 ὰ

214 1932 373 1990 Patre,
398 1935 588 1991 plenum
617 1938 780 1991 qratiae
802 1938 847 1978 et
877 1938 1112 1995 veritatis,
1137 1948 1435 1993 consequens
1463 1935 1651 1981 videtur
1671 1933 1799 1993 quod
1827 1934 1857 1979 a
1889 1933 2118 1993 principio

214 1993 379 2039 mundi
395 1994 552 2039 anima
573 1995 739 2040 Christi
760 1995 901 2040 fuerit
918 1995 947 2040 a
962 1995 1111 2041 Verbo
1130 1997 1206 2041 Dei
1228 2004 1487 2055 assumpta.

271 2056 361 2101 Sed
377 2061 539 2101 contra
557 2062 628 2102 est
641 2057 768 2115 quod
781 2060 1098 2103 Damascenus
1116 2058 1229 2104 dicit
1243 2060 1382 2114 (Orth.
1397 2055 1477 2105 fid.
1494 2059 1575 2105 lib.
1590 2073 1649 2116 lv,
1670 2071 1774 2116 cap.
1795 2062 1838 2115 6,
1855 2059 1903 2103 in
1922 2058 2113 2115 princ.):

220 2136 238 2154 κ
259 2120 376 2175 Non,
406 2123 460 2163 ut
490 2118 681 2176 quidam
714 2119 1023 2177 mentiuntur,
1059 2126 1168 2166 ante
1196 2133 1301 2166 eam
1334 2134 1441 2179 quae
1467 2127 1542 2167 est
1571 2133 1630 2166 ex
1659 2120 1861 2177 Virgine,
1897 2121 2116 2165 incarna-

223 2180 413 2235 tionem,
434 2181 704 2226 intellectus
731 2188 806 2227 est
836 2183 1001 2228 unitus
1018 2186 1111 2227 Deo
1131 2195 1259 2240 vero,
1283 2188 1401 2228 etex
1414 2190 1528 2227 tunc
1547 2188 1743 2227 vocatus
1761 2188 1833 2228 est
1845 2182 2067 2228 Christus.
2091 2200 2112 2221 „

262 2249 556 2290 CONCLUSIO.
579 2270 627 2278 —
661 2255 756 2292 cum
779 2248 929 2292 Christi
964 2250 1108 2289 anima
1143 2251 1353 2302 propriam
1378 2251 1468 2290 sine
1496 2250 1627 2291 Verbo
1658 2250 1971 2291 subsistentiam
1998 2262 2113 2291 nun-

215 2314 342 2351 quam
362 2302 568 2353 habuerit,
586 2303 855 2355 eJ'usdemque
874 2302 930 2343 sit
950 2307 1110 2344 naturae
1127 2314 1228 2344 eum
1245 2305 1414 2354 nostris,
1431 2315 1524 2345 eam
1540 2304 1672 2345 simul
1690 2308 1871 2357 tempore
1882 2315 1982 2346 oum
1994 2316 2114 2346 carne

215 2361 475 2408 assumptam
499 2368 584 2397 esse
606 2357 872 2408 perspicuum
889 2360 964 2397 est.

268 2420 541 2476 Respondeo
556 2419 809 2464 dicendum
824 2419 949 2476 qu6d
969 2419 1192 2477 Origenes
1214 2420 1373 2478 posuit
1387 2421 1436 2465 in
1455 2433 1543 2467 suo
1561 2421 1791 2467 Periarch.
1809 2422 1905 2477 (lib.
1919 2436 1950 2479 1,
1965 2434 2070 2480 cap.
2083 2425 2111 2468 7

212 2487 263 2528 et
282 2485 327 2538 8,
351 2487 398 2527 et
417 2481 498 2527 lib.
523 2495 572 2539 ιι,
594 2494 697 2539 cap.
721 2483 778 2538 8),
803 2494 969 2527 omnes
982 2483 1165 2528 animas
1182 2483 1211 2527 a
1228 2483 1458 2541 principio
1471 2484 1618 2529 fuisse
1639 2490 1837 2542 creatas,
1854 2485 1977 2529 inter
1993 2497 2112 2542 quas

213 2544 353 2589 etiam
369 2543 527 2601 posuit
546 2543 751 2588 animam
764 2544 930 2589 Christi
945 2550 1166 2590 creatam.
1178 2569 1233 2576 -—
1245 2545 1335 2591 Sed
1345 2546 1434 2590 hoc
1453 2545 1644 2604 quidem
1666 2552 1739 2592 est
1755 2546 2110 2607 inconveniens,

214 2605 255 2650 si
277 2611 480 2663 ponatur
501 2605 626 2664 quod
645 2606 787 2651 fuerit
805 2611 920 2651 tunc
940 2612 1112 2666 ereata,
1136 2606 1221 2652 sed
1238 2619 1335 2652 non
1356 2608 1513 2654 statim
1539 2607 1688 2653 Verbo
1705 2609 1838 2654 unita
1861 2624 1873 2653 ε
1898 2608 2009 2666 quia
2033 2621 2110 2654 se-

212 2672 437 2725 queretur
470 2667 599 2726 qubd
637 2669 794 2712 anima
824 2667 904 2713 illa
931 2668 1184 2727 aliquando
1210 2669 1452 2715 habuisset
1485 2670 1721 2728 propriam
1757 2670 2110 2716 subsistentiam

214 2729 316 2775 sine
331 2729 478 2775 Verbo
500 2745 512 2775 ε
539 2730 671 2775 etsie
693 2733 801 2775 cum
815 2730 982 2775 fuisset
1001 2732 1029 2774 a
1047 2730 1196 2776 Verbo
1214 2737 1471 2789 assumpta,
1494 2733 1571 2777 vel
1585 2745 1678 2777 non
1700 2737 1827 2778 esset
1847 2733 1970 2778 facta
1995 2733 2108 2777 unio

212 2792 472 2836 secundum
494 2791 863 2847 subsistentiam,
885 2792 960 2838 vel
972 2799 1192 2850 corrupta
1201 2794 1369 2839 fuisset
1377 2793 1681 2839 subsistentia
1701 2794 1870 2840 animae
1885 2794 2108 2852 praeexis-

212 2857 332 2898 tens.
358 2878 414 2886 -
438 2853 579 2898 Simili
587 2858 655 2898 ter
667 2854 809 2899 etiam
827 2860 900 2899 est
912 2855 1267 2912 inconvenienS‚
1283 2856 1324 2901 si
1337 2860 1538 2913 ponatur
1555 2855 1681 2913 quod
1700 2857 1857 2900 anima
1873 2855 1953 2900 illa
1969 2855 2110 2902 fuerit

211 2916 241 2960 a
260 2916 487 2975 principio
508 2916 656 2962 Verbo
686 2917 834 2972 unita,
864 2923 912 2963 et
931 2919 1230 2975 postmodum
1256 2919 1305 2963 in
1327 2926 1461 2963 utero
1480 2918 1680 2977 Virginis
1696 2920 1938 2964 incarnata
1959 2933 1970 2962 :
1996 2919 2109 2978 quia

210 2978 281 3023 sic
301 2978 404 3036 ejus
425 2980 581 3025 anima
597 2980 833 3025 videretur
853 2992 959 3026 esse
982 2993 1077 3025 non
1096 2981 1307 3038 ejusdem
1323 2985 1503 3026 naturae
1513 2993 1624 3026 cum
1638 2983 1826 3039 nostriS‚
1848 2993 1953 3039 quae
1965 2981 2108 3029 simul

210 3045 449 3097 creantur,
473 3041 587 3087 dum
608 3041 884 3099 corporibus
906 3042 1235 3088 infunduntur.
1251 3042 1382 3088 Unde
1396 3045 1486 3087 Leo
1509 3055 1632 3101 papa
1650 3043 1762 3089 dicit
1780 3043 1938 3101 (Epist.
1956 3043 2017 3089 ad
2028 3045 2106 3089 Ju-

211 3100 389 3146 lianum
408 3105 479 3160 35,
503 3104 563 3148 al.
580 3107 654 3160 11,
678 3104 845 3149 versus
863 3103 984 3162 fin.),
1003 3103 1130 3161 quod
1147 3117 1274 3150 «non
1290 3104 1482 3150 alterius
1498 3109 1679 3150 naturae
1699 3110 1800 3150 erat
1811 3117 1921 3150 caro
1941 3104 2106 3151 Christi

211 3162 354 3220 quam
380 3170 561 3223 nostra3
586 3178 676 3211 nee
696 3165 788 3210 alia
813 3166 880 3211 illi
909 3165 1053 3224 quam
1085 3167 1265 3213 oeoeteris
1293 3166 1562 3213 hominibus
1588 3167 1744 3212 anima
1776 3172 1849 3213 est
1877 3167 2106 3225 principio

210 3226 449 3283 inspirata.
468 3245 490 3266 ι»

253 3351 296 3392 (4)
311 3350 374 3385 Hic
398 3349 510 3390 agitur
525 3349 566 3384 de
584 3350 765 3392 prioritate
785 3353 970 3393 temporis,
996 3358 1115 3387 contra
1200 3356 1366 3389 animam
1402 3355 1552 3389 Domini
1576 3355 1844 3398 proca-stitisse
1857 3382 1866 3397 ,
1885 3356 2103 3401 animmque

210 3398 393 3438 origenem
411 3399 469 3439 qui
494 3398 656 3433 docuerat
674 3398 822 3433 animam
842 3399 966 3434 Christi
980 3407 1115 3442 corpori
1200 3413 1274 3438 esse
1291 3403 1364 3437 Deo
1386 3404 1498 3438 Verbo
1512 3429 1521 3443 ,
1541 3406 1627 3438 ame
1642 3403 1940 3437 incarnationem
1954 3406 1987 3438 et
2003 3404 2104 3439 nati-

210 3446 467 3487 praeexstitiss03
493 3446 583 3487 quod
602 3446 656 3480 his
670 3446 782 3481 verbis
800 3447 995 3481 damnatum
1011 3457 1060 3482 est
1078 3449 1115 3483 in
1198 3451 1348 3484 vitatem
1364 3460 1412 3485 ex
1437 3451 1598 3494 Vimine,
1619 3451 1819 3486 anathema
1832 3451 1893 3485 sit.

209 3493 384 3533 smo‹¹..V.
403 3493 552 3534 generali
579 3507 587 3528 :
614 3494 659 3528 Si
688 3495 771 3536 quis
799 3494 892 3528 dicit
911 3499 976 3529 aut
1006 3499 1117 3531 sentit

2160 1912 2170 1942 i
