2170 3808
705 223 904 277 QUAEST.
935 221 1095 274 xxxv,
1131 219 1248 262 ART.
1282 217 1390 260 IET
1419 217 1472 259 11.
1939 223 2023 265 269

131 315 204 356 est
238 311 322 356 toti
345 308 576 364 Trinitati3
599 307 857 352 secundum
888 311 1043 351 tamen
1079 306 1269 351 modum
1307 305 1509 362 aliquem
1539 302 1802 349 attribuitur
1823 301 2022 358 singulis

131 372 359 428 personis.
381 374 493 415 Nam
512 368 630 413 Patri
654 367 920 412 attribuitur
938 367 1186 412 auctoritas
1207 372 1422 423 respectu
1454 377 1666 423 personae
1694 363 1791 408 Filii
1804 397 1816 418 ,
1838 363 1918 421 qui
1939 375 2024 420 per

133 431 400 491 hujusmodi
428 428 778 487 conceptionem
814 429 903 474 sibi
921 428 1174 484 assumpsit
1192 428 1445 471 humanam
1473 431 1712 480 naturam3
1738 424 1849 470 Filio
1864 428 2022 470 autem

132 495 397 540 attribuitur
418 494 520 550 ipsa
544 492 698 536 carnis
721 491 1003 548 assumpti03
1028 490 1110 534 sed
1130 488 1314 546 Spiritui
1337 492 1500 532 sancto
1523 487 1788 533 attribuitur
1806 486 2021 532 formatio

132 557 353 614 corporis,
368 554 491 612 quod
503 553 758 599 assumitur
773 554 800 597 a
816 553 942 597 Filio.
954 554 1068 596 Nam
1083 551 1183 608 ipse
1196 550 1391 607 Spiritus
1403 553 1678 594 sanctus'est
1692 549 1886 605 Spiritus
1902 549 2018 607 Filii,

132 618 390 663 secundum
411 616 523 661 illud
557 614 713 669 (Galat.
737 628 796 672 xv,
821 614 865 671 6)
890 629 901 658 2
930 616 1055 657 Misit
1073 617 1190 656 Deus
1219 614 1438 668 Spiritum
1458 611 1569 654 Filii
1590 613 1674 654 sui.
1701 611 1826 655 Sicut
1864 615 2021 656 autem

131 680 281 725 virtus
303 679 485 734 animae,
516 689 620 734 quae
635 681 706 722 est
727 676 776 721 in
811 675 1006 733 semine,
1029 688 1112 733 per
1135 674 1348 731 spiritum
1374 673 1452 730 qui
1486 672 1534 716 in
1555 671 1731 716 semine
1751 671 2019 731 includitur,

131 740 300 786 format
336 752 504 798 corpus
536 739 583 783 in
616 739 913 795 generatione
943 738 1139 782 aliorum
1160 736 1417 788 hominum,
1460 734 1523 778 ita
1544 734 1690 778 virtus
1721 732 1799 777 Dei
1824 745 1929 790 quae
1949 739 2023 780 est

130 801 232 859 ipse
252 801 405 858 Filius,
441 800 699 846 secundum
719 800 834 845 illud
868 802 917 853 (1.
941 799 1141 845 Corinth.
1162 813 1190 853 ι,
1217 800 1311 852 240:
1335 797 1565 840 Christum
1586 797 1671 838 Dei
1689 796 1913 850 virtutem,
1939 807 2023 851 per

134 863 350 920 Spiritum
371 867 586 906 sanctum
618 873 789 917 corpus
824 861 1037 906 formavit
1060 859 1182 917 quod
1208 857 1473 915 assumpsit.
1512 859 1565 901 Et
1596 857 1684 900 hoc
1719 855 1859 900 etiam
1879 855 2023 900 verba

133 923 287 981 angeli
307 923 628 969 demonstrant
645 923 841 968 dicentis
865 938 876 967 ε
911 925 1109 979 Spiritus
1129 923 1312 966 sanctus
1343 922 1621 975 superveniet
1648 921 1698 961 in
1730 920 1788 973 te,
1807 917 1941 973 quasi
1961 917 2023 963 ad

132 986 481 1043 praeparandam
500 989 548 1030 et
573 985 861 1029 formandam
882 984 1122 1028 materiam
1144 982 1350 1039 corporis
1365 981 1553 1036 Christi3
1574 985 1620 1025 et
1633 978 2020 1037 virtttsAltissi772i‚

131 1045 181 1091 id
198 1050 283 1103 est,
313 1047 535 1098 Christus,
557 1046 836 1089 obumbrabit
858 1046 952 1103 tibi,
990 1044 1039 1089 id
1069 1048 1156 1099 est,
1180 1055 1350 1098 corpus
1369 1042 1416 1085 in
1440 1046 1485 1086 te
1507 1039 1810 1086 humanitatis
1828 1039 2024 1097 accipiet

132 1106 455 1166 incorporeum
474 1108 633 1152 lumen
667 1107 980 1151 Divinitatis.1‹
1011 1105 1180 1149 Umbra
1212 1103 1338 1149 enim
1366 1102 1591 1148 alumine
1618 1102 1843 1147 formatur
1856 1106 1903 1146 et
1916 1114 2024 1146 cor-

131 1180 292 1225 poreffn
319 1174 373 1214 ut
395 1169 640 1225 Gregorius
663 1167 771 1212 dicit
791 1166 957 1220 <Moral.
983 1165 1062 1210 lib.
1096 1179 1214 1220 xvm,
1238 1177 1338 1220 cap.
1363 1167 1436 1221 12,
1462 1176 1585 1209 vers.
1620 1164 1736 1218 fin.).
1761 1161 2022 1208 Altissimus

131 1234 286 1276 autem
309 1230 582 1287 intelligitur
599 1231 747 1286 Pater,
771 1227 906 1285 cujus
929 1227 1077 1272 virtus
1097 1231 1167 1272 est
1185 1226 1261 1270 Dei
1285 1226 1442 1270 Filius.

185 1292 253 1336 Ad
275 1292 515 1336 secundum
534 1290 800 1346 dicendum,
818 1289 943 1347 quod
960 1289 1120 1333 missio
1135 1288 1333 1332 refertur
1347 1287 1405 1332 ad
1420 1298 1668 1344 personam
1686 1290 2021 1342 assumentem,

131 1364 235 1410 quae
258 1354 285 1398 a
306 1355 437 1398 Patre
459 1353 680 1410 mittitur3
698 1352 781 1397 sed
803 1351 1044 1408 conceptio
1066 1351 1263 1396 refertur
1285 1350 1344 1395 ad
1361 1362 1531 1407 corpus
1558 1351 1867 1404 assumptum,
1897 1349 2024 1405 quod

131 1415 397 1472 operatione
417 1414 611 1471 Spiritus
633 1413 781 1458 sancti
802 1414 1041 1458 formatur.
1066 1415 1119 1458 Et
1152 1413 1256 1458 ideo
1273 1411 1381 1456 licet
1401 1411 1559 1456 missio
1580 1415 1627 1456 et
1659 1409 1900 1466 conceptio
1928 1411 2024 1456 sint

130 1475 252 1520 idem
264 1476 489 1534 subjectO,
500 1475 609 1533 quia
621 1480 775 1520 tamen
791 1475 1009 1520 differunt
1022 1474 1215 1530 ratione,
1234 1473 1394 1518 missio
1408 1473 1672 1518 attribuitur
1687 1471 1823 1529 Patri,
1838 1473 2024 1519 efficere

132 1542 288 1583 autem
323 1538 674 1595 conceptionem
703 1537 887 1594 Spiritui
927 1542 1110 1593 sanct03
1152 1536 1235 1581 sed
1260 1548 1448 1581 carnem
1486 1547 1724 1580 assumere
1757 1534 2023 1580 attribuitur

131 1599 258 1644 Filio.
1672 1644 1675 1649 ,

187 1660 253 1705 Ad
275 1664 455 1705 tertium
473 1660 737 1717 dicendum,
763 1659 905 1718 quod,
924 1660 1046 1705 sicut
1063 1659 1348 1716 Augustinus
1373 1658 1508 1713 (alius
1528 1658 1705 1714 auctor)
1722 1657 1830 1702 dicit
1854 1659 1917 1709 (in
1939 1658 2021 1704 lib.

132 1725 195 1767 De
220 1722 557 1779 quaestionibus
576 1723 747 1767 veteris
764 1727 810 1767 et
833 1723 942 1766 novi
958 1722 1250 1778 Testamenti,
1271 1734 1351 1779 qu.
1372 1723 1457 1777 52),
1480 1721 1707 1777 «quaestio
1726 1721 1814 1765 ista
1837 1721 2024 1776 gemina

132 1783 313 1828 ratione
340 1788 494 1841 potest
514 1783 724 1839 intelligi.
754 1784 957 1828 Primum
980 1784 1102 1828 enim
1134 1784 1302 1828 domus
1332 1782 1494 1828 Christi
1517 1782 1720 1827 Ecclesia
1754 1786 1842 1838 est,
1879 1794 2023 1839 quam

133 1845 378 1891 aedificavit
410 1844 499 1890 sibi
517 1846 746 1902 sanguine
760 1858 862 1890 suo.
894 1846 1065 1891 Deinde
1083 1850 1236 1902 potest
1263 1850 1308 1890 et
1327 1858 1496 1901 corpus
1520 1844 1622 1901 ejus
1640 1842 1731 1887 dici
1763 1843 1930 1888 domus
1949 1844 2024 1900 ip-

134 1907 233 1952 sius
273 1909 349 1963 (1),
374 1906 494 1952 sicut
515 1907 682 1953 dicitur
700 1907 923 1964 templum
947 1908 1064 1964 eJus.
1097 1910 1283 1951 Factum
1304 1912 1461 1951 autem
1499 1906 1692 1963 Spiritus
1720 1905 1867 1949 sancti
1903 1917 2024 1962 opus

133 1968 229 2012 Filii
250 1970 326 2013 Dei
352 1973 439 2024 est,
460 1973 646 2025 propter
663 1974 842 2013 naturae
859 1974 907 2014 et
923 1970 1174 2013 voluntatis
1192 1969 1467 2013 unitatem.»

132 2031 476 2075 ARTICULUS
505 2034 565 2074 11.
595 2055 649 2062 —
673 2045 805 2074 ornum
830 2044 1028 2075 cnmsws
1048 2044 1204 2073 ΒΕΒΕΑΤ
1240 2044 1321 2074 mm
1341 2042 1571 2073 concarrus
1591 2042 1644 2071 nn
1666 2042 1823 2072 spnuru
1846 2041 2022 2073 SANc'ro.

134 2098 185 2135 De
198 2098 251 2134 his
262 2099 365 2135 etiam
377 2100 470 2133 Sent.
485 2099 630 2139 111,‹list.
650 2100 682 2138 lt.
699 2105 814 2141 quaest.
831 2108 855 2139 ι,
873 2104 937 2134 art.
954 2100 985 2140 l,
1005 2105 1182 2167 qlloessw’
1198 2102 1232 2133 et
1251 2099 1351 2133 Cont.
1368 2102 1458 2139 gent.
1476 2097 1537 2132 lib.
1554 2106 1603 2140 lv,
1618 2109 1691 2138 cap.
1706 2098 1761 2137 46,
1782 2102 1816 2132 et
1831 2098 1953 2140 Opusc.
1968 2106 2023 2142 m,

996 2157 1068 2186 cap.
1083 2147 1156 2180 225.

189 2200 255 2244 Ad
274 2200 532 2244 secundum
555 2200 620 2244 sic
643 2200 921 2256 proceditur.
948 2204 990 2244 1.
1017 2200 1200 2243 Videtur
1231 2199 1357 2255 quod
1388 2199 1596 2243 Christus
1633 2210 1727 2242 non
1749 2198 1915 2242 debeat
1932 2198 2020 2244 dici

134 2265 386 2318 conceptus
412 2261 469 2306 de
489 2261 658 2317 Spiritu
679 2266 857 2306 sancto.
890 2261 1021 2317 Quia,
1047 2273 1187 2317 super
1212 2261 1324 2305 illud
1355 2262 1502 2315 (Rom.
1525 2262 1573 2315 11)
1609 2263 1716 2304 :Eoe
1735 2263 1844 2316 ipsc),
1877 2265 1920 2303 et
1934 2273 2023 2317 per

134 2327 294 2380 ipsum,
313 2326 356 2367 et
372 2326 532 2380 inipso
553 2326 656 2367 sunt
673 2327 840 2375 omnia,
862 2323 972 2367 dicit
992 2323 1149 2367 G-lossa
1164 2322 1405 2379 Augustini
1429 2322 1564 2378 (ord,
1586 2322 1667 2366 lib.
1690 2325 1752 2366 De
1775 2327 1869 2366 nat.
1891 2322 2021 2377 boni,

135 2397 235 2441 cap.
251 2385 323 2439 27)
348 2398 359 2426 ε
385 2384 753 2430 «Αῐῐεηᾶθηᾱωη
778 2385 902 2441 qudd
921 2397 1015 2429 non
1035 2385 1114 2442 ait,
1136 2387 1198 2428 De
1217 2385 1333 2441 ipso,
1359 2383 1457 2440 sed,
1473 2386 1538 2428 Ex
1557 2383 1684 2440 ipso3
1705 2396 1764 2428 ex
1781 2384 1882 2439 ipso
1896 2385 2023 2428 enim

134 2445 238 2489 coeli
275 2449 386 2490 sunt
408 2449 455 2490 et
489 2448 625 2502 terra,
661 2445 770 2503 quia
791 2446 891 2503 ipse
911 2446 1020 2490 fecit
1045 2458 1126 2501 ea3
1163 2457 1257 2489 non
1289 2450 1445 2490 autem
1483 2445 1541 2489 de
1573 2447 1690 2502 ipso,
1716 2445 1824 2502 quia
1846 2458 1938 2489 non
1963 2445 2022 2491 de

135 2507 395 2551 substantia
432 2519 532 2551 sua.
576 2507 658 2552 Sed
701 2507 896 2564 Spiritus
936 2512 1127 2552 sanctus
1168 2520 1262 2551 non
1303 2506 1518 2552 formavit
1550 2519 1718 2564 corpus
1760 2506 1922 2551 Christi
1963 2507 2022 2552 de

134 2568 393 2612 substantia
433 2581 569 2613 sua.»
607 2571 727 2625 Ergo
770 2570 976 2614 Christus
1015 2582 1108 2614 non
1156 2569 1294 2615 debet
1336 2569 1425 2614 dici
1469 2574 1721 2625 conceptus
1758 2569 1815 2613 de
1852 2569 2023 2626 Spiritu

135 2633 311 2674 sancto.

189 2692 232 2734 2.
261 2691 511 2746 Praeterea,
535 2690 812 2747 principium
842 2691 1063 2746 activum,
1084 2690 1255 2746 dequo
1279 2689 1455 2746 aliquid
1488 2690 1762 2746 concipitur‚
1800 2703 1851 2735 se
1881 2691 2021 2738 habet

135 2750 254 2796 sicut
267 2763 428 2797 semen
451 2751 500 2796 in
512 2753 826 2808 generatione.
847 2753 932 2797 Sed
947 2752 1140 2808 Spiritus
1162 2756 1352 2796 sanctus
1370 2764 1463 2795 non
1483 2763 1534 2797 se
1550 2752 1712 2796 habuit
1724 2752 1843 2797 sicut
1861 2765 2021 2799 semen

137 2809 184 2854 in
215 2812 515 2868 conceptione
542 2814 702 2858 Christi
739 2830 751 2858 ε
781 2814 892 2859 dicit
910 2815 1035 2859 enim
1056 2814 1362 2870 Hieronymus
1383 2813 1626 2868 (Pelagius)
1655 2814 1703 2857 in
1727 2814 2021 2870 Expositione

138 2873 374 2917 catholicae
407 2873 512 2918 fidei
547 2889 559 2918 z
595 2893 615 2913 «
632 2878 748 2933 Non,
781 2876 901 2920 sicut
920 2875 1109 2933 quidam
1135 2875 1487 2919 sceleratissime
1515 2875 1779 2931 opinantur,
1806 2875 2022 2931 Spiritum

136 2939 350 2979 sanctum
362 2934 557 2979 dicimus
567 2936 712 2982 fuisse
722 2950 806 2993 pro
818 2938 930 2982 semi
938 2950 995 2982 ne
1005 2954 1018 2995 3
1032 2937 1115 2982 sed
1127 2937 1331 2994 potentia
1342 2949 1397 2980 ac
1407 2936 1575 2980 virtute
1588 2936 1812 2980 creatoris
1824 2937 2021 2983 dicimus

136 3006 240 3040 esse
261 3000 518 3052 operatum,
535 2996 580 3040 id
604 3001 689 3050 est,
711 2999 957 3043 formatum
977 3012 1145 3056 corpus
1165 2998 1376 3043 Christi.»
1398 3000 1496 3042 Non
1513 3009 1624 3054 ergo
1642 2998 1777 3043 debet
1791 2997 1880 3043 dici
1895 2999 2021 3056 quod

136 3056 340 3100 Christus
358 3056 419 3100 sit
439 3061 692 3112 conceptus
717 3058 775 3102 de
798 3059 967 3117 Spiritu
985 3064 1161 3104 sancto.

190 3120 232 3161 3.
263 3120 502 3174 Praeterea,
537 3118 651 3162 nihil
684 3131 832 3164 unum
861 3121 920 3166 de
941 3122 1124 3166 duobus
1158 3122 1398 3176 formatur,
1426 3120 1517 3166 nisi
1548 3120 1703 3178 aliquo
1722 3121 1862 3166 modo
1893 3133 2018 3167 com-

135 3179 306 3223 mixtis.
333 3181 419 3224 Sed
438 3192 607 3236 corpus
626 3180 790 3225 Christi
823 3181 1071 3227 formatum
1104 3187 1176 3227 est
1194 3183 1252 3227 de
1281 3182 1462 3238 Virgine
1489 3183 1640 3228 Maria.
1666 3182 1710 3227 Si
1733 3195 1844 3240 ergo
1864 3184 2020 3228 Chris-

135 3244 211 3282 tus
246 3239 424 3284 dicatur
463 3245 716 3296 conceptus
748 3241 805 3286 de
842 3242 1011 3298 Spiritu
1046 3247 1224 3298 sanem,
1265 3243 1446 3288 videtur
1484 3243 1608 3300 quod
1644 3244 1765 3288 facta
1799 3244 1857 3288 sit
1887 3255 2018 3288 com-

135 3300 294 3344 mixtio
330 3301 543 3358 quaedam
579 3302 773 3358 Spiritus
813 3304 961 3347 sancti
999 3307 1050 3358 et,
1081 3304 1300 3362 materiae,
1342 3316 1483 3361 quam
1518 3304 1653 3360 Virgo
1689 3303 1966 3348 ministravit
2004 3319 2015 3347 τ

177 3402 219 3444 (Ι)
238 3402 390 3436 Conferri
419 3408 556 3444 possunt
578 3404 754 3444 Angustia.
775 3404 836 3446 (De
861 3404 954 3440 civit.
984 3406 1054 3446 Dei,
1085 3405 1146 3440 lib.
1178 3415 1262 3447 xvn,
1283 3418 1313 3441 c.
1339 3407 1404 3446 20).
1425 3407 1579 3442 Ambros.
1595 3407 1657 3449 (De
1685 3405 1762 3445 fide.
1782 3405 1846 3440 lib.
1866 3414 1890 3447 Ι,
1913 3418 1942 3440 c.
1966 3407 2010 3447 T).

138 3448 460 3488 31·e;;.·(M‹›1·at.12h.
477 3460 584 3485 xxxin
614 3462 645 3483 c.
657 3452 723 3485 2¹2.
