2170 3808
977 228 1144 266 INDEX·
1957 223 2016 262 11

117 330 246 372 Utrum
266 323 465 366 substantia
485 321 590 372 panis
610 321 696 371 post
717 319 1030 359 consecrationem
1050 315 1162 365 hujus
1187 314 1408 355 sacramenti
1433 312 1669 356 annihiletur,
1691 321 1740 351 an
1760 311 1800 351 in
1824 310 2019 361 pristinam

169 375 352 416 materiam
373 371 592 420 resolvatur.
679 415 686 423 .
715 415 723 423 ·
1007 411 1016 420 .
1059 411 1067 419 ι

120 426 247 466 Utrum
265 422 369 479 panis
390 418 507 470 possit
529 418 690 456 converti
712 426 752 454 in
774 423 906 463 corpus
931 413 1086 468 Christi.
1199 458 1207 465 .
1340 456 1348 463 ⁴
1380 456 1388 464 ι

171 495 216 502 -
266 481 304 509 in
324 471 394 507 boc
421 467 644 506 sacramento
667 464 878 502 remaneant
897 460 1101 516 accidentia
1123 467 1232 507 panis
1255 459 1294 496 et
1315 466 1408 496 vini.

170 541 218 552 —
265 517 446 557 remaneat
466 514 584 553 forma
605 510 995 565 substantialispams.

170 589 218 597 —-
264 567 335 606 ista
357 562 544 603 conversio
565 560 628 599 fiat
654 560 693 598 in
718 560 886 598 instanti.
1065 603 1073 612 α
1115 604 1124 611 ·

172 637 219 645 -
266 615 342 653 haec
365 611 413 651 sit
434 620 520 649 vera
548 621 557 647 ι
581 609 636 647 Ex
658 618 751 657 pane
772 606 813 646 fit
834 615 968 655 corpus
988 605 1141 643 Christi.

224 731 278 761 nn
298 727 414 759 mono
439 726 526 763 Quo
553 724 713 755 conpos
735 723 903 754 cnu1s'r1
926 722 1090 752 Exis‘rrr
1111 721 1157 751 ΙΝ
1182 719 1266 750 noc
1288 718 1578 750 SAGRAMENTO.
1601 729 1649 737 —
1672 707 1841 756 Quaestio
1861 709 1911 749 ’16

126 817 252 860 utrum
270 819 369 855 totus
391 814 558 854 Christus
577 813 626 852 sit
648 812 715 851 sub
736 813 808 850 hoc
829 811 1071 849 sacramento.
1264 854 1271 862 .

462 884 508 890 -—
729 861 885 907 utraque
908 857 1031 907 specie
1057 858 1288 896 sacramenti.
1320 879 1324 883 -

465 931 511 939 —-
737 907 900 955 qualibet
920 908 1024 955 parte
1048 904 1265 954 specierum.

273 959 517 1000 dimensiones
540 957 702 1007 corporis
727 955 863 994 Christi
883 956 971 994 totae
997 953 1071 991 sint
1093 952 1166 1007 sub·
1182 953 1252 990 hoc
1275 953 1515 990 sacramento.

273 1019 404 1058 corpus
431 1007 568 1046 Christi
594 1007 643 1046 sit
664 1006 703 1043 in
723 1005 794 1042 hoc
813 1003 1039 1042 sacramento
1061 1001 1241 1039 localiter.
1335 1048 1341 1054 ι
1370 1047 1377 1054 ·
1513 1047 1518 1052 ἦ
1725 1046 1733 1054 ¹

595 1055 785 1092 moveatur
805 1051 850 1090 ad
874 1054 1014 1088 motum
1039 1049 1169 1088 hostiae
1193 1048 1254 1086 vel
1277 1047 1400 1086 calicis
1422 1049 1507 1096 post
1531 1048 1860 1086 consecrationem.

594 1102 634 1140 in
657 1101 728 1140 hoc
748 1100 974 1139 sacramento
999 1097 1119 1147 possit
1144 1096 1188 1135 ab
1207 1096 1314 1135 oculo
1336 1095 1459 1143 aliquo
1482 1095 1612 1134 videri.

593 1150 778 1234 remaneat
806 1147 846 1203 in
874 1150 1113 1192 sacramento,
1146 1143 1228 1183 cum
1263 1142 1481 1183 miraculose
1516 1147 1668 1193 apparet
1693 1145 1760 1184 sub
1787 1144 1909 1194 specie
1928 1141 2034 1194 pueri

634 1206 680 1235 ve
716 1205 850 1235 carnis.

394 1076 442 1181 ΙΙΙ

296 1325 352 1355 ΒΕ
372 1323 679 1356 ΑοοῙῡΕΝτιΒσε
700 1320 1026 1353 REMANEN‘risns
1046 1320 1094 1351 m
1118 1318 1202 1349 noc
1223 1318 1515 1348 SACRAMENTO.
1541 1328 1590 1338 -
1614 1308 1783 1356 Quaestio
1803 1309 1864 1347 77.

118 1414 258 1453 »Utrum
281 1413 480 1452 accidentia
500 1412 577 1450 sint
598 1412 677 1451 sine
699 1411 878 1461 subjecto.
1078 1455 1086 1463 ⁶
1180 1454 1187 1462 ·
1314 1454 1321 1461 ⁶

281 1461 465 1510 quantitas
490 1460 691 1499 dimensiva
713 1459 762 1498 sit
782 1458 986 1507 subjectum
1011 1455 1253 1494 accidentium
1274 1454 1441 1494 aliorum.

279 1509 491 1558 hujusmodi
516 1508 719 1547 accidentia
744 1506 887 1556 possint
911 1506 1102 1543 immutare
1126 1502 1276 1552 aliquod
1297 1512 1429 1553 corpus
1451 1505 1709 1544 extrinsecum.

280 1557 423 1606 possint
444 1567 586 1596 corrum
616 1557 642 1595 i.

282 1605 397 1659 possit
419 1615 464 1643 ex
487 1605 544 1660 eis
566 1567 705 1654 afiquid
726 1605 905 1654 generari.

282 1656 427 1708 possint
448 1655 600 1692 nutrire.

283 1712 320 1738 in
343 1702 413 1740 hoc
435 1703 658 1740 sacramento
677 1701 820 1749 species
846 1700 1119 1740 sacramentalis
1145 1700 1347 1749 frangatur.

282 1750 368 1787 vino
393 1752 607 1788 eonsecrato
628 1749 747 1798 possit
768 1749 947 1798 liquidum
969 1749 1174 1787 admisceri.

183 1483 234 1777 tilttl}

571 1873 627 1902 DE
649 1873 793 1902 Forma
817 1873 952 1903 Hmns
977 1873 1255 1902 SACRAMENTI.
1277 1883 1323 1891 —
1348 1862 1518 1908 Quaestio
1539 1863 1603 1901 78.

142 1959 269 1999 Utriim
286 1961 363 1998 haec
385 1961 435 1998 sit
456 1959 675 1998 conveniens
696 1959 811 1998 forma
832 1958 943 2008 hujus
964 1958 1179 1997 sacramenti
1203 1970 1213 1996 :
1238 1959 1313 1996 Hoc
1336 1960 1393 1995 est
1415 1968 1569 2005 corpus,
1597 1959 1669 1996 etc.

192 2028 239 2035 -
288 2007 403 2045 forma
426 2007 711 2045 consecrationis
732 2007 838 2056 panis
859 2007 908 2044 sit
928 2007 1147 2045 conveniens
1170 2018 1180 2043 z
1204 2007 1279 2045 Hoc
1302 2008 1358 2043 est
1379 2016 1510 2054 corpus
1533 2015 1666 2043 meum.

191 2076 238 2083 —-
287 2055 335 2093 sit
358 2056 576 2093 conveniens
598 2055 715 2093 forma
736 2054 1019 2093 consecrationis
1038 2054 1224 2102 sanguinis
1249 2066 1259 2091 ε
1284 2053 1349 2091 Hic
1373 2056 1428 2091 est
1450 2053 1556 2099 calix,
1585 2056 1655 2091 etc.

191 2124 238 2131 -—
287 2103 324 2140 in
346 2102 467 2140 verbis
490 2103 665 2140 dictarum
690 2103 885 2140 formarum
909 2103 958 2140 sit
978 2103 1100 2151 aliqua
1124 2103 1181 2142 vis
1203 2104 1323 2141 creata
1348 2101 1516 2140 effectiva
1538 2100 1839 2142 consecrationis.

192 2173 238 2179 —
287 2151 490 2188 locutiones
515 2151 554 2187 in
575 2149 758 2198 praedictis
780 2150 907 2188 formis
929 2150 1003 2188 sint
1026 2160 1133 2189 verae.

144 2199 194 2238 De
219 2198 489 2248 comparatione
512 2197 621 2237 unius
647 2197 772 2236 formae
794 2198 839 2236 ad
864 2198 987 2236 aliam.

518 2324 573 2352 nn
600 2323 855 2353 EFFnc'rmns
878 2322 1010 2353 nurus
1033 2322 1315 2353 SACRAMENTI.
1343 2333 1390 2341 —
1413 2313 1584 2359 Quaestio
1604 2315 1668 2352 79.

146 2410 270 2451 Utriim
292 2410 363 2449 hoc
389 2412 651 2449 sacramentum
680 2409 843 2448 conferat
869 2409 1032 2457 gratiam.

194 2477 240 2487 -
289 2458 438 2497 effectus
464 2458 575 2506 hujus
597 2459 814 2496 sacramenti
834 2458 882 2497 sit
904 2457 1048 2513 adeptio
1072 2456 1228 2511 gloriae3

551 2526 598 2533 —
901 2515 1064 2543 remissio
1090 2507 1231 2553 peccati
1252 2505 1433 2543 mortalis.

289 2563 356 2602 per
375 2553 444 2591 hoc
466 2556 731 2591 sacramentum
753 2553 956 2592 remittatur
980 2557 1166 2602 peccatum
1188 2553 1344 2591 veniale.

600 2621 648 2630 —·
974 2604 1051 2640 tota
1076 2611 1181 2649 poena
1210 2602 1366 2648 peccati.

291 2648 362 2687 hoc
381 2652 644 2687 sacramentum
665 2652 862 2698 praeservet
886 2649 1071 2687 hominem
1093 2649 1114 2687 a
1139 2649 1298 2697 peccatis
1320 2649 1468 2688 futuris.

435 2717 483 2724 —
667 2697 783 2744 prosit
806 2697 888 2735 aliis
909 2696 1014 2744 quam
1037 2697 1274 2735 sumentibus.

293 2754 359 2793 per
382 2746 570 2793 peccatum
595 2745 738 2784 veniale
759 2745 979 2794 impediatur
1000 2745 1150 2783 effectus
1170 2744 1281 2793 hujus
1304 2743 1536 2784 sacramenti.

194 2527 246 2772 lttltl

286 2869 340 2898 DE
365 2869 447 2899 usn
468 2869 564 2899 swn
583 2869 821 2901 seur-riom:
843 2870 974 2901 umus
997 2871 1263 2901 SACRAMENTI
1284 2872 1331 2902 IN
1355 2870 1565 2900 comtum.
1589 2883 1635 2888 -
1660 2860 1830 2908 Quaestio
1850 2861 1914 2900 8⁰.

153 2954 278 2994 Utrum
299 2954 372 3009 sint
389 2955 459 2994 duo
478 2956 579 3010 modi
598 2957 834 2995 manducandi
860 2959 930 2996 hoc
952 2960 1226 3004 sacramentum,
1248 2957 1388 2997 scilicet
1403 2958 1712 2997 sacramentaliter
1732 2960 1768 2997 et
1786 2955 2042 3007 spiritualiter.

300 3002 370 3057 soli
390 3003 533 3058 homim·
551 3005 744 3042 conveniat
764 3005 979 3044 manducare
1001 3006 1236 3054 spiritualiter
1259 3007 1328 3044 hoc
1350 3009 1626 3046 sacramentum.

300 3049 415 3088 sollus
436 3051 596 3090 hominis
610 3051 702 3099 justi
723 3052 772 3091 sit
795 3054 1008 3093 manducare
1032 3054 1350 3093 sacramentaliter.

298 3101 469 3152 peccator
490 3098 711 3152 manducans
735 3101 1043 3140 sacramentaliter
1064 3105 1205 3150 peccet.

298 3146 368 3183 hoc
389 3148 438 3183 sit
460 3146 711 3193 gravissimum
732 3148 890 3187 omnium
913 3152 1158 3199 peccatorum.

299 3195 470 3241 peccator
492 3194 667 3232 accedens
688 3194 732 3232 ad
750 3195 819 3234 hoc
840 3200 1100 3236 sacramentum
1126 3197 1174 3236 sit
1198 3196 1444 3246 repellendus.

298 3244 471 3295 nocturna
492 3242 646 3297 pollutio
665 3242 836 3290 impediat
856 3245 1040 3283 hominem
1063 3245 1084 3283 a
1106 3246 1312 3295 sumptione
1335 3245 1445 3295 huius
1466 3242 1696 3285 sacramenti.

299 3291 344 3342 sit
371 3287 486 3344 solim}
507 3289 527 3327 a
546 3290 682 3338 JeJunis
707 3291 930 3330 sumendum.

300 3339 345 3390 sit
367 3338 610 3384 recipiendum
634 3338 654 3376 a
678 3348 749 3375 non
771 3338 988 3380 habentibus
1009 3352 1113 3381 usum
1136 3340 1300 3381 rationis.

300 3386 348 3437 sit
369 3384 528 3432 quotidie
550 3386 778 3424 sumendum.

302 3432 407 3469 liceat
428 3433 572 3472 omnino
595 3433 788 3473 abstinere.

301 3479 407 3519 liceat
428 3481 610 3531 percipere
632 3491 763 3532 corpus
783 3481 863 3521 sine
885 3481 1072 3532 sanguine.

202 3022 251 3507 lllllllllll
