2170 3808
669 0 703 15 ff„
715 0 719 5 ¹
750 0 905 14 “nst-fwva*
921 0 924 3 ·
938 0 998 10 ¹-wu
1012 0 1191 13 ·;“⁷·-=·*⁴*2.v.wv--
1203 0 1271 13 ”ww-J
1285 0 1299 16 q*
1310 0 1350 14 2-1'7-
1362 0 1595 26 &Htw-*ww*
1612 1 1614 4 ’
1683 7 1687 12 1
1714 13 1723 17 ,
1739 14 1741 17 ,
1780 6 1791 10 ω
1822 0 1834 2 ”
1866 7 1878 13 ,.
1891 5 1895 10 =
1962 7 1977 11 γ.

754 19 756 21 ’
824 26 837 37 ¹.
865 12 887 39 Ὗ.)
905 28 908 38 ‚
929 21 938 35 τ,
956 35 958 38 y
975 14 1003 38 ,χ’
1035 31 1038 34 ,
1134 14 1155 26 ·'
1187 28 1207 36 q.
1247 16 1335 41 „'·'3„'·
1396 28 1401 32 ,
1431 15 1450 25 ⁴>
1479 27 1498 38 A,
1522 21 1547 26 »-
1564 19 1567 35 j
1583 15 1630 33 μ’μ’.
1669 38 1673 40 ‚
1698 19 1705 23 ·
1754 19 1786 26 »**
1815 26 1818 29 ,
1858 15 1871 22 ’“
1898 13 1991 28 ’1⁴‘!*·-v
2016 16 2049 43 ‘v'-

999 39 1039 49 ἰ
1112 48 1114 51 -
1324 45 1339 56 s
1835 38 1901 61 ,νή
1941 47 2004 64 υ..

215 285 294 329 ¹94
787 277 993 331 QUAEST.
1025 277 1149 330 XXII,
1179 278 1302 321 ART.
1335 279 1352 321 1
1383 279 1450 321 ET
1478 279 1533 321 11.

215 377 295 412 ces
318 364 481 420 populi
516 366 610 407 Deo
641 361 792 414 offert,
815 364 860 405 et
881 371 965 416 pro
990 369 1152 404 eorum
1189 359 1393 414 peccatis
1434 360 1529 404 Deo
1556 358 1822 416 aliqualiter
1845 359 2107 419 satisfaciu

214 428 339 475 unde
362 426 615 481 Apostolus
638 423 751 470 dicit
779 422 930 479 (Hebr.
955 433 1004 477 v,
1030 421 1069 478 1)
1095 436 1105 465 ε
1133 422 1276 465 Omnis
1298 423 1497 475 pontifeae
1522 433 1575 465 eoe
1604 422 1844 465 hominibus
1867 427 2109 479 assumptus

210 503 291 550 pro
314 489 554 533 hominibus
578 487 850 530 constituitur
874 487 922 529 in
944 485 1010 527 his
1032 497 1125 539 quae
1148 486 1250 527 sunt
1268 483 1326 526 ad
1339 486 1488 538 Deum,
1503 487 1554 527 ut
1574 484 1728 539 offerat
1747 485 1862 528 dona
1882 488 1923 528 et
1942 483 2111 543 'sacrifi-

212 555 283 597 cia
304 564 387 607 pro
412 551 615 605 peccatis.
641 550 737 594 Hoc
776 551 931 593 autem
965 546 1167 591 maxime
1202 546 1420 591 convenit
1453 547 1666 601 Christo;
1703 558 1813 592 nam
1847 559 1932 603 per
1953 549 2110 605 ipsum

214 614 373 659 divina
401 613 528 657 hona
560 611 834 657 hominibus
859 610 1183 662 sunt-collata,
1211 608 1471 653 secundum
1494 609 1611 654 illud
1636 609 1706 665 (ΙΙ.
1726 610 1848 653 Petri
1870 621 1903 663 1,
1926 611 1971 667 4)
1994 625 2007 655 τ
2029 613 2118 656 Per

214 689 352 732 quem,
380 676 561 721 scilicet
585 675 836 728 Christum,
861 675 1055 716 maaeima
1076 675 1115 715 et
1141 674 1333 726 pretiosa
1354 673 1475 715 nobis
1502 674 1718 728 promissa
1740 673 1933 727 donavit,
1957 677 2006 717 ut
2031 687 2113 730 per
2168 710 2170 717 .

213 741 300 783 haec
319 740 565 792 efficiamini
593 738 752 781 divina>
787 739 998 779 consortes
1019 739 1200 779 naturae.
1230 737 1332 790 Ipse
1370 733 1511 779 etiam
1545 735 1803 780 humanum
1827 747 1978 792 genus
2017 740 2111 783 Deo

215 800 553 853 reconciliavit,
590 798 851 844 secundum
886 797 1003 841 illud
1040 797 1295 853 (coIOSS.1,
1324 796 1391 852 19)
1419 811 1429 840 :
1461 798 1515 840 In
1549 799 1658 853 ipso,
1691 798 1872 843 scilicet
1908 799 2110 854 ChristO,

213 865 470 918 complacuit
507 874 669 906 omnem
702 860 1018 915 plenitudinem
1053 859 1312 912 inhabitare,
1338 862 1379 902 et
1409 871 1487 914 per
1514 871 1609 903 eum
1642 861 1917 904 reconciliare
1953 864 2110 906 omnia.

215 926 343 971 Unde
366 926 552 971 Christo
575 922 778 968 maxime
801 922 1019 967 convenit
1043 932 1149 966 esse
1173 920 1482 966 sacerdotem.
2043 922 2046 926 ’

269 990 336 1036 Ad
356 993 556 1047 primum
578 1000 691 1045 ergo
710 988 980 1044 dicendum,
995 986 1121 1044 quod
1148 990 1358 1043 potestas
1375 985 1662 1031 hierarchIca
1682 984 1904 1031 convenit
1925 984 2116 1043 quidam

214 1051 414 1111 angeliS,
435 1052 717 1108 inquantum
735 1056 782 1095 et
800 1049 888 1107 ipsi
903 1056 1013 1094 sunt
1032 1048 1171 1093 medii
1195 1048 1316 1092 inter
1330 1050 1474 1092 Deum
1486 1051 1533 1092 et
1546 1047 1800 1104 hominem,
1820 1051 1874 1092 ut
1887 1051 2016 1104 patet
2031 1059 2116 1107 per
2162 1080 2170 1094 ,.

213 1112 485 1172 Dionysium
503 1114 566 1167 (in
588 1113 667 1157 lib.
690 1115 751 1157 De
770 1111 877 1156 coel.
901 1111 1129 1155 hierarch.
1150 1123 1251 1166 cap.
1277 1111 1304 1154 9
1321 1109 1381 1154 ad
1398 1105 1516 1167 fia),
1539 1109 1603 1154 ita
1625 1109 1750 1166 quod
1764 1110 1863 1166 ipse
1877 1109 2114 1167 sacerdos,
2162 1127 2170 1162 ε

214 1175 495 1232 inquantum
518 1179 590 1220 est
615 1174 798 1218 medius
822 1173 941 1217 inter
962 1176 1108 1216 Deum
1130 1176 1176 1216 et
1201 1171 1443 1228 populum,
1468 1171 1622 1227 angeli
1653 1183 1821 1216 nomen
1846 1171 2001 1228 habet,
2040 1183 2115 1216 se·
2164 1176 2170 1232 ⁴}

215 1238 423 1283 cundum
438 1237 553 1282 illud
573 1236 776 1291 (Malach.
798 1249 846 1292 11,
868 1238 910 1290 7)
935 1250 946 1279 ς
972 1234 1171 1290 Anqeius
1190 1236 1372 1276 Domini
1396 1236 1680 1277 exercituum
1701 1236 1787 1278 est.
1811 1233 2019 1279 Christus
2036 1246 2116 1279 au-
2164 1271 2166 1273 .

215 1303 310 1344 tem
329 1300 478 1356 maJ’or
501 1298 683 1356 angelis
701 1298 807 1353 fuit,
832 1309 927 1341 non
951 1296 1102 1341 solum
1128 1295 1389 1341 secundum
1411 1294 1717 1352 divinitatem,
1746 1295 1831 1340 sed
1864 1295 2004 1341 etiam
2036 1309 2114 1342 se-
2162 1287 2170 1338 t

214 1362 422 1407 cundum
447 1361 800 1416 humanitatem,
826 1359 1107 1416 inquantum
1132 1358 1296 1402 habuit
1321 1357 1660 1414 plenitudinem
1683 1356 1844 1413 gratiae
1865 1362 1912 1402 et
1937 1357 2109 1415 gloriae.

215 1423 345 1468 Unde
364 1423 504 1467 etiam
523 1421 839 1467 excellentiori
858 1420 998 1465 modo
1016 1420 1350 1464 hierarchicam
1366 1431 1450 1464 seu
1481 1419 1816 1464 sacerdotalem
1838 1424 2114 1476 potestatem
2165 1443 2170 1459 ε

214 1497 310 1541 prae
332 1486 513 1542 angelis
536 1483 700 1529 habuit
722 1499 733 1528 z
753 1483 817 1527 ita
833 1484 974 1528 etiam
994 1482 1119 1539 quod
1141 1482 1229 1538 ipsi
1258 1482 1410 1538 angeli
1429 1481 1622 1526 fuerunt
1645 1482 1846 1526 ministri
1867 1482 2114 1528 sacerdotii
2165 1491 2170 1539 j

214 1547 333 1604 ers,
361 1547 621 1593 secundum
641 1546 755 1591 illud
772 1546 941 1600 (Matth.
959 1559 1021 1602 lv,
1040 1546 1083 1599 2)
1104 1559 1114 1587 ε
1137 1547 1435 1588 Accesserant
1449 1544 1616 1601 anqeh,
1639 1549 1682 1588 et
1702 1545 2031 1590 ministrabant
2050 1548 2112 1590 ei.
2163 1550 2170 1606 j

215 1611 480 1655 Secundum
506 1615 661 1654 tamen
682 1608 1038 1666 passibilitatem
1058 1608 1213 1652 carnis
1230 1608 1407 1651 modico
1428 1608 1485 1652 ab
1504 1607 1678 1664 anqelis
1693 1610 1949 1651 minoratus
1961 1611 2042 1664 est,
2060 1612 2115 1654 ut
2164 1614 2170 1644 Ξ

212 1674 460 1728 Apostolus
491 1673 603 1717 dici-t
631 1671 782 1725 (Hebr.
810 1685 856 1728 11,
882 1674 943 1727 9);
975 1673 1028 1715 Et
1050 1670 1310 1715 secundum
1332 1670 1422 1715 hoc
1450 1670 1703 1715 conformis
1728 1669 1816 1714 fuit
1845 1669 2118 1718 hominibus
2159 1675 2170 1689 ‘¹

212 1734 469 1778 viatoribus
491 1735 540 1778 in
566 1733 828 1778 sacerdotio
855 1733 1136 1778 constitutis.
2166 1779 2170 1796 Ἴ.

268 1796 336 1840 Ad
357 1799 602 1840 secundum
626 1795 893 1855 dicendum,
914 1796 1055 1853 quod,
1080 1795 1203 1840 sicut
1219 1797 1536 1839 Damascenus
1555 1794 1663 1839 dicit
1684 1796 1828 1848 (Orth.
1850 1791 1932 1840 fid.
1949 1794 2029 1840 lib.
2047 1809 2110 1851 m,
2159 1790 2170 1852 ’ᾗ

214 1870 317 1914 cap.
342 1861 412 1912 26,
449 1859 497 1901 in
525 1858 641 1914 fin.),
671 1857 832 1913 «quod
854 1858 903 1901 in
929 1857 1150 1901 omnihus
1172 1862 1243 1902 est
1265 1856 1431 1912 simile,
1460 1856 1583 1901 idem
1612 1857 1777 1913 utique
1809 1858 1914 1913 erit,
1940 1862 1989 1902 et
2016 1869 2111 1904 non
2159 1879 2170 1906 ε

214 1920 495 1976 exemplum.
521 1938 540 1958 »
566 1920 680 1973 Quia
703 1919 846 1975 igitur
869 1918 1183 1964 sacerdotium
1214 1918 1386 1963 veteris
1417 1918 1536 1976 legis
1555 1923 1655 1963 erat
1684 1919 1836 1975 figura
1869 1919 2114 1966 sacerdotii
2158 1939 2170 1991 3,-

213 1981 393 2036 Christi,
416 1981 566 2026 noluit
583 1981 790 2026 Christus
809 1981 938 2026 nasci
959 1981 1018 2027 de
1036 1981 1181 2037 stirpe
1201 1979 1467 2037 figuralium
1487 1980 1797 2038 sacerdotum,
1824 1986 1877 2026 ut
1894 1981 2111 2028 ostende·
2157 1991 2170 2018 1¹*-

211 2048 339 2150 iietm
372 2056 465 2087 non
498 2056 603 2088 esse
632 2044 826 2088 omnino
857 2043 982 2088 idem
1011 2042 1339 2099 sacerdotium,
1374 2042 1456 2087 sed
1494 2043 1704 2100 differre,
1730 2044 1852 2088 sicut
1887 2055 2052 2089 verum
2083 2045 2112 2089 a
2154 2017 2170 2108 Ξ

245 2106 395 2161 gurali
420 2108 496 2160 (1).
2159 2105 2170 2122 ·“

267 2169 334 2212 Ad
358 2171 539 2211 tertium
553 2168 821 2223 dicendum,
838 2167 980 2226 quod,
1006 2167 1127 2211 sicut
1145 2179 1289 2224 supra
1305 2167 1479 2212 dictum
1495 2172 1566 2212 est
1590 2170 1771 2224 (quaest.
1793 2170 1903 2225 vin),
1927 2170 2004 2215 alii
2021 2170 2111 2216 ho·-
2151 2125 2170 2199 3

212 2229 363 2274 mines
381 2229 694 2286 particulatim
718 2229 892 2274 habent
913 2229 1141 2286 quasdam
1163 2228 1363 2285 gratias;
1386 2228 1471 2273 sed
1495 2229 1719 2286 Christus,
1753 2233 1976 2287 tanquam
2006 2243 2117 2278 om·
2154 2227 2170 2276 ἒ

212 2291 342 2335 niu-m
358 2296 514 2348 caput,
539 2291 678 2335 habet
700 2290 1030 2348 perfectionem
1050 2290 1259 2335 omnium
1278 2289 1534 2346 gratiarum
1555 2296 1631 2335 :et
1659 2290 1764 2336 ideo
1783 2297 2015 2349 quantum
2047 2294 2108 2340 ad

212 2352 327 2397 alios
349 2352 565 2409 pertinet,
586 2352 708 2396 alius
726 2357 798 2397 est
819 2351 1074 2408 legislator,
1094 2356 1141 2396 et
1161 2351 1280 2396 alius
1302 2351 1537 2407 sacerdos,
1562 2356 1608 2397 et
1625 2352 1747 2397 alius
1768 2365 1874 2410 rex3
1896 2355 1978 2400 sed
2002 2355 2103 2401 haec
2157 2351 2170 2403 32}

211 2415 367 2460 omnia
386 2419 672 2458 concurrunt
693 2415 740 2458 in
765 2414 942 2458 Christo
962 2419 1187 2470 tanquam
1214 2413 1263 2458 in
1281 2414 1410 2458 fonte
1436 2415 1647 2459 omnium
1679 2415 1949 2471 gratiarum.
1977 2417 2104 2462 Unde

211 2476 379 2522 dicitur
399 2477 500 2529 (Isa.
522 2489 671 2532 xxxm,
691 2479 761 2530 22)
780 2488 791 2519 :
811 2476 1031 2518 Dominus
1039 2477 1193 2531 judex
1216 2480 1382 2528 noster,
1399 2478 1616 2519 Dominus
1637 2477 1800 2533 quiser
1820 2481 1989 2536 noster,
2013 2484 2106 2523 Do-

210 2541 360 2582 minus
375 2550 460 2580 reoe
474 2541 645 2594 noster,
665 2541 762 2594 ipse
781 2541 929 2581 veniet
949 2541 991 2580 et
1006 2538 1210 2581 salvabit
1227 2551 1327 2580 nos...
2151 2543 2168 2562 ‘¹⁸'

265 2602 608 2643 ARTICULUS
638 2603 696 2644 11.
727 2624 784 2632 —
811 2613 954 2643 urium
972 2612 1172 2643 cumsrus
1196 2613 1317 2644 smol,
1335 2613 1488 2644 runnu·
1508 2612 1718 2645 sacnnnos
1735 2615 1786 2645 m
1800 2616 1948 2647 nosrta
1968 2607 2044 2660 (2).

482 2669 528 2702 De
543 2668 597 2702 his
614 2667 719 2703 etiam
738 2667 843 2708 infra,
860 2671 977 2709 quest.
992 2676 1136 2709 LxxxIV,
1153 2671 1218 2703 art.
1232 2669 1254 2703 7
1273 2668 1315 2702 ad
1337 2670 1369 2710 4,
1388 2672 1425 2704 et
1442 2669 1564 2711 opusc.
1580 2677 1674 2711 Lux,
1695 2681 1767 2711 cap.
1785 2671 1837 2706 48.
2159 2706 2163 2707 ⁷

196 2746 197 2749 =
265 2724 330 2769 Ad
353 2723 611 2768 secundnm
635 2723 702 2768 sic
722 2723 1002 2781 proceditur.
1026 2726 1069 2769 1.
1099 2723 1289 2769 Videtur
1309 2724 1432 2781 quod
1466 2724 1574 2782 ipse,
1599 2725 1807 2771 Christus
1836 2739 1932 2771 non>
1967 2728 2108 2774 fuerit

210 2786 349 2832 simul
366 2786 584 2831 sacerdos
596 2791 642 2830 et
655 2787 822 2831 hostia.
842 2786 1101 2832 Sacerdotis
1117 2787 1241 2832 enim
1252 2791 1324 2831 est
1337 2787 1538 2831 hostiam
1549 2786 1777 2833 occidere.
1797 2789 1885 2834 Sed
1899 2791 2106 2836 Christus

209 2861 305 2894 non
326 2849 534 2905 seipsum
557 2848 740 2893 occidit.
757 2851 878 2905 Ergo
897 2850 998 2907 ipse
1020 2862 1116 2894 non
1134 2850 1221 2894 fuit
1244 2849 1385 2894 simul
1403 2850 1622 2895 sacerdos
1644 2854 1691 2895 et
1714 2851 1881 2896 hostia.

263 2914 306 2956 2.
340 2913 581 2968 Praeterea,
598 2911 910 2956 sacerdotium
931 2912 1094 2956 Christi
1105 2911 1258 2967 magis
1279 2916 1350 2955 est
1364 2911 1514 2956 simile
1537 2912 1797 2957 sacerdotio
1819 2914 2099 2973 Judaeorum,

209 2973 335 3030 quod
351 2973 493 3018 erata
509 2975 602 3017 Deo
620 2972 903 3030 institutum,
920 2972 1062 3030 quam
1079 2972 1340 3018 sacerdotio
1358 2972 1619 3030 gentilium,
1641 2986 1735 3030 quo
1759 2974 1996 3021 daemones
2027 2989 2104 3022 co-
2144 3003 2145 3007 =

209 3033 441 3079 lebantur.
466 3037 514 3079 In
538 3034 685 3079 veteri
710 3041 866 3080 autem
884 3036 989 3092 lege
1013 3047 1264 3092 nun-quam·
1276 3035 1415 3080 homo
1430 3035 1479 3079 in
1498 3035 1777 3081 sacrificium
1795 3037 2101 3095 offerebatur3

208 3095 333 3152 quod
378 3095 580 3140 maxime
617 3097 973 3154 reprehenditur
1007 3097 1056 3141 in
1091 3097 1331 3142 sacrificiis
1373 3097 1640 3154 gentilium,
1684 3099 1941 3145 secundum
1990 3100 2103 3146 illud
2156 3102 2158 3106 ⁴

212 3158 226 3211 (
239 3156 357 3213 Psal.
397 3170 464 3213 cv,
498 3159 581 3212 38)
613 3171 625 3202 τ
666 3160 944 3214 Effuderunt
968 3163 1235 3216 sanquinem
1263 3162 1559 3216 innocentem,
1601 3164 1867 3216 sanquinem
1908 3162 2103 3215 filiorum

207 3231 392 3262 suorum
431 3223 472 3262 et
502 3219 705 3273 filiarum
735 3234 940 3277 suarum,
977 3234 1091 3277 quas
1127 3223 1504 3276 sacrificaverunt
1534 3222 1822 3279 sculptilibus
1857 3225 2098 3268 Chanaan.

250 3344 294 3387 (4)
312 3343 363 3378 Ad
378 3343 480 3378 fidem
496 3344 644 3384 pertinet
663 3343 835 3380 Christum
860 3358 929 3380 non
945 3347 1047 3381 fuisse
1065 3359 1114 3381 sa·
1243 3347 1286 3388 (2)
1304 3348 1350 3382 Ea
1371 3348 1411 3381 de
1439 3358 1475 3381 re
1509 3345 1657 3382 conferri
1683 3353 1822 3388 possunt
1844 3350 1942 3390 epist.
1967 3349 2009 3384 nd
2026 3349 2100 3385 Hm-

209 3391 381 3428 oerdotem
405 3391 487 3431 legis
514 3393 638 3426 veleris
656 3420 665 3432 ,
694 3393 859 3432 siquidem
888 3396 1113 3430 sacerdotium
1199 3395 1306 3430 broeos
1322 3399 1408 3438 (cap.
1426 3392 1472 3436 lx)
1494 3399 1529 3429 et
1548 3395 1730 3429 concilium
1745 3396 1984 3430 Tridentinum
2003 3398 2090 3436 (sessi

209 3440 314 3479 legale
342 3440 444 3474 tribui
471 3439 618 3474 leviticae
636 3440 847 3474 solummodo
875 3448 1081 3484 competeret
1103 3454 1111 3477 ε
1198 3453 1283 3486 xxn,
1300 3456 1372 3486 cap.
1390 3444 1436 3481 4).

210 3488 364 3522 Christus
383 3494 495 3522 autem
518 3500 585 3522 non
602 3492 675 3522 erat
689 3499 726 3522 ex
739 3499 778 3522 ea
792 3487 898 3530 trihu,
917 3493 956 3522 ut
971 3496 1060 3532 patet
1076 3503 1114 3525 ex

210 3534 320 3571 verbis
341 3535 505 3577 Apostoli.
