2170 3808
662 203 857 256 QUAEST.
887 204 966 258 xl,
995 203 1115 246 ART.
1146 203 1180 244 V
1199 203 1266 246 ET
1285 202 1352 246 vl.
1871 207 1956 247 113

74 292 92 335 l*
107 293 145 334 ic
160 290 326 334 modus
341 285 652 333 connaturalis
671 286 839 330 animae
855 286 1090 340 humanae,
1109 290 1160 328 ut
1174 284 1456 342 quandoque
1469 284 1530 329 sit
1546 284 1812 342 intelligens
1829 291 1952 343 actu,

75 366 89 394 (
107 352 350 407 nandoque
370 350 417 394 in
448 348 669 407 potentia.
694 348 888 392 Medium
910 352 1065 391 autem
1097 345 1221 390 inter
1246 358 1413 402 puram
1445 348 1701 402 potentiam
1724 352 1770 391 et
1798 352 1954 391 actum

75 413 349 468 ‹ompietum
376 416 445 456 est
466 410 671 455 habitus.
687 408 904 464 EJusdem
921 411 1077 451 autem
1100 407 1286 461 generis
1305 412 1417 450 sunt
1433 408 1640 452 medium
1660 415 1707 453 et
1727 412 1952 452 extrema.

81 476 132 517 33t
146 474 206 518 sic
226 477 350 529 patet
367 472 491 528 quod
509 471 677 516 modus
696 469 1009 515 connaturalis
1029 468 1196 511 animae
1210 469 1426 512 humanae
1440 473 1511 513 est
1530 474 1580 523 ut
1601 470 1794 526 recipiat
1810 469 1954 514 scien·

86 535 183 578 :iam
199 547 280 591 per
294 535 483 580 modum
513 532 714 577 habitus.
727 535 781 576 Et
798 532 902 576 ideo
924 529 1174 575 dicendum
1188 533 1259 573 est
1280 529 1405 585 quod
1420 530 1615 574 scientia
1629 530 1774 575 indita
1786 531 1955 575 animae

84 595 235 640 ²:bristi
256 596 342 640 fuit
358 594 606 640 habitualis
623 609 635 650 3
659 599 705 638 et
725 596 905 650 poterat
920 594 975 636 ea
994 590 1061 634 uti
1081 590 1270 646 quando
1286 590 1473 635 volebat
1492 593 1564 646 (1).

134 657 193 701 Ad
207 660 405 714 primum
424 668 535 712 ergo
555 655 822 710 dicendum,
842 653 970 710 'quod
993 653 1041 696 in
1067 652 1221 695 anima
1247 652 1412 696 Christi
1430 653 1517 696 fuit
1542 653 1714 710 duplex
1734 655 1951 710 cognitio,

82 721 127 760 et
149 722 339 775 utraque
359 730 446 763 suo
470 717 608 761 modo
627 715 981 773 perfectissima.
1003 716 1101 758 Una
1120 713 1308 770 quidem
1321 715 1552 758 excedens
1569 715 1759 760 modum
1779 721 1957 760 naturae

85 779 304 835 humanae,
328 779 436 837 quia
467 779 642 823 scilicet
672 778 788 823 vidit
812 778 893 822 Dei
924 776 1191 832 essentiam,
1224 780 1270 821 et
1303 776 1395 820 alia
1423 776 1469 818 in
1504 777 1633 833 ipsa3
1661 781 1709 821 et
1739 778 1839 821 haec
1869 778 1956 822 suit

83 841 406 895 perfectissima
427 840 694 897 simpliciter
712 852 724 882 t
741 844 786 884 et
802 839 906 884 talis
925 838 1128 894 cognitio
1148 850 1241 882 non
1260 836 1347 882 fuit
1364 837 1629 893 habitualis,
1652 838 1735 882 sed
1759 839 1955 883 actualis

83 907 288 957 respectu
312 903 518 947 omnium
554 914 658 959 quae
691 902 781 946 hoc
815 901 954 945 modo
983 899 1212 956 cognovit.
1242 899 1339 944 Alia
1366 904 1524 943 autem
1552 900 1755 955 cognitio
1786 900 1874 944 fuit
1905 900 1953 944 in

82 962 254 1007 Christo
282 964 536 1009 secundum
556 963 746 1008 modum
762 962 1155 1020 proportionatum
1178 962 1395 1005 humanae
1409 965 1604 1017 naturae,
1627 966 1765 1017 prout
1778 961 1954 1006 scilicet

81 1024 291 1078 cognovit
316 1037 392 1070 res
413 1038 496 1082 per
525 1025 703 1081 species
737 1024 824 1069 sibi
859 1023 1083 1068 divinitus
1108 1022 1302 1076 inditas,
1333 1021 1391 1066 de
1417 1034 1510 1078 qua
1535 1022 1799 1079 cognitione
1828 1035 1956 1068 nunc

59 1123 62 1126 ,
81 1083 308 1140 loquimur
328 1101 340 1131 ι
361 1090 407 1131 et
424 1089 520 1131 haec
541 1086 742 1142 cognitio
762 1098 855 1130 non
870 1085 955 1130 fuit
970 1084 1237 1140 simpliciter
1250 1083 1602 1139 perfectissima,
1620 1084 1701 1129 sed
1721 1084 1766 1127 in
1786 1096 1959 1139 genere

80 1145 300 1192 duntaxat
319 1148 534 1192 humanae
553 1147 858 1204 cognitionis:
880 1145 1006 1190 unde
1028 1157 1121 1189 non
1153 1144 1356 1201 oportuit
1374 1145 1499 1201 quoti
1533 1149 1661 1190 esset
1692 1157 1875 1202 semper
1897 1149 1954 1202 (2)

77 1206 126 1250 in
150 1213 273 1253 actu.

130 1268 196 1312 Ad
213 1271 456 1315 secundum
482 1270 745 1326 dicendum,
770 1268 895 1326 quod
922 1267 1109 1312 habitus
1122 1268 1360 1313 reducitur
1372 1267 1420 1311 in
1446 1272 1599 1312 actum
1626 1267 1685 1312 ad
1706 1268 1953 1324 imperium

77 1329 346 1375 voluntatis:
374 1332 482 1375 nani
505 1330 690 1375 habitus
714 1333 786 1375 est
806 1341 900 1385 quo
926 1329 1032 1386 quis
1056 1328 1152 1384 agit
1176 1329 1283 1373 cum
1311 1328 1523 1372 voluerit.
1557 1329 1777 1374 Voluntas
1797 1334 1952 1374 autem

76 1389 424 1436 indeterminate
446 1404 497 1438 se
517 1392 655 1436 habet
670 1391 729 1437 ad
750 1391 944 1435 infinita.
962 1393 1053 1435 Nec
1072 1396 1227 1434 tamen
1246 1391 1334 1435 hoc
1349 1395 1417 1435 est
1439 1390 1611 1496 fruaga
1627 1405 1640 1446 3
1660 1390 1767 1435 licet
1787 1404 1882 1435 non
1904 1392 1952 1435 in

76 1452 231 1496 omnia
252 1454 491 1499 actualiter
514 1455 675 1499 tendat
697 1469 708 1499 :
734 1453 986 1498 dummodo
1005 1452 1164 1496 tendat
1191 1452 1429 1497 actualiter
1450 1452 1498 1496 in
1525 1452 1538 1495 i
1593 1453 1717 1509 quod
1739 1453 1956 1498 convenit

75 1513 177 1558 loco
202 1519 247 1559 et
266 1517 473 1572 tempori.
492 1519 547 1562 Et
568 1517 672 1562 ideo
695 1516 833 1560 etiam
849 1515 1035 1559 habitus
1057 1527 1151 1558 non
1176 1520 1248 1558 est
1262 1514 1452 1571 frustra,
1466 1515 1574 1559 licet
1590 1526 1685 1559 non
1699 1517 1856 1560 omnia
1877 1529 1955 1561 re-

76 1575 303 1621 ducantur
322 1577 369 1621 in
387 1581 542 1622 actum
557 1590 662 1635 qua>
682 1576 859 1622 habitui
883 1576 1154 1632 subJacent3
1178 1575 1432 1620 dummodo
1457 1575 1706 1620 reducatur
1727 1577 1775 1620 in
1798 1582 1954 1621 actum

76 1635 124 1680 id
140 1637 264 1692 quod
283 1639 496 1693 congruit
509 1639 570 1684 ad
589 1639 797 1684 debitum
817 1637 957 1682 finem
978 1637 1231 1682 voluntatis
1251 1637 1510 1682 secundum
1525 1637 1802 1694 exigentiam
1817 1650 1956 1695 nego-

78 1696 245 1741 tiorum
275 1704 322 1742 et
351 1700 586 1756 temporis.

132 1758 197 1803 Ad
217 1763 396 1803 tertium
409 1761 668 1819 dicendum,
690 1762 815 1818 quod
834 1762 923 1806 bon
932 1773 1026 1816 um,
1043 1762 1163 1806 sicut
1186 1765 1231 1805 et
1249 1773 1348 1816 ens,
1373 1761 1621 1817 dupliciter
1633 1761 1835 1806 dicitur:
1858 1774 1954 1806 uno

64 1819 215 1864 'modo
233 1819 518 1877 simplic-item
539 1828 585 1867 et
603 1824 670 1867 sic
686 1823 861 1867 bonum
884 1827 929 1867 et
950 1835 1034 1867 ens
1049 1822 1214 1866 dicitur
1230 1822 1507 1878 substantia,
1533 1834 1637 1878 quae
1658 1823 1704 1866 in
1722 1836 1808 1868 suo
1830 1836 1952 1875 esse,

76 1883 123 1923 et
144 1883 229 1924 sua
247 1881 452 1928 bonitate
469 1884 694 1929 subsistit.
715 1885 813 1929 Alio
837 1884 974 1928 modo
997 1884 1164 1928 dleitur
1181 1895 1266 1927 ens
1288 1888 1332 1928 et
1349 1884 1525 1927 bonum
1545 1885 1801 1929 secundum
1816 1885 1952 1944 quid3

76 1947 122 1984 et
144 1943 229 1987 hoc
246 1944 383 1988 modo
404 1945 571 1990 dicitur
596 1958 682 1991 ens
702 1951 747 1990 et
769 1947 943 1991 bonum
966 1945 1204 2000 accidens3
1226 1957 1321 1989 non
1350 1946 1460 2002 quia
1488 1946 1641 2002 ipsum
1664 1946 1830 1991 habeat
1850 1959 1956 1991 esse

76 2007 122 2046 et
134 2003 399 2062 bonitatem,
422 2007 505 2051 sed
526 2007 634 2063 quia
651 2007 754 2063 eJ'us
767 2007 1028 2063 subjectum
1057 2012 1128 2051 est
1146 2018 1229 2050 ens
1248 2011 1293 2050 et
1307 2006 1496 2051 bonum.
1519 2006 1591 2050 Sic
1609 2006 1750 2062 igitur
1765 2007 1956 2051 scientia

75 2063 320 2109 habitualis
340 2078 434 2111 non
465 2073 535 2112 est
557 2068 824 2124 simpliciter
843 2068 1007 2113 melior
1026 2074 1106 2112 aut
1128 2068 1311 2122 dignior
1328 2068 1469 2124 quam
1500 2067 1654 2112 anima
1673 2069 1854 2124 Christi,
1874 2070 1956 2114 sed

76 2127 331 2171 secundum
357 2129 483 2185 quid,
512 2130 618 2173 cum
637 2135 733 2174 tota
756 2130 939 2174 bonitas
970 2130 1219 2174 habitualis
1240 2130 1446 2174 scientiae
1467 2130 1603 2175 cadat
1622 2130 1670 2174 in
1700 2131 1958 2176 bonitatem

76 2187 287 2244 subJecti.

159 2258 496 2301 ARTlcULUs
522 2260 602 2302 vl.
622 2282 676 2290 -
695 2272 830 2302 ornum
850 2271 942 2302 nst-:G
966 2271 1150 2301 summm
1171 2272 1318 2301 FUERIT
1338 2270 1548 2302 lusi-mem
1571 2272 1648 2301 rssn
1671 2271 1871 2304 mvssnsos

915 2333 1104 2364 HABlTUS.
1177 2347 1187 2356 ·

456 2395 504 2430 De
518 2395 570 2431 his
585 2396 689 2430 etium
705 2396 800 2431 Seut.
814 2404 868 2438 111,
883 2395 961 2430 dist.
972 2395 1026 2436 M,
1046 2399 1161 2438 quaest.
1178 2404 1203 2436 1.
1220 2399 1284 2430 art.
1299 2396 1333 2437 5,
1353 2399 1467 2438 quaest.
1485 2405 1542 2431 m.

129 2462 195 2507 Ad
217 2468 399 2508 sextum
422 2464 490 2508 sic
516 2465 791 2521 proceditur.
817 2467 858 2509 1.
890 2463 1076 2508 Videtur
1101 2464 1225 2521 quod
1253 2465 1301 2508 in
1321 2467 1477 2509 anima
1498 2464 1661 2510 Christi
1691 2478 1785 2509 non
1818 2467 1955 2512 fuerit

76 2523 164 2567 nisi
187 2538 310 2570 unus
333 2525 513 2571 babitus
531 2526 748 2571 scientiae.
782 2527 959 2578 Quanto
980 2526 1104 2570 enim
1140 2527 1329 2570 scientia
1351 2532 1422 2571 est
1443 2527 1702 2582 perfectior,
1733 2527 1862 2571 tanto
1880 2536 1956 2573 est

75 2581 223 2641 magis
246 2586 401 2631 unita:
423 2587 548 2632 unde
564 2593 610 2632 et
631 2588 780 2642 angeli
801 2588 1063 2644 superiores
1084 2601 1167 2644 per
1188 2588 1361 2632 formas
1382 2589 1531 2644 magis
1555 2588 1848 2634 universales
1873 2602 1955 2634 co-

76 2651 322 2702 gnoscunt,
353 2652 406 2692 ut
432 2648 481 2691 in
514 2648 662 2705 prima
689 2654 819 2706 parte
838 2649 1013 2694 dictum
1034 2655 1105 2694 est
1129 2654 1308 2706 (quaest.
1332 2663 1402 2707 tv,
1429 2655 1515 2694 art.
1545 2652 1605 2704 3).
1638 2650 1728 2694 Sed
1759 2651 1956 2695 scientia

77 2707 236 2751 Christi
255 2708 342 2753 fuit
368 2709 715 2766 perfectissima.
739 2714 859 2769 Ergo
887 2711 974 2756 fuit
1003 2712 1205 2756 maxime
1227 2725 1338 2756 una.
1361 2715 1458 2756 Non
1482 2724 1595 2768 ergo
1628 2711 1718 2756 fuit
1738 2712 1959 2758 distincta.

77 2778 159 2821 per
175 2769 329 2823 plures
346 2770 546 2816 habitus.
1493 2774 1500 2784 '

132 2832 175 2873 2.
194 2831 428 2888 Praeterea,
449 2830 564 2879 fides
585 2839 743 2881 nostra
760 2835 992 2882 derivatur
1006 2834 1034 2881 a
1049 2834 1238 2881 scientia
1256 2835 1417 2879 Christi
1436 2851 1447 2879 ε
1468 2834 1593 2880 unde
1612 2835 1782 2880 dicitur
1800 2836 1953 2890 (Hebn

75 2904 150 2946 xn,
173 2893 238 2945 2):
265 2895 536 2947 Aspicientes
555 2900 604 2939 in
631 2902 857 2942 auctorem
885 2901 994 2953 fidei
1021 2903 1066 2942 et
1098 2901 1500 2942 consummatorem
1531 2900 1696 2940 Iesum.
1723 2897 1810 2940 Sed
1828 2909 1954 2943 unus

75 2958 147 2996 est
165 2952 349 2996 habitus
370 2954 476 2999 fidei
502 2955 560 3000 de
577 2958 793 3003 omnibus
811 2959 1125 3013 credibilibus,
1151 2963 1205 3003 ut
1228 2958 1276 3002 in
1296 2958 1500 3002 secunda
1522 2962 1651 3014 parte
1673 2957 1850 3003 dictum
1881 2968 1956 3005 est

74 3015 118 3066 (2
140 3016 181 3070 2,
203 3019 367 3070 quaest.
391 3029 447 3073 tv,
468 3021 555 3062 art.
574 3021 634 3073 6).
650 3021 767 3076 Ergo
785 3021 931 3066 multo
956 3022 1105 3077 magis
1121 3021 1171 3065 in
1194 3019 1369 3065 Christo
1393 3032 1487 3064 non
1509 3019 1594 3063 fuit
1612 3019 1703 3064 nisi
1724 3033 1849 3065 unus
1871 3021 1953 3066 ha-

75 3074 200 3119 bitus
215 3076 433 3122 scientiae.

131 3139 171 3180 3.
203 3139 437 3195 Praeterea,
470 3141 672 3186 scientiae
691 3142 1036 3199 distinguuntur
1057 3143 1326 3202 secundum·
1343 3144 1550 3189 diversas
1577 3144 1781 3190 rationes
1813 3145 1954 3189 scibi-

75 3197 202 3242 lium.
234 3200 320 3244 Sed
351 3200 504 3246 anima
533 3203 693 3248 Christi
717 3207 871 3249 omnia
893 3207 1027 3251 scivit
1055 3207 1310 3250 secundum
1338 3218 1480 3250 unam
1513 3206 1756 3258 rationem,
1779 3206 1953 3250 scilicet

115 3321 158 3363 (l)
177 3322 271 3363 Quod
292 3327 402 3357 tamen
419 3350 428 3364 ,
451 3324 543 3359 addit
567 3326 711 3360 Billuart
725 3355 733 3367 ,
761 3339 828 3362 non
846 3332 896 3364 est
913 3329 960 3364 sic
1044 3341 1105 3371 per
1124 3328 1225 3364 fuerit
1239 3329 1275 3363 in
1293 3333 1368 3364 actu
1383 3321 1528 3364 s‘ecundo
1549 3329 1658 3371 quoad
1677 3328 1792 3364 omnia
1804 3328 1948 3368 objecta.

75 3368 328 3408 intelligendum
363 3373 452 3412 quasi
501 3372 679 3415 aliquando
717 3377 893 3410 cessaverit
922 3377 964 3411 ab
1091 3378 1186 3420 (2)1n
1203 3377 1309 3413 Nicol.
1331 3378 1422 3413 deest
1439 3390 1514 3419 vox,
1531 3387 1692 3419 semper.

75 3418 165 3451 omni
187 3424 262 3453 actu
290 3418 364 3454 talis
385 3421 551 3464 scientiae2,
577 3422 634 3456 scd
667 3424 753 3464 quod
783 3436 849 3458 non
882 3436 966 3459 sem-
