2170 3808
146 237 236 280 292
791 233 990 286 QUAEST.
1021 234 1187 289 XXXV,
1219 234 1335 278 AR'r.
1365 234 1434 280 Vl.

150 320 404 372 aeternum3
430 320 503 360 est
526 318 681 359 tamen
718 314 781 359 ibi
807 314 928 359 alius
960 319 1201 372 respectus
1223 316 1508 375 temporalis,
1546 318 1626 375 qui
1654 318 1843 375 respicit
1858 324 2054 365 matrem

150 378 470 435 temporalem.

221 447 566 490 ARTICULUS
593 448 674 490 vl.
698 470 752 476 —-
772 459 907 489 υτιιιιιι
926 459 1121 490 cnmsrus
1140 459 1288 489 runmr
1309 460 1439 491 mres
1453 462 1545 492 sum
1563 462 1727 493 nomm:
1746 462 1894 493 mnus
1909 450 1983 505 (1).

690 516 741 550 De
760 515 814 551 his
828 515 931 550 etiam
950 516 972 550 2
988 516 1022 559 2,
1037 520 1151 557 quaest.
1171 524 1286 557 ccxiv,
1303 520 1369 552 art.
1383 517 1406 552 2
1419 517 1461 552 ad
1472 518 1507 553 5.

203 570 270 615 Ad
310 574 497 614 sextum
537 570 604 614 sic
643 569 928 626 proceditur.
971 572 1013 614 1.
1060 570 1247 614 Videtur
1278 570 1405 628 quod
1438 572 1644 618 Christus
1677 585 1772 618 non
1795 572 1935 618 fuerit
1970 586 2054 618 na-

148 636 225 677 tus
261 632 363 676 sine
397 632 556 678 dolore
594 632 774 676 matris.
817 631 941 676 Sicut
976 631 1101 676 enim
1141 644 1268 676 mors
1307 633 1548 678 hominum
1591 635 1843 680 subsecuta
1884 642 1956 679 est
1994 649 2052 681 ex

147 698 340 750 peccato
358 694 614 751 primorum
642 697 906 751 parentum,
935 694 1196 738 secundum
1226 694 1342 739 illud
1361 697 1541 750 (Genes.
1569 711 1616 754 u,
1636 700 1705 752 Π)
1731 712 1742 741 z
1769 699 2054 754 Quacumque

148 757 223 799 die
258 756 504 799 comederis
536 769 595 800 ex
629 769 696 814 eo,
730 758 875 799 morte
904 758 1129 811 morieris,
1153 755 1217 800 ita
1249 756 1390 801 etiam
1413 757 1544 802 dolor
1575 763 1754 815 partus,
1792 759 2052 803 secundum

148 817 263 862 illud
296 821 474 874 (Genes.
499 831 559 874 111,
581 819 686 872 16):
718 821 773 861 In
801 817 959 860 dolore
983 820 1143 874 paries
1161 818 1294 871 filios.
1319 819 1407 863 Sed
1430 819 1636 865 Christus
1665 825 1862 865 mortem
1893 821 2052 866 subire

147 879 310 925 voluit.
332 884 450 937 Ergo
466 880 652 924 videtur
667 878 790 934 quod
804 878 903 935 pari
923 879 1102 923 ratione
1121 879 1224 935 ejus
1236 884 1398 937 partus
1413 892 1518 927 esse
1533 882 1859 927 debueritcum
1876 882 2048 928 dolore.

203 946 245 987 2.
278 945 516 997 Praeterea,
540 941 648 985 finis
661 941 1037 999 proportionatur
1050 942 1294 999 principio.
1319 943 1406 988 Sed
1421 943 1528 989 finis
1541 945 1646 990 vitae
1663 945 1826 990 Christi
1841 945 1929 989 fuit
1942 958 2051 990 cum

147 1004 321 1061 dolore,
354 1005 612 1050 secundum
647 1004 764 1049 illud
786 1006 888 1059 (Isa.
922 1018 1009 1056 Lm,
1039 1006 1098 1059 4).
1125 1006 1239 1048 Vere
1262 1006 1439 1049 dolores
1459 1010 1640 1050 nostros
1669 1011 1765 1064 ipse
1788 1009 1910 1052 tulit.
1931 1010 2052 1064 Ergo

146 1067 331 1112 videtur
349 1067 475 1124 quod
495 1067 632 1112 etiam
655 1066 703 1111 in
722 1067 824 1123 eJus
843 1066 1082 1111 nativitate
1102 1066 1240 1112 fuerit
1264 1067 1395 1112 dolor
1408 1072 1586 1125 partus.

202 1133 243 1174 3.
277 1132 516 1184 Praeterea,
560 1130 609 1174 in
655 1129 774 1174 libro
812 1133 876 1174 De
913 1135 1019 1173 ortu
1061 1130 1312 1175 salvatoris
1357 1135 1574 1176 narratur
1618 1131 1743 1189 qued
1783 1132 1844 1178 ad
1887 1133 2050 1179 Christi

146 1192 435 1237 nativitatem
474 1193 750 1237 obstetrices
781 1197 1113 1250 occurrerunt,
1151 1205 1256 1249 quae
1277 1193 1497 1238 videntur
1518 1206 1622 1239 esse
1663 1195 1938 1240 necessariae
1967 1209 2050 1252 pa-

145 1255 279 1300 rjenti
296 1261 485 1312 propter
505 1255 728 1300 dolorem.
745 1257 863 1311 Ergo
879 1254 1064 1299 videtur
1093 1255 1218 1312 quod
1240 1257 1289 1298 B.
1314 1255 1449 1311 Virgo
1480 1256 1712 1312 pepererit
1735 1269 1843 1301 cum
1873 1257 2045 1312 dolore,

201 1318 288 1363 Sed
305 1323 466 1361 contra
485 1323 557 1362 est
583 1318 709 1374 quod
727 1317 1016 1374 Augustinus
1033 1317 1169 1373 (alius
1188 1319 1362 1373 auctor)
1381 1318 1491 1363 dicit
1507 1319 1572 1372 (in
1588 1331 1728 1363 serm.
1751 1323 1815 1364 De
1832 1320 2046 1379 nativit.),

142 1379 386 1437 alloquens
403 1380 638 1436 Virginem
660 1384 856 1424 matrem
879 1395 890 1422 :
914 1398 934 1418 «
948 1381 1040 1424 Nec
1062 1379 1108 1423 in
1129 1381 1449 1437 conceptione,
1465 1380 1632 1438 inquit,
1655 1381 1847 1426 inventa
1870 1394 1923 1427 es
1945 1383 2051 1429 sine

143 1443 337 1499 pudore,
361 1455 451 1488 nec
469 1443 518 1487 in
538 1446 676 1500 partu
694 1441 884 1487 inventa
915 1454 966 1487 es
984 1454 1092 1487 cum
1112 1442 1284 1487 dolore.
1301 1462 1322 1482 »

190 1518 483 1559 CONCLUSIO.
503 1539 551 1547 -
572 1516 679 1557 cum
701 1516 890 1558 Christus
911 1528 960 1558 ex
982 1517 1120 1557 clauso
1143 1521 1259 1558 utero
1280 1518 1428 1558 matris
1441 1529 1625 1568 egressus
1639 1518 1710 1568 sit,
1730 1530 1813 1559 non
1832 1520 1956 1561 modo
1975 1520 2046 1561 do-

141 1573 271 1613 lorem
292 1573 410 1613 beata
429 1573 551 1623 Virgo
568 1572 739 1612 nullum
757 1572 886 1612 sensit
900 1573 945 1612 in
966 1572 1161 1625 pariendo
1180 1573 1409 1623 Christum,
1425 1574 1494 1614 sed
1513 1573 1697 1613 maxima
1714 1578 1774 1614 est
1788 1574 2051 1627 jucunditate

140 1629 297 1678 affecta,
319 1628 417 1669 cum
438 1629 568 1668 Deum
585 1631 626 1668 et
644 1628 858 1668 hominem
880 1640 922 1668 se
941 1629 1143 1680 peperisse
1159 1628 1384 1679 conspexit.

196 1691 468 1748 Respondeo
505 1690 755 1736 dicendum
790 1690 917 1747 quod
940 1691 1070 1736 dolor
1089 1691 1313 1747 parientis
1338 1695 1558 1735 causatur
1576 1704 1635 1737 ex
1663 1692 1899 1748 apertione
1919 1706 2046 1739 mea-

139 1757 291 1812 tuum,
326 1764 411 1810 per
444 1764 564 1809 quos
597 1752 751 1809 proles
792 1751 1044 1809 egreditur.
1071 1753 1252 1797 Dictum
1285 1756 1357 1796 est
1391 1757 1546 1796 autem
1580 1765 1723 1810 supra
1759 1754 1855 1810 (qu.
1895 1768 2042 1810 xxvm,

138 1819 225 1860 art.
249 1819 311 1872 2),
331 1815 458 1871 quod
477 1814 684 1860 Christus
706 1818 777 1860 est
796 1826 1015 1871 egressus
1038 1828 1096 1860 ex
1115 1814 1277 1860 clauso
1300 1819 1432 1859 utero
1447 1815 1610 1860 matris
1625 1820 1698 1860 :et
1719 1815 1787 1860 sic
1808 1816 1935 1861 nulla
1952 1819 2048 1863 vio-

137 1877 282 1923 lentia
320 1878 574 1934 apertionis
605 1881 849 1922 meatuum
882 1877 947 1921 ibi
978 1876 1079 1921 fuit.
1119 1879 1172 1922 Et
1201 1881 1390 1935 propter
1413 1877 1502 1921 hoc
1534 1877 1583 1921 in
1617 1877 1696 1922 illo
1730 1882 1867 1935 partu
1886 1880 2045 1925 nullus

137 1941 226 1985 fuit
261 1940 408 1994 dolor,
446 1940 569 1984 sicut
600 1951 690 1984 nec
727 1938 881 1996 aliqua
917 1940 1175 1996 corrupti03
1215 1939 1300 1984 sed
1331 1939 1418 1983 fuit
1439 1939 1503 1984 ibi
1538 1940 1742 1984 maxima
1772 1941 2044 1997 Jucunditas

137 2015 197 2047 ex
226 2003 315 2047 hoc
349 2001 475 2059 quod
513 2002 655 2046 homo
691 2004 813 2045 Deus
849 2005 921 2045 est
952 2006 1092 2046 natus
1123 2001 1173 2045 in
1212 2000 1459 2058 mundum,
1494 2002 1753 2046 secundum
1794 2003 1909 2048 illud
1938 2007 2041 2057 (isa.

135 2078 263 2122 xxxv,
283 2067 327 2118 2)
349 2078 362 2109 ε
383 2066 657 2108 Germinans
674 2063 960 2121 yerminabz't,
985 2066 1100 2107 sicut
1121 2064 1288 2119 lilium,
1306 2066 1349 2106 et
1365 2063 1591 2107 exultabit
1609 2064 1927 2108 laetabundaet
1943 2067 2043 2111 lau-

137 2128 258 2170 dans
279 2129 358 2182 (2).
2013 2176 2015 2178 v

191 2187 261 2233 Ad
286 2192 485 2244 primum
513 2199 626 2244 ergo
659 2187 925 2243 dicendum,
950 2186 1075 2244 quod
1104 2186 1236 2231 dolor
1255 2190 1418 2243 partus
1439 2187 1744 2244 consequitur
1769 2186 1818 2232 in
1847 2189 2043 2236 muliere

136 2250 516 2295 commixtionem
538 2249 733 2294 virilem.
765 2249 894 2293 Unde
921 2251 1048 2303 (Gen.
1082 2251 1161 2306 ιιι),
1194 2253 1444 2305 postquam
1477 2248 1653 2293 dictum
1682 2252 1753 2293 est
1776 2263 1788 2291 ε
1813 2253 1867 2293 In
1886 2251 2041 2296 dolore

134 2316 306 2371 paries,
331 2313 548 2358 subditur
579 2325 592 2357 ε
627 2317 686 2356 Et
704 2313 782 2356 sub
815 2314 905 2355 viri
923 2315 1142 2368 potestate
1176 2314 1283 2356 eris,
1323 2312 1426 2369 Sed,
1454 2312 1575 2356 sicut
1610 2312 1721 2357 dicit
1753 2315 2043 2370 Augustinus

136 2376 276 2432 (alius
293 2378 469 2430 auctor)
489 2375 553 2430 (in
570 2387 711 2420 serm.
740 2374 798 2419 de
815 2377 1051 2431 Assumpt.
1070 2376 1116 2418 Β.
1140 2375 1376 2431 Virginis),
1395 2393 1414 2412 α
1427 2374 1486 2419 ab
1504 2375 1592 2419 hac
1614 2376 1841 2420 sententia
1862 2378 2041 2435 excipi-

135 2443 216 2482 tur
236 2438 372 2495 Virgo
402 2441 552 2482 mater
570 2437 665 2494 Dei,
698 2450 818 2495 quae,
841 2436 951 2493 quia
970 2437 1072 2481 sine
1101 2437 1277 2493 peccati
1296 2437 1576 2493 colluvione,
1600 2441 1646 2481 et
1670 2437 1770 2482 sine
1790 2437 1936 2482 virilis
1954 2441 2041 2485 ad-

134 2501 375 2546 mixtionis
406 2501 685 2546 detrimento
709 2500 940 2544 Christum
963 2499 1186 2555 suscepit,
1218 2498 1320 2543 sine
1348 2499 1507 2543 dolore
1526 2499 1704 2555 genuit,
1730 2503 1777 2543 et
1795 2499 1897 2545 sine
1916 2501 2040 2547 inte-

133 2563 317 2618 gritatis
339 2562 604 2617 violatIOne,
627 2561 806 2618 pudore
826 2560 1107 2616 virginitatis
1127 2561 1311 2616 integro
1326 2560 1596 2618 permansit.
1610 2579 1631 2599 »
1657 2561 1864 2606 Christus
1882 2568 2039 2609 autem

134 2629 332 2670 mortem
353 2624 558 2681 suscepit
574 2624 832 2680 spontanea
848 2624 1103 2678 voluntate,
1124 2627 1178 2667 ut
1195 2635 1280 2680 pro
1302 2622 1438 2667 nobis
1455 2622 1757 2680 satisfaceret,
1784 2636 1878 2668 non
1904 2626 2038 2682 quasi

134 2698 194 2731 ex
212 2686 489 2732 necessitate
506 2685 633 2730 illius
651 2685 910 2741 sententiae,
929 2685 1038 2742 quia
1059 2685 1159 2742 ipse
1179 2684 1340 2729 mortis
1355 2684 1534 2730 debitor
1554 2697 1649 2729 non
1670 2690 1784 2730 erat.

188 2748 257 2794 Ad
275 2749 521 2792 secundum
539 2747 806 2803 dicendum,
833 2746 959 2804 quod
979 2747 1100 2791 sicut
1116 2746 1324 2792 Christus
1339 2746 1580 2791 moriendo
1598 2746 1826 2792 destruxit
1839 2753 2037 2793 mortem

135 2815 366 2866 nostram,
387 2811 451 2855 ita
465 2822 552 2854 suo
576 2810 736 2855 dolore
755 2822 842 2853 nos
864 2810 891 2853 a
911 2809 1150 2854 doloribus
1172 2808 1400 2863 liberavit,
1428 2814 1475 2853 et
1495 2809 1601 2853 ideo
1619 2809 1737 2853 mori
1763 2810 1909 2854 voluit
1929 2824 2038 2856 cum

133 2872 307 2918 dolore.
329 2872 415 2917 Sed
438 2871 569 2916 dolor
591 2871 815 2928 parientis
831 2871 993 2915 matris
1014 2883 1108 2915 non
1128 2870 1388 2927 pertinebat
1408 2871 1466 2915 ad
1483 2871 1712 2915 Christum
1731 2872 1809 2928 qui
1826 2884 1909 2928 pro
1930 2885 2038 2929 pcc-

132 2935 248 2979 catis
271 2935 443 2980 nostris
469 2935 736 2979 satisfacere
767 2933 996 2979 veniebat.
1027 2935 1081 2977 Et
1107 2933 1212 2978 ideo
1234 2946 1330 2977 non
1365 2934 1570 2989 oportuit
1609 2933 1734 2990 quod
1765 2939 1914 2978 mater
1935 2935 2039 2992 eJus

132 3002 316 3053 pareret
338 3010 446 3041 cum
466 2997 642 3042 dolore.
1255 3042 1258 3045 .

186 3058 253 3103 Ad
275 3062 455 3102 tertium
485 3059 754 3115 dicendum,
788 3057 914 3115 quod
936 3059 1060 3112 (Luc.
1087 3057 1132 3109 n)
1169 3057 1338 3101 dicitur
1364 3058 1490 3114 quod
1524 3059 1572 3102 B.
1601 3058 1736 3113 Virgo
1752 3058 1904 3115 ipsum
1920 3071 2038 3115 pue-

131 3133 252 3178 rum,
286 3133 426 3175 quem
458 3126 715 3178 pepererat,
751 3121 921 3178 pannis
958 3120 1152 3164 involvit
1185 3124 1231 3163 et
1265 3123 1414 3176 posuit
1449 3125 1498 3164 in
1519 3124 1753 3177 praesepz‘O.
1790 3124 1843 3165 Et
1868 3134 1924 3165 ex
1949 3122 2037 3166 hoc

129 3182 390 3227 ostenditur
407 3183 609 3227 narratio
628 3183 752 3228 illius
770 3182 891 3241 iibri,
908 3182 988 3238 qui
1012 3187 1083 3226 est
1101 3183 1398 3239 apocryphus
1417 3185 1493 3238 (3),
1519 3195 1622 3227 esse
1639 3183 1770 3227 salsa.
1791 3183 1920 3227 Unde
1935 3184 2036 3228 Hie-

173 3302 216 3341 (Ι)
231 3299 444 3334 Arm-manv&
461 3299 641 3341 respondet
657 3301 830 3336 S.Doctor
843 3304 936 3341 juxta
954 3300 1039 3334 illud
1168 3300 1213 3342 (5)
1237 3299 1279 3334 Ut
1298 3300 1489 3342 appellatur
1509 3301 1526 3334 ἒι
1551 3300 1685 3334 Gelasio
1701 3312 1784 3341 papa
1811 3301 1847 3334 in
1870 3300 2032 3339 Decretis.

128 3361 226 3383 conc.
253 3348 464 3381 Constantio.
485 3353 573 3388 part.
600 3357 658 3387 vt,
687 3360 762 3382 can.
789 3349 843 3389 75)
867 3361 874 3382 :
900 3350 1042 3392 Absque
1127 3349 1321 3389 dist.1t5,ex
1333 3353 1462 3383 sancta
1480 3359 1638 3382 romana
1655 3349 1834 3389 Ecclesia,
1852 3349 1909 3383 ubi
1926 3355 1959 3382 et
1971 3349 2034 3383 sni»

127 3398 208 3430 uilo
222 3397 351 3430 dolore
370 3396 533 3437 Vir—(finis
548 3399 703 3436 partam
721 3406 795 3431 esse
810 3397 1040 3439 confitemur.
1127 3397 1353 3432 anathematis
1370 3396 1504 3430 vinculo
1521 3407 1594 3430 eam
1617 3397 1651 3430 in
1671 3402 1869 3438 perpetuum
1885 3397 2032 3431 damnat.

175 3445 218 3484 (2)
238 3446 309 3486 Quo
329 3449 457 3483 spectat
480 3443 581 3478 ctiam
603 3443 689 3477 iliud
708 3444 880 3485 proplictae
907 3457 915 3478 ε
934 3446 1043 3479 Ame-

126 3502 237 3536 quum
255 3493 488 3536 parturiret,
508 3493 653 3536 pepe-rit
675 3493 726 3527 (Is.
747 3495 853 3527 wa).
