2170 3808
764 196 963 246 QUAEST.
994 197 1076 251 Ln,
1107 196 1224 240 ART.
1254 196 1324 243 vl.
1899 197 1982 238 445

241 280 582 325 ARTICULUS
602 280 683 321 vl.
707 302 762 308 —-
784 291 918 320 ornum
941 291 1137 321 cnmsrus
1159 291 1330 328 Anonos
1360 291 1573 322 munnos
1594 290 1644 321 ΑΒ
1662 289 1838 321 1111151150

848 352 1125 382 ussmvumr
1159 341 1233 394 1().

434 408 482 442 De
498 405 667 442 bisetium
686 406 750 440 Seu
756 410 779 441 t.
794 416 846 447 111,
865 407 942 442 di.st
965 407 1020 449 21,
1042 413 1157 449 quest.
1174 415 1213 448 11,
1232 412 1267 441 et
1285 407 1407 448 opusc.
1421 416 1471 448 xl,
1483 419 1557 450 cap.
1575 409 1648 443 2211.

157 463 224 509 Ad
241 467 424 509 sextum
440 461 508 507 sic
524 461 802 518 proceditur.
826 465 869 506 1.
887 461 1074 506 Videtur
1093 461 1218 518 quod
1231 461 1438 506 Christus
1459 462 1639 519 aliquos
1660 463 1904 507 damnatos
1919 459 1978 504 ab

102 524 284 570 inferno
300 522 579 568 liberaverit.
599 521 771 566 Dicitur
792 521 1038 577 enim(1sa
1057 535 1169 578 xxiv,
1190 523 1296 576 22).
1319 524 1718 579 Conqreqabuntur
1739 535 1978 579 conqreya·

102 589 219 630 tione
245 587 377 630 unius
394 584 528 640 falcis
550 587 599 628 in
621 583 771 627 lacum
795 585 872 641 (2),
889 587 934 628 et
959 585 1232 628 claudentur
1250 582 1312 627 ibi
1329 585 1378 626 in
1405 597 1605 641 carcere,
1623 587 1666 628 et
1690 588 1792 640 post
1812 584 1978 627 multos

102 646 197 691 dies
211 647 527 692 visitabuntur.
546 645 767 703 Loquitur
789 650 947 690 autem
968 645 1105 689 ibide
1120 644 1368 700 damnatis,
1389 645 1468 702 qui
1501 645 1712 689 militiam
1741 644 1845 690 coeli
1868 643 1978 690 ado·

99 711 336 760 laverunt,
366 711 420 752 ut
455 706 762 764 Hieronymus
797 705 1008 764 explicat.
1043 708 1161 762 Ergo
1202 705 1386 750 videtur
1418 706 1544 762 quod
1576 705 1714 750 etiam
1754 705 1975 763 damnati,

100 768 278 815 Christo
295 767 604 815 descendente
624 768 684 813 ad
708 767 894 821 inferos,
914 768 1007 812 sint
1023 767 1220 823 visitati,
1249 767 1373 825 quod
1395 768 1454 812 ad
1472 779 1633 812 eorum
1663 767 1978 841 liberationem

100 830 282 876 videtur
294 830 540 888 pertinere

156 895 197 937 2.
221 895 458 949 Praeterea,
489 902 629 948 super
651 890 766 935 illud
792 891 939 945 (Zach
965 904 1023 946 lx,
1051 893 1126 945 2);
1155 894 1218 934 Tu
1239 893 1391 934 autem
1411 894 1459 934 in
1483 894 1702 947 sanquine
1723 891 1980 934 testamenti

101 956 167 998 tui
182 954 375 998 eduxisti
392 956 558 997 vinctos
575 952 631 995 de
651 952 770 1008 lacu,
792 955 841 995 in
869 966 956 1008 quo
981 965 1069 995 non
1089 956 1188 995 erat
1208 966 1348 1009 aqua,
1367 952 1479 997 dicit
1501 952 1660 996 Glossa
1686 951 1849 1005 (interl.
1873 951 1979 995 Hie·-

98 1014 327 1073 ronymi):
361 1034 381 1054 a
401 1015 467 1058 Tu
495 1025 577 1059 eos
605 1011 810 1058 liberasti
842 1012 922 1070 qui
959 1012 1237 1058 tenebantur
1268 1013 1409 1057 vincti
1442 1012 1721 1067 carceribus,
1741 1011 1823 1057 ubi
1853 1012 1979 1057 nulla

99 1075 411 1122 misericordIa
429 1088 509 1121 eos
524 1074 840 1132 refrigerabat,
861 1087 1001 1132 quam
1028 1075 1157 1120 dives
1175 1075 1253 1121 1116
1280 1075 1480 1133 petebat.
1508 1095 1528 1115 »
1555 1075 1642 1120 Sed
1666 1074 1751 1120 soli
1773 1074 1978 1120 damnati

98 1137 399 1185 includuntur
429 1137 692 1183 carceribus
727 1136 902 1193 absque
935 1136 1266 1182 misericordia.
1290 1140 1407 1194 Ergo
1434 1137 1640 1181 Christus
1662 1137 1874 1182 liberavit
1893 1136 1978 1181 ali—

97 1211 216 1258 quos
237 1200 295 1246 de
313 1200 493 1247 inferno
511 1198 852 1244 damnatorum.

151 1262 194 1306 3.
218 1263 457 1315 Praeterea,
487 1257 691 1316 potentia
718 1257 881 1302 Christi
904 1270 998 1302 non
1027 1257 1115 1302 fuit
1146 1258 1298 1302 minor
1328 1258 1376 1302 in
1414 1258 1597 1303 inferno
1629 1270 1770 1315 quam
1808 1259 1857 1304 in
1891 1261 1979 1306 hoc

95 1322 304 1368 mundo:
323 1321 568 1378 utrObique
583 1318 707 1364 enim
722 1323 941 1375 operatus
956 1324 1027 1364 est
1040 1331 1124 1376 pei
1138 1319 1391 1375 potentiam
1411 1332 1510 1368 suae
1528 1319 1796 1364 divinitatis,
1825 1321 1941 1366 Sed
1928 1334 1978 1367 m

94 1383 183 1429 hoc
196 1382 374 1429 mundo
390 1382 449 1428 de
469 1380 676 1440 quolibet
691 1384 816 1425 statu
838 1380 1020 1437 aliquos
1037 1380 1264 1427 liberavit.
1284 1384 1403 1438 Ergo
1431 1382 1570 1427 etiam
1589 1381 1638 1425 in
1661 1381 1842 1427 inferno
1865 1382 1979 1428 libe-

94 1443 214 1489 ravit
230 1443 410 1501 aliquos
427 1441 486 1488 de
503 1446 627 1487 statu
644 1441 987 1486 damnatorum.

149 1504 238 1550 Sed
259 1508 417 1549 contra
439 1508 510 1549 est
532 1503 657 1560 quod
676 1503 998 1557 dicitur(0seae
1013 1517 1102 1558 xm,
1118 1505 1212 1558 14):
1227 1508 1318 1546 Ero
1334 1517 1454 1548 mors
1470 1508 1565 1560 tua,
1589 1509 1616 1547 ό
1635 1517 1755 1547 mors
1767 1519 1784 1561 ,·
1806 1517 1979 1551 morsus

97 1570 198 1611 tuus
215 1579 307 1621 ero,
324 1568 496 1621 inferne
513 1580 527 1607 .-
551 1564 708 1609 Glossa
732 1564 886 1609 interl.
914 1580 924 1609 :
952 1582 971 1601 «ι
992 1564 1168 1609 Electos
1194 1565 1451 1621 educendo,
1472 1565 1695 1622 reprobos
1707 1565 1876 1610 ibidem
1901 1580 1979 1612 re-

93 1626 364 1685 linquendo,
394 1645 414 1667 »
455 1625 542 1672 Sed
576 1625 663 1671 soli
700 1625 884 1682 reprobi
920 1630 1032 1670 sunt
1066 1624 1116 1670 in
1150 1625 1332 1671 inferno
1366 1626 1711 1672 damnatorum.
1744 1627 1862 1683 Ergo
1895 1640 1978 1684 per

95 1687 562 1735 descensumChristi
600 1686 658 1734 ad
689 1686 863 1732 inferos
899 1699 993 1732 non
1023 1692 1134 1731 sunt
1171 1686 1311 1745 aliqui
1345 1687 1404 1733 (16
1431 1687 1615 1733 inferno
1652 1687 1976 1735 damnatorum

94 1749 289 1795 liberati.

138 1816 427 1859 CONCLUSIO.
446 1838 490 1846 —
509 1815 614 1856 cum
650 1815 834 1856 (1311111311
863 1815 1025 1856 nullam
1052 1816 1096 1857 in
1125 1816 1336 1858 Christum
1367 1817 1494 1857 fidem
1525 1816 1721 1857 charitate
1754 1818 1975 1860 formatam

93 1870 325 1920 habuerint,
346 1870 461 1911 nullo
485 1869 606 1911 modo
629 1869 721 1910 illos
746 1871 871 1911 fuisse
898 1871 1092 1911 liberatos
1112 1871 1164 1911 ab
1187 1872 1347 1912 inferno
1371 1884 1440 1923 per
1467 1871 1584 1912 illius
1608 1872 1860 1922 descensum,
1886 1886 1974 1915 cre-

93 1925 276 1968 dendum
289 1929 363 1968 est.

147 1991 266 2046 Resp
268 1987 418 2034 ondeo
439 1987 688 2033 dicendum
710 1986 851 2043 qued,
873 1986 993 2031 516111
1012 1954 1154 2044 supra
1175 1987 1350 2032 dictum
1360 1992 1431 2032 est
1451 1990 1553 2042 (art.
1572 2000 1712 2045 praec.
1717 1990 1747 2046 ),
1763 1990 1973 2036 Christus

89 2050 383 2098 descendens
409 2048 467 2093 ad
487 2048 674 2104 inferos,
699 2052 916 2105 operatus
945 2052 1016 2093 est
1045 2047 1092 2091 in
1116 2048 1286 2093 virtute
1313 2061 1411 2094 suae
1436 2049 1664 2105 passionis
1692 2051 1765 2105 (3).
1797 2053 1851 2094 Et
1872 2051 1974 2097 ideo

92 2111 196 2171 ejus
217 2112 470 2158 descensus
491 2110 548 2154 ad
573 2110 746 2155 inferos
776 2109 867 2154 illis
886 2110 997 2154 solis
1022 2109 1308 2154 liberationis
1327 2111 1520 2155 contulit
1544 2111 1747 2155 fructum
1773 2112 1852 2168 qui
1873 2112 1974 2158 fue-

91 2178 204 2220 runt
222 2172 426 2230 passioni
455 2171 618 2215 Christi
637 2169 873 2226 conjuncti
905 2182 988 2227 per
1006 2170 1143 2214 fidem
1177 2171 1397 2215 charitate
1433 2170 1694 2229 formatam,
1727 2183 1812 2228 per
1832 2185 1973 2230 quam

92 2240 283 2292 peccata
300 2233 538 2277 tolluntur.
560 2233 624 2276 llli
640 2235 794 2275 autem
815 2231 894 2287 qui
913 2236 1048 2276 erant
1069 2231 1117 2275 in
1136 2231 1316 2277 inferno
1332 2232 1675 2288 damnatorum,
1692 2237 1775 2278 aut
1789 2234 1972 2290 penitus

94 2295 232 2340 fidem
249 2294 478 2352 passionis
498 2293 662 2337 Christi
681 2304 775 2337 non
793 2292 1069 2349 habuerant,
1091 2292 1213 2338 sicut
1227 2292 1465 2337 infideles·
1454 2327 1468 2348 ,
1487 2293 1622 2338 311151
1638 2293 1778 2339 fidem
1794 2294 1974 2342 habue-

93 2363 214 2413 rant,
246 2356 422 2401 nullam
458 2355 825 2399 conformitatem
860 2354 1092 2398 habebant
1126 2355 1184 2399 ad
1215 2354 1486 2399 charitatem
1522 2355 1687 2400 Christi
1720 2355 1937 2412 patientis
1957 2372 1970 2403 ε

92 2418 219 2464 1111116
237 2429 325 2463 1166
352 2416 380 2462 a
399 2415 601 2474 peccatis
629 2414 728 2461 suis
753 2421 884 2460 erant
902 2414 1128 2460 mundati.
1150 2417 1204 2459 Et
1219 2420 1407 2473 propter
1425 2416 1512 2460 hoc
1536 2415 1791 2461 descensus
1808 2418 1972 2464 Christi

93 2480 151 2525 ad
165 2478 338 2525 inferos
359 2489 454 2522 non
471 2477 666 2523 contulit
680 2476 747 2522 eis
762 2476 1082 2522 liberationem
1102 2477 1130 2521 a
1152 2481 1283 2522 reatu
1299 2490 1450 2534 poenae
1464 2477 1720 2522 infernalis.

145 2540 212 2587 Ad
226 2542 429 2598 primum
441 2550 553 2595 ergo
570 2538 834 2594 dicendum,
851 2539 991 2595 quod,
1010 2539 1187 2583 Christo
1204 2539 1513 2584 descendente
1525 2539 1583 2583 ad
1601 2539 1792 2596 inferos,
1807 2552 1972 2595 omnes

91 2601 173 2660 qui
195 2606 329 2647 erant
340 2602 389 2645 in
405 2612 698 2658 quacumque
716 2606 847 2658 parte
867 2600 1051 2655 interni,
1073 2607 1183 2645 sunt
1202 2601 1460 2657 aliqualiter
1474 2600 1661 2656 visitati3
1684 2601 1769 2646 sed
1782 2601 1970 2659 quidam

94 2664 152 2710 ad
173 2676 307 2709 suam
330 2662 688 2708 consolationem
702 2667 749 2708 et
770 2663 1107 2717 liberationem,
1131 2663 1320 2719 quidam
1338 2667 1494 2707 autem
1516 2662 1576 2707 ad
1605 2675 1739 2707 suam
1761 2663 1970 2708 confuta-

93 2725 266 2771 tionem
282 2730 329 2771 et
346 2725 682 2783 confusionem,
702 2724 822 2770 sicut
843 2725 1065 2770 damnati.
1090 2725 1217 2769 Unde
1235 2724 1405 2769 ibidem
1429 2724 1644 2769 subditur
1664 2737 1675 2766 ε
1701 2728 1764 2769 Et
1796 2725 1971 2769 erubes-

93 2790 162 2832 cet
174 2789 300 2843 luna,
319 2790 361 2830 et
375 2788 677 2842 confundetur
689 2787 776 2842 sol,
788 2792 876 2832 etc.
890 2789 1043 2831 Potest
1055 2787 1193 2831 etiam
1208 2788 1296 2831 hoc
1306 2786 1466 2832 referri
1483 2787 1541 2831 ad
1556 2786 1862 2832 visitationem
1878 2790 1970 2844 qua

93 2848 403 2894 visitabuntur
422 2848 471 2892 in
501 2848 575 2893 die
589 2847 768 2904 Judicii‚
786 2861 878 2892 non
898 2854 949 2894 ut
968 2849 1239 2904 liberentur,
1260 2848 1345 2894 sed
1364 2851 1419 2894 ut
1437 2848 1637 2905 amplius
1653 2849 1970 2894 condemnen-

91 2914 184 2967 tur,
207 2909 463 2954 secundum
492 2908 606 2953 illud
629 2909 886 2966 (Sophoniae
909 2924 938 2965 1,
965 2913 1034 2964 12)
1061 2924 1072 2954 ;
1106 2911 1308 2953 Visitabo
1332 2922 1470 2966 super
1489 2913 1608 2952 viros
1632 2911 1802 2964 defixos
1825 2911 1872 2951 in
1889 2912 1968 2963 fae-

93 2971 213 3014 cibus
228 2974 335 3015 suis.

147 3033 214 3077 Ad
232 3032 476 3077 secundum
497 3030 762 3087 dicendum,
782 3031 906 3088 quod
920 3033 1027 3076 cum
1045 3032 1213 3076 dicitur
1232 3032 1279 3076 in
1299 3032 1459 3076 Glossa
1479 3047 1491 3077 ε
1526 3052 1544 3070 «
1571 3032 1655 3076 Ubi
1679 3033 1807 3077 nulla
1825 3033 1967 3078 mise-

92 3093 288 3138 ricordia
322 3105 403 3138 eos
434 3091 748 3148 refrigerabat,
767 3110 788 3131 »
832 3092 1184 3149 intelligendum
1219 3098 1290 3138 est
1328 3094 1553 3150 quantum
1586 3094 1645 3139 ad
1678 3094 1964 3150 refrigerium

134 3219 176 3259 (l)
193 3220 242 3253 De
258 3218 324 3253 fide
338 3222 387 3253 est
407 3218 537 3252 nullum
564 3218 798 3252 damnatorum
822 3217 922 3252 fuisse
944 3230 982 3252 ex
1075 3219 1263 3259 damnatos,
1294 3218 1371 3258 quia
1395 3222 1487 3258 iuxta
1515 3219 1684 3252 decretum
1715 3217 1867 3254 divinum
1895 3232 1962 3255 non

95 3265 228 3300 inferno
243 3267 261 3300 11
276 3266 407 3300 christo
425 3265 618 3300 liberatum.
1074 3266 1143 3306 agit
1174 3265 1238 3300 nisi
1260 3265 1295 3298 in
1327 3276 1382 3298 eos
1413 3265 1471 3305 qui
1490 3271 1567 3300 sunt
1599 3265 1634 3298 in
1657 3271 1746 3300 statu
1789 3267 1850 3301 viae
1864 3294 1873 3307 ,
1902 3267 1960 3302 ubi

133 3313 174 3355 (2)
189 3313 345 3355 Vulgata,
370 3315 413 3347 in
438 3314 714 3356 congregatione
731 3313 845 3347 unius
868 3312 982 3355 fascis
1073 3314 1171 3347 datur
1190 3313 1320 3348 homini
1339 3313 1477 3347 facultas
1490 3326 1524 3348 se
1549 3314 1763 3348 convertendi
1785 3316 1803 3350 11
1825 3318 1957 3356 peccato

92 3361 134 3394 in
146 3360 279 3402 lacum,
295 3365 360 3395 etc.
1072 3360 1114 3394 ad
1128 3361 1304 3401 justitiam,
1324 3365 1364 3396 ut
1376 3366 1469 3402 patet
1483 3372 1522 3395 ex
1536 3373 1684 3403 respons.
1700 3362 1740 3395 ad
1757 3362 1790 3397 5.

137 3408 180 3450 (5)
207 3408 249 3443 Et
278 3408 385 3450 passio
412 3406 535 3443 Christi
547 3408 615 3443 vim
639 3419 708 3442 non
733 3407 852 3442 hahuit
870 3418 970 3448 super
