2170 3808
784 227 982 278 QuAEs‘r.
1012 227 1089 282 111,
1119 226 1235 270 ART.
1266 226 1300 270 1.
1933 226 1989 272 33

152 313 220 358 Ad
241 315 436 370 primum
456 319 568 366 ergo
591 307 858 364 dicendum,
882 307 1007 365 quod
1026 307 1134 352 licet
1154 307 1267 352 unio
1291 319 1386 351 non
1409 306 1471 352 sit
1490 306 1613 351 facta
1632 305 1682 350 in
1706 311 1889 364 natura,
1912 310 1988 352 est

98 377 253 419 tamen
277 374 462 418 causata
481 381 542 415 ex
563 369 733 415 virtute
761 369 930 415 divinae
956 375 1151 426 naturae,
1175 381 1282 426 quae
1310 373 1382 414 est
1402 369 1511 414 vere
1537 372 1705 413 natura
1728 368 1916 426 Christi3
1938 373 1987 414 et

97 434 239 479 etiam
260 431 476 479 convenit
495 429 673 475 Christo
696 430 723 474 a
745 429 970 488 principio
992 442 1092 475 suae
1112 429 1385 475 nativitatis.

151 496 219 542 Ad
233 494 470 541 secundum
484 491 750 549 dicendum,
764 492 888 550 qued
907 504 999 538 non
1017 491 1279 537 secundum
1296 491 1420 537 idem
1437 491 1605 537 dicitur
1621 491 1769 549 gratia
1783 498 1832 538 et
1849 496 1986 538 natu-

95 556 209 603 ralis
227 571 241 602 z
261 556 343 603 sed
361 554 509 613 gratia
532 553 721 611 quidem
743 553 927 612 dicitur,
950 553 1228 610 inquantum
1251 565 1348 597 non
1370 558 1442 597 est
1462 565 1521 597 ex
1544 553 1734 609 merit03
1760 553 1985 599 naturalis

97 623 253 664 autem
281 617 446 665 dicitur
477 616 756 673 inquantum
790 620 862 662 est
890 627 950 662 ex
984 615 1156 660 virtute
1191 614 1366 660 divinae
1401 619 1580 659 naturae
1614 614 1663 659 in
1696 614 1985 661 humanitate

96 679 261 726 Christi
283 679 342 724 ab
362 678 464 736 ejus
486 677 746 724 nativitate.

150 740 218 787 Ad
246 743 427 785 tertium
459 738 707 785 dicendum
722 773 735 797 ‚
765 738 892 797 quod
934 739 1083 795 gratia
1109 737 1299 784 unionis
1334 750 1430 782 non
1459 741 1531 782 est
1558 738 1778 782 naturaHs
1806 737 1985 784 Christo

95 802 352 854 secundum
373 802 626 847 humanam
652 807 888 858 naturam,
912 801 1047 858 quasi
1074 812 1134 846 ex
1161 799 1400 858 principiis
1427 800 1644 844 humanae
1671 805 1850 844 naturae
1872 813 1983 846 cau-

97 870 224 908 sata:
241 868 287 908 et
310 862 414 909 ideo
439 875 535 907 non
557 867 737 920 oportet
759 862 883 920 qued
904 861 1153 907 conveniat
1176 861 1395 906 omnibus
1419 860 1702 906 hominibus.
1723 863 1802 906 Est
1826 866 1983 907 tamen

95 924 320 972 naturalis
333 924 376 971 ei
394 924 652 970 secundum
673 925 926 969 humanam
943 930 1159 969 naturam
1181 928 1369 982 propter
1384 922 1712 981 proprietatem
1730 922 1982 970 nativitatis

95 984 257 1042 ipsius,
278 989 415 1043 prout
437 985 506 1030 sic
531 992 787 1043 conceptus
806 991 878 1031 est
903 998 962 1031 ex
988 986 1159 1043 Spiritu
1180 990 1359 1040 sancto,
1384 988 1438 1031 ut
1465 988 1590 1029 esset
1609 984 1733 1030 idem
1759 984 1982 1031 naturalis

94 1046 218 1093 filius
237 1046 313 1093 Dei
335 1051 382 1092 et
402 1047 618 1092 hominis.
641 1047 904 1093 Secundum
920 1046 1032 1092 vero
1050 1047 1254 1093 divinam
1272 1051 1489 1091 naturam
1503 1050 1575 1092 est
1592 1045 1634 1091 ei
1652 1046 1892 1105 naturam,
1910 1046 1983 1091 in-

95 1113 319 1165 quantum
341 1107 497 1154 divina
520 1114 687 1154 natura
708 1114 780 1155 est
799 1109 1081 1167 principium
1099 1109 1303 1155 activum
1324 1108 1466 1166 hujus
1486 1107 1648 1166 gratiae
1665 1114 1739 1153 :et
1759 1108 1849 1154 hoc
1869 1121 1981 1154 con-

94 1171 222 1217 venit
241 1169 321 1216 toti
336 1169 567 1231 Trinitati,
590 1171 766 1217 scilicet
785 1171 928 1230 hujus
949 1171 1111 1228 gratiae
1131 1183 1236 1217 esse
1259 1170 1463 1216 activum
1489 1169 1785 1228 principium.

806 1297 1113 1362 QUAESTIO
1155 1298 1241 1351 111.

92 1409 155 1445 DE
183 1409 309 1447 MODO
340 1383 525 1447 monis
557 1411 623 1446 Ex
654 1411 810 1446 PARTE
848 1410 1079 1446 PERSONAE
1114 1410 1430 1460 ASSUMENTIS,
1472 1411 1522 1447 IN
1561 1410 1681 1447 00'1'0
1720 1410 1981 1449 ARTIGULOS

946 1473 1114 1508 DIVISA.
1677 1478 1679 1480 ’

139 1561 290 1602 Deinde
307 1562 652 1603 considerandum
674 1565 735 1603 est
750 1562 802 1603 de
831 1562 989 1602 unione
1016 1573 1064 1602 ex
1087 1566 1202 1614 parte
1220 1573 1401 1613 personae
1424 1562 1697 1611 assumentis;
1722 1565 1763 1602 et
1777 1563 1884 1603 circa
1903 1562 1979 1604 hoc

90 1621 328 1667 quaeruntur
344 1620 435 1658 octo
453 1631 463 1657 :
489 1624 525 1657 1⁰
544 1617 694 1667 Utrum
718 1628 924 1658 assumere
951 1617 1173 1657 conveniat
1195 1628 1376 1668 personae
1399 1617 1565 1657 divinae.
1585 1639 1632 1646 —
1657 1624 1695 1656 2⁰
1711 1617 1858 1658 Utrum
1875 1629 1976 1658 con—

90 1670 229 1712 veniat
247 1675 405 1713 naturae
422 1672 591 1713 divinae.
616 1694 665 1701 —
688 1677 727 1712 3υ
746 1673 894 1712 Utrum
913 1675 1061 1711 natura
1085 1672 1213 1723 possit
1229 1683 1447 1719 assumere,
1462 1671 1661 1712 abstracta
1680 1673 1975 1723 personalitate.

90 1748 138 1754 —
159 1730 201 1766 4⁰
221 1727 368 1768 Utrum
389 1740 473 1768 una
496 1739 668 1780 persona
690 1728 821 1779 possit
838 1738 1044 1767 assumere
1067 1728 1157 1766 sine
1176 1728 1271 1767 alia.
1301 1749 1343 1756 —
1368 1734 1406 1767 5⁰
1426 1727 1575 1767 Utrum
1593 1728 1788 1779 quaelibet
1807 1739 1978 1779 persona

91 1780 216 1831 possit
232 1792 450 1824 assumere.
474 1805 520 1812 —
543 1787 582 1822 6⁰
605 1783 749 1823 Utrum
773 1782 908 1834 plures
927 1793 1108 1833 personae
1124 1782 1282 1834 possint
1295 1793 1500 1822 assumere
1518 1793 1648 1821 unam
1667 1793 1837 1821 numero
1862 1785 1980 1822 natu-

90 1845 194 1874 ram.
217 1857 264 1865 -
278 1840 318 1876 7⁰
335 1837 485 1877 Utrum
506 1849 592 1877 una
613 1848 786 1888 persona
811 1836 938 1887 possit
955 1847 1161 1876 assumere
1180 1835 1283 1876 duas
1302 1848 1473 1876 numero
1492 1839 1674 1875 naturas.
1700 1859 1748 1864 -
1774 1841 1813 1875 8⁰
1833 1836 1979 1876 Utrum

88 1890 218 1940 magis
237 1890 363 1930 fuerit
380 1892 630 1931 conveniens
647 1892 698 1930 de
717 1902 885 1942 persona
903 1891 1001 1930 Filii
1021 1890 1093 1930 Dei
1111 1892 1222 1942 quod
1245 1892 1511 1943 assumpserit
1527 1891 1756 1931 humanam
1772 1896 1979 1940 naturam,

89 1945 213 1995 quam
230 1944 280 1985 de
296 1945 378 1984 alia
400 1957 568 1996 persona
586 1946 744 1986 divina.
1763 1957 1772 1969 ⁸

169 2009 524 2060 ARTICULUS,
539 2011 576 2052 1.
597 2032 651 2039 -—-
672 2022 806 2052 urrann
827 2021 1025 2053 rsnsonAE
1045 2022 1195 2052 mvmAE
1215 2022 1447 2053 convertur
1469 2021 1682 2053 assumens
1702 2021 1895 2054 mnam

893 2083 1078 2114 camum
1102 2072 1171 2126 (1).

576 2139 626 2174 De
646 2139 699 2174 his
715 2139 818 2175 etiam
836 2139 931 2173 Sent.
950 2148 1003 2179 111,
1024 2139 1104 2174 dist.
1122 2141 1156 2180 5,
1171 2144 1289 2181 quaest.
1311 2147 1351 2182 Π,
1370 2143 1435 2174 art.
1448 2139 1483 2175 4.

143 2191 210 2236 Ad
230 2192 432 2250 primum
455 2193 523 2239 sic
542 2193 822 2251 proceditur.
845 2196 889 2238 1.
908 2193 1096 2238 Videtur
1115 2192 1239 2250 quod
1262 2206 1475 2250 personae
1494 2194 1665 2239 divinae
1684 2206 1781 2239 non
1802 2207 1975 2241 conve-

90 2251 187 2297 niat
216 2265 455 2299 assumere
484 2259 699 2299 naturam
727 2259 947 2299 creatam.
974 2256 1175 2298 Persona
1206 2254 1330 2299 enim
1360 2254 1517 2300 divina
1544 2254 1776 2311 significat
1803 2256 1978 2315 aliquid

88 2313 291 2359 maxime
308 2316 577 2372 perfectum.
602 2317 859 2362 Perfectum
878 2322 1035 2360 autem
1060 2322 1131 2361 est
1152 2317 1228 2361 eui
1250 2329 1345 2361 non
1365 2322 1517 2374 potest
1538 2318 1637 2363 fieri
1660 2318 1845 2364 additio.
1864 2320 1977 2364 cum

87 2374 230 2430 igitur
245 2388 480 2422 assumere
498 2377 559 2422 sit
574 2377 706 2434 quasi
722 2378 779 2422 ad
801 2389 853 2422 se
871 2389 1074 2434 sumere,
1091 2378 1154 2422 ita
1173 2379 1299 2436 quod
1317 2383 1610 2435 assumptum
1629 2379 1826 2425 addatur
1844 2393 1970 2426 assu-

87 2436 256 2494 menti,
281 2437 460 2484 videtur
485 2438 609 2496 quod
643 2451 856 2496 personae
889 2439 1055 2483 divinae
1090 2452 1186 2484 non
1214 2441 1461 2485 conveniat
1488 2453 1727 2485 assumere
1760 2446 1970 2487 naturam

89 2502 306 2543 creatam.

143 2562 186 2603 2.
211 2561 463 2620 Praeterea,
485 2560 602 2607 illud
629 2563 689 2608 ad
717 2562 842 2619 quod
870 2563 1045 2621 aliquid
1066 2564 1336 2620 assumitur,
1354 2565 1726 2609 communicatur
1746 2565 1972 2622 quodam·

88 2620 228 2666 modo
249 2620 292 2666 ei
314 2622 440 2679 quod
461 2621 510 2666 in
531 2623 685 2680 ipsum
706 2624 980 2682 assumitur3
1005 2627 1125 2671 sicut
1146 2626 1349 2682 dignitas
1367 2626 1738 2671 communicatur
1754 2626 1796 2672 ei
1820 2627 1901 2684 qui
1924 2627 1974 2672 in

88 2681 362 2738 dignitatem
383 2684 649 2730 assumitur.
670 2686 757 2730 Sed
775 2686 834 2731 de
856 2687 1035 2732 ratione
1056 2699 1268 2744 personae
1286 2692 1358 2732 est
1376 2688 1497 2744 quod
1526 2687 1587 2732 sit
1607 2688 1975 2733 incommunica-

87 2742 210 2800 bilis,
233 2751 287 2788 ut
308 2745 357 2788 in
377 2745 526 2802 prima
546 2750 676 2802 parte
695 2746 871 2792 dictum
890 2753 962 2792 est
982 2750 1163 2805 (quaest.
1187 2762 1308 2806 xxix,
1338 2754 1424 2794 art.
1448 2751 1504 2805 1).
1528 2752 1648 2806 Ergo
1668 2762 1880 2807 personae
1901 2750 1975 2795 di-

88 2805 208 2850 vinae
229 2817 326 2850 non
348 2806 567 2851 convenit
587 2817 840 2864 assumere,
864 2810 990 2865 quod
1008 2814 1080 2854 est
1102 2811 1162 2855 ad
1180 2822 1231 2855 se
1252 2822 1452 2856 sumere.

141 2869 183 2911 3.
213 2869 451 2923 Praeterea,
463 2881 662 2925 persona
672 2870 967 2915 constituitur
980 2884 1063 2928 per
1074 2876 1305 2916 naturam.
1320 2872 1407 2918 Sed
1421 2872 1756 2917 inconveniens
1765 2871 1976 2930 estquod

85 2928 391 2974 constitutum
412 2934 620 2975 assumat
639 2932 948 2989 constituenS‚
966 2933 1076 2990 quia
1096 2934 1289 2979 effectus
1306 2946 1402 2979 non
1422 2933 1517 2990 agit
1537 2934 1586 2978 in
1609 2945 1743 2978 suam
1765 2945 1974 2980 causam.

85 2992 205 3044 Ergo
226 3002 437 3046 personae
457 3003 552 3036 non
573 2993 790 3037 convenit
808 3006 1046 3040 assumere
1068 3000 1300 3040 naturam.

141 3051 230 3097 Sed
258 3056 418 3097 contra
443 3058 516 3098 est
541 3055 666 3111 quod
689 3056 977 3112 Augustinus
1006 3057 1309 3114 (Fulgentius)
1325 3057 1459 3115 dicit,
1479 3058 1538 3102 de
1563 3056 1671 3102 Fide
1699 3056 1759 3102 ad
1788 3059 1974 3103 Petrum

86 3113 206 3170 (cap.
230 3115 281 3166 2,
309 3112 336 3157 a
352 3114 495 3169 med.)
515 3130 526 3159 :
548 3131 568 3153 «
590 3117 823 3171 Formam,
847 3117 896 3163 id
913 3123 1008 3175 est,
1027 3123 1245 3163 naturam
1267 3118 1415 3175 servi,
1433 3118 1482 3162 in
1506 3130 1640 3163 suam
1661 3118 1835 3176 accepit
1852 3122 1973 3164 Deus

85 3173 179 3231 ille,
191 3173 367 3219 scilicet
385 3175 670 3234 unigenitUS,
689 3187 953 3232 personam.
969 3197 989 3217 »
1006 3179 1094 3224 Sed
1112 3181 1232 3223 Deus
1248 3179 1520 3235 unigenitus
1538 3184 1611 3224 est
1622 3190 1835 3236 persona.
1854 3182 1973 3235 Ergo

84 3246 300 3291 personae
320 3237 539 3293 competit
562 3235 770 3293 accipere
792 3242 1029 3295 naturam,
1050 3240 1176 3296 quod
1199 3245 1271 3284 est
1292 3253 1545 3286 assumere.

133 3302 423 3343 CONCLUSIO.
441 3326 490 3333 —
513 3304 619 3344 Gum
635 3314 855 3354 assumere,
877 3306 932 3345 sit
961 3306 1014 3346 ad
1042 3318 1084 3347 se
1102 3306 1263 3360 aliquid
1284 3319 1457 3357 sumere,
1478 3308 1524 3348 in
1550 3320 1633 3359 quo
1657 3311 1699 3349 et
1723 3306 1973 3359 principium

123 3418 170 3459 (4)
185 3419 366 3459 Responsio
384 3420 589 3457 affirmativa
608 3424 656 3456 est
670 3418 764 3462 fidei,
782 3419 825 3454 ut
838 3420 936 3462 patet
949 3431 990 3458 ex
1007 3423 1285 3467 praecedentibus,
1314 3425 1372 3461 uhi
1396 3425 1577 3468 probatum
1604 3425 1673 3460 fnit
1697 3424 1788 3467 quod
1819 3423 1972 3460 Verbum

84 3473 163 3501 nou
174 3466 313 3549 saczttlm
328 3471 378 3503 est
394 3469 499 3509 (Ioan.
513 3469 552 3510 1).
1788 3529 1817 3567 ᾖ
