2170 3808
135 261 218 305 644
664 262 864 316 QUAEs'r.
896 263 1393 314 1X1X,ART.V111ET
1422 267 1489 310 IX

189 344 256 390 Ad
279 348 470 390 tertium
484 335 750 402 dicendum,
773 346 898 402 quod
921 346 1106 391 diversa
1126 348 1361 404 capacitas
1383 350 1697 394 naturalium
1686 363 1732 394 111
1756 351 2022 410 hominibus

137 418 229 450 non
256 412 328 451 est
348 421 404 452 ex
429 407 695 452 diversitate
714 409 901 463 mentis,
925 421 1029 464 quae
1047 421 1128 479 per
1146 408 1430 466 baptismum
1445 421 1694 456 renovatur
1717 412 1840 464 (cum
1858 425 2023 458 omnes

136 466 348 512 homines
375 468 587 524 eJusdem
610 469 782 524 speciei
807 469 1062 514 existentes
1084 470 1132 513 in
1155 471 1305 514 forma
1328 474 1650 530 conveniant),
1673 473 1756 518 sed
1780 479 1924 518 estex
1950 475 2023 519 di-

135 541 268 574 versa.
297 530 600 586 dispositione
623 543 887 587 corporum.
920 533 1062 576 Secus
1094 539 1250 577 autem
1276 537 1347 578 est
1375 532 1424 577 in
1462 535 1656 591 angelis,
1691 534 1770 592 qui
1804 535 2019 581 differunt

133 593 304 649 specie,
321 598 367 636 et
382 592 487 638 ideo
502 594 683 650 angelis
699 595 873 638 dantur
889 594 1009 638 dona
1033 595 1233 652 gratuita
1252 595 1510 640 secundum
1533 597 1764 642 diversam
1786 598 2017 654 capacita-

136 657 225 699 tem
248 655 547 713 naturalium
572 668 667 700 non
689 662 846 700 autem
863 657 1148 703 hominibus.

187 716 253 760 Ad
277 722 491 772 quartum
511 718 779 775 dicendum,
804 718 1049 775 quodam
1059 725 1127 764 tas
1147 719 1400 775 corporalis
1422 731 1515 763 non
1547 725 1618 765 est
1641 733 1726 778 per
1749 733 1801 766 se
1827 722 2022 770 effectus

132 776 368 835 baptismi
393 780 476 825 sed
496 785 567 825 est
585 780 821 837 quoddam
845 782 933 824 mii
936 781 1178 826 aculosum
1196 794 1317 838 opus
1339 780 1643 838 providentiae
1664 782 1758 828 div'
1748 796 1852 827 inae.

244 843 587 888 ARTICULUS
616 844 697 887 lX
730 866 786 876 -
816 857 960 887 urium
988 857 1128 888 rici-10
1157 857 1349 887 mrumst
1377 857 1591 888 mserum
1617 858 1802 890 amusim
1833 849 1908 901 (4).

133 903 183 938 Dc
201 902 254 938 his
271 904 375 938 etiam
394 906 486 940 Sem.
510 913 559 949 iv,
579 906 660 940 dist.
681 907 712 946 ἦ,
733 910 850 948 quaest.
880 915 921 948 11,
942 912 1007 941 art.
1024 907 1055 948 4,
1084 912 1202 948 quoest.
1221 906 1342 947 13115,
1367 910 1403 942 ct
1417 910 1534 949 quaest.
1558 915 1614 950 111,
1631 913 1698 944 nrt
1709 909 1744 950 2,
1764 913 1881 951 quest.
1897 918 1939 954 n,
1960 921 2022 952 por

625 958 689 991 tot.
706 959 740 988 et
758 954 836 988 dist.
859 953 909 997 12,
929 959 1043 996 quaest.
1063 963 1103 995 u,
1120 960 1186 990 art.
1202 955 1236 997 4,
1251 959 1366 997 quaest.
1385 963 1426 990 ln
1440 955 1528 991 ad5.

185 1007 252 1051 Ad
272 1020 449 1052 nonum
473 1009 542 1053 sic
566 1009 847 1065 proceditur.
873 1013 914 1053 4.
941 1010 1127 1055 Videtur
1149 1009 1274 1067 quod
1293 1009 1417 1054 fictio
1438 1022 1530 1054 non
1559 1010 1780 1086 impediat
1801 1013 2020 1059 effectum

130 1067 364 1125 baptismi.
391 1071 506 1115 Dicit
527 1072 649 1116 enim
673 1072 921 1129 Apostolus
940 1073 1098 1127 (Galat.
1121 1087 1179 1129 111,
1203 1075 1308 1126 27).
1334 1076 1609 1128 Quicumque
1634 1077 1683 1117 in
1705 1075 1886 1119 Christo
1909 1075 2020 1132 bap-

130 1132 262 1175 tizati
284 1135 407 1189 estis,
437 1133 670 1177 Christum
694 1135 926 1178 induistis.
952 1134 1037 1178 Sed
1068 1146 1234 1179 omnes
1259 1134 1338 1191 qui
1365 1134 1648 1191 baptismum
1674 1131 1837 1180 Christi
1867 1137 2021 1182 susci-

130 1192 280 1249 piunt,
312 1193 608 1251 baptizantur
638 1195 685 1239 in
717 1196 909 1240 Christo.
945 1198 1065 1252 Ergo
1096 1207 1262 1240 omnes
1287 1195 1488 1240 induunt
1514 1196 1764 1252 Christum,
1795 1198 1919 1254 quod
1949 1204 2020 1243 est

129 1255 369 1312 percipere
384 1256 604 1313 baptismi
627 1257 864 1315 effectum3
888 1263 934 1303 et
947 1258 1011 1302 ita
1034 1258 1160 1302 fictio
1178 1270 1272 1302 non
1289 1257 1481 1314 impedit
1501 1257 1719 1315 baptismi
1739 1259 1974 1305 effectum.

185 1318 228 1361 2.
260 1320 501 1377 Praeterea,
531 1319 580 1364 in
604 1319 837 1391 baptismo
867 1326 1088 1378 operatur
1111 1321 1258 1365 virtus
1291 1320 1465 1378 divina,
1498 1333 1604 1378 quae
1625 1328 1778 1379 potest
1801 1323 2020 1368 volunta?

108 1378 110 1382 '
131 1382 221 1424 tem
241 1380 445 1427 hominis
463 1386 647 1426 mutare
669 1382 718 1426 in
743 1383 934 1428 bonum.
958 1383 1045 1428 Sed
1064 1383 1257 1428 effectus
1279 1395 1435 1428 causae
1456 1384 1638 1440 agentis
1656 1398 1747 1429 non
1768 1384 1949 1442 potest'
1937 1397 2020 1431 im-

127 1441 272 1498 pediri
295 1447 378 1499 per
392 1444 436 1489 id
457 1444 585 1500 quod
603 1444 662 1488 ab
682 1444 760 1488 illa
773 1458 917 1490 causa
931 1450 1084 1502 potest
1098 1445 1286 1491 auferri.
1305 1447 1424 1502 Ergo
1437 1445 1563 1490 fictio
1580 1458 1674 1491 non
1697 1447 1888 1504 impedit
1899 1447 2019 1505 bap-

129 1501 254 1548 tismi
273 1504 507 1550 effectum.

183 1567 225 1611 3.
259 1569 502 1624 Praeterea,
523 1568 719 1613 effectus
735 1568 957 1625 baptismi
980 1574 1050 1614 est
1071 1569 1237 1625 gratia,
1262 1569 1339 1614 cui
1365 1574 1609 1626 peccatum
1633 1571 1900 1626 opponitur.
1930 1573 2018 1618 Sed

127 1627 276 1672 multa
297 1634 411 1673 sunt
428 1629 519 1673 alia
535 1635 726 1687 peccata
748 1631 961 1686 graviora
987 1630 1130 1688 quam
1148 1629 1290 1685 fictio,
1314 1630 1373 1675 de
1391 1631 1565 1686 quibus
1587 1643 1683 1675 non
1706 1631 1873 1676 dicitur
1891 1633 2018 1690 quod

126 1688 342 1735 effectum
354 1690 575 1748 baptismi
589 1691 865 1749 impediant.
881 1695 1001 1749 Ergo
1025 1705 1179 1750 neque
1196 1691 1320 1737 fictio
1339 1692 1531 1749 impedit
1546 1693 1760 1737 effectum
1779 1694 2015 1751 baptismi.

181 1753 270 1797 Sed
289 1757 451 1797 contra
476 1758 548 1798 est
570 1754 698 1810 quod
716 1755 888 1800 dicitur
909 1757 1030 1812 (Sap.
1053 1770 1084 1811 1,
1107 1756 1190 1810 5).
1210 1756 1412 1810 Spiritus
1435 1758 1622 1798 sanctus
1640 1756 1893 1812 disciplinae
1913 1758 2018 1812 effu-

123 1817 216 1871 9iet
233 1818 402 1870 fictum.
427 1817 514 1862 Sed
533 1816 728 1862 effectus
746 1818 966 1875 baptismi
987 1822 1059 1864 est
1084 1818 1113 1862 3
1142 1817 1314 1875 Spiritu
1331 1822 1512 1865 sancto.
1534 1821 1653 1874 E1go
1673 1817 1798 1863 fictio
1824 1819 2016 1877 impedit

124 1876 341 1922 effectum
366 1878 604 1935 baptismi.

171 1945 513 1987 CONCLuslo-
533 1947 638 1988 cum
658 1948 766 1988 Deus
787 1947 839 1988 ad
855 1947 1066 1999 justitiam
1084 1947 1274 1988 homines
1294 1958 1378 1988 non
1397 1951 1527 1998 cogat,
1552 1947 1822 1989 manifestum
1847 1952 1909 1990 cst
1925 1951 2016 1991 ficte

121 2001 353 2043 accedentes
367 2002 566 2053 baptismi
585 2003 775 2044 effectum
793 2014 876 2043 non
899 2003 1110 2055 consequi.

177 2066 453 2121 Respondeo
481 2065 733 2111 dicendum
766 2065 909 2123 quod,
942 2066 1065 2111 sicut
1097 2068 1414 2111 Damascenus
1444 2066 1556 2112 dicit
1581 2067 1722 2121 (Orth.
1748 2067 1827 2113 fid.
1854 2068 1937 2114 lib.
1965 2083 2012 2126 11,

121 2127 225 2183 cap.
266 2130 333 2178 30)
360 2141 372 2171 :
398 2145 419 2166 «
448 2131 571 2173 Deus
608 2141 702 2174 non
741 2129 866 2186 cogit
905 2129 1142 2174 hominem
1173 2129 1234 2175 ad
1269 2129 1513 2184 justitiam.
1540 2149 1561 2169 »
1589 2132 1641 2174 Et
1679 2129 1783 2175 ideo
1824 2130 1884 2176 ad
1926 2131 2015 2176 hoc

119 2190 246 2247 quod
274 2191 443 2248 aliquis
460 2191 745 2248 justificetur
766 2204 850 2249 per
875 2191 1163 2250 baptismum
1178 2227 1192 2248 ,
1215 2192 1467 2248 requiritur
1485 2193 1610 2249 quod
1629 2194 1847 2238 voluntas
1866 2194 2014 2239 homi-

122 2252 198 2297 nis
222 2254 532 2310 amplectatur
553 2254 839 2311 baptismum
869 2262 916 2301 et
937 2255 1155 2312 baptismi
1184 2255 1419 2300 effectum.
1450 2254 1623 2300 Dicitur
1657 2260 1812 2300 autem
1845 2257 2014 2314 aliquis

122 2314 259 2360 fictus
290 2329 373 2371 per
402 2317 490 2360 hoc
522 2317 647 2374 quod
681 2318 901 2362 voluntas
928 2317 1031 2376 ejus
1059 2318 1338 2364 contradicit
1357 2318 1433 2363 vel
1460 2317 1692 2374 baptismo
1714 2319 1791 2374 (2),
1815 2319 1889 2363 vel
1911 2320 2014 2377 ejus

121 2378 322 2424 effectui.
358 2381 471 2423 Nam
504 2380 763 2425 secundum
795 2381 1111 2438 Augustinum
1139 2384 1220 2432 (De
1257 2380 1490 2437 baptismo
1520 2387 1645 2425 cont.
1683 2383 1840 2426 Donat.
1870 2381 1950 2426 lib.
1981 2397 2011 2440 1,

119 2451 224 2497 cap.
262 2443 333 2495 12,
357 2446 403 2486 31
429 2442 508 2485 lib.
535 2456 611 2500 vn,
648 2455 750 2499 cap.
786 2446 875 2498 53),
907 2450 1109 2499 quatuor
1131 2442 1282 2488 modis
1313 2443 1482 2488 dicitur
1513 2443 1681 2499 aliquis
1715 2444 1887 2488 fictus:
1918 2457 2014 2488 uno

120 2501 262 2548 modo
283 2501 359 2547 ille
390 2503 469 2560 qui
509 2515 604 2547 non
639 2504 802 2559 credit,
823 2506 929 2548 cum
953 2510 1112 2549 tamen
1133 2505 1397 2561 baptismus
1428 2505 1489 2549 sit
1513 2504 1618 2549 fidei
1642 2509 2010 2559 sacramentum;

119 2565 212 2610 alio
240 2565 381 2610 modo
402 2577 486 2621 per
503 2565 592 2610 hoc
613 2565 739 2623 quod
757 2567 1013 2612 contemnit
1035 2567 1190 2624 ipsum
1209 2571 1580 2622 sacramentum,
1567 2581 1578 2591 ·
1614 2567 1749 2611 tertio
1771 2568 1910 2612 modo
1933 2579 2014 2624 per

119 2627 210 2672 hoc
241 2627 367 2684 quod
396 2627 529 2672 aliter
556 2627 763 2673 celebrat
783 2634 1146 2686 sacramentam,
1171 2641 1265 2673 non
1296 2640 1489 2674 servans
1517 2629 1657 2672 ritum
1686 2628 1900 2674 Ecclesiae
1929 2632 2010 2687 (3),

119 2694 287 2747 quarto
309 2689 448 2734 modo
470 2701 553 2746 per
573 2690 663 2734 hoc
685 2690 811 2747 quod
831 2691 997 2748 aliquis
1026 2690 1243 2737 indevote
1260 2689 1452 2735 accedit.
1474 2690 1602 2734 Unde
1619 2690 1919 2734 manifestum
1941 2696 2015 2736 est

118 2751 242 2808 quod
264 2747 390 2795 fictio
409 2750 600 2806 impedit
618 2751 836 2796 effectum
859 2752 1095 2807 baptismi

173 2814 240 2858 Ad
257 2817 455 2869 primum
472 2825 582 2869 ergo
606 2813 874 2871 dicendum,
895 2814 1020 2870 quod
1039 2812 1294 2885 baptizari
1283 2826 1332 2856 ln
1349 2812 1527 2858 Christo
1547 2817 1700 2870 potest
1719 2813 1912 2871 intelligi
1928 2815 2015 2860 du·

117 2877 330 2933 pliciter.
357 2888 453 2920 uno
483 2876 657 2920 modo
647 2889 693 2919 111
720 2877 913 2935 Christo,
936 2877 983 2922 id
1006 2881 1079 2922 est
1104 2877 1152 2920 in
1187 2874 1353 2920 Christi
1374 2876 1721 2931 conformitate,
1747 2881 1794 2920 et
1820 2877 1888 2921 sic
1905 2877 2013 2947 qui-

116 2950 322 2995 cumque
344 2937 670 2994 baptizantur
658 2951 706 2981 m
727 2938 922 2994 Christo,
944 2937 1218 2983 conformati
1237 2937 1279 2982 ei
1300 2948 1382 2992 per
1396 2936 1543 2981 fidem
1558 2941 1604 2982 31
1632 2937 1952 2993 charitatem,
1942 2951 2012 2983 111-

117 2999 268 3044 duunt
311 2999 543 3045 Christum
575 3011 658 3055 per
695 3001 921 3056 gratiam3
961 3000 1052 3044 alio
1091 2999 1233 3045 modo
1271 2998 1491 3044 dicuntur
1531 2987 1672 3056 aliqui
1709 2999 1930 3055 baptizari
1962 3000 2011 3045 in

117 3061 312 3117 Christo,
333 3062 613 3118 inquantum
637 3062 872 3119 accipiunt
893 3067 1238 3108 sacramentum
1262 3061 1452 3116 Chiisti,
1477 3065 1525 3105 et
1546 3061 1613 3106 sic
1628 3074 1792 3106 omnes
1813 3061 2014 3109 induunt

115 3123 346 3168 Christum
370 3137 451 3180 per
470 3123 889 3180 configurationem
911 3124 1210 3180 characteris,
1231 3136 1328 3168 non
1351 3127 1510 3169 autem
1533 3136 1616 3181 per
1641 3125 1802 3168 confoi
1803 3116 2027 3171 mitatem

113 3185 288 3243 gratiae.

157 3330 202 3373 (4)
219 3330 329 3365 Fictio
354 3334 404 3365 est
422 3330 595 3365 simulatio
612 3335 680 3373 qua
704 3332 780 3374 quis
796 3333 943 3368 exterius
965 3334 1019 3369 de·
1145 3334 1189 3376 (2)
1204 3335 1252 3368 De
1274 3334 1334 3368 illa
1353 3334 1490 3369 fictione
1513 3346 1597 3381 quae'
1608 3333 1786 3368 veritatem
1808 3330 2010 3370 sacramenti

114 3382 281 3413 monstrat
309 3389 344 3413 se
371 3378 459 3412 velle
482 3379 571 3419 quod
600 3391 719 3415 revera
749 3392 816 3415 non
846 3383 931 3422 vult,
948 3382 1018 3416 sive
1103 3382 1252 3417 excludit
1269 3387 1382 3417 actum
1401 3387 1451 3417 est
1465 3384 1542 3422 (art.
1560 3390 1623 3422 vn,
1644 3385 1759 3421 quaest.
1776 3381 1947 3422 (παρὰ).

113 3426 192 3468 quia
226 3438 293 3460 non
316 3426 418 3461 habet
440 3426 647 3462 volumtatem
673 3429 875 3470 suscipiendi
895 3430 1018 3472 baptis-
1143 3431 1188 3473 (3)
1204 3430 1239 3464 Si
1255 3430 1371 3464 deficit
1385 3429 1422 3464 in
1435 3430 1536 3465 rebus
1551 3436 1761 3464 sacramento
1777 3430 2012 3465 essentialibus

113 3474 176 3514 mi,
200 3473 268 3508 sive
295 3475 375 3514 quia
405 3486 473 3508 11011
489 3474 590 3509 habet
608 3475 863 3516 dispositionem
882 3490 959 3520 qua
975 3477 1018 3513 ad
1102 3477 1170 3513 sive
1192 3477 1231 3512 in
1250 3477 1376 3519 forma,
1396 3478 1465 3514 sive
1490 3478 1528 3512 in
1547 3478 1704 3520 materia,
1736 3482 1818 3513 tunc
1835 3489 1904 3512 ncn
1921 3478 2011 3513 valet

116 3521 261 3562 gratiam
289 3521 525 3564 baptismalem
544 3527 593 3559 est
609 3524 798 3560 necessaria
1100 3528 1362 3562 sacramentum.
