2170 3808
151 231 207 275 10
856 226 1057 279 QUAEST.
1084 223 1118 277 l,
1142 225 1262 267 ΛΒΤ.
1290 225 1335 264 V.

206 314 551 357 ARTICULUS
581 313 641 355 V.
684 333 739 342 --
769 322 907 352 uranu
940 319 1207 351 CONVENIENS
1230 319 1379 349 ruemr
1410 319 1521 350 onon
1551 318 1768 349 mmmmm
1798 317 1849 347 AB
1878 316 2003 348 mmo

982 382 1109 412 nuum
1140 371 1216 422 (1).

153 443 204 479 De
219 442 273 479 hin
287 443 388 478 etiam
406 442 420 476 i
439 442 472 482 2,
490 444 605 483 quaest.
624 447 747 479 xcvm,
762 443 828 474 art.
847 439 869 474 6
886 450 980 480 corp.
1001 442 1035 472 et
1050 438 1109 472 fin.
1129 438 1239 478 Sent..
1257 444 1310 478 1¹1,
1326 434 1404 470 dist.
1425 435 1457 478 i,
1469 440 1585 477 φησι.
1610 443 1637 477 ι,
1653 440 1718 469 art.
1743 434 1776 476 li,
1791 436 1827 468 et
1849 434 1948 468 Cont.
1962 437 2055 474 gent.

563 488 625 523 lib.
646 496 695 529 w,
710 499 785 529 cap.
798 487 843 522 55
859 487 901 522 ad
913 488 946 529 9,
960 490 994 522 et
1013 486 1148 528 Isai.11‚
1168 483 1234 520 eol.
1254 483 1287 526 ⁴,
1309 487 1343 519 et
1363 482 1436 518 Gal.
1458 491 1505 524 Π,
1526 483 1594 518 col.
1607 484 1641 518 5.

208 546 274 592 Ad
299 537 516 603 quint'um
554 542 623 587 sic
656 542 934 599 proceditur.
971 545 1014 585 1.
1050 540 1239 585 Videtur
1258 537 1384 595 quod
1413 538 1699 582 conveniens
1727 537 1892 581 fuisset
1913 538 2056 581 Deum

151 606 384 653 incarnari
401 607 427 650 a
445 605 675 663 principio
698 603 892 649 humani
912 602 1115 659 generis.
1137 599 1474 646 lucarnationis
1491 600 1615 644 enim
1640 612 1760 657 opus
1777 611 1836 644 ex
1861 598 2057 642 immen-

154 670 288 715 sitate
306 669 474 714 divinae
494 667 731 712 charitatis
753 665 1000 724 processit,
1021 663 1284 709 secundum
1305 662 1419 707 illud
1452 663 1633 719 (Ephes.
1655 675 1699 717 ιι,
1718 665 1757 714 4)
1780 675 1792 704 :
1815 665 1954 716 Deice,
1980 662 2056 717 qui

154 733 277 776 dives
292 734 420 774 estin
440 730 772 785 misericordia,
793 732 981 785 propter
1002 730 1192 770 nimiam
1206 727 1486 770 charitatem
1501 738 1646 780 suam,
1670 727 1760 780 qud
1777 724 1943 767 dilexit
1959 736 2050 779 nos,

153 795 254 837 ciam
290 806 483 837 essemus
520 794 686 836 mortui
707 793 925 848 peccatis,
957 789 1289 842 convivificavit
1312 800 1391 830 nos
1431 789 1481 829 in
1505 787 1705 830 Christo.
1742 787 1828 830 Sed
1857 785 2056 830 charitas

153 868 249 901 non
270 856 422 901 tardat
444 853 692 900 subvenire
709 853 860 897 amico
886 852 1212 896 necessitatem
1230 847 1442 906 patienti,
1466 849 1727 894 secundum
1758 848 1875 892 illud
1904 850 2037 902 (Prov

153 930 215 975 111,
237 919 338 973 28):
364 921 431 960 Ne
454 918 586 960 dicas
604 918 750 959 amico
769 920 845 958 tuo
864 929 878 956 ‚-
897 914 1029 958 Vade
1045 917 1089 957 ei
1110 915 1352 967 revertere,
1370 924 1476 954 cras
1506 911 1624 954 dabo
1654 912 1751 966 tibi,
1775 912 1878 954 oiim
1896 912 2055 953 statim

151 982 294 1036 possis
315 980 446 1023 dare.
471 981 589 1035 Ergo
611 981 733 1022 Deus
753 975 1087 1021 incarnationis
1110 986 1229 1031 opus
1251 973 1439 1017 differre
1459 985 1554 1016 non
1577 972 1753 1029 debuit,
1786 973 1870 1017 sed
1898 971 2052 1017 statim

153 1041 181 1083 ὲ
198 1041 426 1098 principio
444 1054 526 1098 per
541 1052 675 1085 suam
696 1039 1066 1083 incarnationem
1087 1039 1291 1081 humano
1307 1035 1466 1091 generi
1487 1034 1754 1080 subvenire.

208 1103 250 1146 2.
281 1104 505 1146 Praeterea
527 1103 577 1155 (1.
602 1101 714 1145 Tim.
735 1115 766 1158 ι,
791 1103 879 1158 15),
898 1101 1067 1144 dicitur
1089 1113 1102 1143 :
1125 1100 1338 1141 Christus
1360 1100 1480 1140 venit
1501 1100 1550 1139 in
1565 1098 1684 1140 lianc
1703 1097 1922 1140 mundum
1945 1109 2050 1152 pec-

153 1167 330 1207 catores
353 1165 511 1219 ι,ςαιυοε
536 1166 707 1219 facere.
742 1163 828 1207 Sed
856 1162 1014 1219 plures
1036 1161 1203 1206 salvati
1226 1160 1442 1215 fuissent,
1483 1159 1522 1204 si
1551 1159 1578 1202 a
1611 1158 1838 1216 principio
1863 1159 2053 1204 humani

152 1226 338 1281 generis
369 1229 490 1271 Deus
520 1226 790 1270 incarnatus
823 1225 989 1269 fuisset
1013 1239 1024 1266 :
1047 1222 1234 1280 plurimi
1254 1222 1380 1267 enim
1416 1222 1688 1279 ignorantes
1721 1223 1864 1266 Deum
1893 1219 1942 1264 in
1968 1232 2054 1264 suo

152 1293 343 1344 peccato
364 1288 601 1345 perierunt
631 1287 680 1332 in
713 1286 912 1332 diversis
935 1286 1137 1331 saeculis.
1164 1287 1284 1340 Ergo
1316 1284 1673 1329 convenientius
1696 1283 1862 1328 fuisset
1884 1281 2010 1339 quod
2026 1282 2053 1325 a

152 1349 381 1407 principio
400 1349 593 1395 humani
614 1349 799 1407 generis
817 1351 935 1393 Deus
959 1349 1229 1392 incarnatus
1248 1347 1430 1391 suisset.
1568 1395 1571 1399 ,

207 1414 250 1456 3.
282 1414 523 1470 Praeterea,
543 1424 662 1469 opus
682 1411 841 1467 gratiae
866 1424 959 1455 non
982 1415 1053 1455 est
1068 1409 1223 1454 minus
1239 1409 1507 1454 ordinatum
1525 1407 1667 1465 quam
1700 1419 1819 1463 opus
1855 1410 2051 1451 naturae.

153 1473 240 1518 Sed
264 1479 434 1518 natura
455 1474 638 1519 initium
668 1474 811 1518 sumit
841 1472 868 1517 a
889 1473 1122 1529 perfectis,
1148 1476 1201 1515 ut
1217 1470 1329 1516 dicit
1350 1470 1534 1516 Boetius
1549 1472 1628 1525 (De
1648 1469 1873 1515 consolat.
1891 1468 1972 1514 lib.
1991 1483 2052 1528 ιιι,

151 1538 292 1591 prosa
314 1539 386 1592 10,
407 1549 571 1593 parurn
595 1537 621 1580 a
642 1536 826 1592 prino).
843 1537 962 1592 Ergo
997 1547 1116 1591 opus
1141 1533 1301 1590 gratiae
1317 1533 1344 1577 a
1364 1533 1590 1590 principio
1609 1531 1770 1577 debuit
1807 1544 1912 1576 esse
1949 1543 2054 1588 per-

151 1597 342 1642 fectum.
383 1599 469 1643 Sed
494 1598 543 1643 in
574 1610 713 1654 opere
736 1597 1071 1642 incarnationis
1093 1595 1417 1640 consideratur
1437 1594 1658 1653 perfectio
1685 1594 1860 1652 gratiae,
1882 1605 2054 1638 secun-

153 1659 264 1703 dum
287 1659 403 1704 illud
422 1662 566 1713 (Joan.
589 1674 618 1712 1,
642 1662 711 1714 14)
733 1675 744 1704 :
769 1660 961 1702 Verbum
981 1673 1089 1702 caro
1112 1661 1287 1712 sactum
1311 1661 1403 1714 est5
1427 1661 1474 1702 et
1493 1661 1656 1714 postea
1685 1656 1929 1701 subditur:
1951 1656 2053 1699 Ple-

151 1733 257 1790 num
275 1724 439 1777 qratiae
461 1725 504 1765 et
524 1723 746 1766 veritatis.
779 1724 898 1777 Ergo
920 1721 1127 1765 Christus
1157 1719 1183 1762 a
1207 1719 1436 1776 principio
1458 1719 1650 1764 humani
1678 1718 1863 1775 generis
1894 1716 2054 1762 debuit

151 1793 399 1826 lucarnam.

207 1842 296 1888 Sed
313 1847 474 1887 contra-
496 1847 567 1888 est
594 1843 720 1900 quod
753 1843 921 1895 dicitur
942 1842 1103 1899 (Galat.
1130 1856 1189 1900 iv,
1205 1845 1249 1897 4)
1273 1847 1368 1886 :At
1390 1843 1467 1887 ubi
1488 1844 1612 1886 venit
1627 1842 1864 1899 plenitudo
1881 1843 2053 1896 tempo?

151 1908 232 1961 ris,
257 1908 381 1949 misit
405 1910 524 1949 Deus
544 1907 717 1949 Filium
738 1919 867 1949 suum
886 1909 1063 1961 sactum
1085 1919 1145 1948 ex
1164 1905 1369 1962 muliere,
1394 1907 1567 1960 sactum
1591 1903 1671 1948 sub
1693 1904 1812 1960 le925
1837 1903 1919 1948 uhi
1946 1903 2056 1950 dicit

151 1966 310 2012 Glossa
331 1967 557 2021 (Ambros.
581 1967 629 2011 in
649 1968 776 2012 hunc
793 1967 901 2023 loc.)
922 1968 1047 2025 quod
1070 1985 1089 2005 «
1107 1967 1350 2024 plenitudo
1371 1966 1594 2025 temporis
1615 1971 1687 2011 est
1703 1965 1831 2024 quod
1852 1966 2054 2024 praefini-

150 2033 250 2073 tum
269 2028 356 2073 fuit
371 2028 396 2072 a
408 2032 498 2074 Deo
516 2032 644 2074 Patre
664 2030 851 2087 quando
871 2031 1074 2075 mitteret
1088 2030 1251 2075 Filium
1268 2043 1462 2075 suum.»
1483 2030 1570 2075 Sed
1589 2032 1709 2074 Deus
1726 2031 1813 2072 sua
1824 2029 2053 2085 sapientia

150 2090 307 2134 omnia
327 2088 552 2135 definivit.
575 2094 694 2148 Ergo
712 2092 1158 2137 convenientissimo
1183 2097 1392 2148 ternpore
1418 2095 1538 2136 Deus
1570 2095 1641 2136 est
1670 2091 1942 2135 incarnatus
1972 2106 1984 2134 :
2007 2098 2053 2136 et

149 2153 219 2196 sic
236 2153 524 2197 conveniens
560 2166 655 2197 non
682 2153 770 2198 fuit
798 2153 924 2210 quod
947 2153 974 2197 a
996 2153 1226 2211 principio
1251 2153 1445 2198 humani
1477 2151 1662 2209 generis
1690 2155 1810 2196 Deus
1834 2151 2051 2198 incarna-

150 2219 293 2258 retur.

198 2282 492 2322 CONCLUSIO.
506 2304 554 2312 —
580 2283 671 2322 Non
693 2283 829 2323 decuit
851 2285 874 2323 ὲ
891 2285 1092 2336 principio
1114 2285 1291 2325 humani
1314 2285 1474 2336 generis
1494 2288 1590 2325 ante
1609 2288 1820 2338 peccatum
1839 2286 1972 2325 Deum
1987 2286 2049 2325 in-

151 2335 322 2386 carnari,
337 2337 433 2376 cum
456 2348 539 2377 non
559 2336 678 2377 detur
695 2338 903 2378 medicina
922 2340 1004 2378 nisi
1028 2339 1207 2379 infirmis
1226 2354 1235 2379 :
1261 2351 1333 2379 nec
1357 2340 1499 2380 statim
1516 2342 1607 2392 post
1623 2343 1847 2392 peccatum,
1863 2343 1910 2380 ut
1927 2339 2050 2382 homo

151 2402 220 2443 per
242 2396 454 2444 peccatum
481 2392 728 2433 humiliatus
756 2398 1052 2443 recognosceret
1075 2406 1117 2434 se
1145 2394 1359 2436 liberatore
1385 2394 1599 2446 indigere:
1622 2395 1692 2436 sed
1716 2395 1760 2435 in
1795 2395 2050 2447 plenitudine

151 2447 347 2499 temporis
367 2446 479 2499 quod
496 2447 547 2487 ab
565 2451 716 2487 aeterno
738 2448 951 2498 disposuit.

206 2510 479 2566 Respondeo
495 2510 743 2555 dicendum
754 2511 877 2568 quod
893 2512 1000 2556 cum
1012 2525 1130 2569 opus
1141 2513 1475 2558 incarnationis
1483 2513 1797 2571 principaliter
1809 2515 2050 2562 ordinetur

152 2572 211 2617 ad
229 2571 568 2628 reparationem
600 2573 816 2618 humanae
832 2577 1011 2617 naturae
1033 2586 1116 2629 per
1136 2574 1313 2631 peccati
1333 2573 1957 2632 abolitionem,manisestum
1980 2584 2050 2624 est

150 2633 276 2691 qued
301 2646 395 2678 non
415 2633 503 2678 fuit
518 2634 804 2679 conveniens
817 2634 844 2678 a
859 2634 1086 2693 principio
1105 2636 1296 2680 humani
1316 2637 1501 2693 generis
1516 2643 1625 2682 ante
1645 2644 1886 2695 peccatum
1905 2642 2048 2685 Deum

150 2695 442 2740 incarnatum
462 2696 622 2741 fuisse.
648 2698 746 2740 Non
767 2697 892 2741 enim
912 2697 1049 2742 datur
1072 2697 1302 2743 medicina
1324 2699 1413 2744 nisi
1431 2697 1530 2756 jam
1553 2700 1765 2745 infirmis
1797 2702 1925 2747 Unde
1948 2703 2048 2759 ipse

151 2756 374 2802 Dominus
391 2758 561 2812 (Matth.
589 2772 647 2815 ix,
677 2760 746 2813 12)
763 2758 874 2803 dicit
893 2761 950 2815 (2)
971 2774 982 2803 :
1002 2764 1103 2804 Non-
1118 2765 1184 2804 est
1214 2774 1324 2817 opus
1342 2762 1595 2806 valentibus
1615 2764 1805 2820 medico,
1827 2765 1908 2808 sed
1930 2766 2048 2810 male

151 2819 439 2876 habentibu33
454 2834 545 2864 non
556 2824 676 2864 enim
691 2824 793 2865 veni
813 2835 975 2865 vocare
990 2824 1150 2878 justos,
1171 2824 1253 2867 sed
1271 2827 1550 2880 peccatore&
1576 2825 1664 2870 Sed
1688 2839 1774 2871 nec
1793 2827 1931 2873 etiam
1951 2833 2048 2873 sta-

151 2878 232 2924 tim
251 2887 355 2936 post
370 2886 614 2938 peccatum
626 2883 914 2928 conveniens
929 2884 1015 2928 fuit
1033 2887 1176 2929 Deum
1196 2883 1447 2930 incarnari.
1479 2886 1630 2931 Primo
1653 2888 1842 2944 quidem
1862 2895 2049 2948 propter

150 2941 463 2986 conditionem
484 2943 676 2988 humani
696 2945 890 3001 peccati,
913 2945 1038 3002 quod
1057 2958 1116 2991 ex
1127 2947 1345 3003 superbia
1366 2953 1667 3006 provenerat3
1689 2950 1815 2995 unde
1836 2963 1891 2996 eo
1909 2953 2048 2999 modo

149 3007 249 3047 erat
268 3003 406 3048 homo
431 3005 715 3063 liberandus,
737 3013 791 3052 ut
815 3007 1087 3052 humiliatus
1110 3015 1467 3066 recognosceret
1489 3023 1539 3056 se
1553 3011 1801 3058 liberatore
1820 3013 2045 3071 indigere.

149 3064 279 3110 Unde
297 3077 438 3121 super
455 3066 569 3112 illud
588 3067 747 3119 (Galat.
769 3071 829 3124 ιιι)
845 3085 856 3114 :
872 3071 1103 3114 ordinata
1115 3085 1201 3128 per
1218 3073 1403 3130 anqelos
1419 3075 1468 3117 in
1485 3087 1625 3118 manu
1638 3076 1920 3133 mediatoris,
1937 3077 2048 3123 dicit

149 3126 307 3171 Glossa
328 3128 427 3173 ord.
449 3143 461 3172 ι
484 3147 502 3166 ιι
529 3132 689 3186 Magno
705 3131 781 3176 Dei
798 3133 993 3177 consilio
1010 3134 1182 3178 factum
1198 3140 1285 3193 est,
1305 3141 1358 3180 ut
1371 3140 1477 3193 post
1494 3137 1695 3182 hominis
1711 3151 1873 3183 casum
1889 3153 1983 3185 non
1998 3141 2048 3185 il-

147 3187 236 3233 lico
251 3189 329 3233 Dei
339 3189 477 3234 Filius
498 3191 771 3238 mitteretur.
790 3212 807 3230 a
823 3195 1155 3252 Reliquitenim
1170 3198 1427 3255 Deusprius
1439 3198 1675 3245 hominem
1690 3200 1739 3244 in
1755 3199 2048 3246 libertatear—

148 3248 272 3294 bitrii
291 3251 340 3294 in
350 3251 453 3307 lege
468 3253 683 3310 naturali,
701 3259 754 3299 ut
776 3255 843 3299 sic
854 3257 976 3302 vires
995 3261 1176 3303 naturae
1191 3271 1289 3304 suae
1302 3266 1607 3317 cognosceret
1625 3260 1729 3306 :ubi
1752 3261 1859 3306 cum
1878 3262 2049 3308 defice-

189 3374 234 3415 (4)
253 3373 296 3409 Ut
310 3374 429 3415 agendi
442 3375 529 3409 ratio
545 3375 772 3412 Providentia
788 3378 823 3412 in
838 3380 1052 3420 reparatione
1178 3384 1220 3425 (2)
1251 3383 1302 3417 Ad
1335 3383 1570 3425 reprimendos
1600 3384 1784 3419 Pharisaeos
1807 3385 1865 3427 qui
1895 3386 1936 3421 de
1955 3386 2048 3422 illius

147 3422 279 3461 generis
304 3423 444 3458 humani
470 3423 644 3460 evidenter
671 3430 781 3466 pateat
797 3454 804 3467 ‚
824 3427 868 3461 cf.
887 3427 1022 3464 Bossuet
1042 3442 1050 3464 ε
1137 3443 1214 3465 cum
1234 3431 1422 3472 publicanis
1444 3435 1478 3466 et
1487 3432 1721 3473 peccatoribus
1734 3433 1896 3469 famiiiari
1914 3446 2048 3470 consor-

147 3468 325 3506 Discours
338 3482 404 3506 sur
425 3473 607 3510 l'histoire
625 3474 862 3510 univer-selle.
1138 3479 1186 3514 tio
1214 3480 1440 3524 intemperate
1460 3480 1735 3518 murmurabant.
