2170 3808
670 260 867 312 QUAEST.
897 262 1037 313 xvlu,
1067 261 1270 305 Amulu
1299 262 1363 304 ET
1390 261 1455 306 IV.
1923 260 2000 302 171

128 341 266 397 tione,
286 342 542 387 seeundum
571 340 694 397 qued
719 341 856 386 habet
879 341 1132 386 bonitatem
1156 354 1213 385 ex
1246 342 1407 386 ordine
1432 341 1493 385 ad
1517 339 1656 385 aliud.
1687 342 1740 384 Et
1760 339 1864 384 ideo
1890 339 2008 384 alte-

127 404 224 447 rius
247 403 436 447 rationis
458 407 528 448 est
559 407 690 446 actus
709 403 962 448 voluntatis
991 403 1248 448 secundum
1272 403 1398 459 qued
1430 403 1576 463 fertur
1604 402 1650 446 in
1685 402 1859 458 aliquid
1882 402 2009 457 quod

128 470 197 508 est
215 464 470 508 secundum
488 475 539 507 se
562 463 769 520 volitum,
797 470 848 507 ut
867 464 1058 519 sanitas,
1076 464 1202 520 quod
1220 464 1247 507 a
1267 466 1550 507 Damasceno
1571 464 1675 518 (loc.
1701 463 1796 517 cit.)
1816 468 2009 507 vocatur

128 529 283 578 οέλησις,
309 525 354 570 id
377 530 464 579 est,
498 524 696 580 simplex
721 525 953 580 voluntas,
978 531 1026 570 et
1054 525 1081 568 e
1117 525 1350 580 magistris
1382 530 1575 568 vocatur
1598 525 1815 569 voluntas
1843 529 1896 568 ut
1921 537 2008 568 na-

131 591 253 640 tura3
274 590 320 631 et
350 585 536 630 alterius
567 586 757 631 rationis
784 592 856 632 est
883 592 1017 631 actus
1049 586 1317 639 voluntatis,
1349 586 1608 630 secundum
1641 586 1764 642 qued
1790 587 1934 630 fertur
1958 586 2006 630 in

129 647 302 704 aliquid
319 648 441 704 quod
473 652 544 692 est
565 647 757 692 volitum
781 649 930 694 solum
955 661 1014 692 ex
1043 647 1206 693 ordine
1236 648 1295 692 ad
1325 647 1539 702 alterum,
1568 647 1689 691 sicut
1711 653 1782 692 est
1803 648 2006 705 sumptio

129 709 370 753 medicinae
391 724 402 753 z
423 721 562 766 quem
591 709 779 766 quidem
801 710 1053 754 voluntasss
1081 714 1235 754 actum
1258 712 1569 753 Damascenus
1591 714 1727 752 vocat
1749 711 1936 766 βούλησιν,
1957 709 2007 755 id

130 776 216 826 est,
232 770 563 815 consiliativam
584 771 896 827 voluntatem3
922 770 950 816 ὲ
970 772 1207 827 magistris
1230 776 1387 815 autem
1403 775 1596 814 vocatur
1617 771 1833 815 voluntas
1867 776 1916 815 ut
1931 783 2007 816 ra—

130 834 208 878 tio.
230 837 331 879 Haec
349 838 502 879 autem
523 834 767 880 diversitas
791 839 922 880 actus
945 847 1039 879 non
1063 835 1343 879 diversificat
1371 833 1648 890 potentiam3
1674 834 1780 890 quia
1809 838 2006 891 uterque

130 903 261 941 actus
282 896 531 941 attenditur
552 896 610 942 ad
630 909 769 941 unam
790 909 1083 941 communem
1107 897 1332 942 rationem
1357 896 1540 952 objecti,
1572 896 1696 952 quod
1721 902 1788 940 est
1811 895 2002 941 bonum.

130 960 182 1001 Et
197 959 296 1002 ideo
314 959 558 1004 dICendum
578 965 648 1003 est
672 959 794 1015 qued
820 959 858 1003 si
881 959 1127 1015 loquamur
1145 959 1204 1004 de
1230 958 1437 1016 potentia
1466 958 1736 1013 voluntatis,
1760 958 1805 1001 in
1830 958 2006 1002 Christo

130 1026 200 1064 est
219 1032 312 1065 una
330 1020 426 1064 sola
446 1021 661 1065 voluntas
678 1021 882 1066 humana
909 1021 1235 1079 essentialiter,
1259 1026 1306 1065 et
1327 1033 1421 1064 non
1450 1021 1768 1077 participative
1797 1020 1946 1077 dicta3
1966 1020 2005 1065 si

129 1082 239 1126 vero
253 1083 497 1139 loquamur
516 1082 574 1127 de
594 1083 832 1127 voluntate
855 1095 958 1139 quae
972 1088 1043 1127 est
1064 1088 1212 1139 actus,
1235 1083 1303 1127 sic
1320 1082 1622 1137 distinguitur
1651 1082 1697 1126 in
1728 1082 1904 1126 Christo
1920 1093 2007 1126 vo-

130 1143 283 1188 luntas
299 1156 403 1200 quae
421 1150 491 1188 est
509 1149 561 1188 ut
579 1149 758 1201 natura,
782 1156 886 1201 quae
905 1143 1072 1188 dicitur
1090 1146 1247 1201 θέλησις,
1268 1150 1323 1189 ει
1336 1143 1553 1188 voluntas
1574 1156 1679 1200 quae
1701 1148 1843 1188 estut
1870 1142 2002 1199 ratio,

129 1217 232 1262 quae
253 1205 420 1250 dicitur
441 1208 622 1256 βούλησις.
1013 1208 1015 1211 “

184 1267 249 1311 Ad
260 1270 456 1323 primum
469 1279 580 1323 ergo
598 1267 860 1320 dicendum,
877 1266 1003 1323 qued
1023 1266 1112 1311 illae
1126 1267 1231 1311 duae
1248 1266 1513 1311 voluntates
1527 1279 1621 1311 non
1636 1266 2006 1312 diversificantur

113 1329 386 1378 ‚secundum
407 1330 674 1386 potentiam,
695 1329 947 1374 sed-solum
964 1328 1222 1374 secundum
1243 1328 1550 1373 differentiam
1576 1332 1724 1386 actus,
1749 1333 1803 1373 ut
1828 1328 2003 1373 dictum

127 1395 198 1434 est
217 1390 278 1442 (in
293 1404 419 1447 corp.
435 1394 553 1447 art).
1573 1416 1576 1419 ᾗ

181 1453 246 1496 Ad
268 1455 509 1498 secundum
523 1453 787 1506 dicendum,
803 1454 928 1510 quod
942 1453 1080 1498 etiam
1100 1453 1362 1498 intellectus
1375 1459 1423 1498 et
1438 1453 1553 1498 ratio
1572 1466 1668 1498 non
1685 1458 1797 1498 sunt
1811 1453 2004 1499 diversae

129 1514 358 1570 potentiae,
381 1516 497 1559 utin
514 1516 659 1572 prima
678 1523 807 1572 parte
823 1515 997 1560 dictum
1015 1520 1087 1561 est
1106 1517 1285 1571 (quaest.
1318 1529 1456 1572 mmx,
1479 1520 1568 1560 art.
1584 1519 1642 1570 8).

183 1575 246 1618 Ad
261 1579 443 1619 tertium
454 1577 716 1632 dicendum,
731 1577 856 1634 qued
867 1577 1084 1622 voluntas
1094 1578 1278 1634 pietatis
1294 1589 1388 1621 non
1406 1577 1590 1622 videtur
1604 1589 1709 1622 esse
1723 1577 1848 1622 aliud
1863 1577 2004 1634 quam

128 1636 341 1681 voluntas
363 1650 468 1694 quae
485 1639 802 1684 consideratur
835 1644 888 1683 ut
907 1643 1088 1696 natura,
1106 1639 1383 1696 inquantum
1413 1640 1587 1684 scilicet
1607 1640 1779 1695 refugit
1803 1639 2001 1686 alienum

130 1697 301 1742 malum
319 1698 527 1744 absolute
542 1700 900 1745 consideratum.

251 1768 593 1813 ARTICULUS
612 1773 694 1814 IV.
713 1795 768 1802 —
791 1783 924 1814 uranu
947 1783 987 1813 m
1003 1783 1172 1814 camsi-o
1187 1784 1335 1814 runnu·
1359 1784 1538 1814 mannum
1559 1783 1785 1815 Anmrmuu
1799 1773 1876 1825 (1).

131 1834 179 1870 ne
202 1834 255 1869 his
273 1835 376 1870 etiam
397 1837 490 1872 Sem.
506 1846 557 1879 ιιι,
578 1837 656 1872 dist.
671 1838 724 1876 Μ,
743 1842 808 1872 nrt.
824 1838 855 1879 «l,
873 1842 990 1880 quast.
1002 1848 1019 1919 t1
1037 1842 1183 1921 {orgget
1196 1838 1274 1874 dist.
1297 1839 1350 1882 47,
1367 1844 1433 1874 art.
1453 1840 1486 1884 4,
1501 1844 1616 1882 quoest.
1637 1848 1678 1874 ιιι
1698 1840 1738 1875 ad
1753 1841 1787 1881 5.
1806 1843 1840 1875 et
1856 1839 1935 1874 dist.
1949 1839 2004 1881 48,

961 1896 999 1920 ar
1018 1912 1026 1919 .
1079 1898 1098 1921 a
1162 1913 1168 1919 .

183 1945 248 1989 Ad
266 1951 480 2002 quartum
497 1947 564 1991 sic
580 1947 857 2003 proceditur.
875 1951 917 1993 1.
938 1948 1125 1992 Videtur
1139 1948 1259 2004 qued
1277 1949 1324 1992 in
1343 1949 1521 1993 Christo
1542 1961 1635 1993 non
1651 1949 1789 1993 fuerit
1807 1950 2004 1994 liberum

129 2005 384 2051 arbitrium.
418 2008 532 2052 Dicit
559 2008 681 2052 enim
712 2010 1021 2054 Damascenus
1051 2010 1192 2063 (Orth.
1225 2009 1400 2054 fid.lib.
1417 2024 1479 2068 111,
1497 2023 1597 2067 cap.
1617 2014 1686 2066 14,
1708 2023 1840 2066 prop.
1872 2010 2002 2066 fin.):

128 2069 291 2122 γνώμην,
330 2073 496 2126 autem,
533 2070 580 2115 id
602 2076 696 2126 est,
734 2070 1009 2115 sententiam
1045 2071 1118 2116 vel
1163 2076 1368 2116 mentem
1408 2072 1480 2116 vel
1521 2072 1924 2129 excogitationem,
1960 2078 2006 2116 et

128 2130 344 2185 προαίρεσιν,
369 2130 415 2175 id
431 2136 517 2186 est,
541 2131 828 2186 electionem,
857 2132 940 2175 «in
965 2132 1156 2176 Domino
1173 2132 1327 2176 dicere
1346 2133 1631 2189 impossibile
1647 2138 1733 2188 est,
1752 2133 1791 2177 si
1816 2134 2002 2190 proprie

128 2189 251 2247 loqui
273 2192 535 2237 volumus.»
568 2193 758 2237 Maxime
775 2198 929 2238 autem
952 2194 1000 2237 in
1031 2194 1104 2238 his
1122 2207 1226 2250 quae
1243 2200 1354 2238 sunt
1372 2195 1478 2240 fidei
1501 2200 1573 2240 est
1603 2195 1787 2252 proprie
1806 2195 2006 2252 loquen-

129 2251 257 2296 dum.
281 2255 396 2309 Ergo
414 2254 460 2297 in
483 2253 659 2298 Christo
680 2267 769 2297 non
802 2254 889 2299 fuit
906 2254 1084 2315 electio,
1101 2259 1147 2299 et
1170 2267 1252 2312 per
1265 2268 1558 2313 consequens
1573 2269 1658 2301 nec
1675 2256 1873 2300 liberum
1887 2256 2005 2301 arbi·

129 2312 285 2368 trium,
305 2315 440 2370 cujus
453 2319 583 2360 actus
601 2320 672 2359 est
693 2315 871 2360 electio.

185 2377 225 2420 2.
258 2378 492 2430 Praeterea,
514 2376 816 2433 Philosophus
837 2377 947 2423 dicit
978 2378 1134 2432 (Ethic.
1171 2378 1253 2423 lib.
1289 2393 1352 2435 ιιι,
1374 2392 1477 2436 cap.
1502 2382 1545 2436 3,
1570 2381 1693 2425 circa
1717 2377 1836 2435 fin.)‚
1876 2380 2003 2436 qued

132 2437 322 2482 «electio
346 2443 417 2483 est
444 2439 674 2495 appetitus
693 2439 1031 2495 praeconsiliati.
1047 2459 1066 2479 »
1097 2440 1183 2485 Sed
1202 2440 1446 2485 consilium
1473 2454 1567 2486 non
1587 2441 1769 2487 videtur
1787 2441 1932 2486 fuisse
1955 2441 2002 2486 in

128 2498 318 2557 Christo,
340 2501 446 2558 quia
481 2514 571 2545 non
596 2501 893 2546 consiliamur
914 2502 971 2547 de
989 2502 1159 2558 quibus
1181 2503 1293 2547 certi
1327 2516 1491 2548 sumus
1511 2519 1520 2546 :
1540 2505 1747 2549 Christus
1765 2509 1920 2548 autem
1945 2504 2002 2549 de

128 2561 342 2606 omnibus
372 2562 692 2608 certitudinem
713 2563 891 2608 habuit.
922 2566 1041 2620 Ergo
1060 2564 1108 2608 in
1128 2564 1303 2609 Christo
1329 2577 1423 2608 non
1445 2565 1533 2609 fuit
1554 2566 1734 2623 electio,
1757 2565 1889 2610 etsie
1917 2578 2003 2610 nec

128 2621 323 2669 liberum
338 2624 593 2669 arbitrium.

182 2686 224 2728 3.
253 2687 488 2740 Praeterea,
524 2686 721 2731 liberum
744 2686 983 2732 arbitrium
1017 2700 1068 2733 se
1104 2687 1242 2732 habet
1269 2688 1327 2732 ad
1360 2693 1629 2745 utrumque.
1666 2689 1753 2734 Sed
1787 2689 2003 2734 voluutas

129 2745 290 2792 Christi
321 2747 406 2792 fuit
430 2748 734 2793 determinata
752 2749 810 2793 ad
844 2748 1037 2805 bonum,
1061 2750 1170 2806 quia
1193 2763 1286 2794 non
1322 2750 1470 2806 potuit
1491 2763 1700 2807 peccare,
1724 2751 1843 2796 sicut
1861 2764 2001 2808 supra

128 2805 300 2911 gietum
336 2814 407 2855 est
424 2811 602 2866 (quaest.
625 2824 696 2865 xv,
719 2815 807 2855 art.
830 2814 852 2856 1
894 2815 942 2856 et
975 2814 1032 2863 2).
1058 2814 1175 2868 Ergo
1198 2812 1246 2855 in
1281 2812 1457 2857 Christo
1478 2825 1572 2857 non
1602 2814 1690 2857 fuit
1705 2813 1904 2858 liberum
1925 2826 2002 2858 ar·-

161 2868 331 2914 itrium.

184 2930 270 2975 Sed
291 2935 452 2994 contra
479 2937 551 2977 est
570 2934 696 2990 quod
716 2934 883 2979 dicitur
912 2937 1014 2990 (Isa.
1042 2949 1117 2991 vu,
1138 2938 1209 2990 15)
1236 2939 1491 2993 :Butyrum
1521 2940 1566 2980 et
1597 2937 1686 2979 mel
1708 2938 1928 2994 comedet,
1951 2942 2000 2982 ut

127 2995 238 3035 sciat
253 2993 493 3047 reprobare
506 2995 677 3038 malum
694 2999 737 3039 et
758 2997 920 3052 eligere
935 2997 1112 3053 bonum,
1131 2997 1257 3054 quod
1275 3003 1346 3042 est
1361 3006 1493 3043 actus
1514 2998 1645 3042 liberi
1676 2998 1864 3043 arbitrii.
1882 3002 2000 3056 Ergo

127 3052 175 3098 in
195 3054 370 3098 Christo
397 3053 482 3098 fuit
502 3053 698 3099 liberum
720 3056 958 3102 arbitrium
974 3060 1060 3112 (2).

172 3122 459 3161 CONCLUSIO.
478 3143 529 3151 -
550 3122 651 3162 Cum
671 3122 717 3162 in
735 3123 893 3165 Christo
911 3125 1032 3165 fuerit
1050 3125 1204 3174 electio,
1228 3138 1319 3177 quae
1339 3127 1525 3179 proprius
1542 3130 1603 3167 est
1621 3127 1740 3169 liberi
1758 3127 1917 3168 arbitrii
1935 3139 2000 3168 ao-

126 3178 208 3224 tus,
227 3187 383 3216 necesse
403 3188 567 3228 quoque
588 3177 668 3216 fuit
691 3178 735 3216 in
758 3178 830 3218 illo
849 3191 933 3220 esse
949 3179 1126 3221 liberum
1144 3181 1376 3221 arbitrium.

148 3293 275 3334 ι(4)1)ο
299 3292 365 3327 fide
389 3295 438 3327 est
461 3292 610 3328 liberum
638 3294 819 3328 arbitrium
849 3295 949 3330 fuisse
978 3297 1015 3331 in
1140 3298 1185 3340 (2)
1211 3298 1257 3332 De
1279 3298 1410 3333 Christo
1430 3298 1523 3333 enim
1553 3299 1620 3333 dici
1645 3299 1860 3343 manifestum
1885 3302 1935 3334 est
1960 3312 1998 3335 ex

127 3341 260 3376 Christo
289 3346 406 3375 contra
433 3342 631 3382 Lutherum,
669 3343 846 3377 calvinum
873 3348 908 3378 et
932 3345 1014 3379 Jan-
1101 3345 1277 3388 adjunctis,
1304 3345 1508 3381 ubidicitur
1534 3350 1633 3385 (vers.
1656 3347 1732 3386 μὴτ
1759 3348 1851 3381 Ecce
1890 3347 1996 3390 Virqo

124 3389 253 3424 senium
270 3389 326 3430 qui
340 3388 570 3422 docueruntin
590 3401 628 3423 eo
645 3389 744 3424 fuisse
759 3392 891 3424 tantum
909 3390 1014 3425 liber-
1101 3394 1279 3436 concipiet
1294 3397 1327 3429 el
1338 3396 1460 3437 pariet
1475 3395 1607 3439 filiam,
1619 3398 1651 3429 et
1667 3395 1856 3428 vocabitur
1867 3405 1996 3430 nomen

126 3441 229 3471 tatem
254 3438 273 3471 a
298 3436 480 3477 coactione.
505 3436 561 3471 sed
580 3448 647 3471 non
662 3438 682 3471 ἰι
705 3438 851 3472 naturali
876 3439 1012 3475 necessi·
1101 3442 1181 3484 ejus
1206 3442 1437 3482 Emmanuel,
1461 3442 1497 3476 id
1522 3448 1583 3482 est,
1610 3443 1799 3476 nobiscum
1822 3442 1931 3482 Deus,
1958 3446 1996 3475 ut

126 3489 205 3520 tate.
1102 3489 1285 3530 explicatur
1301 3495 1335 3526 et
1351 3491 1500 3525 refertur
1510 3489 1644 3532 (Malus.
1663 3499 1689 3531 Ι,
1707 3491 1776 3529 25).
