2170 3808
165 197 251 243 326
711 195 912 247 QUAEST.
941 193 1121 248 XXXIX,
1148 193 1271 237 ΛΒΤ.
1302 193 1356 237 111
1382 195 1448 237 ET
1477 194 1544 237 IV.

164 279 374 324 cundum
411 276 581 322 divinae
619 274 863 331 sapientiae
895 274 1107 318 ordinem
1141 277 1188 318 et
1223 273 1452 319 rationem
1482 285 1760 319 concessum
1792 277 1868 318 est
1898 277 2064 330 praeter

165 341 319 398 legem
345 350 660 392 communem,
684 342 736 382 ut
758 343 867 382 ante
886 337 1138 394 perfectam
1159 340 1344 382 aetatem
1364 337 1569 382 officium
1593 337 1668 382 vel
1688 335 1966 393 praesidendi
1991 337 2065 382 vel

162 402 360 448 docendi
387 401 627 454 haberent,
650 399 773 443 sicut
793 398 1024 447 Salomon,
1050 397 1209 442 Daniel
1227 401 1274 442 et
1295 398 1531 442 Jeremias.

219 462 285 508 Ad
317 466 535 517 quartum
560 460 837 516 dicendum,
872 459 998 516 quoti
1020 459 1229 503 Christus
1267 470 1355 503 nec
1391 460 1594 515 primus,
1637 470 1723 502 nec
1757 456 1956 502 ultimus
1985 457 2066 503 de-

164 524 265 570 buit
287 523 315 567 a
343 525 520 567 Joanne
540 522 792 580 baptizaii·
782 556 792 566 .
812 522 942 579 quia,
960 526 1012 566 ut
1046 522 1403 579 chrysostomus
1431 520 1542 565 dicit
1573 522 1738 577 (Super
1764 519 1919 564 Matth.
1942 519 2066 566 alim

161 592 342 639 auctor
362 586 523 630 homil.
548 589 592 640 4
615 585 660 629 in
682 587 768 641 Op.
795 583 999 641 imperf„
1021 583 1071 627 in
1094 583 1279 641 prino),
1310 582 1521 628 Christus
1541 583 1603 628 ad
1625 584 1712 628 hoc
1748 581 2066 652 baptizabatur

162 665 187 685 «
204 652 258 692 ut
280 648 426 691 contii
429 652 578 692 maret
594 646 974 704 praedicationem
996 650 1044 690 et
1062 644 1350 701 baptismum
1373 644 1581 715 Ioannis,
1603 650 1651 689 et
1673 649 1725 690 ut
1748 643 2066 690 testimonium

159 709 396 766 acciperet
415 710 442 752 a
460 712 700 753 Joanne.»
727 710 823 752 Non
847 711 1003 751 autem
1026 706 1256 750 creditum
1279 706 1445 750 fuisset
1467 706 1733 751 testimonio
1750 705 1957 762 mannis,
1976 705 2066 751 nisi

160 777 410 828 postquam
434 772 625 815 fuerunt
653 770 787 815 multi
817 768 1035 824 baptizati
1059 768 1118 812 ab
1153 768 1270 824 ipso.
1304 770 1359 812 Et
1391 767 1493 814 ideo
1515 781 1608 812 non
1643 768 1802 813 debuit
1837 767 2017 825 primus
2035 765 2065 811 a

159 833 335 878 Ioanne
372 833 610 889 baptizari.
640 832 856 876 Similiter
889 831 1030 876 etiam
1061 842 1148 874 nec
1178 829 1417 874 ultimus:
1452 830 1578 888 quia,
1604 830 1725 875 sicut
1758 829 1858 886 ipse
1893 828 2064 874 ibidem

161 893 380 953 subdiu«
401 897 525 939 sicut
547 895 629 939 lux
653 893 767 938 solis
790 906 885 938 non
906 897 1125 950 expectat
1142 904 1367 937 occasum
1390 892 1585 949 luciferi,
1610 893 1692 937 sed
1707 904 1764 937 eo
1784 891 2066 949 procedente

160 956 414 1012 egreditur,
436 961 482 1000 et
512 968 602 1000 suo
638 955 816 1000 lumine
836 955 1061 999 obscurat
1087 953 1214 998 illius
1239 954 1524 999 candorem.
1549 954 1618 999 sic
1649 957 1698 999 et
1727 953 1936 998 Christus
1970 964 2064 998 non

157 1020 423 1075 expectavit
451 1022 505 1063 ut
527 1031 718 1062 cursum
757 1030 899 1062 suum
920 1020 1124 1062 Joannes
1161 1017 1391 1086 impleret,
1419 1016 1503 1062 sed
1536 1016 1689 1062 adhuc
1719 1029 1776 1062 eo
1801 1017 1998 1062 docente
2017 1019 2065 1061 et

156 1077 424 1136 baptizante
444 1081 661 1136 apparuit
681 1083 718 1134 (1
726 1085 794 1135 )

281 1151 626 1194 ARTICULUS
649 1153 731 1195 lv
755 1173 812 1182 -
839 1162 976 1194 unum
996 1160 1202 1192 camsi-us
1224 1161 1431 1191 ιιιιιιιιιιιιιτ
1449 1162 1490 1191 m
1510 1161 1692 1192 ιοιιιιιιΝΕ
1718 1160 1946 1192 ιιιινιιιιιιι.

887 1225 936 1258 De
955 1223 1008 1258 his
1020 1222 1127 1258 etiam
1146 1222 1267 1258 Matth.
1285 1231 1341 1258 m.

212 1291 279 1337 Ad
321 1296 539 1348 quartum
581 1292 650 1336 sic
681 1292 967 1349 proceditur.
1011 1294 1052 1336 1.
1078 1290 1264 1336 Videtur
1299 1291 1426 1348 quod
1467 1291 1674 1335 Christus
1711 1303 1806 1336 non
1853 1290 2064 1337 debuerit

157 1353 376 1411 baptizari
395 1354 445 1398 in
479 1354 693 1399 Jordane.
715 1354 893 1398 Veritas
931 1354 1057 1398 enim
1095 1353 1233 1398 debet
1269 1353 1549 1410 respondere
1586 1354 1764 1410 figurae.
1790 1353 1877 1399 Sed
1913 1353 2063 1409 figura

155 1414 376 1473 baptismi
396 1417 632 1474 praecessit
663 1417 710 1460 in
742 1416 944 1461 transitu
979 1416 1121 1460 maris
1142 1415 1310 1473 Rubri,
1334 1416 1413 1461 ubi
1446 1416 1646 1474 AEgyptii
1668 1422 1782 1460 sunt
1813 1415 2059 1471 submersi,

156 1477 279 1522 sicut
314 1483 503 1535 peccata
539 1479 757 1523 delentur
789 1478 837 1522 in
864 1478 1114 1534 baptismo.
1143 1480 1262 1534 Ergo
1297 1478 1480 1522 videtur
1511 1478 1636 1534 quod
1666 1478 1876 1522 Christus
1909 1477 2062 1533 magis

154 1541 371 1587 debuerit
390 1542 613 1599 baptizari
632 1543 680 1586 in
703 1542 821 1602 mari
841 1541 995 1586 Rubro
1014 1542 1156 1599 quam
1174 1541 1224 1585 in
1251 1538 1444 1586 flumine
1460 1541 1688 1586 Jordanis.

211 1606 253 1648 2.
277 1607 518 1661 Praeterea
541 1605 753 1650 Jordanis
775 1604 1109 1660 interpretatur
1139 1603 1410 1649 descensus.
1437 1604 1523 1648 Sed
1557 1616 1640 1661 per
1670 1603 1954 1660 baptismum
1975 1603 2064 1648 ali-

154 1665 262 1723 quis
294 1667 504 1712 ascendit
536 1668 687 1724 magis
716 1667 859 1724 quam
882 1666 1166 1722 descendat3
1198 1667 1325 1711 unde
1346 1666 1485 1711 etiam
1511 1666 2061 1722 (Matth.111,16)dicitur,

155 1729 280 1785 quud
304 1731 563 1786 baptizatus
595 1735 721 1774 Jesus
754 1733 989 1785 confestim
1013 1732 1220 1775 ascendit
1241 1731 1296 1772 de
1331 1743 1468 1785 aqua.
1493 1732 1549 1773 hi
1552 1740 1611 1785 go
1631 1728 1846 1773 videtur
1836 1740 2061 1773 lnconve-

154 1790 292 1836 niens
310 1791 453 1836 fuisse
477 1792 603 1848 qued
627 1792 862 1837 Christus
851 1804 897 1836 ιιι
920 1794 1120 1838 ,Iordane
1144 1791 1473 1848 baptizaretur.

209 1855 253 1900 3.
279 1856 523 1911 Praeterea,
545 1855 901 1900 transeuntibus
933 1856 1043 1900 filiis
1073 1854 1229 1909 lsrael,
1253 1866 1397 1926 ’aquae
1427 1853 1642 1899 iordanis
1675 1864 1915 1898 conversae
1951 1857 2064 1898 sunt

152 1920 425 1972 retrorsum
448 1922 498 1962 ut
522 1917 692 1973 legitur
709 1920 880 1972 (Josue
902 1921 978 1973 iv),
999 1922 1046 1962 et
1061 1917 1183 1962 sicut
1203 1916 1343 1961 etiam
1366 1916 1500 1970 (Psal.
1523 1919 1640 1967 cxiii)
1672 1915 1858 1960 dicitur.
1890 1915 1978 1961 Sed
1996 1909 2061 1960 1111

154 1978 235 2035 qui
252 1977 564 2050 baptizantur,
591 1992 683 2023 non
708 1979 982 2035 retrorsum,
1001 1979 1116 2024 sed
1105 1992 1153 2022 ιιι
1175 1979 1407 2023 anteriora
1424 1977 1807 2035 progrediuntur.
1831 1980 1930 2023 Non
1949 1988 2062 2034 ergo

152 2039 243 2084 fuit
265 2041 551 2085 conveniens
573 2042 698 2098 quod
718 2041 956 2086 Christus'
946 2055 993 2086 ιιι
1019 2041 1219 2086 Iordane
1240 2041 1568 2098 baptizaretur.

210 2101 299 2146 Sed
333 2106 492 2145 contra
525 2107 598 2146 est
627 2103 753 2160 quod
786 2103 956 2147 dicitur
985 2103 1137 2156 (Marci
1169 2117 1199 2159 ι,
1239 2105 1300 2159 9),
1340 2102 1466 2159 quod
1497 2103 1758 2158 baptizatus
1788 2104 1855 2145 est
1885 2102 2061 2146 lesus&

150 2165 326 2207 Ioanne
344 2167 391 2207 in
405 2166 632 2209 Iordane.

201 2232 492 2274 CONCLUSIO.
513 2255 562 2263 —-
584 2234 839 2274 Conveniens
871 2234 953 2273 suit
980 2233 1190 2273 Christum
1216 2232 1419 2284 baptizari
1443 2233 1487 2273 in
1521 2231 1712 2273 Jordanis
1736 2231 1886 2282 fluvio,
1907 2243 1991 2284 quo
2014 2233 2060 2275 iu

151 2290 326 2338 regnum
343 2289 412 2328 Dei
432 2300 502 2340 per
517 2288 770 2340 baptismum
788 2289 994 2340 ingressus
1013 2288 1310 2339 designaretur.

206 2350 479 2407 Respondeo
497 2350 749 2396 dicendum
779 2351 906 2408 quod
926 2351 1102 2396 fluvius
1121 2350 1335 2396 Jordanis
1363 2351 1452 2395 fuit
1481 2363 1564 2407 per
1582 2362 1722 2406 quem
1749 2349 1829 2394 filii
1853 2351 1994 2396 Israel
2011 2352 2058 2396 in

152 2415 323 2458 terram
343 2413 667 2470 promissionis
690 2414 997 2458 intraverunt.
1017 2416 1110 2458 Hoc
1139 2418 1296 2457 autem
1318 2414 1459 2458 habet
1486 2413 1746 2469 baptismus
1768 2412 1932 2457 Christi
1952 2426 2060 2471 spe·

151 2473 269 2519 ciale
294 2487 390 2532 prae
419 2475 642 2520 omnibus
674 2475 1050 2531 baptismatibus,
1072 2475 1197 2532 quod
1224 2475 1478 2520 introducit
1500 2476 1548 2518 in
1584 2486 1782 2530 regnum
1815 2475 1914 2531 Dei,
1935 2477 2059 2533 quod

149 2548 236 2593 per
254 2541 425 2581 terram
447 2537 1080 2594 promissionistsignificatur
1105 2552 1116 2581 :
1139 2538 1266 2581 unde
1285 2537 1455 2582 dicitur
1488 2539 1634 2590 (ioan.
1658 2550 1721 2592 ιιι,
1744 2539 1786 2590 5)
1807 2549 1820 2581 :
1841 2540 1942 2581 Nisi
1960 2540 2060 2594 quis

150 2602 337 2643 renatus
359 2602 498 2654 suerit
530 2613 589 2643 ex
620 2613 758 2658 aqua.
782 2603 825 2643 et
857 2602 1034 2655 Spiritu
1070 2603 1251 2649 sancto,
1275 2613 1365 2642 non
1397 2603 1546 2656 potest
1571 2602 1765 2642 introire
1791 2601 1839 2642 in
1871 2612 2058 2657 reqnum

149 2663 249 2706 Dei.
270 2662 336 2706 Ad
361 2663 487 2720 quod
517 2662 656 2707 etiam
683 2662 890 2719 pertinet
915 2661 1041 2732 quod
1063 2662 1215 2706 Helias
1240 2662 1396 2707 divisit
1429 2674 1575 2718 aquas
1608 2661 1848 2715 Jordanis,
1870 2663 2057 2719 quando

150 2726 251 2768 erat
279 2724 324 2767 1ιι
361 2737 502 2769 curru
533 2725 671 2780 igneo
703 2724 991 2782 rapiendus*
981 2737 1028 2767 ιιι
1058 2724 1248 2779 coelum,
1285 2729 1337 2768 ut
1366 2723 1539 2768 dicitur
1570 2726 1653 2778 (IV.
1686 2725 1795 2779 Reg.
1819 2726 1925 2772 11).
1949 2725 2057 2782 quia

148 2784 328 2830 scilicet
355 2787 703 2831 transeuntibus
723 2799 807 2843 per
825 2799 996 2844 aquam
1018 2786 1379 2843 baptismi,per'
1369 2798 1523 2842 ignem
1544 2786 1740 2843 Spiritus
1764 2786 1912 2831 sancti
1930 2791 2058 2844 patet

150 2847 303 2892 aditus
337 2848 385 2892 in
422 2849 612 2894 coelum.
641 2852 694 2893 Et
727 2850 832 2894 ideo
866 2850 1151 2894 conveniens
1174 2849 1262 2894 fuit
1283 2853 1336 2893 ut
1363 2848 1571 2894 Christus
1602 2849 1652 2893 in
1675 2849 1873 2894 sord-ane
1905 2849 2058 2907 bapti-

149 2914 348 2954 zaretur.

205 2971 273 3016 Ad
298 2975 502 3027 primum
538 2985 649 3030 ergo
682 2973 964 3029 dicendum,
985 2972 1112 3030 quod
1140 2972 1365 3018 transitus
1393 2971 1535 3016 maris
1569 2972 1709 3016 Rubri
1746 2973 2059 3030 praetiguravit

147 3029 432 3087 baptismum
461 3039 691 3091 quantum
716 3035 775 3080 ad
797 3035 885 3080 hoc
907 3035 1032 3093 quod
1056 3036 1320 3092 baptismus
1343 3034 1466 3079 delet
1488 3039 1704 3092 peccata·
1726 3036 1809 3080 sed
1838 3036 2058 3082 transitus

147 3092 359 3138 Jordanis
396 3098 626 3151 quantum
661 3097 720 3142 ad
749 3098 838 3142 hoc
876 3097 1002 3154 quod
1025 3098 1172 3154 aperit
1206 3097 1404 3154 januam
1441 3096 1573 3154 regni
1611 3068 1838 3153 coelestis,
1871 3098 1952 3155 qui
1986 3101 2058 3144 est

147 3154 444 3212 principalior
475 3159 666 3204 effectus
698 3160 940 3217 baptismi,
961 3165 1032 3204 est
1063 3172 1146 3217 per
1180 3160 1333 3204 solum
1361 3159 1592 3204 Christum
1614 3159 1847 3215 impletus.
1879 3162 1932 3204 Et
1952 3160 2056 3206 ideo

148 3219 502 3264 convenientius
526 3222 611 3265 fuit
632 3223 756 3279 quod
770 3224 1012 3268 Christus
1000 3237 1048 3267 ιιι
1073 3223 1270 3268 Jordane
1289 3223 1432 3281 quam
1452 3222 1498 3266 in
1522 3222 1637 3265 mari
1658 3222 1980 3279 baptizaretur.

205 3281 273 3327 Ad
294 3283 538 3325 secundum
573 3284 841 3343 dicendum,
862 3286 1018 3342 quod'
1007 3298 1055 3329 ιιι
1077 3286 1306 3343 baptismo
1337 3290 1409 3329 est
1430 3296 1656 3328 ascensus
1684 3297 1767 3340 per
1796 3286 2054 3342 profectum

189 3403 234 3445 (1)
265 3404 317 3446 Qu
297 3415 339 3438 uo
372 3415 412 3438 an
418 3405 451 3438 ni
479 3409 591 3446 tempo
573 3418 630 3440 ore
655 3418 694 3440 co
698 3407 838 3447 nitgerit
872 3407 1059 3450 baptismus
1142 3421 1211 3444 acci
1202 3409 1289 3443 iride
1293 3408 1451 3443 ntadven
1459 3412 1491 3441 tu
1474 3418 1642 3445 usmagor
1681 3405 2053 3450 nbaptismusChristi

149 3451 290 3494 Christi,
320 3463 362 3487 an
394 3453 512 3488 eodem
541 3453 609 3488 die.
634 3453 775 3491 disisver
801 3460 916 3491 tamen
945 3456 1055 3499 annis,
1151 3459 1248 3500 etpri
1251 3455 1426 3492 mummir
1397 3466 1465 3489 irca
1469 3454 1592 3488 ulumi
1633 3419 1746 3498 ιιρ11“
1749 3456 2053 3496 s;resincertaest.
