2170 3808
2043 0 2086 30 :Q
2092 0 2170 70 Ἣ

2022 64 2023 67 ,
2132 63 2134 65 ,
2148 63 2170 88 ..ἢ

207 209 290 253 288
757 206 954 259 QUAEST.
979 207 1138 263 XXXV,
1170 207 1288 251 ART.
1320 207 1374 251 111
1398 209 1465 254 ET
1492 209 1559 253 1v.

206 290 482 348 cepti-onis.»
511 289 584 334 Sic
605 287 748 345 igitur
777 300 836 333 ex
858 291 990 346 parte
1011 288 1172 333 matris
1194 289 1413 336 nativitas
1446 291 1526 336 illa
1543 290 1632 336 fuit
1660 287 1913 344 naturalis3
1942 288 2026 334 sed
2045 301 2104 335 ex

204 357 334 411 parte
353 351 635 409 operationis
655 349 849 407 Spiritus
869 351 1017 395 sancti
1030 351 1119 395 fuit
1138 350 1433 399 miraculosa.
1455 353 1583 399 Unde
1600 355 1651 398 B.
1673 353 1810 408 Virgo
1828 354 1900 396 est
1926 361 2036 396 vera
2057 356 2104 398 et

205 414 434 460 naturalis
450 421 601 459 mater
618 412 798 458 Christi.
855 431 858 433 ’

258 476 326 522 Ad
344 479 528 521 tertium
549 476 817 533 dicendum,
835 475 977 533 quod,
997 477 1119 522 sicut
1135 489 1279 534 supra
1300 477 1476 523 dictum
1498 483 1570 524 est
1591 480 1775 536 (quaest.
1787 489 1917 532 xxxu,
1936 478 2024 521 art.
2038 478 2100 536 4),

202 538 427 584 resolutio
445 538 637 584 seminis
660 538 845 583 feminae
860 551 953 583 non
979 539 1181 596 pertinet
1202 539 1261 584 ad
1281 540 1603 586 necessitatem
1626 541 1879 596 conceptus
1898 552 1910 583 ε
1932 541 1979 583 et
1998 537 2103 585 idco

201 599 424 646 resolutio
440 600 631 646 seminis
646 612 741 644 non
764 613 823 644 ex
838 600 1114 646 necessitate
1134 601 1386 658 requiritur
1400 602 1458 647 ad
1471 606 1684 647 matrem.

397 671 746 716 ARTICULUS
765 671 847 714 1v.
864 693 922 702 —
935 682 1076 714 u‘rmm
1094 683 1135 714 Β.
1158 683 1283 715 vnmo
1308 683 1467 715 nanum
1483 684 1567 716 mci
1584 683 1721 716 mma
1741 682 1810 713 nm
1827 669 1904 723 (1).

202 739 250 774 De
271 738 326 774 his
337 739 442 775 etiam
466 741 562 776 Sont.
585 749 639 781 ιιι,
658 740 739 776 dist.
762 740 798 780 4,
825 742 940 781 quast.
959 747 999 823 ιδ,
1021 742 1088 774 art.
1112 740 1147 782 5,
1167 743 1201 774 et
1222 740 1323 824 Co2n2ti
1351 742 1443 781 gent.
1463 739 1526 775 lib.
1549 747 1599 782 xv,
1618 751 1693 782 cap.
1709 739 1771 782 5⁴,
1793 738 1837 774 45
1855 739 1890 773 et
1906 738 1951 774 ⁴5
1975 738 2040 775 fin.
2064 741 2100 776 et
2154 764 2156 766 v

997 799 1091 830 pusc.
1110 796 1152 831 u,
1170 800 1243 831 cap.
1329 815 1337 825 .

254 850 323 896 Ad
365 854 586 907 quartum
622 848 690 894 sic
732 847 1016 906 proceditur.
1057 852 1100 894 1.
1145 847 1334 894 Videtur
1376 847 1503 906 quod
1536 851 1586 895 B.
1628 849 1764 907 Virgo
1800 860 1895 893 non
1934 847 2101 895 debeat

200 912 292 958 dici
333 917 483 958 mater
519 912 614 958 Dei.
657 913 757 957 Non
790 911 916 957 enim
957 911 1208 957 dicendum
1252 915 1324 957 est
1364 912 1487 957 circa
1526 912 1684 958 divina
1719 910 1965 970 mysteria,
2009 910 2099 956 nisi

198 975 325 1033 quod
340 988 399 1021 ex
422 988 556 1021 sacra
577 974 812 1032 Scriptura
828 973 1040 1020 habetur.
1063 974 1150 1020 Sed
1170 985 1413 1031 nunquam
1431 974 1480 1019 in
1511 986 1643 1021 sacra
1673 974 1906 1031 Scriptura
1929 972 2102 1030 legitur

199 1037 326 1094 quod
349 1037 408 1083 sit
444 1042 592 1083 mater
624 1042 706 1082 aut
739 1036 941 1094 genitrix
967 1037 1063 1094 Dei,
1097 1036 1182 1082 sed
1214 1035 1341 1094 quod
1373 1036 1433 1082 sit
1458 1040 1608 1082 mater
1636 1035 1819 1092 Christi,
1842 1034 1919 1081 vel
1950 1039 2101 1082 mater

198 1100 345 1156 pueri,
371 1104 425 1145 ut
451 1103 579 1157 patet
601 1100 776 1155 (Matth.
792 1100 823 1154 1)
843 1100 918 1155 (2).
941 1102 1061 1157 Ergo
1079 1112 1174 1144 non
1191 1103 1264 1144 est
1279 1098 1530 1144 dicendum
1551 1098 1678 1156 quod
1692 1100 1743 1143 B.
1759 1098 1897 1156 Virgo
1916 1097 1978 1143 sit
1997 1110 2099 1144 ma-

198 1165 268 1206 ter
285 1162 380 1207 Dei.

252 1227 295 1269 2.
324 1227 568 1283 Praeterea,
594 1225 802 1271 Christus
818 1224 986 1271 dicitur
1007 1228 1129 1272 Deus
1151 1224 1411 1270 secundum
1440 1224 1646 1270 divinam
1665 1227 1894 1269 naturam.
1920 1222 2007 1269 Sed
2025 1223 2099 1270 di-

195 1285 305 1330 vina
326 1291 493 1331 natura
513 1299 609 1332 non
627 1287 806 1344 accepit
827 1277 1011 1331 initiunt
1030 1286 1216 1332 essendi
1238 1299 1297 1331 ex
1317 1286 1520 1343 Virgine.
1547 1288 1667 1342 Ergo
1684 1287 1734 1330 B.
1755 1284 1891 1343 Virgo
1913 1297 2009 1331 non
2027 1289 2099 1331 est

195 1348 391 1395 dicenda
418 1349 677 1406 materDei.
1087 1394 1090 1396 ,
1994 1384 1997 1385 ⁷

250 1414 293 1458 3.
325 1415 568 1469 Praeterea,
590 1413 680 1457 hoc
699 1419 870 1457 nomen
889 1417 1009 1458 Deus
1032 1414 1342 1459 communiter
1362 1411 1641 1470 praedicatur
1656 1411 1715 1458 de
1731 1413 1880 1469 Patre,
1899 1415 1946 1456 et
1967 1410 2095 1469 Filio,

193 1479 241 1520 et
256 1475 426 1532 Spiritu
443 1480 622 1520 sancto.
641 1475 686 1520 Si
705 1486 818 1531 ergo
834 1477 883 1520 B.
901 1475 1038 1533 Virgo
1051 1480 1124 1522 est
1138 1479 1287 1521 mater
1303 1475 1398 1532 Dei,
1413 1473 1596 1519 videtur
1607 1473 1741 1530 sequi
1758 1472 1886 1532 quod
1898 1475 1947 1518 B.
1960 1473 2098 1532 Virgo

194 1536 254 1582 sit
275 1542 423 1582 mater
438 1537 601 1592 PatriS,
617 1541 664 1581 et
682 1536 799 1593 Filii,
819 1541 867 1583 et
886 1538 1082 1594 Spiritus
1100 1537 1268 1596 sancti,
1285 1536 1411 1596 quod
1424 1536 1856 1583 estinconveniens.
1875 1538 1974 1581 Non
1985 1547 2098 1593 ergo

192 1601 241 1643 B.
268 1600 403 1656 Virgo
420 1599 558 1646 debet
578 1599 669 1645 dici
688 1604 837 1644 mater
860 1599 952 1645 Dei.

251 1661 339 1707 Sed
359 1665 522 1706 contra
557 1666 629 1707 est
661 1661 787 1718 quod
806 1661 855 1706 in
877 1662 1094 1718 capitulis
1111 1662 1265 1720 Cyrilli
1293 1661 1559 1719 approbatis
1581 1661 1629 1705 in
1659 1660 1888 1718 Ephesina
1914 1659 2096 1718 synodo

191 1725 329 1781 (part.
351 1738 382 1780 1,
408 1737 511 1782 cap.
536 1727 608 1782 26,
632 1725 867 1769 anathem.
902 1726 945 1780 1)
965 1723 1167 1782 legitur:
1193 1725 1272 1771 «Si
1291 1725 1397 1783 quis
1429 1737 1524 1769 non
1556 1723 1804 1769 confitetur
1823 1726 1970 1768 Deum
1990 1734 2096 1769 esse

190 1787 452 1833 secundum
492 1786 734 1832 veritatem
772 1788 1124 1833 Emmanuelem
1161 1790 1236 1844 (3),
1281 1792 1329 1833 et
1367 1790 1556 1845 propter
1594 1787 1683 1831 hoc
1719 1786 1799 1831 Dei
1823 1785 2096 1844 genitricem

189 1854 402 1894 sanctam
435 1849 668 1906 Virginem
691 1849 871 1906 (genuit
892 1849 1020 1895 enim
1046 1851 1294 1896 carnaliter
1325 1861 1514 1895 carnem
1541 1848 1717 1894 factum
1746 1848 1823 1894 Dei
1859 1847 2094 1905 Verbum),

189 1912 438 1956 anathema
452 1912 527 1956 sit.
540 1930 561 1951 »

237 1981 530 2022 CONCLUSIO.
556 2003 605 2009 —
628 1980 734 2021 Cum
757 1980 899 2021 eadem
931 1980 986 2021 sit
1004 1980 1050 2021 in
1074 1981 1251 2031 Christo,
1271 1981 1425 2022 divinae
1442 1983 1483 2021 et
1507 1980 1703 2021 humanae
1724 1982 1909 2030 naturae,
1926 1991 2054 2033 quam
2069 1981 2095 2022 a

188 2039 319 2077 matre
334 2035 502 2087 accepit,
522 2035 758 2088 hypostasis
772 2067 782 2084 ‚
806 2046 1061 2088 consequens
1080 2040 1140 2077 est
1164 2038 1332 2077 Beatam
1353 2034 1564 2087 Virginem
1582 2033 1653 2076 Dei
1673 2038 1848 2075 matrem
1870 2036 1964 2076 vere
1982 2036 2091 2078 dici:

187 2092 274 2131 imo
296 2091 551 2132 contrarium
575 2101 748 2130 asserere
768 2089 1010 2131 haereticum
1027 2103 1123 2132 esse.
1468 2093 1471 2095 ’

245 2154 518 2211 Respondeo
540 2154 792 2199 dicendum
809 2152 951 2210 quod,
975 2154 1099 2199 sicut
1132 2167 1275 2212 supra
1298 2154 1476 2200 dictum
1492 2156 1564 2198 est
1596 2154 1780 2211 (quaest.
1800 2165 1887 2211 xv1,
1904 2156 2005 2199 yart.
2029 2158 2090 2213 1),

187 2230 325 2263 omne
353 2230 524 2262 nomen
547 2217 817 2273 significans
836 2219 886 2262 in
914 2222 1134 2263 concreto
1153 2223 1370 2263 naturam
1391 2217 1612 2275 aliquam,
1645 2219 1801 2275 potest
1828 2228 2094 2275 supponere

188 2293 274 2337 pro
309 2279 519 2337 qualibet
548 2279 790 2337 hypostasi
815 2279 942 2325 illius
970 2285 1167 2325 naturae.
1189 2281 1304 2326 Cilm
1335 2283 1493 2326 autem
1520 2279 1635 2325 unio
1669 2278 2002 2326 incarnationis
2033 2282 2095 2329 sit

187 2344 309 2390 facta
323 2343 372 2388 in
396 2343 653 2401 hypostasi,
670 2343 792 2387 sicut
806 2355 947 2400 supra
961 2343 1137 2388 dictum
1156 2350 1228 2389 est
1245 2346 1429 2402 (quaest.
1442 2357 1488 2399 11,
1505 2347 1592 2388 art.
1605 2345 1634 2388 2
1651 2346 1698 2389 et
1714 2344 1775 2400 3),
1791 2343 2092 2392 manifestum

187 2409 259 2451 est
283 2404 410 2463 quod
428 2406 516 2449 hoc
540 2417 711 2448 nomen
740 2408 858 2448 Deus
879 2410 1031 2461 potest
1050 2418 1314 2462 supponere
1332 2418 1418 2463 pro
1439 2404 1680 2463 hypostasi
1702 2404 1904 2451 habente
1925 2407 2091 2453 huma-

188 2479 298 2513 nam
318 2472 535 2512 naturam
567 2471 613 2512 et
649 2466 872 2512 divinam.
906 2469 961 2511 Et
981 2467 1085 2513 ideo
1119 2467 1348 2525 quidquid
1368 2467 1586 2513 convenit
1613 2466 1783 2512 divinae
1815 2470 1996 2513 naturae
2017 2471 2092 2517 vel

187 2530 422 2586 humanae,
448 2533 600 2586 potest
614 2528 804 2574 attribui
820 2528 886 2574 illi
903 2542 1131 2588 personae,
1154 2531 1253 2576 sive
1275 2530 1534 2576 secundum
1552 2529 1679 2586 quod
1697 2542 1783 2587 pro
1799 2542 1854 2576 ea
1868 2533 2092 2589 supponit

189 2604 360 2637 nomen
379 2591 651 2648 significans
670 2591 875 2637 divinam
894 2596 1127 2650 naturam,
1148 2593 1247 2639 sive
1264 2592 1525 2638 secundum
1543 2590 1669 2650 quod
1690 2605 1775 2650 pro
1793 2605 1850 2639 ea
1868 2596 2091 2652 supponit

187 2666 359 2700 nomen
387 2649 661 2710 significans
679 2653 936 2699 humanam
954 2659 1187 2700 naturam.
1212 2653 1400 2712 Concipi
1422 2658 1580 2700 autem
1605 2659 1652 2700 et
1669 2655 1799 2700 nasci
1821 2656 2089 2702 attribuitur
2162 2707 2163 2710 Ἴ

186 2722 233 2762 et
267 2715 509 2774 hypostasi
531 2716 790 2762 secundum
812 2720 1027 2762 naturam
1050 2717 1177 2762 illam
1196 2718 1245 2763 in
1264 2730 1359 2776 qua
1378 2717 1640 2775 conpritur
1656 2722 1702 2763 et
1726 2717 1951 2763 nascitur.
1973 2719 2088 2766 cum
2166 2754 2170 2755 γ

185 2779 330 2835 igitur
352 2778 401 2822 in
433 2778 535 2834 ipso
557 2778 785 2835 principio
808 2779 1194 2836 conceptionis(4)
1214 2779 1356 2825 fuerit
1380 2780 1587 2826 humana
1606 2783 1776 2824 natura
1798 2785 2040 2838 assumpta
2060 2781 2088 2826 a

186 2841 345 2887 divina
377 2852 593 2898 persona,
614 2839 735 2885 sicut
757 2841 1030 2896 praedictum
1052 2846 1124 2887 est
1143 2844 1326 2899 (quaest.
1343 2855 1492 2899 xxxm,
1509 2845 1595 2886 art.
1618 2844 1678 2899 3),
1702 2854 1998 2900 consequens
2017 2847 2088 2890 est
2159 2882 2162 2883 γ

186 2905 309 2962 quod
330 2903 438 2949 vere
471 2903 619 2961 possit
637 2903 728 2948 dici
747 2907 893 2948 Deum
914 2917 1017 2950 esse
1039 2911 1318 2962 conceptum
1336 2909 1383 2951 et
1415 2909 1580 2950 natum
1599 2904 1657 2951 de
1687 2905 1888 2962 Virgine.
1915 2908 1982 2951 Ex
1998 2907 2087 2952 hoc

185 2971 343 3011 autem
364 2966 533 3010 dicitur
556 2966 714 3022 aliqua
733 2966 902 3012 mulier
922 2967 1120 3025 alicujus
1137 2973 1301 3026 mater,
1323 2968 1450 3025 quod
1477 2980 1587 3013 eum
1613 2968 1826 3025 concepit
1843 2972 1890 3014 et
1906 2970 2082 3026 genuit.

227 3089 271 3132 (4)
299 3089 347 3122 De
365 3089 433 3124 fide
457 3094 506 3124 est
531 3094 681 3124 sanctam
706 3090 850 3135 Mariam
869 3102 937 3126 esse
953 3100 1097 3127 matrem
1183 3095 1378 3135 qeneracio
1404 3096 1456 3129 sic
1484 3097 1567 3129 erat
1599 3105 1612 3129 .-
1641 3095 1724 3128 citm
1744 3096 1834 3129 esset
1860 3093 2084 3138 desponsata

184 3136 273 3179 θεὶς
302 3136 615 3178 haereticorumque
643 3141 818 3180 oppositus
849 3151 947 3174 error
977 3141 1008 3174 id
1041 3152 1096 3175 ne·
1180 3143 1306 3177 Mater
1325 3143 1405 3185 ejus
1429 3143 1562 3185 (utique
1585 3141 1723 3182 Christi)
1741 3147 1775 3177 et
1794 3141 1917 3177 Matth.
1940 3151 1968 3177 ιι
1985 3144 2080 3186 (vers.

184 3184 341 3227 santium
358 3186 603 3220 condemnatus
620 3185 732 3220 fuitin
748 3189 850 3222 caud
868 3199 962 3222 conc.
976 3189 1095 3229 Ephes.
1180 3190 1234 3231 ll,
1253 3191 1299 3230 15,
1315 3190 1369 3231 20,
1381 3191 1436 3233 24)
1454 3204 1462 3225 ε
1478 3191 1601 3227 Mater
1614 3192 1740 3235 pueri,
1760 3196 1792 3224 ct
1806 3191 1903 3224 Joau.
1919 3200 1959 3231 11.
1977 3192 1988 3226 l
2006 3191 2080 3232 et5.

183 3235 304 3268 contra
332 3231 531 3267 Nestorium
570 3234 786 3280 congregat&
816 3246 853 3269 ao
893 3237 1029 3271 rursum
1058 3237 1093 3271 in
1179 3240 1303 3274 Mater
1318 3240 1422 3275 Jesu.

183 3293 280 3316 conc.
300 3280 503 3316 Chalcedon.
527 3286 594 3316 art.
611 3290 675 3316 vm
693 3284 729 3316 in
750 3295 824 3324 syn.
846 3292 895 3326 vr,
927 3289 992 3319 act.
1016 3295 1040 3319 ιι
1060 3292 1094 3321 et
1220 3288 1263 3328 (5)
1288 3287 1327 3322 Id
1346 3292 1408 3329 est,
1429 3287 1619 3322 nobiscum
1643 3287 1742 3322 Deus
1757 3299 1810 3332 ,ex
1837 3286 1992 3322 hebraica
2019 3299 2080 3322 no-

184 3329 222 3364 in
238 3341 333 3364 conc.
353 3329 511 3364 Lateran.
528 3329 590 3364 sub
613 3330 802 3365 Martinum
817 3343 892 3366 ean.
908 3333 941 3367 5.
962 3334 1002 3367 Et
1019 3345 1095 3368 con-
1180 3333 1272 3369 tione
1297 3335 1388 3377 quod
1404 3335 1548 3378 perinde
1572 3339 1623 3370 est
1640 3347 1679 3370 ac
1695 3337 1724 3370 si
1743 3335 1831 3370 dicat
1846 3349 1855 3370 z
1875 3336 1990 3370 Deum
2017 3336 2080 3370 ho·

182 3380 237 3412 tra
270 3390 348 3412 cum
380 3388 534 3413 errorem
563 3377 774 3419 scripserunt
808 3380 953 3422 cyrillus
985 3383 1092 3424 Alex„
1177 3385 1312 3419 minem
1325 3384 1478 3427 sactum.

183 3425 398 3466 Athanasius,
415 3426 572 3465 Irenaeus,
592 3427 691 3466 Greg.
713 3430 747 3460 ct
764 3426 822 3461 alii
837 3434 979 3464 veteres.
1219 3433 1262 3473 (4)
1285 3431 1373 3474 Quia
1390 3432 1502 3474 primo
1521 3432 1593 3473 ipso
1610 3431 1750 3466 instanti
1770 3444 1836 3474 quo
1851 3431 2022 3472 conceptio
2040 3431 2079 3466 in

225 3474 268 3515 (2)
298 3474 361 3508 Ubi
392 3474 519 3509 dicitur
554 3476 652 3509 (vers.
691 3476 739 3515 18„
763 3488 770 3509 ε
806 3476 946 3512 Christi
971 3481 1092 3513 aulem
1179 3479 1256 3514 aliis
1269 3480 1404 3521 incipit,
1420 3480 1520 3522 plane
1533 3483 1568 3515 in
1589 3481 1723 3516 Christo
1739 3481 1888 3523 perfecta
1901 3486 1963 3514 est.
