2170 3808
653 209 852 261 QUAEST.
883 205 1064 259 XXXVI,
1094 205 1211 247 ART.
1241 203 1309 246 111.
1858 200 1939 243 299

61 290 191 335 lium.
216 293 334 347 Ergo
356 290 538 335 videtur
570 287 693 345 quod
722 287 871 344 magis
898 285 1109 331 debuerit
1131 283 1294 328 Christi
1317 282 1534 328 nativitas
1556 279 1842 326 manifestari
1865 291 1943 323 sa-

61 353 324 397 cerdotibus
342 352 390 396 in
410 350 582 406 templo
601 350 740 405 quam
760 347 1023 405 pastoribus
1052 346 1100 390 in
1119 357 1248 401 agro.

13 447 15 449 -
118 416 160 456 5.
191 416 425 467 Praeterea,
442 411 647 455 Christus
662 423 720 454 ex
733 410 913 466 virgine
933 413 1078 452 matre
1101 413 1239 450 natus
1260 409 1348 461 est,
1363 410 1410 450 et
1429 409 1563 449 aetate
1583 402 1806 460 parvulus
1823 405 1938 445 erat.

63 474 416 520 Convenientius
431 472 572 530 igitur
588 471 766 515 videtur
784 471 926 515 fuisse
939 468 1064 525 qu'od
1078 468 1284 511 Christus
1302 466 1676 511 manifestaretur
1688 462 1940 521 Juvenibus

61 543 107 580 et
135 536 392 594 virginibus
429 534 570 592 quam
605 533 796 578 senibus
827 537 874 578 et
903 530 1180 588 conjugatis,
1207 528 1280 573 vel
1313 528 1483 584 viduiS,
1518 528 1639 572 sicut
1661 524 1858 572 Simeoni
1893 527 1941 568 et

60 599 217 642 Annae.

119 660 203 704 Sed
222 661 378 703 contra
395 663 468 702 est
487 657 612 713 quod
631 655 800 700 dicitur
818 656 965 710 (Joan.
984 667 1077 708 xm,
1096 654 1166 706 18)
1193 666 1205 695 ι
1225 655 1322 708 qu
1338 653 1428 694 scio
1447 663 1554 706 quos
1579 650 1807 705 eleyerim.
1831 648 1941 700 Quae

60 724 214 765 autem
225 719 342 764 fiunt
356 718 611 762 secundum
622 715 696 761 Dei
718 715 1007 772 sapientiam,
1019 712 1350 758 convenienter
1369 711 1501 756 fiunt.
1520 712 1637 766 Ergo
1655 708 1940 754 convenien-

61 786 128 824 ter
146 785 257 824 sunt
277 777 410 825 electi
424 778 488 822 illi
513 777 683 834 quibus
703 784 773 822 est
786 777 1082 821 manifestata
1103 774 1267 818 Christi
1292 773 1524 817 nativitas.

107 853 392 894 CONCLUSIO.
420 873 465 881 -
491 851 596 892 Cum
617 851 728 890 salus
750 861 820 900 per
837 849 1048 890 Christum
1067 849 1220 894 futura,
1242 847 1295 887 ad
1314 847 1536 886 hominum
1559 845 1754 885 omnium
1772 843 1940 884 diversi-

61 911 182 948 tatem
201 908 426 958 pertineret,
449 907 636 956 congruit
651 905 844 945 omnibus
865 904 1083 943 hominum
1099 902 1406 943 conditionibus
1423 901 1510 954 ejus
1525 901 1788 941 nativitatem
1803 900 1938 940 mani·

61 961 207 1012 restari,
224 961 375 1002 scilicet
392 962 538 1011 magis,
561 961 757 1009 Simeoni,
772 964 810 999 et
832 961 962 1000 Annae
982 970 1029 998 ac
1045 959 1291 1010 pastoribus.

112 1023 380 1080 Respondeo
395 1022 645 1068 dicendum
664 1021 784 1079 quod
800 1021 927 1066 salus
941 1033 1047 1077 quae
1058 1025 1157 1064 erat
1167 1019 1323 1064 futura
1333 1031 1415 1076 per
1424 1018 1671 1075 Christum,
1682 1017 1741 1062 ad
1751 1029 1936 1062 omnem

61 1085 368 1131 diversitatem
390 1085 628 1130 hominum
652 1083 926 1141 pertinebat,
957 1082 1082 1140 quia,
1119 1081 1241 1125 sicut
1274 1081 1441 1126 dicitur
1465 1080 1652 1135 (Coloss.
1677 1093 1740 1134 111,
1763 1080 1806 1134 2)
1843 1092 1854 1122 ι
1885 1082 1939 1125 In

57 1148 238 1192 Christo
259 1153 363 1191 ,Iesu
380 1161 469 1190 non
489 1146 798 1190 estmasculus
820 1148 862 1188 et
877 1147 1063 1201 semina,
1080 1145 1258 1200 qentz‘lis
1281 1146 1323 1186 et
1342 1143 1537 1195 Judaeus,
1568 1155 1723 1185 servus
1737 1145 1781 1185 et
1803 1142 1934 1199 liber,

55 1213 100 1252 et
122 1210 189 1253 sic
203 1210 261 1254 de
277 1209 380 1254 aliis
394 1207 672 1265 hujusmodi.
690 1208 741 1250 Et
753 1211 805 1250 ut
814 1205 958 1249 hocin
980 1205 1083 1261 ipsa
1102 1204 1265 1248 Christi
1288 1203 1528 1247 nativitate
1548 1203 1935 1260 praefiguraretur,

54 1272 272 1316 omnibus
294 1269 634 1316 conditionibus
664 1267 906 1312 hominum
946 1273 1017 1312 est
1039 1266 1379 1324 manifestatus,
1421 1265 1547 1322 quia,
1574 1271 1625 1309 ut
1655 1265 1939 1321 Augustinus

52 1331 165 1377 dicit
186 1332 251 1387 (in
286 1344 431 1378 serm..
444 1331 501 1377 de
521 1329 790 1387 Epiphania,
814 1332 869 1374 32
902 1329 959 1374 de
981 1331 1217 1385 Tempore,
1246 1340 1347 1384 cap.
1375 1330 1418 1381 1,
1453 1326 1513 1372 ad
1546 1323 1666 1381 fin.)‚
1700 1331 1940 1383 «pastores

53 1391 241 1438 fuerunt
262 1392 491 1449 Israelitae,
515 1391 639 1448 magi
676 1390 889 1448 gentiles,
910 1390 974 1434 illi
998 1390 1156 1446 prope,
1193 1389 1268 1434 isti
1286 1387 1453 1445 longe3
1476 1388 1662 1445 utrique
1695 1392 1851 1432 tamen
1881 1387 1939 1433 ad

53 1455 325 1511 angularem
338 1454 538 1511 lapidem
560 1457 914 1498 concurrerunt.
928 1472 947 1492 »
966 1452 1066 1496 Fuit
1082 1452 1220 1495 etiam
1234 1451 1354 1495 inter
1368 1463 1448 1496 eos
1457 1449 1545 1494 alia
1554 1450 1818 1506 diversitas3
1830 1462 1939 1494 nam

53 1517 176 1573 magi
198 1518 256 1572 (⁴1)
281 1518 469 1561 fuerunt
491 1515 722 1572 sapientes
741 1519 785 1559 et
810 1519 1046 1571 potentes;
1071 1519 1279 1570 pastores
1297 1517 1453 1557 autem
1487 1513 1721 1569 simplices
1740 1516 1786 1557 et
1808 1512 1937 1557 viles.

53 1577 364 1622 manifestatus
383 1581 538 1622 autem
569 1581 642 1621 est
666 1576 823 1633 Justis,
846 1576 1023 1620 scilicet
1057 1575 1259 1619 simeoni
1285 1580 1330 1620 et
1349 1577 1511 1634 Annae,
1532 1580 1577 1619 et
1603 1574 1934 1630 peecatoribus,

55 1639 229 1684 scilicet
243 1639 407 1695 magis.
419 1638 731 1683 Manifestatus
746 1642 817 1682 est
831 1638 968 1682 etiam
981 1642 1027 1682 et
1042 1637 1157 1681 viris
1176 1643 1219 1681 et
1235 1636 1525 1693 mulieribus,
1546 1636 1720 1680 scilicet
1739 1636 1935 1681 Simeoni

55 1705 99 1743 et
112 1703 271 1760 Annae,
293 1707 345 1746 ut
361 1713 442 1757 per
463 1701 551 1744 hoc
573 1700 894 1744 ostenderetur
917 1700 1093 1743 nullam
1115 1698 1427 1744 conditionem
1448 1697 1689 1742 hominum
1708 1698 1891 1742 excludi
1911 1698 1938 1743 ὀ

55 1762 218 1807 Christi
253 1763 421 1807 salute.

107 1823 173 1869 Ad
203 1826 402 1880 primum
437 1834 548 1878 ergo
570 1822 835 1878 dleendum,
874 1823 999 1879 quod
1035 1822 1114 1866 illa
1146 1821 1456 1867 manifestatio
1487 1820 1741 1866 nativitatis
1775 1823 1937 1868 Christi

8 1888 10 1891 “
52 1884 139 1930 fuit
179 1886 392 1943 quaedam
433 1883 684 1941 praelibatio
727 1884 877 1940 plenae
920 1884 1320 1938 manifestationis,
1358 1896 1464 1940 qua}
1506 1888 1605 1928 erat
1643 1883 1799 1929 futura
1839 1899 1850 1927 x
1891 1891 1938 1932 et

54 1947 174 1993 sicut
218 1949 266 1992 in
306 1947 512 1993 secunda
551 1946 922 1991 manifestatione
963 1946 1110 2003 primo
1152 1946 1426 1990 annuntiata
1470 1951 1543 1991 est
1583 1946 1732 2002 gratia
1774 1948 1937 1993 Christi

53 2022 136 2067 per
181 2011 409 2055 Christum
454 2015 502 2054 et
544 2009 645 2065 ejus
688 2009 922 2064 apostolos
957 2009 1144 2066 Judaeis,
1184 2014 1231 2053 et
1270 2014 1432 2064 postea
1467 2008 1745 2064 gentilibus3
1779 2009 1842 2054 ita
1879 2010 1939 2055 ad

55 2071 280 2116 Christum
323 2071 472 2128 primo
506 2075 820 2126 pervenerunt
859 2075 1093 2126 pastores,
1116 2069 1193 2126 qui
1239 2074 1371 2114 erant
1407 2069 1620 2125 primitiae
1656 2070 1934 2129 Judaeorum,

53 2137 274 2190 tanquam
309 2132 453 2189 prope
492 2131 776 2189 existentes;
802 2136 847 2176 et
884 2136 1045 2189 postea
1081 2136 1311 2176 venerunt
1342 2132 1467 2188 magi
1501 2131 1530 2175 a
1571 2133 1776 2189 remotis,
1823 2135 1934 2191 «qui

54 2195 242 2239 fuerunt
259 2193 472 2250 primitiae
489 2193 714 2249 gentium,
729 2212 751 2233 υ
775 2197 829 2237 ut
842 2194 1130 2250 Augustinus
1152 2193 1264 2237 dicit
1282 2195 1438 2248 (serm.
1460 2195 1514 2238 3¹0
1544 2193 1602 2238 de
1626 2196 1799 2252 Temp.,
1814 2195 1936 2241 circa

53 2256 236 2312 princ.).

107 2318 173 2362 Ad
201 2317 446 2360 secundum
466 2315 730 2372 dicendum,
767 2315 908 2373 quod,
946 2317 1067 2362 sicut
1102 2316 1390 2373 Augustinus
1411 2316 1522 2360 dicit
1554 2316 1617 2369 (in
1640 2329 1854 2363 sermone
1877 2319 1936 2365 de

53 2379 231 2435 Epiph.,
248 2377 380 2434 ibid„
402 2376 491 2422 sub
514 2374 614 2431 fin.)
632 2391 643 2419 t
670 2377 824 2422 «sicut
842 2379 1062 2434 praevalet
1083 2378 1310 2435 imperitia
1332 2378 1380 2421 in
1403 2378 1661 2423 rusticitate
1679 2383 1933 2441 pastorum,

53 2439 116 2484 ita
134 2439 348 2496 praevalet
366 2439 578 2496 impietas
596 2439 644 2483 in
664 2439 917 2496 sacrilegiis
931 2453 1197 2497 magorum3
1218 2446 1435 2497 utrosque
1451 2446 1605 2485 tamen
1622 2440 1707 2485 sibi
1730 2440 1847 2498 lapis
1860 2442 1935 2488 ille

54 2502 289 2557 angularis
304 2501 538 2558 applicuit,
554 2502 724 2558 quippe
739 2501 819 2558 qui
837 2503 963 2546 venit
981 2503 1122 2547 stulta
1146 2502 1334 2559 eligere,
1351 2507 1403 2546 ut
1423 2503 1560 2546 consu
1568 2502 1731 2547 nderet
1749 2504 1933 2559 sapien-

55 2572 140 2618 tes,
164 2568 210 2609 et
232 2576 324 2607 non
345 2575 510 2608 vocare
534 2563 701 2619 Justos,
732 2564 814 2608 sed
850 2569 1137 2620 peccatores,
1173 2570 1226 2609 ut
1259 2564 1416 2608 nullus
1437 2575 1637 2619 magnus
1658 2564 1934 2622 superbiret,

54 2625 211 2668 nullus
234 2620 447 2668 infirmus
468 2624 749 2680 desperaret.
764 2644 785 2664 υ
807 2649 861 2656 -
887 2626 1079 2677 Quidam
1104 2632 1257 2670 tamen
1276 2626 1438 2670 dicunt
1456 2626 1579 2681 quod
1599 2625 1674 2669 isti
1696 2627 1817 2681 magi
1839 2640 1934 2672 non

53 2685 242 2731 fuerunt
269 2685 482 2742 malefici,
515 2686 596 2731 sed
620 2687 853 2744 sapientes
875 2688 1109 2744 astrologi,
1133 2688 1213 2745 qui
1243 2687 1369 2744 apud
1402 2689 1564 2732 Persas
1596 2686 1671 2731 vel
1701 2687 1935 2734 Chaldaeos

54 2747 179 2803 magi
202 2751 440 2791 vocantur.

110 2807 177 2852 Ad
191 2811 368 2851 tertium
384 2808 645 2864 dicendum,
666 2810 805 2865 quod,
823 2810 943 2855 sicut
959 2811 1314 2869 Chrysostomus
1327 2810 1463 2864 (alius
1477 2812 1653 2863 auctor)
1669 2809 1779 2854 dicit
1791 2811 1929 2865 (hom.

56 2882 87 2914 11
108 2868 156 2913 in
188 2870 269 2924 Op.
305 2868 503 2923 imperf„
541 2870 762 2927 aliquant.
785 2873 812 2915 a
847 2873 1026 2928 princ.),
1067 2890 1087 2911 «
1100 2873 1166 2916 Ab
1189 2873 1371 2916 Oriente
1394 2875 1625 2916 venerunt
1645 2871 1786 2927 magi,
1824 2873 1932 2929 quia

58 2930 180 2975 unde
203 2929 303 2974 dies
322 2929 542 2985 nascitur,
572 2931 679 2976 inde
702 2932 882 2977 initium
907 2934 1013 2979 fidei
1037 2935 1277 2991 processit,
1300 2933 1410 2990 quia
1428 2932 1543 2976 fides
1559 2932 1716 2976 lumen
1734 2937 1810 2978 est
1834 2934 1930 2979 ani-

58 3003 237 3037 marum
254 3006 267 3047 3
282 3010 302 3028 »
327 2990 400 3035 vel
422 2990 530 3046 quia
553 3004 711 3038 omnes
729 2994 808 3052 qui
829 2995 888 3040 ad
910 2997 1138 3040 Christum
1160 2996 1370 3050 veniunt,
1396 2995 1455 3039 ab
1477 2995 1578 3050 ipso
1606 2999 1652 3038 et
1673 3006 1756 3050 per
1778 2995 1930 3052 ipsum
1956 3034 1959 3037 .

58 3054 263 3098 veniunt.
285 3052 412 3097 Unde
429 3051 595 3096 dicitur
614 3056 759 3106 (Zach.
776 3070 834 3112 v1,
851 3060 920 3110 12)
941 3062 1087 3101 :Ecce
1106 3061 1176 3101 vir
1196 3072 1210 3098 .·
1233 3059 1392 3100 Oriens
1413 3069 1569 3099 nomen
1585 3057 1695 3111 ejus.
1713 3056 1931 3102 Dicuntur

58 3118 212 3159 autem
230 3113 289 3157 ab
306 3113 488 3157 Oriente
507 3113 565 3158 ad
583 3113 778 3159 litteram
800 3119 1001 3176 venisse,
1025 3118 1098 3162 vel
1114 3118 1221 3174 quia
1236 3118 1292 3162 de
1312 3117 1489 3161 ultimis
1503 3117 1700 3161 Orientis
1723 3118 1931 3173 partibus

57 3179 300 3231 venerunt,
317 3175 568 3219 secundum
582 3176 823 3232 quosdam,
843 3179 917 3223 vel
931 3180 1038 3235 quia
1054 3180 1110 3224 de
1122 3179 1355 3235 aliquibus
1367 3178 1529 3223 vicinis
1541 3179 1750 3235 partibus
1763 3181 1930 3224 Judaeae

62 3240 301 3293 venerunt,
326 3248 430 3292 quae
462 3240 616 3282 tamen
637 3243 747 3282 sunt
768 3240 944 3294 regioni
965 3241 1227 3285 ,Iudaeorum
1249 3240 1568 3285 ad‘Orientem
1608 3241 1929 3301 (2).·Credibile

99 3333 142 3376 (i)
162 3333 215 3369 Ita
228 3332 335 3368 vocati
353 3333 370 3366 a
391 3332 513 3372 peritia
538 3338 718 3373 astrorum,
740 3338 777 3368 ut
799 3334 948 3370 sentiunt
1073 3336 1116 3379 (2)
1147 3336 1218 3371 Non
1245 3341 1374 3372 constat
1395 3348 1433 3372 ex
1458 3350 1524 3379 qua
1549 3343 1644 3378 parte
1664 3337 1815 3372 Orientis
1839 3338 1927 3375 magi

58 3379 242 3420 Anselmus,
267 3380 367 3423 Beda,
392 3380 607 3421 Rupertusin
623 3393 694 3423 cap.
714 3390 741 3416 11
765 3383 886 3418 matth.
912 3384 948 3417 S.
1031 3389 1208 3427 venerunt;
1226 3385 1367 3426 ideoque
1396 3386 1551 3420 nonnulli
1587 3391 1707 3427 putant
1737 3387 1863 3419 venisse
1890 3398 1928 3421 ex

60 3426 75 3453 1
88 3439 124 3455 on
141 3429 238 3457 (un-m
269 3437 295 3456 n
315 3429 361 3457 no,
374 3428 586 3469 Epiphania).
1033 3432 1197 3471 Chaldaea,
1213 3432 1272 3467 alii
1284 3445 1322 3467 ex
1336 3434 1482 3473 Perside.
1499 3434 1557 3469 alii
1573 3446 1611 3468 ex
1625 3433 1758 3469 Arabia.
1785 3432 1927 3468 Νῶϊ-οε
