2170 3808
753 197 950 248 QUAEST.
982 198 1119 250 XLIX,
1140 190 1266 239 'ART.
1297 196 1330 239 Ι.
1903 196 1988 239 445.

113 286 118 291 '
157 284 200 325 2.
225 283 463 337 Praeterea,
481 277 721 335 corporale
749 290 845 322 non
867 279 963 335 agit
979 279 1027 323 in
1044 279 1297 336 spirituale.
1325 279 1414 324 Sed
1437 280 1593 336 passio
1612 277 1775 323 Christi
1792 282 1866 322 est
1882 289 1981 322 cor-

103 342 275 401 poralis
299 358 309 385 :
330 347 569 399 peccatum
589 345 746 384 autem
774 352 869 384 non
891 346 961 385 est
983 340 1073 385 nisi
1091 341 1137 384 in
1160 341 1333 397 anirna,
1359 354 1465 398 quae
1486 345 1557 385 est
1575 339 1830 397 spiritualis
1854 350 1979 384 orea-

100 407 222 449 tura.
238 406 357 460 Ergo
378 403 528 460 passio
544 402 708 445 Christi
733 413 824 445 non
851 402 1000 458 potuit
1015 414 1101 446 nos
1118 403 1370 447 emundare
1392 403 1419 445 a
1441 408 1645 459 peccato.

159 468 202 511 3.
224 468 459 519 Praeterea,
478 464 632 508 nullus
651 468 803 520 potest
821 464 1003 508 liberari
1023 463 1049 507 a
1069 467 1257 519 peccato
1273 463 1396 519 quod
1417 464 1622 508 nondum
1636 461 1881 519 commisit,
1899 467 1980 507 sed

99 527 228 584 quod
249 526 296 570 in
322 531 555 583 posterum
574 529 645 569 est
666 525 1018 570 commissurus.
1034 525 1145 569 cum
1165 524 1304 580 igitur
1317 525 1464 568 multa
1484 531 1672 582 peccata
1694 530 1799 581 post
1817 523 1979 568 Christi

104 588 369 646 passionem
401 587 495 632 sint
519 586 784 642 commissa,
807 592 854 631 et
888 586 983 631 tota
1008 585 1086 631 die
1121 586 1482 643 committantur,
1518 586 1701 631 videtur
1735 586 1859 643 quod
1897 597 1980 643 per

103 650 366 708 passionem
386 648 549 694 Christi
571 660 665 692 non
688 649 836 693 simus
854 648 1034 693 liberati
1054 649 1081 692 a
1099 652 1303 706 peccato,

154 715 203 758 4.
231 714 470 767 Praeterea,
494 711 641 767 posita
662 713 808 755 causa
832 710 1095 767 sufficienti,
1117 710 1230 754 nihil
1261 709 1384 755 aliud
1408 708 1660 766 requiritur
1684 708 1742 754 ad
1763 709 1981 755 effectum

106 771 434 818 inducendum.
451 772 764 829 Requimntur
786 779 939 818 autem
958 772 1110 818 adhue
1135 771 1229 815 alia
1245 771 1307 816 ad
1324 771 1642 816 remissionem
1664 775 1972 827 peccatorum,

105 833 278 880 scilicet
297 833 555 891 baptismus
574 838 621 878 et
643 834 928 890 poenitentia.
950 837 1067 891 Ergo
1088 834 1270 878 videtur
1293 833 1417 889 quod
1440 832 1594 889 passio
1620 830 1783 875 Christi
1810 843 1902 875 non
1917 830 1978 875 sit

100 895 343 941 sufficiens
369 908 511 940 causa
532 895 817 940 remissionis
838 901 1150 953 peccatorum.
1563 941 1567 946 ,

157 959 202 1003 5.
225 959 447 1002 Praeterea
460 957 691 1011 (Proverb.
724 971 765 1010 x,
790 961 878 1012 12),
904 958 1072 1003 dicitur
1102 975 1113 1002 :
1152 960 1372 1001 Universa
1391 957 1562 1000 delicta
1581 958 1725 1012 oper-it
1749 955 1956 998 charitas

101 1022 152 1063 et
174 1021 283 1073 (Act.
303 1021 374 1075 xv)
392 1019 478 1064 dici
488 1023 560 1063 tur
586 1035 597 1064 ε
622 1024 707 1063 Per
722 1020 1078 1063 misericordiam
1101 1025 1145 1063 et
1160 1021 1298 1075 fidem
1314 1022 1574 1075 purqantur
1584 1020 1778 1075 peccata
1794 1018 1871 1070 (1).
1890 1014 1975 1060 Sed

106 1081 253 1127 multa
267 1085 380 1127 sunt
401 1082 491 1126 alia
508 1082 566 1126 de
586 1082 757 1138 quibus
781 1082 1006 1127 habemus
1025 1081 1182 1137 fidem,
1206 1087 1252 1126 et
1273 1093 1376 1137 quae
1389 1084 1499 1124 sunt
1519 1078 1812 1135 provocativa
1829 1076 1977 1121 chari-

106 1142 228 1187 tatis.
261 1144 378 1200 Ergo
398 1143 553 1200 passio
574 1144 737 1188 Chris-ti
763 1156 856 1187 non
875 1148 948 1188 est
981 1143 1165 1201 propria
1187 1154 1331 1188 causa
1352 1141 1639 1186 remissionis
1661 1144 1974 1197 peccatorum.

156 1204 247 1250 Sed
276 1209 439 1249 contra
464 1209 539 1249 est
555 1204 681 1262 quod
698 1204 867 1249 dicitur
889 1206 1044 1260 (Apso.
1062 1218 1095 1260 ι,
1114 1207 1159 1257 ¹3)
1172 1217 1188 1248 t
1209 1204 1386 1247 Dilexit
1403 1217 1501 1260 nos,
1523 1206 1567 1246 et
1590 1204 1704 1246 lavit
1724 1214 1807 1245 nos
1828 1202 1859 1244 ὰ
1877 1213 1977 1258 pec-

104 1267 222 1309 cati-s
241 1269 404 1310 nostris
424 1267 469 1310 in
492 1268 710 1322 sanquine
727 1278 806 1308 suo
830 1266 902 1320 (⁴2).

153 1331 443 1373 CONCLUSIO.
469 1354 515 1362 -
540 1332 680 1372 Passio
702 1332 854 1372 Christi
881 1344 1003 1373 causa
1028 1333 1107 1372 fuit
1134 1332 1387 1373 remissionis
1419 1335 1702 1384 peccatorum,
1727 1331 1977 1382 inquantum

104 1393 176 1439 per
190 1397 280 1427 eam
294 1398 561 1438 provocamur
578 1386 630 1427 ad
644 1386 886 1428 charitatem
899 1392 938 1427 et
955 1399 1028 1439 per
1041 1399 1130 1427 eam
1149 1388 1346 1440 redempti
1363 1398 1522 1435 sumus,
1535 1391 1581 1426 et
1595 1390 1645 1425 ut
1655 1397 1704 1425 ea
1722 1385 1801 1424 fuit
1819 1384 1978 1424 divini-

105 1440 200 1482 tatis
212 1441 551 1491 instrumentum,
569 1453 651 1494 quo
671 1446 834 1494 peccata
847 1444 1041 1484 omnium
1059 1442 1226 1495 expulsa
1238 1446 1349 1484 sunt.

157 1505 428 1561 Respondeo
446 1504 694 1554 dicendum
716 1505 841 1561 quod
858 1504 1013 1562 passio
1037 1505 1200 1550 Christi
1225 1509 1297 1551 est
1318 1504 1503 1562 propria
1531 1516 1674 1549 causa
1692 1501 1978 1548 remissionis

104 1571 398 1622 peccatorum
414 1566 668 1622 tripliciter.
694 1567 843 1611 Primo
865 1567 1050 1623 quidem
1067 1579 1153 1625 per
1169 1568 1359 1612 modum
1388 1565 1679 1624 provocantis
1699 1564 1759 1610 ad
1782 1563 1976 1609 charita-

106 1630 216 1683 tem,
239 1628 366 1684 quia,
388 1633 442 1672 ut
460 1629 706 1685 Apostolus
721 1629 835 1674 dicit
848 1631 1059 1684 (Roman.
1077 1643 1123 1686 v,
1141 1633 1186 1685 8)
1208 1646 1218 1675 :
1251 1630 1550 1674 Commendat
1571 1634 1687 1672 Deus
1712 1640 1842 1671 suam
1863 1626 1992 1672 clim.

103 1691 289 1733 ritatem
308 1693 355 1734 in
376 1690 517 1748 nobis,
539 1694 748 1746 quoniam
765 1693 867 1736 cnm
894 1693 1047 1736 adhuc
1073 1694 1245 1736 inimici
1260 1706 1471 1748 essentum,
1498 1692 1708 1736 Christus
1741 1702 1826 1747 pro
1856 1688 1979 1731 nobis
2009 1691 2011 1693 ’

105 1755 309 1795 mortuus
338 1756 419 1797 est.
442 1755 526 1798 Per
546 1753 817 1800 charitatem
837 1759 992 1801 autem
1015 1755 1347 1812 consequimur
1364 1755 1548 1799 veniam
1573 1756 1885 1809 peccatorum,
1909 1762 1979 1796 se-

100 1812 311 1858 cundum
333 1813 446 1859 illud
470 1817 592 1866 (Luc.
610 1829 688 1872 vu,
711 1818 783 1870 47)
810 1830 820 1858 :
846 1819 1045 1860 Dimissa
1072 1820 1179 1861 sunt
1206 1819 1249 1860 ei
1276 1819 1335 1872 (3)
1365 1819 1553 1873 peccata
1583 1815 1744 1870 multa,
1767 1814 1978 1869 quoniam

100 1874 268 1919 dilexit
284 1875 491 1920 multicm.
512 1876 741 1935 Secundo,
761 1877 919 1934 passio
945 1878 1112 1923 Christi
1143 1883 1304 1924 causat
1332 1878 1649 1923 remissionem
1684 1880 1977 1933 peccatorum

103 1948 188 1994 per
207 1937 397 1982 modum
419 1938 763 1995 redemptionis.
787 1939 902 1992 Quia
932 1940 1055 1984 enim
1087 1940 1187 1997 ipse
1210 1945 1281 1985 est
1301 1946 1441 1996 caput
1465 1944 1675 1983 nostrum
1706 1950 1790 1994 per
1807 1936 1980 1993 passio·

103 2010 214 2044 nem
242 2011 392 2057 suam,
413 2012 554 2057 quam
587 2013 647 2046 ex
664 2001 887 2046 charitate
915 2006 962 2047 et
983 2002 1250 2048 obedientia
1272 2002 1510 2060 sustinuit,
1533 2000 1744 2046 liberavit
1767 2012 1852 2044 nos
1883 2004 1979 2044 tan-

92 2062 245 2118 quam
273 2061 482 2107 membra
502 2075 590 2107 sua
609 2063 638 2107 a
660 2064 877 2120 peccatis,
907 2064 1041 2121 quasi
1063 2077 1147 2121 per
1167 2065 1366 2122 pretium
1390 2077 1487 2109 suae
1504 2062 1760 2121 passioni53
1788 2062 1911 2106 sicut
1937 2060 1977 2106 si

104 2122 243 2169 homo
262 2135 345 2180 per
364 2123 549 2180 aliquod
573 2137 692 2180 opus
714 2126 1000 2171 meritorium
1021 2127 1146 2183 quod
1165 2139 1307 2171 manu
1323 2130 1574 2182 exerceret,
1596 2124 1841 2169 redimeret
1862 2135 1913 2168 se
1949 2123 1978 2167 a

105 2190 292 2241 peccato
320 2185 444 2242 quod
475 2186 671 2242 pedibus
693 2187 1014 2232 commisisset.
1036 2188 1302 2233 sicutenim
1318 2187 1528 2231 naturale
1548 2198 1717 2242 corpus
1739 2190 1813 2230 est
1827 2196 1976 2230 unum

105 2257 161 2291 ex
183 2245 498 2291 membrorum
517 2248 780 2294 diversitate
801 2250 1154 2306 consistens,ita
1168 2254 1264 2295 tota
1281 2249 1498 2304 Ecclesia,
1515 2252 1710 2306 quaeest
1727 2247 1977 2303 mysticum

101 2319 274 2365 corpus
293 2309 475 2365 Christi,
492 2315 790 2367 computatur
807 2312 942 2367 quasi
969 2324 1064 2356 una
1088 2323 1287 2368 persona
1315 2323 1422 2356 cum
1448 2324 1536 2356 suo
1567 2310 1730 2366 capite,
1752 2308 1876 2365 quod
1906 2312 1978 2354 est

104 2369 324 2414 Christus.
349 2370 508 2426 Tertio,
526 2384 609 2427 per
627 2372 819 2416 modum
838 2373 1113 2432 efficientiae,
1132 2374 1411 2429 inquantum
1428 2385 1537 2417 caro
1559 2370 1816 2416 secundum
1836 2382 1978 2427 quam

105 2431 309 2476 Christus
326 2433 589 2488 passionem
613 2433 850 2487 sustinuit,
873 2439 943 2479 est
974 2435 1335 2481 instrumentum
1371 2434 1639 2488 divinitatis,
1668 2445 1728 2477 ex
1749 2445 1842 2488 quo
1876 2432 1978 2489 ejus

104 2493 345 2550 passiones
375 2498 422 2538 et
452 2495 656 2539 actiones
687 2500 936 2552 operantur
964 2495 1015 2540 in
1040 2495 1212 2541 virtute
1243 2496 1403 2542 divina
1434 2497 1494 2541 ad
1524 2493 1850 2552 expellendum
1874 2506 1976 2550 pec-

102 2559 272 2600 oemm.

159 2616 224 2662 Ad
239 2619 437 2673 primm
447 2629 559 2675 ergo
576 2617 839 2673 dicendum,
852 2617 1096 2675 quodlicet
1107 2620 1314 2664 Christus
1330 2631 1424 2663 non
1442 2618 1503 2664 sit
1520 2630 1703 2676 passuS,
1720 2616 1975 2662 seeundum

105 2678 229 2736 quod
248 2682 385 2734 Deus,
401 2683 559 2725 tamen
581 2692 689 2726 caro
711 2680 813 2738 eJ'us
832 2686 906 2726 est
923 2681 1175 2727 divinitatis
1198 2682 1586 2735 instrumentum3
1614 2684 1660 2725 et
1680 2691 1740 2723 ex
1762 2679 1850 2723 hoc
1871 2691 1976 2735 pas-

101 2740 174 2784 sio
195 2740 298 2797 ejus
319 2741 457 2786 habet
482 2742 729 2799 quamdam
753 2743 957 2788 divinam
976 2743 1193 2788 virtutem
1215 2741 1475 2787 dimittendi
1496 2746 1699 2798 peccata,
1717 2744 1773 2785 ut
1802 2739 1976 2785 dictum

102 2801 255 2856 eston
282 2805 504 2859 corpore).

160 2863 225 2907 Ad
252 2864 495 2908 secundum
514 2863 781 2921 dicendum,
798 2865 931 2924 quod
951 2867 1108 2922 passio
1127 2865 1314 2922 Christi,
1348 2865 1455 2910 licet
1477 2865 1536 2909 sit
1554 2863 1820 2920 corporalis,
1840 2864 1976 2909 sorti-

103 2928 180 2969 tur
221 2928 377 2969 tamen
415 2925 665 2982 quamdam
697 2927 984 2984 spiritualem
1016 2928 1236 2973 virtutem
1268 2939 1326 2972 ex
1353 2926 1607 2981 divinitate,
1638 2925 1714 2969 cui
1743 2938 1850 2970 caro
1875 2925 1977 2983 ejus

103 2985 235 3030 unita
265 2990 335 3030 est
357 2990 409 3029 ut
441 2985 804 3032 instrumentum
825 3008 835 3032 :
872 2989 1129 3034 secundum
1169 2999 1313 3045 quam
1347 2987 1536 3044 quidem
1568 2987 1783 3031 virtutem
1820 2988 1976 3044 passio

104 3046 265 3092 Christi
287 3051 360 3092 est
378 3059 519 3091 causa
543 3048 831 3094 remissionis
848 3055 1162 3106 peccatorum.

158 3108 225 3153 Ad
258 3112 439 3152 tertium
469 3108 734 3166 dicendum,
761 3111 886 3167 quod
907 3112 1113 3157 Christus
1139 3113 1226 3157 sua
1247 3110 1464 3167 passione
1483 3122 1571 3154 nos
1589 3110 1617 3153 a
1639 3110 1838 3166 peccatis
1859 3109 1977 3156 libe-

141 3241 187 3281 Η)
209 3238 351 3279 vulgata
375 3239 474 3277 (vers.
498 3239 544 3280 9),
564 3237 635 3281 fide
659 3240 865 3282 varificans
883 3240 997 3274 corda
1079 3240 1262 3284 sanquine
1284 3241 1402 3284 ipsius
1419 3242 1573 3284 propter
1591 3242 1839 3276 remissionem
1865 3251 1965 3286 proe·

104 3299 240 3328 sorum,
253 3287 397 3322 tantum.
1080 3288 1284 3323 cedentium
1298 3288 1527 3329 delictorum,
1542 3291 1576 3323 et
1586 3289 1710 3331 Ephes.
1725 3299 1751 3333 ι,
1762 3289 1796 3330 7,
1814 3290 1981 3331 Colossi,-

143 3336 186 3377 (2)
201 3335 256 3370 Sic
274 3335 376 3369 etiam
400 3333 508 3376 (Rom.
531 3343 582 3374 111,
598 3335 651 3374 25)
671 3346 679 3368 ε
704 3335 911 3377 Jantifica'ti
925 3345 996 3379 per
1079 3337 1132 3376 M,
1150 3336 1255 3371 Hebr.
1275 3346 1324 3377 lx,
1342 3336 1395 3372 26.

102 3383 388 3427 redemptionem
404 3391 485 3426 quw
498 3386 548 3416 est
564 3383 606 3416 in
625 3382 771 3417 Christo
783 3382 876 3416 Jesu
892 3392 995 3427 quem
1123 3385 1165 3428 (5)
1182 3385 1325 3426 Vulgata
1345 3385 1623 3420 :Remittuntur
1639 3386 1686 3420 ei.

102 3432 296 3476 proposuit
312 3431 411 3466 Deus
434 3431 717 3474 propitiatorem
735 3440 804 3473 per
823 3430 931 3473 fidem
952 3432 993 3466 in
