2170 3808
964 267 1132 313 INDEX.
1897 272 2006 309 xvu

395 412 452 443 ΒΕ
474 409 688 442 mmsrms
715 408 913 446 cmvmu,
943 408 989 438 m
1017 407 1095 436 sex
1117 406 1364 437 Ani-munos.
1392 419 1439 426 —
1460 397 1630 444 Quaestio
1654 397 1715 437 19.

107 490 236 531 Utrum
252 487 418 530 sacerdos
439 484 570 533 legalis
595 483 718 522 claves
742 482 921 522 habuerit.

157 560 205 568 —
253 536 415 576 Christus
438 533 575 572 clavem
597 532 779 570 habuerit.

157 608 205 616 —
253 583 323 625 soli
345 581 553 623 sacerdotes
572 580 729 618 babeant
754 580 887 618 elaveS.

158 655 205 662 —
254 630 362 670 etiam
383 629 499 669 sancti
523 629 688 667 homines
714 638 786 667 non
809 627 1015 667 sacerdotes
1037 626 1159 665 claves
1181 625 1350 663 habeant.

158 701 206 712 --
255 679 340 717 mali
364 677 572 717 sacerdotes
594 687 698 714 usum
727 676 879 715 clavium
903 676 1076 713 babeant.
1307 721 1313 727 .

158 749 205 757 -
255 726 428 772 baeretici,
452 724 687 772 schismatici,
713 728 748 763 et
771 723 1071 764 excommunicati
1092 733 1197 760 usum
1224 722 1379 759 clavium
1400 723 1571 763 habeant.

267 831 321 860 ΒΕ
342 829 413 860 ms
434 829 480 859 ΙΝ
508 828 617 864 QUOS
640 829 745 859 usus
768 829 951 858 CLAva
980 827 1187 856 EXERCERI
1211 825 1379 862 POTEST,
1403 824 1450 852 ΙΝ
1477 823 1584 853 TRES
1605 821 1851 855 ARTICULOS.

928 875 1096 922 Quaestio
1123 876 1183 911 20.

107 952 234 991 Utrum
252 951 421 990 sacerdos
443 951 563 1000 possit
587 951 641 988 uti
667 951 781 996 clave,
808 960 912 998 quam
936 950 1057 993 habet,
1087 949 1125 985 in
1149 947 1350 996 quemlibet
1373 947 1571 986 hominem.

157 1022 203 1028 —-
255 999 423 1038 sacerdos
444 998 727 1055 possit-semper
751 1009 853 1052 suurn
878 998 1059 1036 subditum
1085 997 1287 1051 absolvere.

157 1069 203 1075 —-
253 1047 385 1097 aliquis
406 1051 460 1087 uti
482 1050 599 1097 possit
622 1047 785 1085 clavibus
804 1058 842 1083 in
866 1056 968 1083 suum
993 1055 1228 1094 superiorem.

621 1155 676 1183 ΒΕ
698 1154 1140 1183 EXCOMMUNICATIONE.
1169 1166 1216 1172 —
1241 1144 1410 1191 Quaestio
1432 1146 1495 1183 21.

107 1229 236 1269 Utrum
252 1232 460 1278 competens
478 1229 526 1267 sit
547 1228 707 1267 definitio
732 1228 1130 1266 excommunicationis.

155 1298 204 1305 —
253 1277 417 1316 Ecclesia
441 1277 571 1315 debeat
593 1277 750 1324 aliquem
774 1277 1098 1315 excommunicare.

154 1345 203 1354 --
251 1325 386 1374 aliquis
408 1335 472 1374 pro
495 1326 687 1374 temporali
715 1325 843 1362 damno
868 1325 996 1362 debeat
1019 1324 1335 1362 excommunicari.

125 1410 130 1424 ,
155 1392 204 1403 -
253 1373 575 1413 excommunicatio
598 1373 732 1421 injuste
756 1374 827 1410 lata
851 1374 982 1410 habeat
1004 1373 1160 1421 aliquem
1189 1372 1370 1411 effectum.

396 1476 454 1508 ms
479 1478 550 1508 ms
573 1478 648 1513 QUI
671 1479 860 1509 POSSENT
886 1478 1246 1508 EXCOMMUNICARE
1275 1478 1327 1508 ΕΤ
1354 1477 1719 1509 ExcouMUNICARI.

931 1526 1099 1572 Quaestio
1125 1528 1188 1565 22.

112 1609 239 1648 Utrum
259 1609 412 1658 quilibet
434 1609 602 1648 sacerdos
623 1610 742 1658 possit
763 1610 1086 1648 excommunicare.

160 1678 207 1685 —
256 1668 330 1695 non
356 1658 562 1695 sacerdotes
588 1658 896 1696 excommunicare
920 1658 1075 1706 possint.

158 1725 206 1733 —
256 1706 588 1743 excommunicatus
611 1707 668 1744 vel
691 1716 888 1753 suspensus
915 1707 1032 1755 possit
1055 1706 1164 1744 alium
1187 1706 1515 1745 excommunicare.

156 1773 204 1780 —
253 1754 387 1801 aliquis
408 1754 526 1802 possit
551 1754 724 1802 seipsum,
747 1755 805 1791 vel
827 1756 1016 1802 aequalem‚
1041 1755 1100 1794 vel
1122 1755 1345 1803 superiorem
1367 1754 1693 1793 excommunicare.

18 1880 52 1894 χ
76 1900 94 1905 ⁷-
421 1858 476 1886 ΒΕ
498 1857 842 1888 ΡΑΒΤῙΒΙΡΑΤΙΟΝΕ
866 1859 951 1889 cim
978 1859 1360 1889 excommunionis,
1387 1873 1434 1879 —
1452 1852 1619 1898 Quaestio
1642 1853 1703 1890 23.

112 1928 236 1967 Utrum
255 1931 566 1968 excommunicato
593 1931 701 1969 liceat
723 1932 986 1969 communicare
1009 1933 1045 1968 in
1068 1931 1158 1979 pure
1183 1931 1444 1980 corporalibus.

157 1998 207 2005 ——
253 1978 475 2031 participans
497 1979 806 2017 excommunicato
830 1981 878 2017 sit
901 1981 1247 2018 excommunicatus.

156 2042 205 2053 -·
251 2025 470 2110 particitpqre
497 2036 578 2064 cum
601 2027 911 2066 excommunicato
947 2028 985 2065 in
1021 2028 1162 2065 casibus
1199 2038 1272 2066 non
1308 2027 1507 2074 concessis,
1549 2037 1692 2076 semper
1734 2027 1784 2066 sit
1820 2028 2010 2076 peccatum

299 2082 377 2111 mor
395 2083 414 2110 a
431 2083 465 2110 e.

420 2178 476 2207 ΒΕ
496 2177 790 2208 ABSOLUTIONE
814 2179 867 2207 AB
891 2177 1338 2208 ExcoMMuchTmNE.
1361 2190 1408 2198 —
1436 2169 1608 2216 Quaestz'o
1633 2171 1694 2209 24.

107 2248 232 2288 Utrum
254 2251 406 2298 quilibet
428 2252 595 2290 sacerdos
616 2252 735 2300 possit
756 2253 938 2290 subditum
960 2264 1063 2291 suum
1087 2252 1131 2290 ab
1155 2253 1526 2291 excommunicatione
1551 2254 1718 2293 absolver
1743 2283 1753 2294 .

154 2318 201 2325 —-
250 2298 382 2346 aliquis
402 2300 520 2348 possit
543 2301 681 2338 absolvi
705 2301 856 2338 invitus.
1712 2325 1714 2329 -

153 2365 201 2373 —
251 2347 382 2396 aliquis
403 2347 520 2396 possit
541 2348 679 2387 absolvi
701 2349 746 2386 ab
774 2349 844 2387 una
864 2350 1250 2397 excommunicatione,
1277 2351 1348 2390 nisi
1371 2351 1578 2389 absolvatur
1603 2352 1646 2389 ab
1673 2351 1856 2390 omnibus.

515 2453 570 2483 ΒΕ
598 2454 889 2484 INDULGENTIA
914 2456 1141 2486 SECUNDUM
1169 2457 1230 2485 SE.
1260 2469 1305 2474 -
1331 2447 1502 2494 Quaestz‘o
1529 2450 1589 2485 25.

108 2523 231 2564 Utrum
251 2536 316 2612 peg
336 2527 596 2611 ilndulgentiam
619 2529 737 2578 possit
759 2530 893 2578 aliquid
916 2531 1051 2568 remitti
1075 2532 1118 2569 de
1143 2530 1249 2587 poeiia
1273 2530 1529 2569 satisfactoria.

155 2642 202 2649 -
251 2578 818 2672 tioutiinnsstiai?Ztub‘ss'miff‘ifeff}
836 2582 1326 2676 i‘ii‘ssiinini'iigffiiffnffl'

369 2730 425 2759 ΒΕ
455 2731 525 2760 ms
557 2730 631 2765 QUI
655 2733 842 2763 Possum·
863 2735 1195 2765 INDULGENTIAM·
1208 2736 1386 2767 FACERE.
1415 2749 1458 2755 —
1488 2729 1658 2776 Quaestio
1678 2730 1741 2770 26.

107 2799 233 2837 Utrum
253 2801 427 2856 Sacerdos
446 2805 664 2853 parochialis
685 2807 805 2855 possit
826 2807 1072 2856 indulgentias
1094 2810 1228 2848 facere.

155 2868 202 2875 —
251 2850 428 2904 Diaconus
450 2853 567 2900 possit
588 2854 831 2902 indulgentias
857 2855 989 2894 facere.

155 2915 202 2922 —-
251 2897 452 2952 Episcopus
474 2901 589 2955 possit
614 2901 859 2951 indulgentias
884 2904 1017 2943 facere.

154 2962 202 2970 —
251 2944 312 2982 ille
338 2956 401 2994 qui
422 2950 479 2985 est
499 2959 537 2985 m
561 2953 727 2997 peccato,
751 2952 868 3000 possit
888 2953 1133 3001 indulgentias
1152 2954 1291 2994 facere.

443 3050 498 3079 ΒΕ
523 3051 594 3081 ms
616 3053 769 3088 omnus
793 3056 961 3088 VALENT
987 3058 1304 3089 INDULGENTIAE.
1328 3071 1376 3079 —
1404 3050 1573 3099 Quaestz'o
1598 3053 1662 3091 27.

104 3119 229 3159 Utrum
250 3121 485 3170 indulgentiae
506 3124 652 3163 valeant
672 3128 914 3212 θιὶῇεζεηζίὴυε
936 3131 974 3168 in
996 3136 1145 3180 peccato
1168 3132 1324 3171 mortali.

150 3187 198 3196 —
425 3192 472 3200 —
665 3185 704 3212 re
721 3186 860 3223 1gios1s.

149 3235 198 3245 —
243 3217 365 3303 ieridqm
386 3228 460 3274 non
482 3220 569 3258 facit
591 3221 628 3259 id
646 3232 712 3277 pro
735 3234 806 3277 quo
828 3225 1056 3281 indulgentia
1078 3230 1195 3276 datur,
1218 3230 1363 3277 possint
1385 3233 1604 3281 quandoque
1625 3233 1862 3282 indulgentiae
1884 3232 1977 3273 dari.

146 3283 196 3292 —
306 3266 467 3315 ulgenua
488 3269 610 3307 valeat
634 3280 669 3307 ei
693 3281 755 3319 qui
783 3272 883 3313 facit.

519 3376 573 3405 ΒΕ
601 3377 788 3409 sonuum
815 3381 914 3411 Rrru
940 3382 1226 3416 POENITENTIAE.
1249 3397 1299 3407 —
1325 3377 1494 3426 Quaestio
1515 3381 1579 3418 28.

13 3465 22 3472 .
93 3440 219 3481 Utrum
244 3444 364 3492 aliqua
381 3447 597 3504 poenitentia
620 3451 751 3490 debeat
772 3453 964 3502 publicari,
987 3455 1046 3494 vel
1068 3455 1312 3498 solemnizari.

142 3510 191 3519 —
241 3493 413 3533 solemnis
436 3499 655 3550 poemtentia
681 3500 806 3539 iterari
828 3503 958 3551 possit.

152 3557 202 3568 -—
250 3541 470 3590 poenitentia
491 3545 666 3588 solemnis
691 3548 740 3589 sit
763 3549 983 3600 imponenda
1000 3553 1228 3596 mulieribus.
