2170 3808
736 243 932 295 QUAEST.
964 243 1032 297 w,
1061 241 1178 284 ΛΒΤ.
1208 241 1258 284 v.
1891 240 1945 283 65

59 329 119 375 De
141 339 290 384 agone
312 324 578 382 christiane,
599 335 700 379 cap.
722 326 811 379 18),
831 322 956 380 quod
979 340 998 360 «
1023 321 1268 366 invisibilis
1294 324 1340 366 et
1364 319 1754 366 incommutabilis
1774 319 1944 366 veritas

57 401 140 448 per
160 388 374 446 spiritum
399 385 626 444 animam,
650 389 697 429 et
726 397 810 441 per
829 385 1031 429 animam
1061 395 1247 440 corpus,
1271 387 1318 428 et
1346 382 1415 427 sic
1436 386 1583 427 totum
1608 381 1846 426 hominem
1866 394 1945 426 as-

58 443 272 508 sumpsit.
294 468 314 489 »
337 448 425 495 Sed
446 447 652 505 spirituS,
673 447 829 491 anima
850 451 896 491 et
917 457 1086 502 corpus
1109 449 1221 489 sunt
1248 449 1401 501 partes
1428 444 1568 489 totius
1589 443 1804 489 hominis.
1824 446 1944 501 Ergo

61 515 207 557 totum
229 508 501 567 assumpsit,
525 508 838 553 mediantibus
860 506 1084 564 partibuS.

112 576 155 619 2.
186 575 428 629 Praeterea,
453 570 558 616 ideo
588 571 727 615 Filius
754 570 833 615 Dei
865 581 1053 614 carnem
1082 567 1336 624 assumpsit
1368 567 1600 612 mediante
1627 568 1804 625 anima,
1835 567 1945 625 quia

60 635 212 680 anima
229 639 300 681 est
319 637 410 680 Deo
427 632 619 679 similior
633 632 774 689 quam
793 643 977 688 corpus,
997 629 1082 675 Sed
1102 636 1256 687 partes
1276 630 1492 674 humanae
1515 633 1707 686 naturae,
1722 630 1829 674 cum
1851 629 1946 675 sint

60 695 359 753 simpliciores
374 695 514 753 quam
533 707 718 751 corpuS,
734 694 952 739 videntur
966 704 1069 737 esse
1087 691 1330 736 similiores
1347 694 1456 746 De0,
1472 691 1550 747 qui
1569 695 1638 734 est
1656 690 1946 748 simplicissi-

59 768 181 814 mus,
199 757 339 815 quam
357 760 523 801 totum.
544 758 661 812 Ergo
680 755 936 812 assumpsit
956 758 1117 807 totum,
1135 752 1446 798 mediantibus
1465 751 1693 809 partibus.

112 821 155 864 3.
187 821 422 872 Praeterea,
448 822 596 862 totum
622 817 815 862 resultat
843 829 901 861 ex
925 816 1096 860 unione
1119 815 1337 872 partium.
1358 814 1445 859 Sed
1466 813 1578 858 unio
1602 812 1874 869 intelligitur
1895 819 1946 860 ut

60 881 283 931 terminus
307 880 663 937 assumptionis,
686 886 842 937 partes
866 883 1022 924 autem
1046 877 1464 935 praeintelliguntur
1481 874 1805 932 assumptioni.
1827 877 1946 933 Ergo

58 942 308 1000 assumpsit
329 946 476 988 totum
499 954 581 999 per
603 947 772 999 parteS.

114 1004 200 1049 Sed
229 1006 388 1048 contra
410 1008 481 1049 est
509 1004 630 1060 qued
662 1007 973 1048 Damascenus
995 1001 1105 1047 dicit
1132 1002 1271 1056 (Orth.
1295 1000 1374 1046 fid.
1401 999 1480 1044 lib.
1505 1013 1574 1055 111,
1597 1011 1698 1056 cap.
1723 1001 1795 1057 16,
1821 999 1946 1044 circa

58 1064 187 1121 fin.):
208 1082 228 1103 ιι
250 1068 301 1109 In
322 1065 515 1110 Domino
544 1069 702 1109 nostro
724 1067 831 1109 Jesu
852 1064 1027 1109 Christo
1050 1075 1142 1107 non
1170 1068 1326 1119 partes
1351 1061 1550 1118 partium
1577 1061 1840 1106 intuemur:
1862 1061 1946 1107 sed

57 1131 164 1184 quae
179 1126 388 1183 proxime
404 1131 762 1184 componuntur,
784 1126 830 1171 id
849 1131 935 1182 est,
955 1125 1176 1170 Deitatem
1196 1129 1241 1168 et
1261 1123 1612 1168 humanitatem.
1632 1141 1652 1162 »
1674 1122 1946 1170 Humanitas

59 1191 214 1233 autem
232 1193 304 1234 est
324 1188 558 1245 quoddam
577 1193 741 1244 toturn,
759 1187 885 1245 quod
903 1186 1196 1243 componitur
1214 1198 1271 1230 ex
1286 1186 1441 1230 anima
1459 1191 1506 1230 et
1521 1197 1727 1242 corpore,
1749 1185 1870 1230 sicut
1887 1197 1945 1230 ex

58 1249 283 1306 partibus.
303 1251 422 1306 Ergo
443 1250 581 1295 Filius
603 1250 677 1294 Dei
702 1249 955 1305 assumpsit
977 1253 1149 1306 partes,
1167 1248 1400 1293 mediante
1424 1252 1531 1292 toto.

105 1317 394 1358 CONCLUSIO.
412 1339 463 1347 —
482 1318 548 1358 Sic
572 1317 750 1357 Verbum
770 1316 840 1357 Dei
860 1320 994 1369 partes
1026 1315 1219 1356 humanae
1239 1319 1396 1356 naturae
1421 1315 1629 1356 mediante
1652 1317 1738 1355 toto
1763 1325 1947 1366 assump-

59 1371 157 1412 sisse
178 1370 344 1422 dicitur‚
366 1371 478 1424 quod
493 1371 842 1422 quemadmodum
859 1384 1002 1423 corpus
1025 1370 1271 1421 assumpsit,
1299 1375 1345 1411 ut
1366 1370 1417 1410 ad
1435 1371 1621 1410 animam
1639 1369 1868 1419 ordInatur,
1886 1369 1946 1410 ita

58 1428 323 1522 {ssumpsisse
345 1427 530 1468 animam
551 1431 589 1468 et
608 1438 753 1479 corpus
775 1428 949 1476 dicatur,
972 1430 1021 1467 ut
1038 1426 1285 1467 ordinantur
1306 1427 1358 1467 ad
1378 1430 1526 1476 totum,
1548 1426 1592 1466 id
1610 1424 1736 1466 estad
1752 1428 1946 1464 naturam

89 1492 303 1523 amanam.

112 1545 383 1602 Respondeo
402 1545 649 1591 dicendum
669 1545 810 1602 quod,
825 1545 931 1588 cum
954 1545 1123 1590 dicitur
1141 1544 1316 1601 aliquid
1334 1544 1539 1589 medinm
1560 1543 1607 1587 in
1629 1543 1946 1599 assumptione

59 1604 404 1662 incarnationis,
416 1619 510 1650 non
530 1605 801 1661 designatur
814 1606 928 1650 ordo
943 1605 1178 1662 temporis,
1193 1606 1303 1662 quia
1317 1605 1456 1649 simul
1471 1605 1592 1649 facta
1609 1609 1679 1648 est
1692 1604 1947 1661 assumptio

60 1667 199 1712 totius
221 1672 267 1712 et
291 1667 501 1712 omnium
529 1668 746 1724 partium.
781 1669 1028 1711 ostensum
1056 1671 1128 1712 est
1148 1667 1274 1712 enim
1303 1670 1406 1719 (art.
1436 1669 1462 1711 3
1495 1671 1542 1711 et
1569 1669 1596 1710 4
1621 1668 1794 1723 praee),
1822 1666 1948 1723 quod

61 1727 200 1773 simul
225 1729 380 1773 anima
407 1733 453 1773 et
475 1741 644 1785 corpus
666 1732 777 1773 sunt
799 1729 858 1774 ad
883 1729 1082 1773 invicem
1108 1728 1240 1773 unita
1264 1728 1322 1773 ad
1342 1728 1711 1772 constituendam
1730 1731 1947 1772 naturam

60 1787 311 1834 humanam
332 1791 379 1834 in
406 1791 568 1834 Verbo.
593 1791 868 1846 Designatur
883 1795 1038 1835 autem
1062 1791 1125 1835 ibi
1154 1791 1268 1836 ordo
1293 1795 1487 1835 naturae.
1508 1790 1634 1835 Unde
1653 1802 1735 1846 per
1755 1789 1802 1834 id
1822 1789 1947 1846 quod

45 1855 134 1911 *est
158 1851 289 1907 prius
310 1851 358 1895 in
390 1856 576 1906 natura,
605 1852 857 1895 assumitur
886 1852 934 1896 id
955 1853 1079 1908 quod
1109 1858 1180 1897 est
1206 1852 1452 1909 posterius.
1483 1854 1562 1896 Est
1593 1857 1746 1896 autem
1773 1850 1949 1907 aliquid

62 1911 193 1967 prius
215 1912 262 1956 in
285 1917 450 1956 natura
468 1912 712 1968 dupliciter
728 1927 738 1953 ε
754 1923 851 1956 uno
874 1913 1013 1957 modo
1035 1925 1094 1957 ex
1115 1918 1244 1969 parte
1266 1913 1461 1969 agensss,
1481 1913 1571 1957 alio
1585 1913 1724 1957 modo
1741 1925 1799 1956 ex
1819 1916 1949 1968 parte

62 1973 266 2019 materiae
281 1988 295 2017 =
314 1974 386 2018 hae
411 1974 538 2018 enim
567 1974 672 2018 duae
696 1986 851 2018 causae
871 1974 1173 2030 praeexistunt
1203 1975 1284 2020 rei.
1307 1977 1373 2018 Ex
1398 1979 1529 2031 parte
1552 1974 1740 2031 quidem
1769 1974 1948 2029 agentis

63 2038 134 2079 est
154 2033 424 2091 simpliciter
445 2034 646 2091 primum
669 2035 785 2080 illud
804 2035 928 2092 quod
948 2036 1096 2092 primo
1119 2036 1242 2081 cadit
1265 2036 1321 2080 in¹
1336 2036 1437 2092 ejus
1461 2036 1736 2090 intentione,
1764 2035 1847 2080 sed
1871 2048 1950 2081 se-

62 2095 269 2141 cundum
291 2096 405 2152 quid
429 2097 559 2152 prius
578 2101 649 2140 est
668 2096 779 2141 illud
803 2096 830 2140 a
848 2109 941 2153 quo
961 2098 1122 2153 incipit
1144 2099 1245 2154 eJus
1263 2098 1467 2153 operatio
1488 2111 1500 2140 :
1522 2102 1567 2141 et
1587 2097 1676 2141 hoc
1703 2096 1823 2153 ideo,
1839 2098 1950 2154 quia

61 2157 254 2202 intentio
271 2162 342 2202 est
366 2159 491 2215 prior
509 2159 791 2214 operatione.
809 2161 874 2202 Ex
892 2163 1022 2215 parte
1039 2159 1148 2203 vero
1165 2159 1368 2203 materiae
1387 2164 1458 2203 est
1475 2159 1676 2214 primum
1693 2158 1806 2203 illud
1824 2161 1950 2216 quod

62 2219 191 2276 prius
218 2219 374 2264 existit
406 2219 452 2263 in
488 2220 874 2265 transmutatione
906 2221 1125 2265 materiae.
1156 2224 1205 2264 In
1237 2221 1554 2265 incarnatione
1587 2225 1742 2265 autem
1771 2226 1950 2277 oportet

52 2281 264 2326 'maxime
284 2282 522 2327 attendere
548 2282 757 2327 ordinem
776 2283 855 2339 qui
882 2288 953 2327 est
980 2296 1039 2327 ex
1065 2287 1194 2340 parte
1218 2283 1398 2339 agentis
1417 2298 1427 2326 :
1445 2284 1570 2340 quia,
1590 2288 1643 2326 ut
1663 2284 1949 2339 Augustinus

63 2341 174 2387 dicit
190 2343 254 2396 (in
274 2344 407 2399 epist.
426 2344 485 2387 ad
509 2343 820 2397 Volusianum,
836 2348 935 2402 137,
956 2345 1015 2389 al.
1033 2347 1076 2402 3,
1097 2348 1204 2389 ante
1225 2345 1381 2400 med),
1401 2363 1420 2383 «
1440 2345 1488 2388 in
1506 2345 1673 2389 talibus
1696 2346 1836 2390 rebus
1853 2351 1950 2391 tota

63 2404 181 2449 ratio
208 2404 316 2448 facti
339 2409 410 2449 est
433 2405 636 2461 potentia
655 2405 882 2450 facientis.
905 2424 925 2443 »
954 2406 1243 2451 Manifestum
1272 2411 1428 2451 autem
1450 2411 1521 2451 est
1548 2407 1671 2463 quod
1691 2408 1950 2453 secundum

65 2465 366 2511 intentionem
383 2466 595 2511 facientis
613 2467 743 2523 prius
761 2471 833 2513 est
847 2469 1127 2524 completum
1146 2470 1287 2526 quam
1306 2469 1658 2525 incompleturn,
1676 2475 1722 2515 et
1742 2483 1824 2527 per
1839 2483 1949 2515 con-

65 2539 268 2584 sequens
289 2532 436 2573 totum
455 2528 594 2585 quam
615 2533 784 2585 partes.
804 2554 856 2562 —
873 2532 927 2574 Et
948 2530 1051 2575 ideo
1067 2530 1316 2575 dicendum
1333 2532 1540 2588 estquod
1555 2532 1754 2576 Verbum
1775 2533 1851 2578 Dei
1872 2546 1950 2578 as-

66 2588 265 2646 sumpsit
295 2594 451 2646 partes
484 2591 701 2634 humanae
737 2596 937 2647 naturae,
970 2592 1203 2637 mediante
1234 2597 1366 2637 toto:
1393 2593 1514 2637 sicut
1543 2593 1667 2637 enim
1699 2596 1951 2652 assumpsit

67 2661 236 2707 corpus
251 2654 439 2707 propter
452 2651 662 2696 ordinem
681 2663 819 2708 quem
843 2653 981 2697 habet
1001 2654 1060 2698 ad
1083 2655 1286 2698 animam
1304 2654 1597 2710 rationalem3
1617 2655 1680 2699 ita
1698 2657 1952 2712 assumpsit

67 2722 236 2768 corpus
249 2717 295 2756 et
312 2713 514 2756 animam
532 2718 718 2770 propter
731 2715 941 2759 ordinem
957 2727 1095 2772 quem
1115 2716 1288 2760 habent
1306 2717 1363 2761 ad
1381 2717 1634 2760 humanam
1655 2722 1883 2762 naturam.

121 2773 188 2819 Ad
213 2776 412 2830 primum
442 2787 552 2831 ergo
577 2775 848 2831 dicendum,
874 2777 999 2833 quod
1032 2790 1091 2822 ex
1114 2778 1268 2823 verbis
1297 2779 1389 2823 illis
1418 2778 1532 2822 nihil
1559 2779 1685 2825 aliud
1714 2780 1850 2825 datur
1881 2780 1950 2824 in-

70 2833 234 2890 telligi,
259 2834 348 2879 nisi
370 2835 494 2892 quod
515 2837 711 2882 Verbum
741 2840 1023 2884 assumendo
1052 2846 1207 2896 partes
1234 2841 1452 2886 humanae
1484 2845 1677 2898 naturae,
1701 2842 1951 2898 assumpsit

69 2897 212 2938 totam
232 2895 482 2940 humanam
505 2903 737 2943 naturam.
764 2902 818 2944 Et
839 2900 907 2944 sic
929 2902 1184 2957 assumptio
1212 2902 1412 2957 partium
1441 2907 1512 2947 est
1532 2902 1657 2958 prior
1674 2901 1723 2946 in
1746 2903 1820 2946 via
1841 2914 1951 2959 ope-

69 2955 262 3000 rationis
280 2957 340 3011 (1)
362 2958 620 3015 intellectu,
643 2972 736 3005 non
759 2966 986 3019 tempore,
1011 2964 1266 3020 assumptio
1289 2969 1443 3008 autem
1470 2969 1646 3008 naturae
1668 2968 1739 3008 est
1760 2965 1883 3021 prior
1903 2965 1952 3011 in

69 3016 144 3060 via
163 3016 440 3116 'intentionis
466 3033 478 3062 ε
501 3019 626 3075 quod
654 3026 726 3066 est
753 3034 856 3067 esse
884 3024 1014 3080 prius
1038 3024 1322 3080 simpliciter,
1347 3029 1401 3069 ut
1429 3024 1604 3069 dictum
1636 3030 1708 3069 est
1737 3025 1798 3077 (in
1820 3039 1946 3083 corp.

68 3084 192 3134 art„

123 3142 189 3185 Ad
206 3143 451 3185 secundum
470 3142 737 3200 dicendum,
759 3147 882 3202 quod
902 3150 1022 3192 Deus
1042 3148 1104 3191 ita
1121 3152 1192 3192 est
1214 3147 1432 3205 simplex,
1453 3148 1578 3206 quod
1596 3148 1733 3193 etiam
1755 3154 1827 3194 est
1846 3162 1950 3207 per-

67 3202 349 3307 ΐεοῐὶεείξηυέ
368 3216 379 3245 z
401 3206 446 3247 et
470 3203 574 3247 ideo
599 3208 743 3249 totum
765 3211 837 3251 est
861 3209 1011 3265 magis
1034 3208 1182 3252 simile
1204 3211 1295 3253 Deo
1317 3208 1456 3267 quam
1481 3214 1653 3268 partes,
1672 3211 1951 3267 inquantum

67 3274 139 3308 est
159 3275 240 3320 per
260 3276 312 3308 ec
334 3276 420 3308 lus.

50 3332 56 3340 ·
121 3325 188 3370 Ad
209 3328 392 3369 tertium
412 3325 682 3384 dicendum,
706 3328 832 3385 quod
851 3330 961 3375 unio
981 3332 1236 3387 personalis
1254 3337 1325 3377 est
1343 3333 1402 3378 ad
1421 3346 1562 3390 quam
1582 3333 1855 3378 terminatur
1872 3344 1951 3377 as-

67 3386 291 3443 sumptio,
313 3399 406 3430 non
429 3391 584 3432 autem
603 3390 714 3434 unio
738 3396 928 3448 naturae,
946 3405 1050 3448 quae
1067 3394 1260 3438 resultat
1283 3407 1340 3439 ex
1359 3395 1688 3452 conjunctione
1705 3393 1919 3450 partium.

108 3475 149 3518 (Ι)
172 3475 257 3517 Quia
272 3476 454 3511 secundum
471 3477 558 3514 viam
578 3480 800 3520 generationis
818 3488 874 3516 aut
893 3481 1097 3517 executionis
1115 3487 1228 3526 partes
1239 3488 1318 3519 sunt
1332 3484 1463 3526 priores
1478 3486 1562 3519 toto.

289 3547 348 3580 w.
1728 3534 1750 3573 3
