2170 3808
202 200 284 242 344
779 196 977 248 QUAEST.
1009 175 1268 251 xi,1‚'A1rr.
1298 197 1336 240 11
1361 197 1428 240 ET
1455 199 1525 243 111.

200 280 410 324 Christus
432 279 603 324 ductus
620 281 693 323 est
714 277 763 321 in
783 277 1019 322 desertum
1048 277 1074 320 a
1098 277 1286 333 Spiritu,
1323 278 1406 324 sed
1436 296 1457 316 «
1477 291 1642 323 omnes
1668 276 1748 323 filii
1773 279 1850 324 Dei
1873 279 2097 327 babentes

202 341 423 398 Spiritum
458 345 703 396 sanctumt,
740 352 835 384 non
858 339 984 384 enim
1025 343 1137 383 sunt
1159 339 1366 384 contenti
1403 341 1566 386 sedere
1599 340 1765 385 otiosi:
1799 342 1882 386 sed
1903 342 2096 398 Spiritus

202 407 394 448 sanctus
413 407 549 457 urget
569 414 650 447 eos
672 401 859 458 aliquod
878 413 1103 458 magnum
1127 401 1473 457 apprehendere
1504 415 1648 460 opus;
1673 403 1801 459 quod
1829 407 2023 449 estesse
2046 405 2096 450 in

202 465 384 509 deserto
409 468 639 521 quantum
660 464 716 509 ad
738 463 991 518 diabolum,
1018 463 1128 519 quia
1152 475 1245 507 non
1267 468 1339 507 est
1358 462 1421 507 ibi
1441 464 1685 522 injustitia,
1706 464 1753 508 in
1775 477 1869 521 qua
1886 464 2097 510 diabolus

201 525 472 570 delectatur.
498 527 644 571 Omne
667 525 807 570 etiam
840 525 1016 569 bonum
1050 537 1170 581 opus
1202 529 1273 569 est
1294 524 1547 583 desertum,
1577 530 1804 583 quantum
1827 526 1887 571 ad
1909 538 2097 572 carnem

200 591 247 631 et
269 587 527 644 mundum3
548 588 658 645 quia
679 600 772 632 non
790 592 862 632 est
881 587 1140 632 secundum
1161 587 1450 632 voluntatem
1469 589 1622 633 carnis
1638 593 1683 633 et
1697 587 1877 633 mundi.
1897 607 1918 628 »
1944 588 2097 633 Talem

199 655 358 695 autem
377 651 670 696 occasionem
695 649 967 698 tentationis
988 649 1098 694 dare
1114 649 1298 694 diabolo
1316 661 1411 694 non
1424 658 1495 695 est
1509 651 1842 707 periculosum,
1868 650 1977 707 quia
1995 662 2098 695 ma-

200 711 274 769 gis
296 717 368 757 est
386 712 634 757 consilium
667 711 864 769 Spiritus
879 711 1046 765 sancti,
1063 711 1144 768 qui
1169 718 1241 757 est
1257 711 1449 768 perfecti
1467 712 1622 768 operis
1643 717 1822 770 auctor,
1846 712 1988 769 quam
2007 711 2096 756 im-

200 774 426 831 pugnatio
453 774 623 820 diaboli
643 773 907 818 invidentis.

254 836 321 881 Ad
345 840 531 880 tertium
562 835 829 891 dicendum,
874 834 1000 892 quod
1022 835 1212 892 quidam
1250 834 1412 880 dicunt
1447 848 1612 881 omnes
1645 836 1922 881 tentationes
1951 836 2100 882 factas

199 897 345 942 fuisse
366 897 413 941 in
431 897 643 952 desert03
664 908 866 953 quorum
886 897 1076 953 quidam
1099 897 1262 941 dicunt
1279 896 1405 953 quod
1418 897 1625 942 Christus
1640 898 1810 942 ductus
1831 897 1966 941 estin
1985 910 2096 942 san-

200 964 322 1004 ctam
343 960 576 1004 civitatem
601 973 693 1004 non
724 960 930 1015 realiter,
954 959 1039 1004 sed
1069 959 1325 1005 secundum
1356 959 1679 1016 imaginariam
1710 960 1967 1006 visionem:
1994 960 2096 1016 qui-

199 1021 306 1066 dam
326 1027 482 1066 autem
502 1022 665 1066 dicunt
684 1021 810 1079 quod
832 1022 972 1066 etiam
1002 1021 1104 1078 ipsa
1137 1020 1300 1066 civitas
1326 1027 1505 1079 sancta,
1528 1021 1578 1066 id
1599 1026 1687 1077 est,
1714 1021 1986 1079 Jerusalem,
2017 1022 2095 1067 de-

198 1087 376 1127 sertum
398 1083 582 1141 dicitur,
614 1084 724 1141 quia
742 1089 840 1129 erat
869 1084 1089 1129 derelicta
1109 1083 1137 1127 a
1169 1085 1275 1128 Deo.
1313 1084 1401 1128 Sed
1436 1084 1525 1128 hoc
1557 1095 1652 1128 non
1671 1090 1742 1128 est
1762 1083 2094 1142 necessarium,

199 1145 308 1202 quia
327 1148 504 1190 Marcus
527 1146 639 1191 dicit
664 1147 790 1204 qued
811 1146 860 1191 in
895 1146 1078 1191 deserto
1104 1146 1373 1191 tentabatur
1393 1145 1422 1190 a
1455 1145 1663 1203 diabolo,
1691 1158 1787 1190 non
1810 1150 1965 1191 autem
1984 1146 2095 1192 dicit

197 1206 323 1264 quod
354 1208 505 1252 solum
530 1208 575 1252 in
599 1208 799 1253 desertO.

224 1279 568 1321 ARTICULUS
598 1280 680 1321 ΙΙΙ.
699 1301 757 1310 -
779 1290 914 1321 urium
937 1289 1102 1321 cums‘rt
1126 1290 1333 1321 ‘rnn‘rrrto
1357 1291 1559 1321 naumann·
1597 1291 1698 1322 essa
1727 1290 1830 1322 Posi·
1859 1291 2065 1323 mmmmm.

250 1345 316 1390 Ad
343 1346 529 1391 tertium
552 1346 619 1390 sic
645 1346 926 1403 proceditur.
947 1349 990 1390 1.
1013 1345 1199 1390 Videtur
1219 1346 1342 1402 quod
1365 1345 1526 1390 Christi
1552 1346 1743 1391 tentatio
1762 1359 1856 1391 non
1883 1347 2095 1393 debuerit

197 1418 301 1452 esse
328 1412 434 1463 post
452 1408 705 1464 {jejunium
732 1408 914 1452 Dictum
943 1407 1069 1452 enim
1093 1413 1165 1452 est
1187 1421 1330 1464 supra
1363 1408 1545 1464 (quaest.
1580 1421 1717 1464 praec.
1752 1414 1837 1454 art.
1878 1411 1936 1464 2),
1968 1410 2094 1466 quod

197 1468 426 1514 Christum
444 1483 536 1514 non
553 1470 749 1514 decebat
779 1469 1147 1513 conversationis
1172 1470 1435 1514 austeritas.
1463 1469 1550 1514 Sed
1580 1471 1797 1514 maximae
1813 1471 2094 1516 austeritatis

196 1531 344 1576 fuisse
366 1533 552 1578 videtur
568 1532 693 1589 quod
717 1531 1026 1589 quadraginta
1046 1531 1211 1576 diebus
1239 1537 1287 1576 et
1310 1532 1619 1589 quadraginta
1642 1532 1859 1577 noctibus
1886 1533 1999 1578 nihil
2020 1546 2095 1578 co—

196 1594 418 1650 mederit3
450 1595 517 1639 sic
537 1595 661 1639 enim
702 1594 976 1651 intelligitur
1006 1593 1314 1650 quadraginta
1335 1593 1500 1639 diebus
1523 1599 1570 1639 et
1596 1594 1813 1639 noctibus
1836 1594 2092 1655 JeJunasse,

196 1655 305 1711 quia
338 1656 515 1702 scilicet
550 1674 570 1695 ιι
590 1656 637 1701 in
662 1656 752 1701 illis
777 1657 942 1700 diebus
966 1655 1146 1700 nullum
1168 1656 1360 1700 omnino
1394 1655 1551 1700 cibum
1575 1657 1791 1714 sumpsit,
1810 1676 1830 1696 »
1852 1663 1906 1702 ut
1927 1659 2094 1715 Grego-

196 1718 296 1761 rius
312 1718 422 1763 dicit
436 1720 578 1773 (hom.
599 1733 667 1763 xv1
695 1719 740 1763 in
764 1721 940 1775 Evang.
965 1719 1087 1763 circa
1106 1718 1268 1772 med).
1287 1721 1407 1775 Ergo
1426 1730 1523 1762 non
1537 1718 1720 1763 videtur
1737 1719 1862 1776 quod
1886 1719 2094 1766 debuerit

196 1779 464 1836 hujusmodi
484 1781 716 1837 jernium
741 1781 983 1825 tentationi
1005 1779 1300 1837 praemittere.

251 1845 294 1885 2.
327 1844 552 1887 Praeterea
569 1842 726 1896 (Marci
750 1856 780 1896 1,
809 1845 899 1898 13),
920 1842 1089 1888 dicitur
1112 1842 1238 1899 quod
1260 1845 1429 1886 eratin
1456 1844 1635 1887 deserto
1658 1844 1970 1900 quadraqinta
1995 1845 2093 1890 die-

196 1904 274 1947 bus
298 1909 344 1947 et
367 1906 681 1961 quadraqinta
707 1906 925 1960 noctz'bus,
957 1909 1001 1947 et
1018 1906 1283 1948 tentabatur
1303 1906 1541 1949 asaiam.
1564 1906 1651 1950 Sed
1669 1906 1979 1962 quadraginta
1993 1907 2093 1953 die-

195 1964 286 2010 bus
308 1971 356 2011 et
384 1967 693 2024 quadraginta
717 1967 930 2011 noctibus
944 1967 1190 2024 Jejunavit.
1220 1970 1339 2024 Ergo
1359 1968 1542 2013 videtur
1575 1967 1699 2025 quod
1720 1980 1813 2012 non
1849 1975 1954 2027 post
1967 1969 2093 2027 Jeju-

197 2028 346 2086 nium,
370 2030 452 2074 sed
476 2030 615 2075 simul
638 2030 750 2074 dum
761 2030 1013 2088 Jernaret‚
1039 2030 1098 2074 sit
1127 2034 1331 2075 tentatus
1349 2030 1377 2074 a
1395 2030 1593 2075 diabolo.

251 2094 294 2136 3.
325 2094 564 2149 Praeterea,
603 2093 812 2137 Christus
836 2105 928 2137 non
952 2093 1122 2149 legitur
1149 2093 1236 2137 nisi
1261 2093 1672 2149 semeljejunasse.
1695 2093 1783 2138 Sed
1815 2106 1910 2138 non
1940 2094 2090 2140 solum

195 2154 339 2198 semel
358 2155 444 2199 suit
463 2160 671 2200 tentatus
688 2156 715 2197 a
729 2155 938 2210 diabolo;
962 2155 1131 2200 dicitur
1150 2155 1276 2199 enim
1303 2155 1428 2210 (Luc.
1451 2169 1511 2209 iv,
1531 2156 1619 2209 13),
1641 2154 1766 2211 quod
1782 2160 2092 2200 consummata

195 2218 318 2258 omni
340 2219 603 2274 tentatione,
625 2217 836 2260 diabolus
855 2221 1038 2260 recessit
1061 2218 1118 2259 ab
1150 2217 1231 2259 illo
1260 2230 1397 2273 usque
1418 2217 1483 2260 ad
1517 2220 1705 2273 tempus.
1739 2217 1864 2261 Sicut
1880 2229 1992 2274 ergo
2014 2230 2092 2264 se-

195 2277 362 2321 cundae
385 2278 623 2323 tentationi
655 2291 748 2322 non
779 2279 1002 2336 praemisit
1018 2278 1280 2336 Jejunium,
1306 2279 1370 2322 ita
1398 2290 1484 2323 nec
1517 2278 1680 2335 primae
1700 2278 1981 2335 praemittere
2012 2279 2092 2325 de-

196 2337 312 2382 buit.

253 2400 340 2444 Sed
364 2405 524 2444 contra
550 2406 622 2446 est
643 2402 769 2458 quod
793 2401 960 2447 dicitur
991 2402 1160 2455 (Matth.
1185 2416 1246 2459 iv,
1275 2404 1347 2461 2):
1387 2403 1766 2458 Cri-mJeJunasset
1779 2405 2090 2460 quadraqinta

196 2462 351 2505 diebus
388 2467 430 2506 et
459 2463 769 2520 quadraqinta
799 2464 1016 2521 noctibus,
1047 2467 1206 2520 postea
1235 2466 1395 2507 esuriit
1418 2479 1432 2505 .-
1465 2467 1510 2507 et
1538 2468 1643 2507 tunc
1676 2468 1865 2507 accessit
1905 2467 1971 2509 ad
1992 2480 2090 2511 eum

197 2529 410 2570 tentator.

243 2595 535 2635 CONCLUSIO.
552 2618 601 2623 —
614 2575 910 2635 convenienter
924 2594 1112 2634 Christus
1132 2598 1221 2645 post
1233 2594 1442 2647 jejunium
1457 2595 1605 2635 tentari
1624 2580 1773 2644 voluit,
1789 2596 1840 2636 ad
1856 2599 2090 2650 exemplum
2162 2630 2168 2645 ,

195 2653 234 2690 et
248 2650 561 2690 instructionem
583 2654 780 2700 nostram,
802 2655 848 2690 ut
871 2650 1049 2690 humiles
1068 2661 1153 2690 esse
1170 2650 1392 2699 discamus,
1407 2650 1503 2691 cum
1519 2651 1564 2690 in
1582 2651 1701 2691 nobis
1716 2651 1876 2704 aliquid
1894 2652 1989 2693 boni
2004 2665 2089 2695 esse
2151 2687 2165 2694 -

194 2716 484 2756 conspicimus.

249 2762 520 2819 Respondeo
543 2761 793 2808 dicendum
816 2762 940 2819 quod
958 2761 1288 2807 convenienter
1312 2762 1520 2807 Christus
1539 2767 1644 2818 post
1666 2762 1898 2819 jejunium
1922 2768 2088 2810 tentari

199 2824 357 2869 voluit.
382 2824 532 2868 Primo
559 2826 747 2881 quidem
774 2831 963 2882 propter
983 2824 1247 2881 exemplum
1269 2839 1280 2867 :
1306 2824 1415 2880 quia
1444 2828 1552 2869 cum
1588 2825 1823 2881 omnibus,
1854 2826 1976 2871 sicut
1998 2826 2088 2872 dic·

198 2891 296 2932 tum
314 2892 386 2931 est
403 2890 505 2941 (art.
530 2890 551 2931 1
579 2888 676 2944 huj.
702 2891 904 2944 quaest.),
923 2887 1163 2931 immineat
1180 2899 1231 2931 se
1257 2891 1416 2931 contra
1442 2887 1723 2931 tentationes
1743 2887 1877 2943 tueri,
1902 2900 1984 2945 per
2002 2890 2088 2934 hoc

196 2949 321 3004 quod
344 2950 442 3005 ipse
462 2955 570 2995 ante
597 2951 902 2995 tentationem
933 2950 1138 2994 futuram
1160 2949 1404 3005 jeiunavit,
1426 2950 1583 2995 docuit
1607 2949 1730 3007 quod
1752 2962 1834 3007 per
1857 2951 2086 3008 jernium

198 3022 283 3054 nos
303 3017 482 3067 oportet
501 3018 662 3056 contra
683 3013 959 3057 tentationes
975 3011 1160 3055 armari.
1189 3010 1318 3056 Unde
1339 3011 1458 3055 inter
1487 3024 1617 3055 arma
1634 3011 1828 3069 justitiae
1843 3013 2086 3069 Apostolus

196 3071 369 3129 ieiunia
391 3081 698 3119 connumerat
714 3078 780 3129 (ll.
807 3074 1007 3119 Corinth.
1027 3076 1085 3129 vi)
1109 3075 1180 3128 (i).
1207 3073 1434 3130 Secundo,
1450 3079 1502 3118 ut
1522 3074 1787 3119 ostenderet
1805 3074 1931 3131 quod
1949 3074 2084 3120 etiam

194 3133 460 3192 jejunantes
482 3136 697 3182 diabolus
717 3137 982 3193 aggreditur
1009 3136 1069 3180 ad
1089 3136 1380 3192 tentandum,
1407 3137 1527 3180 sicut
1553 3136 1669 3180 alios
1688 3136 1765 3191 qui
1786 3136 1923 3180 bonis
1938 3136 2087 3194 operi-

196 3196 288 3241 bus
310 3203 505 3254 vacant,
532 3206 579 3243 et
598 3199 702 3244 ideo
719 3201 840 3244 sicut
861 3205 966 3256 post
987 3199 1289 3256 baptismum,
1306 3199 1370 3243 ita
1392 3204 1497 3256 post
1513 3198 1746 3255 jejunium
1761 3199 1966 3245 Christus
1987 3205 2086 3246 ten-

198 3263 336 3304 tatur.
351 3260 477 3304 Unde
490 3262 849 3318 Chrysostomus
865 3262 997 3316 dicit(
1002 3265 1146 3318 Super
1157 3263 1417 3307 Matthaeum
1435 3262 1560 3306 hcm.
1571 3274 1659 3317 xm,
1677 3273 1842 3318 parum
1856 3261 2083 3319 apriiic.):

238 3359 283 3400 (Ι)
301 3357 358 3391 Sic
377 3358 467 3391 enim
490 3358 535 3391 ibi
562 3360 662 3399 (vers.
677 3361 712 3400 li)
735 3371 743 3392 :
763 3360 1011 3394 Exhibeamus
1033 3370 1098 3394 nos
1186 3365 1259 3399 post
1284 3371 1293 3394 :
1310 3360 1383 3393 Per
1400 3369 1508 3394 arma
1522 3357 1686 3401 justitia·
1709 3359 1733 3393 ὰ
1763 3358 1908 3394 dextris
1926 3362 1960 3393 et
1977 3358 2083 3393 sinis-

196 3407 293 3442 sicuc
318 3406 385 3440 Dei
409 3406 600 3441 ministros
627 3408 669 3441 in
699 3408 816 3441 multa
835 3408 1038 3450 patientia,
1058 3409 1100 3442 in
1185 3408 1268 3443 tris.

196 3455 352 3495 vieiliis.
379 3456 422 3489 in
448 3455 621 3495 jeiuniis.
649 3459 714 3488 etc.
745 3455 833 3489 Tum
862 3455 986 3489 deinde
1001 3454 1100 3494 paule>
