2170 3808
80 0 395 35 Ψῆᾰῆτ-ῖῆ-ςψῖψῑτὲῑω
405 0 466 39 ⁷5:³³2.v
560 0 564 6 ’
585 0 609 22 ’τε
631 8 641 26 ,π
897 9 899 11 ·
924 0 925 3 ’
993 4 1003 13 ’ν

329 291 345 311 “
824 273 1231 386 INDEX

330 509 639 585 TERTIAE
677 507 959 580 PARTIS
996 505 1294 579 SUMMAE
1333 504 1400 575 S.
1443 503 1737 575 THOMAE

86 686 164 738 QUI
187 685 275 725 EST
294 683 473 726 OMNIUM
492 679 798 729 QUAESTIONUM
826 679 934 725 QUAE
962 678 1010 716 IN
1037 678 1097 717 EA
1128 677 1281 716 PARTE
1309 676 1641 723 EXPLICANTUR,
1665 658 1874 717 SERVA'TO
1902 673 1979 720 EO,

669 742 748 789 QUI
774 741 822 780 IN
850 739 1061 781 AUCTORE
1087 738 1190 786 EST,
1217 738 1400 778 ORDINE.

333 1038 390 1070 nn
413 1029 734 1093 convipmnnm
757 1033 1091 1065 memma-rmum
1115 1032 1300 1062 cnmsn.
1324 1044 1372 1051 —
1394 1023 1565 1071 Quaestio
1581 1025 1734 1073 prima.

87 1113 215 1156 Utrum
231 1116 345 1162 Deum
364 1112 547 1167 incarnari
566 1098 679 1152 fuerit
695 1109 930 1165 conveniens.
1173 1157 1180 1164 ι
1430 1157 1438 1165 .

134 1183 181 1197 -.
287 1178 289 1181 v
319 1169 323 1187 ⁶
358 1156 367 1200 1
426 1182 475 1210 -,-
635 1183 642 1209 ,
690 1167 935 1205 necessarlum
958 1157 1003 1195 ad
1024 1159 1292 1207 reparationem
1315 1167 1461 1206 generis
1486 1157 1651 1197 humani.

135 1233 183 1243 --
233 1211 267 1252 si
291 1202 338 1250 nb
383 1183 516 1261 fuisset
537 1209 739 1257 peccatum,
763 1207 857 1245 Deus
881 1205 1011 1244 fuisset
1032 1207 1256 1260 incarnatus.

137 1281 185 1290 -
232 1219 475 1314 princffalius
497 1256 546 1296 sit
566 1257 774 1295 incarnatus
796 1255 840 1293 ad
864 1254 1065 1293 tollendum
1092 1254 1269 1301 originale
1294 1257 1483 1302 peccatum
1507 1255 1616 1303 quam
1637 1254 1794 1296 actuale.

136 1329 185 1337 -—
235 1307 458 1351 conveniens
481 1301 593 1352 fuerit
610 1305 727 1343 Deum
746 1302 928 1341 incarnari
954 1302 975 1341 a
999 1302 1178 1352 principio
1201 1303 1339 1340 mundi.

139 1375 189 1387 -
236 1355 320 1405 ejus
337 1353 541 1395 lucarnatio
564 1351 698 1402 differri
720 1351 884 1397 debuerit
904 1361 1020 1400 usque
1042 1352 1088 1390 ad
1105 1351 1212 1389 finem
1236 1351 1376 1389 mundi.

200 1462 257 1494 nn
279 1461 398 1494 nono
424 1435 615 1493 umoms'
627 1458 757 1490 vnum
776 1458 1007 1489 memma-121
1032 1457 1176 1493 Quoan
1198 1458 1325 1487 iesu
1351 1457 1561 1490 emonem.
1587 1470 1637 1480 -
1659 1449 1827 1497 Quaestz'o
1847 1451 1887 1490 2.

91 1539 219 1583 utrum
235 1540 323 1578 unio
347 1537 456 1579 Verbi
476 1538 657 1578 incarnati
680 1537 731 1577 sit
749 1537 846 1576 facta
868 1536 909 1576 in
928 1537 1071 1574 natura.

543 1606 592 1617 ·-
958 1593 1101 1623 ersona.

543 1655 592 1664 -
928 1595 1120 1681 {ypostasi
1142 1641 1209 1670 seu
1234 1631 1440 1679 supposito.

237 1693 394 1734 persona
414 1683 477 1722 vel
500 1683 715 1733 hypostasis
734 1683 873 1723 Christi
893 1684 978 1731 post
999 1680 1287 1736 lucarnationem
1309 1679 1359 1718 sit
1380 1681 1596 1730 composita.

236 1733 287 1773 sit
306 1733 404 1772 facta
426 1730 549 1780 aliqua
571 1730 657 1769 unio
685 1732 813 1771 animae
835 1735 872 1770 et
894 1738 1058 1778 corporis
1089 1739 1126 1766 1n
1152 1729 1313 1767 Christo.

235 1783 364 1821 natura
385 1781 542 1819 humana
563 1778 674 1818 fuerit
699 1780 800 1818 unita
821 1780 938 1819 Verbo
960 1777 1244 1816 accidentaliter.

235 1829 319 1879 ipsa
340 1828 429 1867 unio
450 1828 499 1867 sit
521 1827 658 1876 aliquid
680 1832 853 1867 creatum.

313 1898 360 1905 —
448 1876 498 1914 sit
519 1876 614 1914 idem
639 1877 736 1925 quod
762 1876 976 1925 assumptio.

240 1925 290 1965 sit
309 1924 465 1963 maxima
484 1922 658 1962 unionum
681 1934 761 1972 quae
784 1923 960 1962 creaturis
984 1924 1219 1963 conveniunt.

237 1971 326 2012 unio
353 1972 503 2027 duarum
524 1974 732 2009 naturarum
757 1971 869 2009 fuerit
891 1971 988 2010 facta
1009 1981 1076 2021 per
1101 1971 1269 2020 gratiam.

239 2029 320 2060 eam
341 2020 465 2068 aliqua
490 2019 618 2057 merita
639 2019 905 2067 praecesserint.

241 2067 357 2118 gratia
382 2067 493 2106 fuerit
514 2067 655 2106 homini
675 2067 821 2106 Christo
843 2067 1032 2107 naturalis.

138 1608 191 2098 ΙΙΙΙΙΙΙΙΗΙ

299 2173 355 2204 me
376 2171 493 2203 nono
520 2171 699 2202 umoms
727 2172 781 2201 Ex
803 2171 937 2202 PARTE
961 2171 1168 2204 ransom:
1188 2174 1462 2207 assumemus
1485 2188 1533 2196 -
1553 2167 1722 2214 Quaestio
1747 2170 1786 2208 3.

97 2251 226 2302 otram
242 2259 426 2291 assumere
448 2247 639 2287 conveniat
659 2256 825 2296 personae
846 2247 991 2287 divinae.

242 2298 434 2339 conveniat
454 2296 585 2334 divinae
609 2298 760 2334 naturae.

243 2350 371 2387 natura
390 2344 507 2395 possit
527 2354 710 2383 assumere
732 2343 914 2382 abstracta
935 2343 1207 2393 personalitate,

243 2398 373 2435 natura
392 2393 512 2443 possit
533 2402 715 2431 assumere
737 2392 815 2430 sine
837 2391 923 2430 alia.

245 2443 414 2494 quaelibet
438 2451 594 2491 persona
615 2440 732 2490 possit
757 2450 956 2479 assumere.

244 2492 370 2543 plures
394 2499 559 2540 personae
581 2488 724 2537 possint
745 2499 930 2527 assumere
953 2500 1060 2528 unam
1081 2493 1247 2530 naturam
1269 2502 1437 2532 numero.

244 2550 314 2579 una
340 2548 496 2589 persona
518 2537 634 2587 possit
655 2547 838 2575 assumere
860 2536 949 2574 duas
970 2541 1118 2577 naturas
1141 2550 1303 2578 numero.

244 2588 360 2636 magis
383 2587 490 2625 fuerit
513 2585 732 2640 conveniens
755 2585 798 2625 de
819 2585 977 2634 persona
997 2586 1079 2635 filii,
1096 2589 1192 2637 quod
1213 2588 1453 2638 assumpserit
1474 2589 1669 2627 humanam
1692 2592 1869 2636 naturam,
1889 2599 1996 2638 quam

294 2637 338 2674 de
363 2634 436 2674 alia
456 2633 614 2684 persona
635 2633 771 2673 divina.

245 2743 301 2772 ne:
326 2740 441 2771 nono
464 2740 640 2771 umoms
668 2741 722 2770 Ex
742 2739 880 2770 PARTE
904 2740 1088 2771 PARTIUM
1111 2741 1299 2772 HUMANAE
1326 2743 1521 2775 NATURAE.
1549 2757 1595 2763 —
1623 2736 1792 2782 Quaestio
1813 2737 1850 2774 4.

101 2817 228 2860 Utrum
247 2818 404 2855 humana
424 2818 552 2869 natura
572 2813 684 2852 fuerit
707 2813 824 2863 magis
843 2814 1108 2864 assumptibilis
1131 2816 1150 2854 a
1176 2815 1251 2854 filio
1273 2816 1352 2863 Dei,
1378 2827 1485 2865 quam
1508 2817 1578 2856 alia
1604 2819 1745 2855 natura.

150 2887 197 2895 -
247 2865 485 2911 assumpserit
506 2871 709 2910 personam.
900 2879 903 2881 ·

150 2934 197 2941 —
308 2922 367 2949 um
398 2909 486 2948 serit
506 2910 630 2948 homin
655 2920 705 2948 m.

149 2981 197 2992 --
246 2921 619 3000 ffiisssetpconveniens
634 2920 738 3007 ἳμιοᾶ
757 2960 1018 3009 assumpsisset
1037 2961 1233 3000 humanam
1257 2963 1423 3001 naturam
1445 2964 1646 3011 separatam
1669 2961 1690 3000 a
1713 2961 1971 3017 singularibus.

147 3027 198 3042 ..-
822 3027 870 3036 --
1442 3009 1481 3047 in
1514 3010 1681 3096 ossnnibus
1721 3020 1801 3059 eJus
1836 3010 2000 3060 singula·-

1498 3069 1528 3095 ΓΙ
1558 3070 1576 3095 U
1603 3087 1612 3096 .

150 3124 197 3136 ....
823 3123 871 3132 -
902 3100 906 3102 ’
1448 3104 1487 3143 in
1508 3069 1630 3155 aliqsslo
1654 3107 1800 3147 homine
1814 3118 1860 3147 ex
1882 3105 2001 3157 stirpe

1502 3155 1587 3194 Adae
1608 3157 1815 3204 progenito.

257 3259 315 3292 nr:
336 3258 453 3290 nono
474 3256 651 3289 nmoms
673 3256 728 3286 Ex
748 3256 882 3288 Pan-tn
907 3257 1094 3288 Pam-rma
1116 3258 1297 3290 nai-unffi
1316 3259 1515 3291 numium.
1541 3274 1589 3281 —
1611 3253 1782 3301 Quoestio
1798 3255 1837 3295 5.

99 3332 227 3374 otram
245 3331 363 3372 Filius
385 3331 551 3371 debuerit
571 3340 756 3370 assumere
776 3340 900 3369 verum
922 3342 1068 3381 corpus.

147 3401 197 3410 -
247 3379 410 3419 debuerit
431 3390 614 3436 assumere
640 3389 774 3428 corpus
794 3382 992 3428 terrenum,
1017 3380 1159 3420 scilicet
1183 3391 1329 3422 carnem
1354 3385 1392 3421 et
1411 3383 1641 3433 sanguinem.

147 3449 196 3458 --
244 3431 484 3477 assumpserit
509 3438 678 3467 ammam.

148 3494 196 3506 -
245 3486 428 3517 assumere
454 3476 621 3516 debuerit
642 3477 882 3517 intellectum.

288 3557 433 3602 Index.
454 3580 503 3590 —
524 3559 568 3598 T.
590 3569 651 3608 -v1,
673 3569 730 3600 v11
753 3563 790 3600 et
810 3570 902 3602 vm.
1778 3577 1804 3605 a
