2170 3808
1052 249 1218 284 mnnx.
2020 242 2077 286 m

638 388 696 419 DE
719 388 927 418 POTENTIA
947 388 1092 418 ANIMAE
1117 388 1296 418 camsi-1.
1321 401 1368 409 —
1388 381 1556 426 Quaestio
1579 383 1640 420 13.

196 485 324 527 Utrum
339 484 506 525 hahuerit
528 484 829 533 omnipotentiam
853 483 1081 531 simpliciter.

243 554 291 562 -
559 553 607 560 —
846 535 1015 580 respectu
1039 532 1279 587 corporalium
1300 535 1559 571 creaturarum.

242 601 291 612 -·
557 601 606 608 —
846 582 1016 628 respectu
1034 580 1172 629 propi-1i
1194 580 1371 629 corporis.

243 647 290 658 --
561 649 608 657 -
849 631 1018 677 respectu
1042 628 1197 678 propriae
1219 639 1293 667 suae
1314 628 1526 678 voluntatis.

432 756 489 789 ΒΕ
513 756 767 788 DEFECTIBUS
795 757 904 792 Quos
930 758 1134 787 cnmsws
1160 758 1206 787 1N
1230 758 1407 787 HUMANA
1430 756 1598 785 NATURA
1623 757 1852 787 ASSUMPSH'

720 818 920 853 QUANTUM
946 819 1001 848 AD
1025 819 1196 849 conpos.
1225 832 1271 837 —
1300 810 1470 857 Quaestio
1494 813 1553 848 14.

193 915 321 956 Utrum
338 915 453 954 Filius
477 914 541 954 Dei
563 924 749 954 assumere
771 915 938 953 debuerit
962 916 1000 953 in
1025 915 1182 954 humana
1204 917 1333 954 natura
1358 915 1522 965 eorporis
1543 914 1719 953 defectus.

241 984 288 994 --
339 962 576 1014 assumpserit
596 964 851 1001 necessitatem
872 963 931 1002 his
951 963 1152 1003 defectibus
1174 964 1387 1013 subjacendi

241 1031 288 1041 -
338 1011 556 1050 contraxerit
577 1012 644 1050 hos
665 1011 842 1050 defectus.

240 1077 289 1089 -
338 1059 576 1109 assumpserit
596 1070 720 1098 omnes
743 1058 953 1108 hujusmodi
972 1058 1150 1098 defectus.

425 1187 482 1218 m:
503 1186 762 1217 DEFECTIBUS
787 1186 898 1220 Quos
924 1185 1127 1216 cnms'rns
1151 1185 1379 1216 ASSUMPSIT
1404 1186 1451 1216 1N
1478 1186 1656 1216 HUMANA
1681 1186 1853 1218 NATURA

713 1248 918 1283 QUANTUM
943 1247 998 1277 An
1024 1247 1206 1278 ANluAu.
1231 1260 1278 1266 —-
1299 1239 1471 1286 Quaestio
1493 1241 1551 1279 15.

190 1350 316 1388 Utrum
334 1350 374 1388 in
397 1349 541 1388 Christo
562 1348 674 1386 fuerit
692 1347 894 1397 peecatum.

334 1397 373 1436 in
394 1406 437 1435 eo
458 1397 568 1436 fuerit
591 1396 706 1434 fomes
727 1392 880 1444 peccati.

334 1445 372 1483 in
393 1455 436 1484 eo
460 1445 571 1483 fuerit
590 1444 806 1492 ignorantia.

335 1492 451 1532 anima
474 1493 608 1531 Christi
628 1493 738 1530 fuerit
759 1491 955 1541 passibilis.

331 1541 371 1579 in
391 1540 535 1580 Christo
557 1541 668 1579 fuerit
693 1540 795 1579 dolor
817 1539 1013 1579 sensibilis,

334 1589 373 1627 in
392 1589 537 1627 Christo
563 1588 674 1627 fuerit
694 1588 855 1627 tristitia.

332 1637 371 1674 in
391 1637 535 1676 Christo
557 1636 668 1675 fuerit
687 1637 812 1675 timor.

331 1685 370 1723 in
392 1684 535 1724 Christo
561 1684 671 1723 suerit
691 1685 894 1725 admiratio.

331 1733 370 1770 in
391 1732 534 1771 Christo
559 1733 669 1770 fuerit
690 1733 757 1771 ira.

331 1780 439 1817 simul
459 1781 570 1818 fuerit
593 1781 711 1819 viator
731 1784 770 1818 et
789 1785 1084 1831 comprehensor.

236 1420 284 1808 ΙΙΙΗΙΙΙΙ

112 1895 129 1899 *⁷
190 1912 246 1943 DE
276 1912 347 1942 ms
369 1913 464 1948 QUAE
487 1912 825 1948 CONSEQUUNTUR
851 1913 1047 1944 UNIONEM
1074 1914 1277 1948 QUANTUM
1310 1915 1366 1944 AD
1395 1915 1449 1944 EA
1480 1915 1572 1950 QUAE
1603 1914 1877 1945 CONVENIUNT
1903 1913 2080 1946 CHRISTO

797 1975 1025 2006 SECUNDUM
1050 1976 1113 2005 SE.
1137 1988 1184 1996 —
1210 1968 1379 2014 Quaestio
1406 1970 1464 2006 16.

188 2067 315 2107 utrem
333 2068 412 2108 haee
431 2068 481 2106 sit
497 2077 582 2109 vera
609 2078 620 2105 ε
644 2069 739 2106 Deus
760 2071 816 2106 est
838 2070 962 2107 homo.

234 2137 281 2143 —
449 2136 496 2143 —
640 2116 750 2154 homo
773 2119 831 2154 est
853 2118 960 2154 Deus.

234 2184 280 2192 -
330 2163 498 2202 Christus
523 2163 642 2212 possit
662 2164 735 2201 dici
757 2164 866 2202 homo
890 2164 1106 2203 dominicus.

235 2231 281 2240 --
331 2221 375 2250 ea
398 2221 477 2260 quae
503 2211 722 2251 conveniunt
759 2211 833 2250 filio
870 2212 1027 2251 hominis
1060 2213 1204 2259 possint
1239 2213 1427 2262 praedicari
1460 2214 1504 2251 de
1533 2214 1608 2252 filio
1631 2214 1709 2260 Dei,
1733 2218 1770 2253 et
1793 2215 1812 2253 ὸ
1840 2225 2031 2255 converso.

234 2278 281 2287 -
328 2268 373 2298 ea
397 2270 478 2308 quae
499 2259 717 2299 conveniunt
738 2259 815 2298 filio
837 2260 1009 2306 hominis,
1036 2261 1182 2309 possint
1203 2261 1392 2310 praedieari
1416 2261 1460 2300 de
1482 2262 1603 2301 divina
1616 2263 1764 2311 natur&
1782 2268 1820 2303 et
1841 2264 1886 2302 de
1908 2263 2079 2312 humane,

369 2317 412 2346 ea
435 2318 514 2363 quae
535 2308 755 2347 conveniunt
777 2308 852 2346 filio
876 2309 954 2346 Dei.

325 2355 402 2396 haec
427 2357 476 2394 sit
496 2366 581 2397 vera
605 2367 616 2394 ε
639 2356 753 2394 Filius
775 2356 838 2394 Dei
861 2356 977 2394 faetus
1000 2359 1058 2394 est
1081 2358 1207 2396 homo.

638 2404 748 2442 homo
775 2404 891 2442 factus
910 2407 965 2442 est
988 2404 1096 2443 Deus.

638 2452 803 2490 Christus
826 2452 943 2491 factus
967 2455 1023 2490 est
1042 2455 1217 2491 creatura.

635 2499 707 2537 iste
727 2500 850 2546 homo,
875 2501 1119 2539 demonstrato
1142 2500 1301 2546 Christo,
1327 2501 1458 2551 incipit
1481 2512 1575 2549 esse,
1603 2503 1662 2542 vel
1682 2503 1754 2541 fuit
1772 2514 1930 2552 semper.

636 2547 816 2595 Christus,
844 2548 1041 2586 secundum
1068 2549 1164 2597 quod
1186 2549 1309 2595 homo,
1335 2553 1390 2588 est
1411 2553 1592 2589 creatura.

637 2595 818 2643 Christus,
842 2596 1040 2635 secundum
1064 2597 1162 2646 quod
1187 2597 1309 2643 homo,
1336 2601 1393 2635 est
1414 2599 1523 2636 Deus.

637 2643 813 2690 christus,
840 2643 1036 2683 secundnm
1062 2645 1158 2694 quod
1182 2645 1304 2691 homo,
1330 2649 1386 2684 est
1406 2646 1617 2695 hypostasis
1637 2648 1696 2685 vel
1721 2657 1889 2696 persona.

228 2374 279 2671 ΗΗΙΙΙ

370 2769 426 2799 DE
450 2769 521 2800 ms
547 2769 643 2806 QUAE
665 2771 904 2802 PERTINENT
927 2772 983 2802 An
1010 2772 1226 2802 UNITATEM
1258 2772 1424 2803 CHRISTI
1452 2773 1657 2809 QUANTUM
1680 2774 1734 2806 AD
1763 2775 1875 2806 ESSE.

985 2825 1156 2871 Quaestio
1178 2827 1238 2865 17.

181 2917 307 2956 Utrum
326 2919 493 2959 Christus
513 2922 564 2962 sit
580 2933 707 2968 unum,
728 2924 787 2965 vel
812 2925 899 2964 duo.

227 2985 272 2992 -—
321 2967 360 3003 in
379 2967 522 3008 Christo
547 2969 596 3008 sit
615 2971 752 3010 tantum
775 2982 888 3013 umun
910 2983 1008 3013 esse.

290 3095 346 3127 DE
371 3096 440 3127 ms
463 3096 558 3131 QUAE
585 3097 824 3131 PERTINENT
845 3101 904 3133 AD
926 3101 1142 3134 UNITATEM
1168 3103 1335 3134 CHRISTI
1358 3102 1561 3137 QUANTUM
1582 3103 1639 3133 AD
1661 3103 1958 3135 VOLUNTATEM.

744 3173 745 3176 =
993 3156 1164 3202 Quaestio
1189 3158 1248 3194 18.

177 3250 299 3289 Utrum
317 3252 356 3307 in
377 3253 523 3292 Christo
545 3254 594 3292 sit
617 3255 687 3293 alia
711 3256 880 3296 voluntas
900 3258 1036 3304 divina,
1060 3262 1097 3297 et
1119 3258 1191 3297 alia
1215 3259 1386 3298 humana.

222 3319 268 3327 -
318 3310 357 3337 m
378 3301 535 3339 humana
557 3303 685 3357 natura
701 3303 836 3358 Christi
857 3305 905 3344 sit
921 3306 991 3344 alia
1005 3308 1175 3344 voluntas
1194 3310 1362 3355 respectu
1386 3307 1648 3355 sensualitatis,
1667 3311 1704 3347 et
1718 3311 1887 3357 respectu
1902 3306 2071 3348 rationis.

220 3367 267 3375 --
315 3358 362 3432 {³1}
375 3351 822 3437 (pfllritsetgaitionitslifger1nt
839 3353 876 3390 in
887 3353 1043 3438 bth‘ism
1068 3354 1194 3401 plures
1218 3356 1437 3394 voluntates.

219 3461 265 3470 —
314 3443 482 3498 yoluntas
509 3408 663 3501 bulgaria
688 3410 826 3486 belf-iffi
846 3405 1122 3489 ffiessjtssugffihjno
1144 3451 1343 3490 conformis
1363 3451 1545 3490 voluntati
1566 3451 1700 3490 divinae
1720 3452 1759 3488 in
1784 3451 1912 3489 volito.

217 3507 264 3518 --
313 3500 351 3528 in
372 3491 517 3531 Chnsto
538 3492 650 3533 fuerit
673 3495 794 3544 aliqua
807 3496 1050 3551 *contrarietas
1071 3498 1312 3538 voluntatum.
