2170 3808
252 264 328 308 216
895 266 1094 318 QuAEsT.
1117 267 1241 325 XXV,
1271 268 1390 314 Ani.
1420 267 1488 313 iv.
2155 263 2170 291 ‘

247 348 590 395 ARTICULUS
611 349 692 390 IV.
720 371 774 378 -—-
802 361 940 390 ornum
961 361 1069 391 caux
1090 362 1249 392 cumsri
1273 363 1335 393 srr
1353 363 1573 395 AnonANnA
1604 366 1864 398 ADORATIONE
1885 368 2041 399 aarum
2059 334 2170 414 (i).1K

354 414 402 448 De
418 412 470 448 his
484 413 588 448 etiam
606 414 628 448 2
645 414 678 455 2,
695 419 810 455 quaest-
831 423 908 457 cm,
926 421 992 451 art.
1010 418 1032 452 5
1053 416 1094 452 ad
1112 417 1146 458 5,
1164 421 1196 452 et
1215 418 1309 453 Sent.
1325 427 1378 461 111,
1395 420 1472 455 dist.
1487 420 1529 462 9,
1545 425 1661 462 quaest.
1679 429 1705 463 1,
1721 426 1787 457 art.
1803 421 1836 464 2,
1853 427 1970 464 quaest.
1990 431 2038 458 lv.
2163 448 2170 452 -

299 468 366 511 Ad
389 473 607 524 quartum
629 469 698 514 sic
720 472 1001 526 proceditur.
1024 475 1065 516 1.
1093 472 1281 517 Videtur
1313 473 1437 530 quod
1474 488 1591 520 crux
1625 476 1790 520 Christi
1813 489 1907 520 non
1941 478 2002 522 sit
2028 478 2136 525 ado-

246 528 391 573 randa
426 531 694 576 adoratione
720 532 882 577 latriae.
916 533 1080 578 Nullus
1102 537 1227 578 enim
1246 535 1354 592 pius
1372 536 1495 580 filius
1527 545 1779 582 veneratur
1809 540 2134 587 contumeliam
2152 542 2170 595 ᾖ

246 590 388 645 patris
409 591 499 646 sui,
525 593 639 648 puta
659 594 898 651 flagellum
925 607 1019 650 quo
1040 595 1303 652 flagellatus
1326 602 1414 651 est,
1433 598 1507 642 vel
1528 599 1711 656 lignum
1733 600 1782 643 in
1801 612 1895 657 quo
1913 601 2001 645 fuit
2033 612 2136 647 sus-
2152 595 2170 649 ζ’

2155 630 2170 680 i

249 664 436 707 pensus,
458 654 540 698 sed
573 656 722 712 magis
747 656 866 702 illud
886 657 1118 702 abhorret.
1145 658 1355 703 Christus
1374 665 1531 705 autem
1561 662 1608 705 in
1635 661 1761 718 ligno
1793 662 1946 707 crucis
1966 674 2170 735 oppro-35.

245 713 582 760 briosissimam
607 722 807 763 mortem
825 731 995 776 passus
1015 722 1103 776 est,
1129 721 1390 766 secundum
1407 721 1521 767 illud
1538 723 1798 780 (Sapientiae
1812 738 1858 777 11,
1876 727 1948 780 ΞΟ)
1967 727 2170 782 :Mor-test

243 778 508 832 turpissima
532 779 876 825 condemnemus
910 793 1025 824 eum.
1049 782 1167 837 Ergo
1190 795 1284 827 non
1322 783 1546 829 debemus
1584 798 1772 831 crucem
1796 786 2024 844 venerari,
2054 774 2170 879 sed}

243 838 391 894 magis
411 840 676 884 abhorrere.

296 901 341 944 ⁰2.
372 902 613 957 Praeterea,
636 902 906 948 humanitas
929 904 1094 949 Christi
1119 904 1387 951 adoratione
1409 907 1555 952 latriae
1590 909 1825 967 adoratur,
1859 911 2147 967 inquantum

245 965 316 1005 est
334 961 467 1005 unita
496 962 606 1006 Filio
626 963 704 1007 Dei
735 963 785 1006 in
812 976 1014 1020 persona
1036 979 1048 1010 ι
1077 966 1204 1022 quod
1226 966 1284 1011 de
1305 979 1444 1013 cruce
1466 968 1556 1014 dici
1578 982 1672 1014 non
1690 974 1859 1028 potest.
1885 973 2003 1028 Ergo
2021 979 2149 1017 crux*

243 1020 406 1067 Christi
428 1035 522 1067 non
539 1028 611 1068 est
633 1025 870 1070 adoranda
893 1027 1162 1072 adoratione
1176 1027 1339 1073 latriae.

297 1086 341 1129 3.
359 1087 599 1140 Praeterea,
619 1087 739 1132 sicut
754 1101 869 1133 crux
892 1089 1059 1134 Christi
1076 1090 1161 1134 fuit
1185 1090 1550 1136 instrumentum
1570 1093 1805 1148 passionis
1827 1094 1930 1150 ejus
1947 1097 1994 1139 et
2010 1103 2161 1140 mor--'¹

244 1144 317 1201 tis,
336 1146 401 1190 ita
416 1148 555 1192 etiam
576 1156 621 1192 et
636 1150 784 1193 multa
801 1151 905 1207 alia,
925 1150 1044 1208 'puta
1061 1152 1197 1209 clavi,
1216 1165 1389 1197 corona
1404 1159 1450 1197 et
1468 1154 1655 1211 lancea3
1677 1155 1848 1212 quibus
1867 1159 2022 1200 tamen
2044 1167 2135 1200 non

243 1208 516 1254 exhibemus
535 1210 681 1255 latriae
700 1212 897 1257 cultum.
920 1215 1037 1270 Ergo
1048 1213 1230 1258 videtur
1249 1215 1374 1271 quod
1385 1228 1502 1260 crux
1512 1216 1675 1261 Christi
1687 1229 1780 1260 non
1798 1217 1858 1261 sit
1870 1217 2136 1263 adoratione

244 1270 388 1316 latriae
406 1273 659 1319 adoranda.
2148 1282 2153 1330 ,ᾗ

299 1335 386 1378 Sed
406 1339 566 1379 contra
591 1341 663 1381 est
682 1337 806 1394 quod
824 1337 889 1381 illi
909 1338 1184 1384 ethbemus
1200 1339 1346 1384 latriae
1368 1341 1564 1398 cultum,
1588 1341 1636 1385 in
1657 1355 1750 1399 quo
1765 1343 1983 1399 ponimus
2005 1354 2153 1399 spem·

242 1395 423 1440 salutis.
447 1397 533 1443 Sed
551 1398 599 1442 in
630 1412 769 1444 eruce
792 1399 954 1445 Christi
984 1403 1204 1457 ponimus
1227 1414 1359 1458 spem
1392 1402 1557 1448 salutis
1579 1408 1766 1449 :cantat
1787 1404 1914 1449 enim
1937 1404 2138 1449 Ecclesia
2150 1414 2170 1495 «ἓ

243 1456 290 1500 in
310 1457 489 1516 hymno
507 1460 739 1506 Passionis
762 1474 773 1503 :

2154 1054 2170 1135 ξ

936 1560 964 1594 Ο
983 1571 1084 1603 crux,
1104 1572 1176 1602 ave,
1196 1572 1269 1602 spes
1286 1561 1406 1597 unica!
2153 1550 2170 1610 ἔ,

936 1608 1007 1643 Hoc
1022 1608 1183 1650 passionis
1202 1613 1368 1652 tempore,
2160 1634 2170 1659 4

927 1655 1021 1696 Auge
1036 1655 1102 1698 piis
1120 1656 1295 1699 justitiam,

927 1704 1072 1747 Reisque
1087 1705 1175 1739 dona
1193 1705 1341 1740 veniam.
2162 1711 2170 1754 ,j

242 1786 364 1841 Ergo
385 1798 503 1830 crux
525 1786 690 1831 Christi
711 1790 784 1831 est
801 1786 1041 1831 adoranda
1061 1787 1330 1833 adoratione
1351 1788 1497 1833 latriae
2159 1786 2170 1842 vJ

287 1852 581 1895 CONCLUSIO.
599 1877 645 1883 —
663 1855 785 1902 Crux,
805 1854 850 1893 in
869 1866 951 1906 qua
969 1854 1157 1895 Christus
1170 1855 1390 1896 crucifixus
1411 1859 1494 1905 est,
1513 1859 1603 1897 tum
1629 1859 1792 1910 propter
1815 1859 2136 1909 repraesentatio·
2160 1859 2170 1901 ἶ

242 1919 352 1957 nem,
369 1912 461 1948 tum
477 1911 603 1950 etiam
619 1915 783 1962 propter
799 1911 1081 1950 membrorum
1095 1910 1250 1951 Christi
1265 1914 1499 1952 contactum
1510 1942 1521 1960 ,
1537 1911 1661 1952 latria
1680 1913 1886 1953 adoranda
1903 1916 1988 1953 est:
2006 1917 2137 1954 crucis

242 1965 334 2004 vero
350 1964 506 2016 effigies
525 1966 569 2004 in
585 1965 667 2005 alia
682 1966 828 2017 quavis
844 1965 1029 2016 materia,
1048 1966 1176 2018 priori
1192 1966 1355 2006 tantum
1371 1967 1542 2017 ratione,
1557 1967 1679 2008 latria
1693 1967 1901 2008 adoranda
1915 1972 1990 2009 est.
2155 1939 2170 2022 ἕ

295 2028 567 2083 Respondeo
591 2029 839 2074 dicendum
864 2029 1008 2086 quod,
1041 2030 1163 2074 sicut
1184 2043 1326 2087 supra
1364 2030 1539 2075 dictum
1563 2037 1634 2075 est
1662 2033 1764 2085 (art.
1790 2034 1965 2088 praec.)‚
1989 2030 2170 2088 honor'}

242 2102 327 2134 seu
352 2092 613 2136 reverentia
635 2104 728 2136 non
754 2092 952 2136 debetur
970 2092 1060 2136 nisi
1080 2093 1293 2137 rationali
1319 2098 1518 2149 naturae3
1543 2098 1769 2138 creaturae
1793 2099 1949 2139 autem
1977 2094 2136 2138 insen-
2155 2107 2170 2199 ξ

242 2152 360 2197 sibili
378 2166 473 2197 non
485 2153 682 2198 debetur
692 2155 841 2199 honor
852 2155 927 2199 vel
939 2155 1218 2208 reverentia,
1240 2155 1330 2199 nisi
1344 2157 1523 2199 ratione
1538 2156 1776 2199 rationalis
1786 2159 1977 2200 naturae.
1988 2159 2041 2200 Et
2048 2155 2136 2200 hoc
2153 2179 2160 2207 -,

242 2215 502 2271 dupliciter.
529 2218 624 2260 Uno
647 2217 786 2262 modo
814 2217 1096 2274 inquantum
1122 2221 1427 2273 repraesentat
1455 2218 1729 2262 rationalem
1763 2223 2005 2273 naturam3
2046 2218 2134 2263 alio
2156 2214 2170 2282 1

242 2277 379 2321 modo
403 2277 678 2334 inquantum
703 2279 745 2323 ei
765 2291 1062 2335 quocumque
1090 2279 1230 2323 modo
1253 2278 1568 2335 conjungitur.
1590 2280 1741 2324 Primo
1766 2279 1906 2324 modo
1937 2286 2135 2325 consue-
2152 2278 2170 2339 a}

243 2345 410 2383 verunt
419 2341 628 2385 homines
641 2341 856 2385 venerari
871 2341 996 2396 regis
1011 2341 1261 2397 imaginem
1273 2356 1286 2397 3
1301 2341 1509 2385 secundo
1522 2342 1659 2387 modo
1670 2342 1773 2399 eJus
1786 2341 2132 2388 vestimentum.

244 2403 496 2458 Utrumque
512 2408 669 2446 autem
692 2409 976 2448 venerantur
992 2403 1204 2448 homines
1234 2403 1396 2448 eadem
1419 2404 1718 2449 veneratione
1737 2406 1830 2460 qua
1852 2409 2134 2449 venerantur
2160 2403 2162 2450 ἶ

241 2470 283 2507 et
306 2476 482 2519 regem.
507 2489 562 2495 —
596 2464 639 2508 Si
660 2477 772 2520 ergo
805 2465 1054 2521 loquamur
1087 2465 1145 2510 de
1166 2466 1268 2522 ipsa
1301 2477 1440 2510 cruce
1463 2465 1512 2509 in
1535 2478 1628 2522 qua
1656 2466 1863 2511 Christus
1882 2463 2134 2510 crucifixus
2159 2495 2161 2499 ,

241 2533 328 2583 est⁷
350 2531 549 2583 utroque
574 2528 713 2572 modo
736 2532 808 2572 est
828 2528 855 2571 a
878 2527 1015 2572 nobis
1034 2527 1319 2572 veneranda.
1353 2530 1452 2572 Uno
1483 2528 1660 2573 scilicet
1686 2527 1824 2572 modo
1855 2529 2134 2585 inquantum

240 2594 545 2645 repraesentat
565 2588 699 2633 nobis
717 2589 915 2646 figuram
932 2589 1098 2633 Christi
1115 2588 1294 2633 extensi
1316 2589 1363 2632 in
1386 2602 1467 2646 ea3
1490 2589 1581 2633 alio
1603 2590 1742 2634 niodo
1760 2603 1819 2634 ex
1845 2594 2057 2634 contactu
2075 2589 2133 2634 ad

246 2650 452 2694 membra
470 2650 652 2705 Christi„
677 2655 723 2695 et
740 2663 799 2695 ex
815 2650 903 2694 hoc
922 2650 1048 2708 quod
1070 2651 1173 2707 ejus
1197 2650 1426 2707 sanguine
1448 2657 1519 2696 est
1542 2652 1729 2708 perfusa
1754 2654 1827 2706 (2).
1857 2651 1983 2697 Unde
2004 2651 2170 2712 utro-'35

242 2724 333 2769 que
363 2712 502 2757 modo
535 2712 754 2758 adoratur
786 2713 949 2758 eadem
985 2713 1255 2762 adoratione
1290 2725 1398 2757 eum
1422 2713 1617 2769 ChristQ
1649 2713 1824 2758 scilicet
1867 2713 2154 2758 adoratione

240 2773 404 2818 latriae.
438 2776 492 2818 Et
509 2779 699 2830 propter
720 2775 808 2819 hoc
827 2775 967 2819 etiam
990 2786 1176 2819 crucem
1204 2774 1485 2831 alloquimur
1507 2780 1553 2818 et
1576 2775 1880 2831 deprecamur
1899 2774 2031 2830 quasi
2061 2774 2134 2831 ip-

241 2847 346 2880 sum
364 2836 635 2880 crucifixum
662 2839 738 2891 (3).
762 2836 803 2881 si
827 2837 936 2882 vero
954 2837 1202 2893 loquamur
1225 2837 1282 2881 de
1305 2836 1459 2892 effigie
1482 2836 1634 2882 crucis
1651 2837 1813 2881 Christi
1842 2836 1887 2880 in
1911 2848 2130 2893 quacum-

240 2909 331 2954 que
350 2897 438 2941 alia
459 2898 666 2953 materh,
699 2897 811 2955 puta
839 2898 1008 2955 lapidis
1033 2899 1107 2943 vel
1134 2898 1265 2954 ligni,
1296 2898 1477 2953 argenti
1497 2899 1571 2942 vel
1602 2898 1719 2956 auri,
1756 2899 1822 2942 sic
1854 2910 2132 2943 veneramur

239 2972 427 3004 crucem
455 2961 634 3005 tantam
652 2966 702 3005 ut
719 2961 972 3017 imaginem
991 2961 1173 3018 Christi,
1199 2972 1342 3017 quam
1367 2972 1650 3005 veneramur
1669 2960 1940 3005 adoratione
1970 2961 2128 3016 latriae,

240 3026 289 3066 ut
304 3034 447 3079 supra
465 3022 643 3068 dictum
667 3027 739 3067 est
759 3027 864 3075 (art.
884 3025 1060 3080 praee).
1210 3053 1212 3059 ·
1276 3047 1280 3049 ·

294 3084 361 3129 Ad
378 3088 580 3141 primum
608 3097 721 3143 ergo
753 3085 1020 3144 dicendum,
1055 3084 1180 3144 quod
1205 3084 1252 3129 in
1274 3096 1414 3129 cruce
1443 3084 1606 3129 Christi
1638 3083 1868 3141 quantum
1889 3084 1949 3129 ad
1983 3083 2131 3129 inten-

241 3146 430 3202 tionem,
454 3147 530 3192 vel
549 3147 818 3204 opinionem
845 3147 1102 3193 infidelium
1136 3145 1458 3191 consideratur
1488 3146 1790 3203 opprobrium
1820 3145 2015 3202 Christi3
2049 3145 2130 3191 sed

240 3209 469 3265 quantum
486 3208 544 3253 ad
564 3209 781 3254 effectum
801 3214 971 3254 nostrae
989 3209 1154 3254 salutis
1174 3208 1496 3254 consideratur
1513 3209 1660 3253 virtus
1677 3208 1834 3252 divina
1855 3207 2019 3265 ipsius,
2038 3209 2129 3265 qua

277 3327 321 3368 Η)
346 3326 444 3360 Juxta
458 3328 607 3359 mentem
627 3326 669 3359 D.
686 3326 824 3361 Thomae
839 3327 931 3362 idem
958 3327 1068 3362 cultus
1087 3327 1143 3362 de·
1230 3325 1411 3366 Sanderus,
1448 3325 1669 3366 Catharinus.
1694 3326 1862 3368 Peresius,
1889 3325 2127 3364 Bellarminus,

242 3376 343 3411 betur
362 3372 505 3412 imagini
523 3377 559 3407 et
584 3374 764 3416 exemplari
781 3401 789 3414 ,
806 3376 863 3410 sed
885 3376 1019 3411 diverso
1030 3376 1142 3410 modo.
1230 3373 1440 3410 Cabassutius
1454 3378 1488 3409 et
1503 3375 1616 3415 plures
1630 3372 1703 3408 alii.

240 3423 291 3458 Ita
308 3421 462 3456 sentiunt
480 3422 584 3460 cajet.
605 3420 816 3464 Alexander,
836 3423 876 3457 D.
896 3423 1141 3464 Bonaventura,
1270 3422 1311 3464 (2)
1346 3423 1434 3457 Hinc
1459 3423 1499 3456 de
1523 3422 1581 3457 illa
1606 3422 1642 3456 in
1665 3422 1788 3463 hymno
1818 3421 1994 3463 Passionis,
2019 3429 2127 3462 quam

240 3471 369 3506 Albert.
395 3470 548 3511 Magnus,
576 3469 731 3509 Medina.
755 3470 944 3505 Richardus
960 3499 968 3514 ,
1000 3472 1143 3506 Paluda·
1232 3479 1337 3505 tacer
1357 3480 1470 3505 cruor
1498 3472 1702 3513 perunoeit,
1720 3470 1826 3512 fusus
1848 3470 1938 3513 aqui
1958 3478 2126 3512 corpore,

239 3529 314 3558 nus,
344 3517 491 3558 Almaiu,
511 3516 619 3558 Major
635 3522 667 3552 et
689 3516 791 3552 multi
811 3517 882 3552 alii.
905 3520 1031 3554 Contra
1059 3530 1141 3561 quos
1268 3519 1312 3561 (5)
1327 3519 1414 3555 Hinc
1430 3520 1580 3555 canimus
1600 3532 1609 3555 ι
1631 3519 1660 3554 Ο
1681 3530 1788 3562 crux,
1806 3529 1880 3559 ave,
1898 3521 1964 3553 etc.
