2170 3808
117 228 204 272 356
697 222 896 275 QUAEST.
935 221 1082 273 XLIII,
1111 220 1230 264 ART.
1256 221 1275 263 1
1302 221 1368 264 ΕΤ
1395 221 1448 264 11.

120 307 232 366 quia
250 307 387 364 signa
402 303 603 349 faciebat
621 315 717 348 non
737 305 925 360 propter
943 314 1024 347 eos
1041 313 1161 359 quos
1181 300 1358 346 sciebat
1374 301 1581 359 lapideos
1597 313 1718 359 esse,
1736 301 1820 347 sed
1837 305 1892 345 ut
1908 300 2026 347 alios

120 368 422 415 emendaret:
439 370 486 410 et
508 364 613 410 ideo
633 376 730 408 non
750 365 835 419 eiS,
859 363 943 409 sed
962 363 1065 407 aliis
1083 362 1162 407 illa
1181 362 1314 420 signa
1333 362 1580 408 dabantur.
1604 382 1623 402 ι)

172 429 243 477 Ad
257 428 501 474 secundum
522 425 790 481 dicendum,
807 425 931 482 quod
950 424 1060 470 licet
1076 423 1287 469 Christus
1306 424 1485 469 venerit
1498 424 1544 468 in
1567 424 1837 468 infirmitate
1851 423 2022 482 carnis,

121 490 249 549 quod
275 489 600 534 manifestatur
628 500 712 546 per
741 487 1009 545 passiones;
1033 485 1164 531 venit
1192 490 1349 530 tamen
1378 484 1427 530 in
1457 486 1624 531 virtute
1648 484 1751 542 Dei,
1776 485 1903 542 quod
1926 490 2026 531 erat

120 551 516 598 manifestandum
540 563 624 607 per
647 549 890 595 miracula.

175 614 243 660 Ad
279 615 465 658 tertium
498 612 751 657 dicendum
767 645 781 667 ,
816 611 942 669 quod
975 609 1203 655 miracula
1236 609 1473 654 intantum
1507 608 1775 654 diminuunt
1804 607 2024 654 meritum

119 675 252 733 fidei,
277 676 560 733 inquantum
588 687 671 731 per
693 675 780 718 hoc
803 672 1068 718 ostenditur
1086 671 1256 718 duritia
1277 682 1442 716 eorum
1465 671 1546 728 qui
1568 670 1737 716 nolunt
1760 670 1950 716 credere
1970 683 2030 716 ea

120 750 228 796 quae
251 737 499 796 scripturis
517 736 688 783 divinis
715 735 990 794 probantur,
1010 734 1101 779 nisi
1130 748 1215 792 per
1232 733 1473 779 miracula.
1498 736 1552 778 Et
1579 738 1737 779 tamen
1764 732 1933 778 melius
1954 737 2026 780 est

120 799 190 845 eis
209 803 265 845 ut
279 799 357 845 vel
377 811 461 856 per
478 797 704 843 miracula
721 799 1059 842 convertantur
1075 795 1135 841 ad
1154 795 1311 850 fidem,
1328 795 1471 852 quam
1490 794 1617 853 quod
1637 795 1827 839 omnino
1850 794 1899 839 in
1921 793 2024 839 infl-

120 861 308 907 delitate
335 865 676 919 permaneant:
702 859 873 905 dicitur
901 858 1028 904 enim
1057 860 1107 908 (1.
1133 858 1336 903 Corinth.
1365 871 1454 914 xlv,
1478 860 1568 914 22),
1591 857 1720 915 quod
1746 860 1880 914 siqna
1910 858 2025 902 data

119 926 227 967 sunt
249 923 520 977 infidelibu3‚
541 925 596 966 ut
617 920 796 966 scilicet
818 924 1155 966 convertantur
1173 919 1233 965 ad
1253 916 1410 964 fidem.

193 986 536 1029 ARTICULUS
555 986 618 1029 Π.
637 1007 692 1015 —-
712 996 848 1027 mmm
869 995 1070 1027 cmusrus
1091 995 1266 1042 rscnmr
1287 994 1494 1026 nmmum
1515 993 1655 1024 mvnu
1674 993 1852 1025 vmrn‘rn
1876 982 1951 1036 (1).

120 1052 172 1089 Do
187 1053 242 1090 his
264 1053 366 1090 etiam
384 1054 480 1090 Sent.
505 1062 560 1095 111,
585 1051 663 1088 dist.
689 1053 743 1093 25,
761 1056 877 1095 quaest.
895 1060 921 1093 1.
935 1056 1000 1088 art.
1015 1052 1038 1087 5
1055 1063 1149 1094 corp.
1173 1055 1209 1087 et
1226 1051 1304 1085 dist.
1330 1052 1385 1091 16,
1406 1056 1523 1093 quaest.
1547 1058 1574 1093 1,
1598 1052 1665 1086 art.
1681 1049 1705 1085 5
1718 1062 1813 1092 corp.
1832 1053 1868 1085 et
1885 1049 1928 1086 ad
1941 1050 1974 1093 4,
1990 1054 2026 1087 et

598 1109 648 1142 lv,
665 1101 743 1135 dat.
759 1103 794 1141 5,
811 1104 926 1143 quaest.
942 1109 968 1144 1,
984 1104 1050 1136 art.
1069 1100 1102 1142 4,
1119 1103 1155 1135 et
1170 1101 1291 1142 Opuse.
1312 1108 1360 1139 Χῐ,
1380 1111 1454 1141 cap.
1472 1099 1528 1133 ⁴7.

178 1154 247 1202 Ad
265 1156 527 1201 secundum
550 1155 618 1201 sic
636 1156 918 1212 proceditur.
936 1159 957 1200 1
970 1187 980 1197 .
996 1154 1185 1200 Videtur
1207 1154 1332 1212 quhd
1356 1154 1564 1198 Christus
1585 1165 1682 1198 non
1702 1153 1863 1198 fecerit
1885 1153 2025 1198 mira·

119 1217 226 1262 cula
248 1217 407 1262 divina
429 1218 613 1262 virtute.
640 1218 791 1262 Virtus
814 1217 941 1262 enim
964 1216 1121 1262 divina
1143 1221 1215 1261 est
1242 1216 1555 1272 omnipotens.
1581 1216 1668 1260 Sed
1692 1215 1877 1260 videtur
1898 1216 2024 1273 quod

120 1280 285 1325 Christi
307 1293 399 1325 non
419 1281 556 1326 suerit
570 1280 866 1337 omnipotens
881 1280 930 1324 in
948 1279 1187 1323 miraculis
1205 1278 1455 1323 faciendis:
1469 1279 1638 1324 dicitur
1651 1279 1777 1323 enim
1798 1278 1947 1333 (Marci
1962 1292 2020 1336 vr,

120 1346 182 1399 5),
199 1342 325 1400 quod
347 1357 436 1386 non
456 1346 639 1399 poterat
657 1343 735 1398 ibi,
758 1342 936 1387 scilicet
957 1342 1006 1386 in
1023 1341 1173 1399 patri‘a
1191 1354 1294 1397 5113,
1315 1344 1531 1385 virtutem
1549 1342 1694 1384 ullam
1715 1343 1886 1395 facere.
1905 1343 2024 1398 Ergo

119 1404 306 1450 videtur
325 1404 450 1462 quod
476 1416 567 1448 non
588 1404 750 1449 fecerit
769 1404 996 1448 miracula
1013 1404 1185 1448 virtute
1205 1403 1379 1448 divina.

175 1469 219 1511 2.
251 1469 493 1523 Praeterea,
516 1467 593 1511 Dei
614 1478 709 1511 non
732 1471 804 1511 est
833 1477 983 1510 orare.
1004 1465 1093 1510 Sed
1115 1464 1323 1509 Christus
1352 1464 1604 1521 aliquando
1627 1464 1676 1509 in
1700 1463 1938 1510 miraculis
1954 1464 2024 1509 fa-

120 1527 300 1577 ciendis
315 1528 491 1584 orabat,
506 1532 559 1572 ut
573 1532 699 1584 patet
717 1527 763 1570 in
784 1527 1086 1571 suscitatione
1100 1527 1255 1570 Lazari
1269 1528 1415 1581 (Joan.
1427 1529 1504 1584 x1),
1516 1530 1563 1571 et
1579 1525 1627 1570 in
1641 1525 2025 1582 multiplicatione

119 1601 298 1647 panum
311 1591 384 1645 (2),
397 1593 451 1634 ut
467 1594 595 1646 patet
610 1589 782 1643 (Matth.
794 1590 893 1644 xlv).
909 1591 1029 1646 Ergo
1041 1588 1228 1633 videtur
1242 1588 1369 1645 quod
1383 1600 1478 1632 non
1493 1587 1602 1633 fecit
1619 1587 1844 1632 miracula
1853 1587 2025 1634 virtute

120 1650 298 1696 divina.

176 1716 220 1757 3.
250 1715 499 1769 Praeterea,
528 1724 585 1757 ea
610 1724 715 1769 quae
737 1712 909 1757 virtute
929 1711 1087 1757 divina
1108 1708 1255 1767 fiunt,
1276 1724 1372 1756 non
1405 1709 1605 1769 possunt
1625 1711 1798 1757 virtute
1827 1712 2025 1770 alicujus

119 1779 348 1820 creaturae
367 1775 482 1819 fieri.
510 1773 599 1820 Sed
621 1787 679 1820 ea
706 1787 812 1832 quae
841 1775 1049 1820 Christus
1074 1774 1297 1830 faciebat,
1321 1779 1534 1831 poterant
1563 1774 1705 1819 etiam
1734 1770 1836 1819 fieri
1853 1775 2026 1821 virtute

120 1835 322 1894 aIIcujus
337 1842 582 1894 creaturae3
602 1836 730 1881 unde
750 1840 797 1882 et
809 1836 1025 1894 pharisaei
1043 1836 1087 1881 ei
1106 1835 1324 1882 dicebant
1337 1835 1464 1894 quod
1480 1839 1529 1880 in
1542 1836 1804 1893 Beelzebub,
1816 1839 2025 1894 principe

120 1898 468 1954 daemoniorum,
493 1899 698 1954 ejiciebat
722 1900 946 1943 daemonz'a
962 1901 1113 1954 (Lucae
1128 1912 1196 1953 111,
1218 1901 1307 1954 15).
1324 1901 1445 1956 Ergo
1466 1898 1650 1944 videtur
1671 1896 1798 1956 quod
1819 1898 2025 1944 Christus
2098 1934 2100 1936 .

120 1971 216 2004 non
239 1960 400 2005 fecerit
420 1960 647 2005 miracula
664 1961 834 2005 virtute
855 1961 1028 2006 divina.

176 2022 266 2068 Sed
288 2027 449 2066 contra
479 2028 551 2067 est
570 2024 696 2080 quod
721 2024 946 2068 Dominus
971 2023 1084 2067 dicit
1107 2025 1253 2074 (Joan.
1276 2036 1362 2078 xw,
1387 2024 1458 2075 10)
1476 2037 1488 2066 ε
1506 2024 1646 2066 Pater
1670 2025 1719 2066 in
1743 2035 1816 2066 me
1837 2036 2025 2067 manens

122 2087 219 2140 ipse
242 2087 358 2139 facit
379 2098 535 2141 opera.
1470 2094 1478 2098 ‘

167 2153 460 2193 CONCLUSIO.
486 2175 535 2181 —-
560 2153 838 2204 Quaecumque
856 2153 1046 2193 Christus
1067 2153 1270 2194 miracula
1288 2152 1381 2193 fecit
1395 2182 1407 2200 ,
1427 2151 1572 2192 divina
1589 2152 1744 2193 virtute
1764 2152 1871 2193 facta
1887 2153 2023 2204 fuere,

119 2206 218 2247 eum
231 2218 326 2248 vera
341 2207 542 2247 miracula
557 2209 726 2249 fuerint.

176 2270 450 2327 Respondeo
470 2271 721 2315 dicendum
741 2270 866 2328 quod
879 2304 891 2326 ,
915 2271 1036 2315 sicut
1058 2270 1103 2314 in
1130 2271 1282 2328 prima
1300 2274 1433 2327 parte
1452 2269 1663 2315 habitum
1681 2274 1753 2316 est
1773 2272 1932 2328 (quaet.
1952 2284 2022 2330 cx,

119 2335 209 2376 art.
238 2335 299 2388 4),
322 2343 435 2376 vera
460 2331 688 2376 miracula
712 2334 813 2376 sola
839 2332 1009 2377 virtute
1037 2332 1195 2377 divina
1223 2330 1324 2377 fieri
1357 2338 1577 2392 possunt,
1606 2332 1717 2389 quia
1747 2333 1876 2377 solus
1904 2336 2025 2380 Deus

118 2397 274 2450 potest
291 2398 475 2438 mutare
494 2398 675 2438 naturae
697 2394 926 2451 ordinem,
947 2394 1074 2450 quod
1093 2394 1293 2450 pertinet
1316 2394 1377 2438 ad
1397 2394 1625 2438 rationem
1647 2394 1876 2438 miraculi.
1896 2395 2024 2441 Unde

119 2456 210 2501 Leo
229 2468 350 2512 papa
372 2455 482 2500 dicit
504 2456 656 2513 (epist.
673 2455 734 2501 ad
753 2455 1025 2500 Flavianum
1047 2458 1119 2512 28,
1139 2469 1242 2512 cap.
1260 2459 1305 2511 4,
1325 2460 1434 2500 ante
1454 2456 1613 2512 med.),
1631 2455 1757 2513 quod
1776 2456 1823 2500 in
1844 2457 2024 2502 Christo

121 2521 233 2561 sunt
248 2516 353 2562 duae
367 2521 561 2574 naturae,
575 2534 596 2554 α
610 2529 722 2569 una,
740 2516 916 2561 scilicet
929 2516 1101 2571 divina,
1116 2528 1221 2572 quae
1231 2515 1381 2572 fulget
1394 2516 1654 2571 miraculis3
1674 2515 1835 2574 altera,
1847 2517 2025 2563 scilicet

120 2578 343 2634 humana,
365 2590 470 2635 quae
488 2577 753 2623 succumbit
773 2570 975 2634 injuriis.
994 2597 1014 2617 ι»
1033 2580 1083 2620 Et
1101 2581 1258 2622 tamen
1275 2590 1373 2622 una
1391 2589 1552 2622 earum
1575 2577 1672 2634 agit
1689 2590 1799 2623 cum
1813 2590 2024 2624 commu-

120 2639 355 2685 nicatione
376 2640 594 2696 alterius3
620 2641 901 2698 inquantum
924 2639 1100 2684 scilicet
1127 2641 1333 2685 humana
1363 2645 1531 2685 natura
1558 2645 1630 2686 est
1657 2641 2023 2688 instrumentum

121 2702 292 2749 divinae
309 2703 522 2762 actionis,
543 2708 590 2748 et
608 2703 728 2749 actio
746 2704 953 2748 humana
970 2703 1191 2747 virtutem
1211 2703 1378 2760 accipit
1399 2703 1426 2747 a
1445 2706 1614 2747 natura
1632 2702 1789 2748 divina
1806 2705 1884 2761 (3),
1903 2704 2025 2750 sicut

121 2776 267 2822 supra
288 2764 499 2809 habitum
520 2769 593 2810 est
616 2767 799 2823 (quaest.
820 2779 917 2821 xm,
936 2769 1022 2810 art.
1042 2767 1104 2819 3).

177 2825 244 2871 Ad
259 2829 458 2883 primum
474 2838 587 2884 ergo
603 2827 871 2883 dicendum,
889 2826 1016 2884 quod
1034 2827 1121 2870 hoc
1137 2826 1262 2882 quod
1282 2825 1451 2871 dicitur
1465 2841 1476 2868 ε
1490 2830 1590 2870 Non
1607 2830 1787 2884 poterat
1801 2827 1864 2871 ibi
1879 2828 2026 2873 ullam

122 2891 339 2932 virtutem
361 2891 529 2944 facere,
556 2901 651 2934 non
676 2895 747 2934 est
768 2889 1067 2934 referendum
1095 2888 1154 2933 ad
1183 2888 1439 2946 potentiam
1465 2889 1750 2945 absolutam,
1775 2890 1860 2936 sed
1889 2892 1948 2937 ad
1976 2891 2026 2937 id

122 2950 250 3008 quod
269 2956 424 3007 potest
441 2951 539 2995 fieri
559 2964 644 2996 con
651 2957 888 3008 gruentcr.
904 2955 1001 2996 Non
1020 2949 1146 2995 enim
1161 2963 1424 3008 congruum
1441 2957 1540 2996 erat
1554 2957 1607 2996 ut
1624 2952 1744 2997 inter
1758 2953 2026 2999 incredulos

121 3017 392 3068 operaretur
413 3012 662 3070 miracula,
687 3014 814 3060 unde
832 3013 1076 3059 subditur:
1094 3016 1155 3055 Et
1175 3014 1432 3057 mirabatur
1449 3018 1640 3071 propter
1656 3015 2025 3060 incredulitatem

122 3085 294 3117 eorum.
318 3075 582 3120 Secundum
603 3089 741 3133 quem
766 3076 959 3122 modum
978 3074 1147 3120 dicitur
1167 3077 1292 3129 (Gen.
1312 3077 1679 3131 111111,17);Ν1ι111Ι
1698 3077 1848 3120 celare
1865 3081 2024 3133 potero

166 3183 211 3226 (l)
235 3184 284 3218 De
303 3184 481 3220 mirac-ulis
497 3186 614 3222 confer
631 3187 721 3229 quod
745 3192 814 3228 Jam
835 3188 964 3222 dictum
982 3190 1030 3222 est
1115 3185 1277 3220 miracula
1289 3186 1605 3228 operabatur-‚Juxta
1618 3185 2019 3227 illudconcil.vgeneral.

125 3234 225 3274 (part.
245 3231 276 3272 1,
297 3237 413 3273 quaest.
430 3240 483 3271 cv.
505 3239 568 3268 art.
597 3235 619 3268 6
647 3241 681 3269 et
700 3236 734 3276 7,
766 3241 802 3270 et
828 3241 945 3277 quaest.
974 3244 1029 3276 cx,
1112 3234 1200 3274 (sess,
1215 3243 1293 3273 vm.
1316 3246 1389 3275 cap.
1413 3235 1443 3271 ὅ)
1460 3246 1467 3268 :
1487 3234 1533 3268 Si
1549 3234 1634 3276 quis
1662 3234 1777 3270 dicic:
1799 3245 1877 3270 non
1901 3242 2018 3268 unum

125 3283 193 3314 art.
209 3280 242 3320 ἀ,
258 3283 293 3313 et
311 3279 348 3313 in
368 3279 428 3312 hac
444 3285 553 3322 parte,
573 3286 692 3322 quaest.
707 3291 786 3322 xm,
806 3289 870 3318 art.
884 3283 929 3323 2).
1115 3291 1188 3316 esse
1218 3282 1405 3316 Christum
1425 3282 1493 3315 Dei
1526 3281 1680 3316 Verbum
1709 3283 1950 3317 incarnatam
1986 3282 2023 3317 et

164 3327 208 3369 (2)
224 3327 372 3363 Matthaei
393 3328 530 3368 quidem
547 3337 618 3369 xlv,
632 3330 686 3369 19,
703 3331 838 3371 quando
854 3330 1029 3372 multipli-
1116 3330 1298 3365 hominem
1319 3330 1477 3374 sactum,
1510 3333 1619 3373 alque
1645 3329 1810 3374 ejusdem
1832 3323 2022 3363 miracuta

123 3375 213 3410 eavit
226 3375 374 3417 quinque
389 3387 502 3419 panes;
520 3377 642 3411 Matth.
657 3386 716 3417 xv,
728 3379 781 3419 56,
799 3379 933 3420 quando
949 3379 1033 3413 mul·
1116 3381 1149 3411 et
1168 3379 1359 3419 passiones
1378 3387 1469 3421 quas
1481 3378 1610 3421 sponte
1627 3387 1760 3420 passus
1777 3380 1828 3412 est
1838 3377 1882 3411 in
1892 3385 2018 3417 carno,

124 3422 292 3463 tiplicavit
306 3430 447 3465 septem.
1118 3427 1207 3460 talis
1226 3426 1426 3461 anathema
1441 3427 1502 3460 sit.

168 3470 212 3512 (5)
225 3470 379 3505 Christus
403 3474 477 3505 erat
500 3471 588 3506 Deus
602 3474 637 3507 et
659 3472 824 3512 quatenus
845 3477 918 3507 erat
944 3472 1034 3507 Deus
