2170 3808
783 227 980 279 QuAEs‘r.
1011 225 1156 280 me,
1186 225 1304 267 ART.
1336 224 1404 266 ιν.
1946 217 2031 259 359

207 313 295 358 Sed
316 315 477 356 contra
495 313 566 355 est
584 308 710 366 quod
727 307 952 352 Dominus
971 305 1082 352 dicit
1102 306 1248 361 (Joan.
1273 318 1318 359 v,
1347 305 1416 356 36)
1438 317 1449 346 z
1474 305 1625 359 Opera
1643 310 1739 356 qaae
1762 298 1892 341 dedit
1921 296 2033 340 mihi

154 376 289 420 Pater
307 378 357 417 at
370 375 556 428 faciam,
579 374 681 428 ipsa
704 372 1006 414 testimoniam
1017 367 1259 424 perhibent
1277 366 1333 408 de
1353 377 1424 408 me
1447 366 1521 419 (1).

200 440 486 482 CONCLUSIO.
500 461 546 469 -
563 437 759 479 Miracula
773 436 926 477 Christi
943 435 1038 476 cum
1052 434 1255 474 humanas
1268 432 1374 473 vires
1387 433 1640 484 superarent,
1654 432 1695 469 et
1707 427 1868 480 propria
1881 425 2034 467 Christi

155 496 304 537 virtute
322 495 479 544 fierent,
495 493 758 534 divinitatem
771 492 860 544 eJus
877 488 1040 531 abunde
1053 486 1386 539 comprobabant.

208 557 477 614 Respondeo
506 554 756 600 dicendum
792 553 919 610 quod
953 550 1192 606 miracula,
1220 561 1325 607 quae
1359 548 1564 592 Christus
1599 545 1732 602 fecit,
1759 543 2033 614 sufficientia

126 619 130 623 ’
155 623 288 665 erant
314 617 373 663 ad
397 615 784 662 manifestandam
812 613 1102 658 divinitatem
1132 610 1298 668 ipsius,
1331 609 1591 654 seeundum
1621 607 1723 651 tria.
1755 606 1906 650 Primo
1926 619 2033 663 qul-

156 681 262 726 dem
282 677 538 724 secundum
557 677 707 734 ipsam
736 674 939 732 speciem
964 685 1175 731 operum,
1198 684 1304 729 quae
1327 668 1721 715 transcendebant
1740 679 1925 711 omnem
1938 680 2034 737 ‘po-

155 745 367 789 testatem
395 744 561 785 creatae
590 739 775 783 virtutis
812 749 826 781 =
858 741 905 782 et
927 736 1032 781 ideo
1064 748 1159 780 non
1191 737 1404 791 poterant
1430 732 1529 777 fieri
1550 731 1640 775 nisi
1662 729 1831 774 virtute
1858 730 2032 777 divina.

155 808 209 850 Et
232 809 416 862 propter
439 804 527 848 hoc
549 814 701 848 caeeus
719 800 1010 845 illuminatus
1031 797 1214 843 dicebat
1232 799 1376 851 (Joan.
1395 809 1454 852 1x,
1473 796 1543 850 32)
1566 809 1577 838 :
1603 797 1644 837 A
1670 792 1831 836 saeculo
1851 805 1941 835 aon
1967 796 2035 837 est

156 868 380 922 auditam,
402 868 511 922 quia
534 866 716 921 aperuit
737 866 836 919 quis
857 862 1007 905 oculos
1034 864 1136 905 caeci
1161 863 1261 903 nati
1280 874 1290 901 :
1313 862 1402 902 nisi
1430 862 1544 900 esset
1568 857 1642 899 hic
1662 857 1692 898 a
1713 859 1830 910 Deo,
1848 867 1937 924 aon
1951 869 2033 912 po-

159 931 278 971 terat
296 930 448 982 facere
477 927 741 983 quidquam.
764 922 991 976 Secundo,
1015 926 1204 979 propter
1224 920 1413 965 modum
1433 917 1657 963 miracula
1680 915 1902 970 faciend13
1925 917 2034 972 quia

157 988 330 1033 scilicet
351 988 482 1046 quasi
505 1000 563 1032 ex
590 985 775 1043 propria
793 988 1019 1042 potestate
1040 982 1263 1027 miracula
1282 981 1505 1038 faciebat,
1525 991 1620 1024 non
1650 983 1806 1023 autem
1829 977 2031 1040 orando,

157 1050 277 1094 sieut
293 1050 394 1105 alii3
421 1050 548 1094 unde
569 1049 738 1093 dicitur
757 1049 878 1101 (Luc.
903 1059 964 1101 w,
983 1048 1070 1101 19),
1091 1044 1215 1102 quod
1235 1047 1380 1087 virtus
1405 1043 1460 1086 de
1477 1043 1561 1085 illo
1584 1041 1754 1096 exibat,
1775 1044 1821 1084 et
1841 1040 2035 1084 sanabat

157 1124 304 1155 omnes
311 1126 331 1169 ,·
345 1124 427 1168 per
444 1111 570 1169 quod
587 1109 863 1165 ostenditur,
896 1107 1019 1152 sicut
1041 1106 1239 1163 Cyrillus
1255 1105 1366 1150 dicit
1387 1104 1617 1159 (Thesaur.
1637 1102 1718 1147 lib.
1743 1115 1822 1157 xu,
1837 1114 1938 1159 cap.
1961 1106 2032 1159 14,

157 1173 280 1217 circa
301 1175 461 1227 med.),
481 1171 607 1230 quod
635 1189 655 1209 α
679 1170 775 1215 non
795 1168 1047 1226 accipiebat
1078 1168 1279 1212 alienam
1300 1166 1540 1222 virtutemz,
1565 1165 1648 1210 sed
1665 1165 1772 1209 cum
1791 1168 1916 1211 esset
1947 1176 2035 1208 na-

158 1235 363 1280 turaliter
390 1239 536 1291 Deus,
556 1233 790 1290 propriam
818 1232 1036 1275 virtutem
1058 1242 1199 1286 super
1221 1228 1430 1272 infirmos
1459 1227 1759 1283 ostendebat;
1780 1230 1824 1270 et
1847 1230 2035 1282 propter

157 1292 244 1339 hoc
261 1293 614 1340 innumerabilia
634 1293 858 1338 miracula
878 1291 1091 1336 faciebat.
1114 1310 1134 1330 »
1158 1290 1287 1336 Unde
1315 1302 1457 1346 super
1470 1289 1585 1334 illud
1601 1289 1767 1343 (Matth.
1786 1290 1906 1341 v111):
1932 1290 2034 1342 Ejz‘-

157 1357 303 1400 ciebat
324 1359 511 1413 spiritus
531 1355 679 1411 verbo,
709 1357 754 1398 et
775 1366 924 1398 omnes
945 1353 1065 1397 male
1084 1352 1296 1396 habentes
1323 1354 1524 1407 curavit,
1549 1350 1658 1396 dicit
1681 1350 2035 1407 Chrysostomus

158 1417 327 1471 (homil.
358 1430 486 1460 xxvm
514 1416 563 1460 in
596 1416 747 1459 Matth.
771 1415 937 1472 parum
965 1414 992 1457 a
1015 1413 1182 1470 princ.)
1207 1428 1218 1458 z
1247 1431 1267 1452 «
1292 1412 1486 1457 Intende
1524 1416 1749 1469 quantam
1776 1410 2035 1455 multitudi-

155 1490 263 1523 nem
295 1478 535 1523 hominum
571 1481 779 1522 curatam
810 1479 1138 1521 transcurrunt
1171 1475 1494 1532 evangelistae,
1524 1485 1619 1518 non
1653 1483 2036 1529 unumquemque

156 1545 368 1585 curatum
398 1544 695 1594 enarrantes,
721 1538 806 1584 sed
828 1550 924 1582 uno
945 1537 1089 1582 verbo
1118 1537 1312 1594 pelagus
1342 1536 1574 1581 ineffabile
1604 1535 1935 1581 miraculorum
1960 1534 2035 1578 in-

158 1601 396 1646 ducentes.
417 1619 437 1640 »
468 1603 522 1644 Et
553 1613 611 1645 ex
637 1600 726 1644 hoc
761 1598 1091 1643 ostendebatur
1123 1598 1248 1655 quod
1283 1599 1473 1643 haberet
1502 1598 1722 1642 virtutem
1753 1596 2035 1653 coaequalem

159 1665 249 1706 Deo
269 1662 674 1717 Patri,secundum
694 1660 810 1705 illud
829 1662 973 1714 (Joan.
989 1674 1034 1715 v,
1050 1661 1146 1714 19):
1168 1662 1461 1716 Qaaecamqae
1482 1663 1623 1702 Pater
1643 1661 1775 1714 facit,
1787 1659 1881 1702 haec
1898 1661 1942 1702 et
1954 1660 2035 1702 Fi-

161 1722 246 1766 lias
265 1724 475 1766 similiter
494 1725 630 1777 facit,·
645 1727 690 1766 et
714 1721 911 1767 ibidem:
931 1723 1057 1765 Sicut
1079 1724 1219 1763 Pater
1234 1725 1423 1764 suscitat
1445 1724 1660 1776 morta08‚
1681 1723 1724 1763 et
1736 1721 1950 1773 vivificat,
1970 1721 2036 1763 sic

161 1787 205 1826 et
221 1784 359 1826 Filias
380 1784 572 1827 hominis
589 1796 695 1839 quos
722 1783 819 1826 vult
841 1783 1054 1836 vivificat.
1073 1781 1221 1826 Tertio
1241 1794 1300 1826 ex
1321 1782 1424 1839 ipsa
1447 1782 1676 1838 doctrina,
1702 1781 1797 1838 qua
1820 1793 1871 1824 se
1890 1782 2035 1824 Deum

161 1845 357 1901 dicebat,
377 1857 482 1901 quae
509 1844 598 1888 nisi
623 1857 733 1889 vera
768 1848 906 1900 esset,
932 1856 1024 1887 non
1055 1843 1408 1889 confirmaretur
1429 1843 1668 1888 miraculis
1688 1842 1846 1888 divina
1863 1842 2035 1887 virtute

159 1906 320 1950 factis:
345 1910 392 1951 et
414 1906 518 1950 ideo
539 1905 706 1951 dicitur
737 1907 883 1959 (Marc.
911 1919 941 1960 1,
961 1906 1031 1958 27)
1053 1919 1065 1947 z
1088 1907 1305 1961 Qaaenam
1323 1907 1534 1949 doctrina
1560 1905 1655 1949 haec
1680 1917 1821 1961 nova,
1844 1909 1953 1960 quia
1986 1907 2035 1947 in

157 1970 378 2024 potestate
397 1967 630 2023 spiritibus
647 1968 890 2010 immundis
911 1969 1126 2022 imperat,
1141 1971 1184 2009 et
1203 1967 1418 2010 obediunt
1440 1967 1512 2010 ei?

215 2028 280 2073 Ad
309 2032 508 2086 primam
540 2040 652 2085 ergo
682 2027 947 2083 dicendum,
974 2027 1100 2084 quod
1132 2028 1232 2072 haec
1260 2033 1359 2073 erat
1393 2028 1588 2085 obJ'ectio
1620 2026 1877 2085 gentilium.
1907 2026 2036 2073 Unde

159 2090 443 2146 Augustinus
465 2090 575 2135 dicit
587 2090 651 2145 (in
664 2090 798 2145 epist.
812 2090 870 2134 ad
880 2089 1180 2134 Volusianum
1201 2092 1300 2144 137,
1319 2090 1433 2134 alias
1443 2094 1485 2146 3,
1502 2091 1530 2134 a
1544 2090 1685 2144 med.)
1708 2105 1719 2134 z
1748 2106 1768 2127 a
1787 2088 1949 2146 Nullis,
1963 2088 2034 2134 in-

160 2153 342 2209 quiunt,
373 2151 740 2208 competentibus
774 2151 921 2207 signis
956 2154 1096 2195 tantae
1125 2151 1380 2209 majestatis
1412 2152 1581 2197 indicIa
1611 2151 1897 2209 claruerunt,
1926 2151 2035 2207 quia

159 2213 343 2257 larvalis
363 2213 441 2257 illa
458 2214 686 2270 purgatio,
707 2215 800 2269 qua
818 2212 994 2257 scilicet
1013 2212 1246 2258 daemones
1262 2213 1511 2271 effugabat,
1531 2213 1748 2259 debilium
1768 2225 1909 2269 curae,
1926 2213 2034 2259 red-

162 2274 256 2318 dita
272 2275 366 2318 vita
385 2274 630 2330 defunctis,
653 2274 694 2319 si
725 2280 772 2319 et
793 2274 883 2318 alla
917 2274 1284 2330 considerentur,
1308 2278 1399 2320 Deo
1420 2287 1563 2332 parva
1591 2279 1720 2319 sunt.
1744 2293 1765 2314 »
1791 2276 1848 2319 Et
1867 2275 1924 2319 ad
1947 2275 2034 2320 1100

161 2336 409 2392 respondet
428 2337 714 2392 Augustinus
738 2352 750 2378 ε
775 2353 795 2374 «
818 2338 1031 2381 Fatemur
1054 2340 1099 2381 et
1118 2349 1204 2380 nos
1218 2336 1327 2381 talia
1342 2337 1556 2394 quaedam
1577 2337 1741 2381 fecisse
1761 2337 2032 2393 prophetas3

160 2398 243 2443 sed
264 2402 310 2442 et
328 2397 428 2453 ipse
445 2400 646 2455 Moyses,
670 2401 716 2441 et
741 2397 893 2441 caeteri
913 2397 1147 2454 prophetae
1171 2399 1415 2443 Dominum
1440 2401 1596 2443 Jesum
1621 2399 2031 2455 prophetaverunt,

160 2464 205 2505 ct
225 2460 266 2504 ei
291 2459 483 2516 gloriam
505 2472 724 2517 magnam
743 2460 985 2505 dederunt.
1009 2460 1094 2513 Qui
1114 2465 1357 2518 propterea
1379 2461 1486 2506 talia
1507 2462 1669 2518 etipse
1699 2461 1851 2506 facere
1869 2461 2030 2519 voluit,

158 2533 218 2565 ne
235 2526 359 2565 esset
387 2520 665 2575 absurdum,
690 2533 794 2578 quae
822 2533 905 2577 per
928 2521 1033 2566 illos
1054 2521 1248 2578 fecerat,
1265 2522 1305 2566 si
1326 2522 1425 2579 ipse
1449 2523 1587 2568 etiam
1617 2534 1709 2566 non
1739 2521 1924 2567 faceret.
1946 2523 2034 2568 Sed

160 2586 315 2628 tamen
336 2587 383 2628 et
413 2583 586 2640 aliquid
619 2584 855 2641 proprium
891 2584 1042 2629 facere
1061 2584 1247 2640 debuit,
1272 2587 1401 2629 nasci
1427 2585 1485 2630 de
1516 2585 1720 2641 virgine,
1741 2597 1984 2642 resurgere
2006 2585 2034 2630 a

161 2643 370 2700 mortuis,
399 2644 569 2688 coelum
598 2645 863 2689 ascendere.
883 2647 975 2688 Hoc·
997 2646 1089 2690 Deo
1109 2645 1189 2701 qui
1220 2649 1384 2701 parum
1403 2650 1550 2702 putat,
1569 2646 1679 2702 quid
1700 2646 1804 2701 plus
1823 2650 2034 2701 expectet

161 2703 339 2760 ignoro.
371 2707 489 2749 Num
528 2706 713 2750 homine
744 2710 982 2762 assumpto
1015 2706 1156 2750 alium
1195 2708 1423 2752 mundum
1456 2708 1608 2752 facere
1640 2706 1816 2762 debuit,
1835 2711 1888 2751 ut
1926 2720 2033 2752 eum

162 2776 265 2810 esse
288 2767 595 2822 crederemus,
622 2779 705 2824 per
726 2779 864 2824 quem
884 2767 1035 2811 factus
1058 2772 1130 2811 est
1147 2769 1383 2813 mundus?
1405 2769 1493 2814 Sed
1524 2780 1612 2813 nec
1642 2768 1790 2825 maJ'or
1810 2769 2031 2827 mundus,

163 2837 250 2870 nec
267 2824 341 2870 isti
367 2827 556 2882 aequalis
582 2828 630 2871 in
658 2828 746 2873 hoc
766 2828 903 2873 modo
924 2828 1025 2873 fieri
1048 2834 1219 2885 posset.
1241 2830 1284 2873 Si
1308 2836 1463 2874 autem
1484 2830 1710 2874 minorem
1731 2830 2034 2874 faceretinfra

162 2886 319 2944 istum,
338 2886 545 2932 similiter
570 2889 657 2933 hoe
674 2902 859 2947 quoque
880 2891 1044 2946 parum
1070 2895 1325 2946 putaretur.
1349 2911 1369 2931 »
1393 2894 1501 2945 Quae
1521 2896 1675 2935 tamen
1697 2890 1774 2935 alii
1804 2890 2031 2946 fecerunt,

162 2947 365 2992 Christus
386 2948 682 2995 excellentius
699 2950 821 2995 fecit.
836 2951 965 2996 Unde
983 2963 1122 3008 super
1143 2951 1258 2997 illud
1279 2955 1422 3007 (Joan.
1445 2954 1519 3006 xv)
1538 2966 1550 2996 :
1569 2955 1620 2995 Si
1635 2965 1775 3009 opera
1798 2966 1886 2995 non
1903 2954 2034 3007 fecis-

165 3012 326 3053 semin
352 3011 414 3052 eis
436 3022 530 3065 quae
560 3023 687 3054 nemo
711 3012 827 3056 alias
851 3015 980 3068 fecit,
1000 3017 1107 3068 ete„
1125 3013 1235 3058 dicit
1250 3014 1536 3070 Augustinus
1551 3017 1698 3069 (tract.
1711 3013 1820 3069 91,a
1837 3013 2031 3069 princ.):

167 3088 186 3108 a
206 3071 337 3115 Nulla
354 3071 401 3114 in
421 3071 637 3128 operibus
656 3072 816 3118 Christi
839 3074 1053 3119 videntur
1075 3087 1179 3119 esse
1204 3076 1378 3135 majora
1404 3075 1543 3133 quam
1566 3075 1801 3120 suscitatio
1827 3081 2032 3121 mortuo-

164 3144 291 3188 rum3
316 3133 441 3190 quod
465 3133 638 3179 scimus
665 3134 804 3179 etiam
830 3135 1043 3192 antiquos
1070 3136 1236 3181 fecisse
1260 3138 1521 3194 prophetas.
1546 3137 1667 3182 Fecit
1698 3143 1853 3181 tamen
1878 3138 2032 3195 aliqua

163 3194 366 3238 Christus
375 3207 478 3251 quae
500 3207 635 3239 nemo
657 3195 776 3239 alius
794 3195 919 3241 fecit.
943 3198 1031 3241 Sed
1052 3199 1359 3253 respondetur
1378 3199 1527 3255 nobis,
1549 3203 1596 3243 et
1607 3198 1723 3242 alios
1740 3199 1905 3243 fecIsse
1928 3211 2033 3256 quae

204 3305 245 3343 (Ι)
267 3303 344 3336 Sive
369 3302 524 3343 plenius:
553 3304 675 3347 Opera
694 3305 820 3338 omnia
849 3314 928 3347 quae
952 3304 1053 3339 dedit
1137 3306 1237 3342 vobis
1261 3312 1293 3342 et
1315 3317 1391 3342 non
1407 3307 1584 3342 creditis:
1608 3307 1733 3349 Opera
1751 3318 1830 3351 quae
1851 3318 1915 3351 eqo
1932 3307 2032 3350 [acio

167 3352 259 3385 mihi
279 3351 391 3385 Pater
405 3354 445 3384 ut
464 3351 653 3391 perficiam
671 3361 726 3390 ea,
745 3353 830 3393 ipsa
845 3361 958 3394 opera
975 3360 1053 3394 ‹11aeoe
1136 3355 1179 3387 in
1197 3356 1342 3389 *nomine
1358 3355 1488 3390 Patris
1504 3355 1583 3392 mei.
1595 3354 1669 3390 hoec
1686 3356 1935 3391 testimonium
1949 3364 2031 3398 per-

164 3410 224 3441 eyo
241 3400 349 3442 facio,
371 3399 614 3433 testimonium
625 3399 817 3440 perhibent
833 3400 875 3433 de
891 3401 1052 3439 me,‹1aia
1138 3402 1259 3438 hibent
1274 3402 1317 3438 de
1331 3413 1400 3438 me.

166 3447 278 3482 Pater
295 3447 396 3481 misit
411 3457 476 3486 me,
495 3449 560 3480 etc.
579 3446 620 3480 Et
642 3447 748 3488 (Joan.
765 3455 799 3488 x,
816 3446 888 3488 25):
910 3446 1054 3487 Loquor
