2170 3808
130 159 214 204 368
770 158 971 209 QUAEST.
1001 158 1140 211 xuv,
1169 158 1287 201 ART.
1318 159 1386 202 Ill.

133 243 230 300 ipse
253 248 300 286 et
319 240 540 298 maiestas
552 237 811 284 Divinitatis
832 237 1042 294 occultae,
1070 251 1176 295 quae
1195 238 1335 283 etiam
1355 239 1403 283 in
1418 239 1536 285 facie
1555 238 1795 284 relucebat
1807 239 2028 297 humana,

134 302 346 349 videntes
375 301 435 348 ad
468 313 521 347 se
549 300 732 345 trahere
753 304 936 356 poterat
954 313 1013 345 ex
1046 300 1198 358 primo
1213 305 1422 358 aspectU.
1438 319 1460 341 »
1485 303 1539 346 Et
1568 312 1710 358 super
1729 299 1846 345 illud
1873 299 2028 346 Matth.

87 405 89 407 .
134 377 200 411 3x1
224 363 484 421 :Ejiciebat
502 374 655 406 omnes
681 364 924 407 vendentes
941 366 985 407 et
1013 366 1225 419 ementeS,
1245 367 1335 408 etc.
1358 366 1460 418 (seu
1478 375 1583 421 sup.
1610 362 1724 408 illud
1740 377 1766 406 ·:
1798 364 2031 421 Principes

132 427 436 483 sacerdotum,
459 426 584 481 etc.),
612 424 724 471 dicit
756 425 880 471 idem
902 425 1213 483 Hieronymus
1243 440 1255 469 t
1285 425 1419 470 «Mihi
1439 425 1560 471 inter
1583 425 1741 470 omnia
1761 423 1897 481 signa
1925 435 2032 482 quae

133 489 242 536 fecit
260 488 501 547 DominuS,
519 488 609 533 hoc
626 487 811 534 videtur
827 500 933 534 esse
964 487 1242 545 mirabiliuS,
1263 486 1389 544 quod
1416 500 1541 534 unus
1561 489 1718 543 hom0,
1741 491 1790 532 et
1814 486 1895 532 illo
1917 490 2030 533 tem-

135 563 244 610 pore
258 551 640 609 contemptibilis,
655 553 861 608 potuerit
876 552 938 596 ad
954 551 1099 597 unius
1119 551 1289 608 flagelli
1310 550 1506 597 verbera
1527 555 1706 597 tantam
1722 549 1889 610 ejicere
1909 549 2031 596 mul-

135 612 381 660 titudinem
398 627 413 658 :
433 613 627 671 igneum
642 613 770 660 enim
788 614 1011 671 quiddam
1031 618 1171 672 atque
1190 613 1427 660 sidereum
1446 613 1657 660 radiabat
1669 626 1730 659 ex
1747 611 1895 659 oculis
1908 611 2028 671 ejus,

135 680 178 722 et
200 675 457 722 Divinitatis
475 676 696 734 maJ‘estas
707 676 894 722 lucebat
911 675 960 720 in
977 675 1095 721 facIe
1109 675 1230 734 ejus,
1246 694 1266 716 »
1286 678 1340 721 Et
1349 675 1571 734 Origenes
1591 676 1702 722 dicit
1717 677 1882 732 (Super
1897 676 2026 720 Joan.

129 743 259 784 tomo
280 752 326 795 11,
353 739 613 784 secundum
632 739 738 797 ejus
758 738 987 799 ordinem,
1016 742 1124 784 ante
1149 739 1310 795 mech),
1336 739 1426 784 hoc
1445 751 1549 785 esse
1574 739 1730 796 majus
1751 735 2030 784 miraculum
2112 748 2117 754 ·

135 812 187 846 eo
211 813 305 859 quo
337 814 462 859 aqua
489 813 718 848 conversa
735 805 808 846 est
843 801 894 845 in
912 800 1107 845 vinum:
1141 800 1199 845 eo
1217 800 1343 857 quod
1364 818 1384 839 «
1413 801 1508 846 illic
1538 801 1796 846 inanimata
1819 798 2032 848 subsistit

135 863 328 908 materia
349 878 360 908 z
386 864 462 909 hic
475 862 586 908 vero
608 863 880 908 totmillium
898 863 1142 908 hominum
1165 863 1414 908 domantur
1430 863 1662 920 ingenia.»
1684 865 1738 907 Et
1759 873 1904 920 super
1914 861 2031 908 illud

133 924 276 979 (man.
300 928 416 981 xvm)
437 938 450 970 ε
470 926 693 970 Abierant
710 926 977 984 retrorsiim,
995 929 1040 970 et
1059 927 1320 970 ceciderunt
1340 928 1597 983 interram,
1621 925 1733 970 dicit
1744 924 2032 981 Augustinus

70 992 72 995 “
132 987 280 1042 (tract.
302 990 385 1032 112
407 987 457 1031 in
479 989 632 1045 Joan.,
656 991 765 1033 ante
785 988 930 1043 med.)
952 1003 965 1032 :
991 989 1121 1033 «Una
1141 1001 1235 1034 vox
1257 992 1434 1033 tantam
1462 988 1648 1034 turbam
1669 985 1788 1032 odiis
1808 987 2029 1043 ferocem,

133 1048 369 1105 armisque
394 1048 649 1094 terribilem
679 1048 782 1095 sine
805 1050 899 1095 telo
918 1049 1018 1095 ullo
1038 1049 1287 1107 percussit,
1308 1049 1494 1106 repulit,
1518 1049 1684 1095 stravit
1714 1064 1728 1093 ι
1750 1051 1873 1094 Deus
1906 1047 2032 1093 enim

134 1108 308 1155 latebat
329 1110 378 1155 in
415 1123 609 1156 carne.»
646 1112 700 1155 Et
734 1110 794 1156 ad
817 1111 942 1157 idem
962 1112 1163 1168 pertinet
1184 1112 1311 1169 quod
1334 1112 1504 1158 dicitur
1526 1114 1677 1166 (Lucae
1703 1123 1764 1169 iv,
1795 1112 1886 1166 30),
1906 1109 2034 1167 quod

134 1174 259 1216 Iesus
275 1175 504 1218 transiens
515 1187 601 1230 per
614 1174 812 1217 medinm
824 1175 1013 1219 illorum
1026 1175 1146 1235 ibcit;
1160 1174 1241 1219 ubi
1254 1174 1366 1219 dicit
1382 1175 1742 1231 Chrysostomus
1759 1173 1907 1227 (hom.
1919 1186 2033 1218 van

134 1233 182 1278 in
204 1236 356 1291 Joan.,
380 1239 546 1293 partlm
566 1235 593 1280 a
611 1236 796 1293 princ.),
816 1236 944 1294 quod
975 1256 997 1276 «
1011 1242 1135 1283 stare
1152 1237 1200 1282 in
1225 1237 1379 1284 medio
1401 1236 1736 1292 insidiantium,
1760 1240 1808 1281 et
1825 1247 1921 1280 non
1946 1247 2033 1292 ap-

135 1297 375 1354 prehendi,
404 1297 660 1342 divinitatis
675 1298 978 1343 eminentiam
1000 1299 1333 1355 ostendebat3»
1369 1304 1416 1344 et
1435 1297 1563 1356 quod
1583 1297 1751 1343 dicitur
1771 1299 1917 1353 (Joan.
1941 1310 2032 1352 vm,

135 1359 206 1412 59)
227 1373 240 1403 ε
263 1362 394 1403 lesus
414 1359 649 1404 abscondit
665 1373 733 1416 se,
749 1363 793 1404 et
815 1363 955 1405 exivit
969 1362 1027 1405 de
1043 1362 1238 1418 templo;
1253 1361 1334 1406 ubi
1346 1360 1714 1418 Theophylactus
1727 1359 1839 1405 dicit
1857 1375 1870 1402 :
1898 1376 1920 1398 α
1933 1361 2032 1404 Non

136 1418 382 1465 abscondit
402 1433 454 1466 se
471 1421 519 1467 in
536 1421 711 1478 angulo
727 1421 888 1478 templi
900 1422 1035 1479 quasi
1050 1423 1237 1478 timenS,
1255 1423 1332 1468 vel
1342 1427 1449 1480 post
1462 1434 1652 1467 murum
1669 1426 1752 1466 aut
1767 1421 2035 1468 columnam

136 1479 373 1526 dlvertens
408 1497 419 1526 ε
442 1482 528 1529 sed
554 1482 712 1527 divina
732 1487 961 1542 potestate
981 1496 1034 1529 se
1070 1484 1353 1529 invisibilem
1382 1481 1711 1528 insidiantibus
1728 1482 2037 1540 constituens,

135 1553 219 1600 per
258 1543 465 1589 medium
502 1544 688 1590 illorum
701 1562 722 1585 >2
748 1545 906 1591 exivit.
931 1548 996 1591 Ex
1033 1546 1205 1605 quibus
1241 1545 1461 1591 omnibus
1496 1549 1625 1602 patet
1643 1543 1772 1603 quod
1810 1544 2035 1605 ChristuS,

135 1605 325 1661 quando
341 1606 505 1658 voluit,
523 1606 695 1653 virtute
717 1606 1066 1654 divina'animas
1083 1608 1327 1654 hominum
1351 1606 1626 1660 Immutavit‚
1648 1618 1744 1652 non
1763 1606 1916 1652 solum
1931 1607 2037 1664 jus-

135 1665 355 1713 tificando
377 1671 424 1712 et
448 1667 726 1725 sapientiam
748 1669 1039 1716 infundendo
1061 1670 1203 1728 (quod
1218 1671 1419 1731 pertinet
1432 1670 1493 1723 ad
1510 1669 1840 1715 miraculorum
1858 1669 2035 1726 finem),

135 1728 222 1774 sed
243 1729 382 1773 etiam
403 1730 602 1777 exterius
621 1731 881 1788 alliciendO,
908 1733 984 1778 vel
1005 1733 1241 1791 terrendO,
1263 1733 1339 1778 vel
1360 1731 1727 1790 stupefaciend0‚
1753 1731 1880 1789 quod
1897 1732 2038 1789 perti-

135 1791 295 1836 netad
333 1791 435 1848 ipsa
457 1792 700 1839 miracula.

192 1851 261 1899 Ad
281 1857 529 1899 secundum
550 1856 820 1914 dicendum,
843 1857 970 1915 quod
996 1857 1208 1902 Christus
1243 1861 1437 1902 venerat
1475 1855 1658 1901 salvare
1679 1855 1909 1901 mundum
1941 1869 2039 1903 non

137 1914 293 1961 solum
314 1916 485 1962 virtute
507 1918 683 1974 divina,
704 1920 788 1965 sed
810 1932 893 1977 per
912 1920 1188 1978 mysterium
1213 1918 1549 1965 incarnationis
1571 1918 1733 1977 ipsius.
1751 1922 1806 1964 Et
1821 1917 1928 1965 ideo
1943 1920 2037 1966 fre-

138 1983 338 2035 quenter
355 1980 403 2024 in
424 1981 668 2027 sanatione
687 1981 978 2028 infirmorum
1001 1994 1097 2028 non
1130 1982 1230 2027 sola
1262 1986 1489 2038 potestate
1507 1981 1664 2027 divina
1695 1980 1930 2039 utebatur,
1951 1994 2039 2028 cu·-

137 2040 287 2085 rando
304 2053 387 2098 per
405 2042 598 2088 modum
625 2043 823 2101 imperii,
846 2044 932 2090 sed
948 2045 1088 2090 etiam
1103 2044 1279 2101 aliquid
1297 2044 1352 2090 ad
1377 2043 1713 2089 humanitatem
1729 2043 1875 2100 ipsius
1893 2045 2040 2101 perti-

138 2113 260 2147 nens
288 2104 581 2161 apponendo.
606 2106 736 2151 Unde
770 2119 911 2164 super
938 2107 1054 2152 illud
1078 2109 1227 2161 (Lucae
1261 2109 1322 2163 1v)
1345 2122 1356 2151 :
1382 2106 1583 2162 Sinyulis
1602 2119 1767 2150 manus
1786 2109 2036 2165 imponenS,

139 2165 333 2209 curabat
372 2179 537 2223 omnes,
565 2167 678 2212 dicit
698 2169 899 2227 Cyrillus
918 2170 1014 2224 (lib.
1051 2183 1093 2213 ιν
1126 2169 1174 2214 in
1208 2172 1360 2227 Joan.,
1386 2181 1491 2226 sup.
1515 2168 1631 2214 illud
1663 2171 1796 2215 Joan.
1827 2182 1907 2215 w:
1940 2168 2040 2215 Nisi

80 2254 83 2257 v
139 2227 529 2272 manducaveritis
539 2242 741 2287 carnem,
756 2236 863 2288 etc.,
883 2237 928 2275 et
940 2231 1139 2276 habetur
1150 2231 1199 2275 in
1214 2233 1310 2276 Cat.
1328 2233 1372 2277 S.
1384 2231 1544 2275 Thom.
1558 2243 1664 2287 sup.
1678 2232 1805 2286 Luc.)
1817 2230 2040 2285 :«Quam-

139 2287 211 2332 vis
233 2292 287 2332 ut
319 2292 440 2334 Deus
460 2291 692 2347 potuisset
710 2304 875 2338 omnes
897 2294 1042 2338 verbo
1067 2293 1242 2350 pellere
1265 2292 1470 2350 morbOS,
1490 2292 1643 2350 tangit
1663 2297 1819 2338 tamen
1839 2305 1938 2350 coe,
1958 2306 2039 2339 os-

140 2350 341 2396 tendens
375 2353 611 2409 propriam
644 2366 832 2399 carnem
867 2355 1105 2401 efficacem
1125 2356 1187 2400 ad
1221 2355 1487 2412 praestanda
1526 2354 1746 2400 remedia.
1761 2374 1782 2393 ι»
1817 2358 1872 2401 Et
1898 2368 2041 2413 super

140 2411 257 2457 illud
279 2413 410 2458 Marci
431 2428 503 2457 vm
522 2429 533 2458 :
555 2417 772 2472 Expuens
787 2419 836 2459 in
859 2418 1005 2460 oculos
1030 2419 1139 2472 ejics,
1158 2419 1381 2473 impositis
1401 2417 1625 2473 manibus,
1641 2420 1750 2473 etc.,
1770 2416 1881 2463 dicit
1895 2418 2041 2477 Chry-

72 2518 76 2522 .
141 2479 377 2520 sostomus
401 2476 465 2531 (id
498 2477 639 2522 habet
671 2478 824 2523 Victor
845 2479 1159 2524 Antiochenus
1181 2478 1229 2523 in
1252 2479 1381 2523 hunc
1397 2478 1504 2533 loc.)
1527 2492 1539 2522 ε
1576 2496 1596 2517 «
1613 2478 1743 2536 Spuit
1764 2479 1970 2537 quidem,
1994 2484 2042 2527 et

139 2549 311 2583 manus
330 2538 527 2595 imponit
550 2551 702 2597 caeco3
725 2540 895 2585 volens
916 2541 1163 2586 ostendere
1191 2540 1315 2598 quod
1333 2540 1531 2585 verbum
1554 2540 1766 2586 divinum
1783 2542 2041 2599 operationi

141 2598 416 2656 adenctum
423 2600 646 2646 miracula
657 2601 835 2658 perficit
849 2614 1041 2647 :manus
1055 2602 1480 2659 enimsoperationis
1498 2606 1568 2647 est
1583 2602 1834 2659 ostensiva,
1849 2608 2042 2663 sputum

141 2662 373 2709 sermonis
393 2674 451 2706 ex
471 2674 551 2707 ore
573 2663 755 2719 prolati.
779 2682 801 2702 »
825 2667 879 2709 Et
900 2676 1042 2722 super
1061 2664 1176 2709 illud
1197 2664 1388 2708 Joannis
1406 2677 1448 2707 1x
1473 2677 1484 2708 :
1506 2667 1627 2708 Fecit
1650 2665 1794 2710 lutum
1817 2679 1876 2710 ex
1890 2670 2040 2725 sputo,

143 2724 349 2769 etlinivz‘t
367 2723 514 2768 lutum
528 2738 664 2781 super
687 2726 839 2769 oculos
858 2729 979 2783 caeci,
1003 2726 1116 2771 dicit
1137 2725 1427 2782 Augustinus
1461 2727 1609 2780 (tract.
1633 2729 1690 2771 44
1712 2727 1761 2770 in
1782 2729 1932 2785 Joan.,
1955 2740 2042 2786 pa-

150 2785 249 2830 rum
272 2785 299 2829 a
313 2786 482 2843 princ.)
505 2801 516 2829 :
537 2790 629 2832 «De
649 2787 796 2832 saliva
814 2801 900 2834 sua
919 2789 1069 2833 lutum
1097 2788 1221 2843 fecit,
1243 2788 1350 2846 quia
1371 2787 1570 2832 Verbum
1594 2801 1701 2834 caro
1721 2789 1894 2834 factum
1916 2795 2039 2836 est.»

148 2846 221 2892 Vel
245 2848 386 2893 etiam
422 2849 482 2894 ad
504 2850 866 2907 significandum
896 2851 1022 2911 quod
1042 2852 1142 2908 ipse
1176 2855 1289 2908 erat,
1315 2851 1395 2907 qui
1418 2864 1475 2895 ex
1494 2851 1606 2896 limo
1645 2856 1779 2897 terrae
1804 2852 2043 2900 hominem

143 2908 440 2969 formaverat,
476 2915 531 2955 ut
563 2912 918 2970 Chrysostomus
940 2914 1051 2959 dicit
1075 2914 1217 2967 (hom.
1240 2926 1294 2957 ιν
1331 2913 1379 2957 in
1411 2915 1542 2957 Joan.
1564 2917 1671 2958 ante
1689 2913 1850 2969 med).
1873 2939 1930 2947 —
1964 2917 2045 2965 Est

145 2976 302 3016 autem
321 2973 444 3018 circa
475 2973 700 3019 miracula
724 2976 887 3020 Christi
911 2975 1302 3027 considerandum
1321 2975 1446 3032 quod
1471 2976 1783 3021 communiter
1801 2977 2043 3033 perfectis·
2092 3002 2099 3005 <

147 3032 265 3078 sima
282 3046 424 3091 opera
439 3036 654 3081 faciebat.
670 3038 800 3082 Unde
812 3050 954 3095 super
972 3038 1087 3082 illud
1104 3039 1249 3095 (Joan.
1267 3040 1309 3089 ιι)
1329 3054 1338 3082 ε
1363 3040 1517 3082 Omnz‘s
1527 3040 1550 3081 h
1560 3052 1657 3081 omo
1665 3040 1868 3096 primam
1882 3040 2044 3085 bonum

147 3098 300 3139 vinnm
321 3101 464 3152 ponit,
487 3098 597 3143 dicit
619 3100 973 3157 Chrysostomus
995 3100 1135 3155 (hom.
1156 3114 1224 3143 xxi
1242 3099 1290 3144 in
1328 3103 1459 3145 Joan.
1492 3100 1519 3144 a
1541 3100 1683 3155 med.)
1712 3114 1725 3145 ε
1755 3118 1775 3139 ιε
1789 3099 1911 3146 Talia
1932 3106 2044 3147 sunt

146 3156 313 3202 Christi
333 3158 574 3216 miracula,
601 3165 653 3205 ut
671 3162 818 3206 multo
839 3162 911 3206 his
930 3175 1035 3219 quae
1057 3174 1139 3219 per
1157 3167 1373 3206 naturam
1407 3162 1541 3215 fiunt,
1566 3161 1847 3219 speciosiora
1869 3167 1916 3207 et
1947 3163 2043 3207 uti-

147 3218 263 3265 liora
279 3220 411 3266 fiant.
427 3240 447 3260 »
476 3224 530 3266 Et
552 3222 762 3268 similiter
780 3225 829 3269 in
860 3225 1050 3270 instanti
1077 3225 1273 3269 infirmis
1293 3226 1543 3282 perfectam
1566 3222 1809 3269 sanitatem
1831 3225 2042 3271 confere-

144 3283 261 3329 bat:
288 3283 414 3328 unde
432 3295 575 3340 super
594 3285 708 3331 illud
733 3288 901 3340 (Matth.
921 3290 1010 3341 vm)
1036 3301 1047 3330 z
1076 3291 1132 3331 Et
1165 3291 1385 3345 surrexit,
1414 3291 1456 3331 et
1477 3287 1771 3330 ministrabat
1790 3287 1899 3343 illis,
1931 3286 2041 3332 dicit

150 3344 453 3403 Hieronymus
472 3348 573 3401 (seu
592 3359 696 3404 sup.
715 3349 830 3394 illud
855 3366 866 3395 ε
895 3352 1009 3394 Ciam
1028 3353 1218 3394 venisset
1238 3351 1382 3404 Jesus)
1411 3364 1426 3391 .·
1455 3348 1665 3393 «Sanitas
1680 3361 1785 3406 quae
1806 3350 2041 3393 confertur

149 3405 178 3450 ἡ
197 3408 403 3468 Domino,
433 3412 530 3454 tota
554 3409 693 3454 simul
710 3411 830 3456 redit
851 3413 940 3467 (vel
966 3414 1118 3454 totum
1139 3411 1280 3457 simul
1298 3411 1482 3466 reddit).
1495 3410 1799 3466 »specialiter
1818 3414 1972 3455 autem
1989 3409 2036 3452 in
