2170 3808
779 190 977 242 QUAEST.
1008 191 1126 246 LVII,
1155 191 1273 234 ART.
1303 191 1372 234 Vl.
1931 192 2015 235 485

194 271 465 327 Respondeo
495 269 742 315 dicendum
772 271 896 327 quod
921 272 1130 316 ascensio
1166 272 1326 316 Christi
1362 275 1432 315 est
1466 282 1608 315 causa
1642 274 1813 315 nostrae
1850 269 2014 316 salutis

140 331 406 389 dupliciter:
426 344 521 375 uno
536 331 672 375 modo
693 343 751 375 ex
773 336 902 387 parte
924 338 1107 384 nostran
1127 332 1216 377 alio
1236 333 1374 377 modo
1393 345 1452 376 ex
1473 337 1603 389 parte
1624 332 1786 389 ipsius.
1804 334 1869 376 Ex
1884 336 2015 388 parte

139 392 325 450 quidem
344 397 516 448 nostra,
540 392 819 448 inquantum
839 405 923 450 per
944 393 1109 438 Christi
1128 394 1449 438 ascensionem
1470 406 1603 437 mens
1625 398 1782 439 nostra
1801 397 2014 438 movetur

138 454 187 498 in
209 454 364 511 ipsum
379 489 391 508 ,
416 453 524 510 quia
547 465 630 510 per
649 453 750 510 eius
770 454 1109 509 ascensionem„
1133 455 1253 499 sicut
1275 466 1418 511 supra
1439 455 1615 499 dictum
1645 459 1716 500 est
1741 456 1844 508 (art.
1864 458 1886 500 1
1912 455 2011 512 huj.

138 518 301 572 quaest.
327 515 387 560 ad
405 517 465 569 3),
484 514 634 570 primo
657 515 846 571 quidem
865 516 1001 560 datur
1023 515 1157 560 locus
1178 516 1301 569 fidei,
1326 516 1533 560 secundo
1551 516 1676 573 spei,
1702 516 1836 561 tertio
1858 516 2010 561 chari-

136 576 234 632 tati,
259 576 421 634 quarto
441 576 579 620 etiam
600 588 684 632 per
711 577 798 622 hoc
817 577 1079 622 reverentia
1100 581 1258 621 nostra
1277 582 1476 633 augetur
1497 578 1555 633 ad
1578 578 1732 633 ipsum
1748 610 1760 631 ,
1784 579 1895 623 dum
1914 578 2010 633 jam

136 650 232 684 non
256 637 575 684 existimamus
605 650 713 683 eum
744 639 864 683 sicut
891 639 1125 683 hominem
1152 645 1408 693 terrenum,
1435 639 1514 683 sed
1539 638 1660 682 sicut
1680 643 1823 683 Deum
1844 640 2012 685 coeles-

135 702 254 756 tem3
279 698 400 744 sicut
422 703 469 744 et
495 700 741 756 Apostolus
765 700 876 745 dicit
893 702 958 755 (11.
985 701 1186 744 Corinth.
1210 715 1254 756 v,
1285 703 1356 755 16)
1380 715 1391 744 ε
1416 702 1519 744 Etsi
1546 704 1831 756 coqnovimus
1858 714 2010 746 secun-

136 762 245 807 dt'cm
267 775 449 805 carnem
471 762 720 817 Christum,
748 761 795 806 id
818 766 904 819 est,
923 781 943 800 «
964 762 1222 816 mortalem,
1248 774 1331 819 per
1350 762 1474 819 quod
1490 762 1759 818 putavimus
1781 773 1890 806 eum
1910 756 2007 807 tam

135 825 235 868 tum
251 821 503 876 hominem,
519 841 539 861 »
557 827 610 866 ut
622 822 779 868 Glossa
797 822 913 878 (ord.
930 827 976 868 et
995 823 1148 868 interl.
1173 824 1288 867 Petri
1307 821 1482 876 Lomb.)
1507 822 1756 879 exponit3«
1779 823 1864 868 sed
1886 835 2013 868 nunc

133 884 230 942 iam
252 896 346 929 non
367 884 597 929 novimus.
621 903 641 923 »
667 887 728 928 Ex
750 890 880 941 parte
901 890 1058 930 autem
1082 898 1185 941 sua,
1211 889 1438 941 quantum
1458 884 1516 929 ad
1539 896 1595 929 ea
1624 882 1729 941 quae
1757 884 1858 941 ipse
1885 885 2010 942 fecit,

136 946 394 992 ascendens
412 952 599 1004 propter
620 952 829 991 nostram
851 947 1064 1003 salutem,
1078 947 1226 1003 primo
1237 947 1423 1003 quidem
1437 947 1558 990 viam
1582 946 1718 991 nobis
1736 947 2013 1003 praeparavit

137 1009 419 1055 ascendendi
442 1009 488 1053 in
512 1009 700 1066 coelum,
724 1010 982 1054 secundum
1007 1010 1133 1066 quod
1150 1010 1250 1066 ipse
1271 1009 1383 1054 dicit
1406 1011 1547 1063 (Joan.
1571 1023 1659 1064 xw,
1679 1012 1722 1062 2)
1743 1023 1754 1052 ε
1778 1009 1908 1052 Vado
1925 1022 2012 1064 pa-

136 1083 244 1115 rare
268 1071 389 1115 vobis
410 1071 583 1126 locum5
611 1074 659 1115 et
687 1071 831 1124 (Mich.
859 1084 905 1127 11,
935 1073 1005 1126 13)
1033 1086 1043 1114 :
1069 1072 1283 1115 Ascendit
1309 1071 1513 1126 pandens
1541 1074 1627 1113 iter
1651 1074 1757 1114 ante
1778 1083 1865 1114 eos.
1897 1070 2012 1122 Quia

136 1131 260 1178 enim
282 1132 382 1189 ipse
399 1137 470 1178 est
493 1135 633 1189 caput
653 1137 880 1187 nostrum,
901 1137 1080 1189 oportet
1098 1132 1209 1175 illuc
1227 1132 1359 1188 sequi
1382 1131 1590 1175 membra
1615 1132 1872 1188 quoscaput
1894 1144 2012 1187 prae-

135 1195 291 1240 cessit.
315 1196 445 1241 Unde
465 1195 632 1240 dicitur
651 1197 795 1248 (Joan.
813 1208 900 1251 nv,
922 1196 964 1249 3)
987 1211 998 1239 :
1031 1197 1088 1237 Ut
1102 1195 1178 1237 ubi
1195 1207 1274 1250 eqo
1292 1207 1409 1250 sum,
1438 1197 1481 1237 et
1500 1207 1576 1237 vos
1596 1197 1712 1252 sitisf
1732 1196 1784 1237 Et
1804 1194 1852 1237 in
1871 1194 2011 1250 hnjus

136 1258 324 1313 signum
341 1258 520 1302 animas
538 1261 821 1312 sanctorum,
845 1269 963 1313 quas
984 1256 1043 1301 de
1061 1257 1244 1301 inferno
1262 1256 1507 1315 eduxerat,
1531 1256 1579 1299 in
1601 1255 1774 1300 coelum
1793 1256 2009 1314 traduxit,

135 1319 392 1364 secundum
414 1318 530 1363 illud
549 1317 684 1372 (Psal.
715 1332 841 1374 nvn,
871 1321 942 1374 17)
966 1333 977 1360 1
1000 1320 1259 1362 Ascendens
1279 1317 1489 1361 Christus
1510 1320 1558 1360 in
1587 1318 1759 1373 altum,
1785 1321 2012 1373 captivam

134 1379 269 1422 duxit
295 1382 603 1436 captivitatem
633 1379 808 1435 (Ephes.
838 1393 898 1433 iv,
920 1381 988 1436 8),
1015 1379 1126 1435 quia
1147 1379 1322 1424 scilicet
1354 1391 1434 1424 eos
1463 1378 1541 1435 qui
1574 1379 1759 1423 fuerant
1781 1379 1806 1422 a
1829 1378 2011 1423 diabolo

133 1440 363 1497 captivati,
388 1453 547 1486 secum
569 1440 700 1485 duxit
719 1441 768 1484 in
786 1440 974 1497 coelum,
991 1442 1124 1498 quasi
1144 1442 1193 1484 in
1214 1441 1367 1485 locum
1386 1442 1679 1498 peregrinum
1697 1442 1915 1485 humanae
1929 1453 2012 1484 na-

134 1506 278 1559 turae,
295 1502 421 1547 bona
438 1502 651 1559 captIOne
670 1503 877 1558 captivos
893 1536 906 1561 ‚
937 1507 1098 1559 utpote
1126 1515 1209 1559 per
1234 1503 1473 1548 victoriam
1503 1503 1770 1560 acquisitos.
1802 1503 2012 1548 Secundo

134 1565 244 1621 quia
267 1565 388 1609 sicut
415 1564 623 1621 pontifex
647 1564 695 1608 in
714 1565 859 1609 veteri
878 1567 1171 1609 Testamento
1198 1565 1401 1610 intrabat
1421 1566 1762 1620 sanctuarium,
1788 1569 1841 1608 ut
1870 1566 2011 1610 assis-

135 1628 249 1671 teret
266 1629 357 1671 Deo
375 1638 460 1683 pro
479 1626 667 1683 populo,
689 1626 754 1670 ita
772 1631 818 1671 et
835 1627 1041 1671 Christus
1055 1631 1249 1671 intravit
1267 1629 1427 1672 coelum
1450 1628 1514 1671 ad
1527 1628 1913 1683 interpellandum
1926 1640 2011 1682 pro

134 1689 274 1744 nobis,
300 1692 353 1734 ut
375 1688 545 1733 dicitur
563 1688 713 1742 (Hehr.
735 1691 826 1743 vu).
850 1691 953 1745 lpsa
974 1689 1100 1734 enim
1120 1690 1468 1746 repraesentatio
1487 1691 1560 1734 sui
1580 1701 1636 1733 ex
1661 1693 1828 1733 natura
1847 1688 2011 1733 humass

134 1761 210 1808 na,
235 1762 375 1808 quam
395 1749 443 1794 in
463 1750 633 1795 coelum
652 1750 824 1806 intulit,
843 1754 916 1796 est
937 1752 1149 1807 quaedam
1166 1752 1469 1808 interpellatio
1486 1764 1571 1808 pro
1591 1751 1754 1805 nobis;
1778 1755 1832 1795 ut
1845 1763 1903 1795 ex
1918 1763 2011 1807 quo

133 1812 252 1856 Deus
273 1811 527 1855 humanam
551 1816 765 1856 naturam
784 1811 852 1857 sic
873 1811 1092 1857 exaltavit
1110 1813 1157 1856 in
1181 1813 1372 1869 Christo,
1397 1813 1535 1858 etiam
1557 1825 1716 1857 eorum
1736 1812 2012 1856 misereatur

131 1884 216 1929 pro
239 1873 409 1930 quibus
431 1873 570 1917 Filius
590 1873 664 1918 Dei
687 1874 941 1926 humanam
963 1880 1179 1919 naturam
1195 1875 1463 1932 assumpsit.
1486 1874 1632 1919 Tertio
1649 1878 1702 1919 ut
1719 1873 1767 1918 in
1786 1874 2012 1919 coelorum

133 1933 244 1979 sede
265 1933 398 1991 quasi
428 1937 548 1979 Deus
577 1939 623 1978 et
644 1935 865 1979 Dominus
893 1936 1199 1993 constitutus,
1231 1936 1398 1980 exinde
1419 1935 1579 1980 dlvina
1602 1935 1724 1980 dona
1745 1935 2011 1979 hominibus

131 1995 357 2052 mitteret,
382 1996 640 2041 secundum
660 1996 775 2041 illud
795 1997 976 2055 (Ephes.
999 2011 1056 2055 iv,
1083 2001 1153 2052 10)
1175 2013 1185 2042 ε
1206 1999 1427 2042 Ascendit
1450 2010 1586 2053 super
1608 2010 1757 2040 omnes
1783 1998 1940 2053 coelos,
1963 2000 2012 2040 ut
2094 2037 2099 2039 .

133 2059 413 2116 adimpleret
437 2062 606 2114 omnia,
629 2059 806 2104 scilicet
829 2078 851 2097 «
873 2059 1009 2104 donis
1028 2060 1144 2116 suis,
1169 2079 1190 2099 »
1214 2060 1472 2104 secundum
1494 2058 1702 2103 Glossam
1723 2057 1927 2114 (interl).

186 2120 251 2166 Ad
270 2123 471 2178 primum
499 2133 610 2177 ergo
639 2121 903 2181 dicendum,
924 2121 1049 2179 quod
1069 2122 1282 2166 ascensio
1310 2120 1473 2165 Christi
1493 2127 1565 2164 est
1586 2132 1728 2164 causa
1744 2123 1916 2165 nostrae
1933 2132 2012 2164 sa-

133 2181 259 2238 lutis,
286 2194 381 2226 non
401 2195 484 2238 per
505 2183 695 2227 modum
719 2183 887 2239 meriti,
908 2184 990 2228 sed
1009 2195 1093 2240 per
1108 2183 1298 2227 modum
1327 2180 1586 2226 efficientiae
1599 2214 1611 2235 ,
1644 2181 1767 2225 sicut
1787 2193 1931 2237 supra
1955 2181 2012 2226 de

133 2243 470 2288 resurrectione
493 2243 669 2288 dIctum
687 2248 758 2288 est
780 2245 964 2302 (quaest.
986 2256 1123 2301 praec.
1149 2249 1235 2287 art.
1257 2246 1317 2296 1).

187 2304 255 2350 Ad
271 2306 516 2348 secundum
538 2305 803 2362 dicendum,
827 2306 953 2363 quod
971 2305 1125 2362 passio
1144 2304 1308 2349 Christi
1327 2308 1400 2349 est
1419 2315 1564 2348 causa
1586 2307 1758 2347 nostrae
1775 2304 2012 2348 ascensio-—

135 2366 207 2412 nis
225 2367 274 2412 in
293 2367 488 2424 coelum,
509 2368 695 2424 proprie
715 2367 974 2424 loquendo,
995 2379 1079 2424 per
1100 2366 1404 2411 remotionem
1430 2365 1608 2422 peccati
1636 2365 1943 2423 prohibentis,
1968 2371 2012 2410 et

133 2440 216 2486 per
234 2428 424 2474 mo'dum
454 2429 627 2485 meriti3
653 2429 864 2474 ascensio
896 2433 1051 2474 autem
1074 2428 1238 2473 Christi
1261 2433 1331 2472 est
1358 2427 1530 2473 directe
1551 2441 1693 2472 causa
1724 2428 2013 2472 ascensionis

132 2494 323 2546 nostrae,
343 2491 476 2548 quasi
497 2491 759 2536 inchoando
776 2492 926 2548 ipsam
950 2492 998 2535 in
1017 2492 1166 2548 capite
1186 2495 1361 2546 nostro,
1379 2490 1455 2534 cui
1473 2494 1654 2546 oportet
1671 2490 1882 2535 membra
1902 2503 2012 2535 con—

151 2564 279 2608 ungi.

129 2565 146 2610 J
189 2614 255 2659 Ad
277 2617 460 2658 tertium
480 2612 754 2669 dicendum,
779 2612 903 2670 quod
921 2613 1127 2657 Christus
1153 2612 1298 2657 semel
1321 2612 1582 2657 ascendens
1604 2612 1652 2655 in
1676 2611 1847 2656 coelum
1874 2612 2014 2669 adep·

136 2679 211 2720 tus
229 2679 301 2720 est
319 2675 408 2719 sibi
429 2683 476 2719 et
497 2674 632 2718 nobis
651 2674 699 2718 in
723 2678 1000 2731 perpetuum
1020 2674 1101 2731 Jus
1131 2679 1176 2719 et
1198 2674 1468 2729 dignitatem
1492 2673 1749 2717 mansionis
1772 2672 1978 2717 coelestis
2003 2693 2013 2716 .·

135 2736 209 2781 cui
228 2740 380 2781 tamon
403 2736 614 2791 dignitati
634 2748 726 2780 non
748 2736 954 2793 derogat,
974 2736 1013 2781 si
1030 2748 1089 2780 ex
1107 2736 1258 2793 aliqua
1278 2736 1626 2792 dispensatione
1639 2734 1847 2779 Christus
1866 2747 2019 2792 quan-

136 2797 288 2855 doque
306 2798 604 2853 corporaliter
627 2797 686 2842 ad
706 2801 876 2842 terram
899 2798 1178 2854 descendat3
1203 2798 1278 2843 vel
1309 2803 1359 2841 ut
1378 2798 1595 2842 ostendat
1613 2809 1663 2841 se
1682 2797 1900 2841 omnibus
1915 2830 1928 2854 ‚
1959 2797 2021 2843 si-

136 2863 215 2905 cut
236 2858 285 2903 in
299 2858 501 2915 judicio;
521 2858 595 2903 vel
615 2863 669 2902 ut
692 2859 906 2904 ostendat
937 2872 988 2904 se
1012 2859 1148 2904 alicui
1180 2859 1454 2916 specialiter,
1479 2859 1599 2903 sicut
1617 2858 1774 2913 Paulo,
1797 2863 1848 2902 ut
1869 2857 1961 2902 hab
1972 2871 2018 2904 e-

135 2925 212 2966 tur
227 2922 340 2977 (Act.
366 2921 440 2974 1x).
466 2922 520 2964 Et
539 2932 599 2964 ne
618 2920 723 2976 quis
745 2921 902 2966 credat
922 2920 1011 2965 hoc
1028 2921 1202 2965 factum
1221 2921 1366 2965 fuisse
1394 2933 1486 2964 non
1509 2921 1685 2964 Christo
1713 2919 1775 2963 ibi
1795 2931 2010 2976 corpora-

135 2982 240 3028 liter
256 2985 499 3039 praesente,
523 2980 603 3025 sed
625 2981 883 3038 aliqualiter
901 2988 1170 3039 apparente,
1191 2982 1472 3027 contrarium
1486 2987 1676 3039 apparet
1692 2993 1774 3038 per
1789 2981 1875 3025 hoc
1887 2983 2013 3037 quod

135 3044 236 3103 ipse
257 3044 502 3102 Apostolus
521 3044 631 3090 dicit
648 3047 697 3100 (l.
718 3047 819 3090 Cor.
836 3059 907 3101 xv,
929 3049 985 3101 8),
1010 3047 1068 3091 ad
1089 3046 1453 3091 confirmandam
1471 3043 1824 3091 resurrectionis
1842 3045 2010 3089 fidemz

136 3109 380 3153 Novissime
402 3110 598 3150 omnium
616 3140 628 3162 a
661 3108 877 3162 tanquam
898 3109 1127 3164 abortivo,
1154 3112 1273 3151 visus
1296 3113 1361 3153 est
1389 3112 1433 3152 et
1455 3109 1567 3151 milti
1592 3111 1668 3163 (1).
1694 3110 1803 3161 Quae
1824 3107 2013 3164 quidem

137 3170 253 3214 vIsio
271 3168 513 3213 veritatem
533 3168 886 3213 resurrectionis
907 3181 1003 3213 non
1025 3170 1257 3227 probaret,
1278 3169 1367 3214 nisi
1382 3171 1535 3226 ipsum
1553 3181 1716 3215 verum
1735 3169 1899 3214 Christi
1915 3180 2014 3213 cor-

137 3240 224 3287 pus
245 3230 399 3275 visum
420 3230 584 3274 fuisset
606 3229 664 3274 ab
686 3242 756 3274 ec.

179 3367 222 3409 (l)
237 3366 278 3401 Et
299 3367 342 3409 (Ι.
365 3366 443 3400 Cor.
470 3375 518 3407 lx,
539 3366 589 3409 1):
614 3366 746 3403 Nonne
766 3359 954 3402 Christum
972 3366 1100 3402 Jesum
1117 3365 1313 3402 Dominum
1323 3372 1492 3403 nostram
1507 3367 1610 3403 vidi?
