2170 3808
211 253 295 298 218
790 250 990 303 QUAEST.
1021 250 1149 306 XXV,
1182 251 1299 294 ART.
1329 253 1364 294 V
1387 252 1452 295 ET
1479 253 1546 296 vl.

268 334 335 380 Ad
347 337 551 391 primum
570 344 682 389 ergo
701 331 981 390 dicendum,
1006 332 1133 390 quod
1153 332 1290 376 matri
1313 334 1438 390 regis
1461 347 1554 378 non
1576 332 1772 379 debetur
1799 336 1992 393 aequalis
2022 336 2105 384 ho-

214 410 302 443 nor
326 397 487 442 honori
512 397 589 453 qui
610 395 807 440 debetur
837 397 968 452 regi,
995 396 1191 441 debetur
1209 401 1366 442 tamen
1385 398 1427 442 ei
1447 398 1636 455 quidam
1661 399 1810 443 honor
1831 398 2103 460 consimilis,
2138 404 2142 414 ²

213 460 392 505 ratione
414 458 659 515 cujusdam
680 458 981 504 excellentiae.
1005 460 1058 503 Et
1081 459 1169 503 hoc
1183 458 1449 515 significant
1470 461 1770 506 auctoritates
1802 461 2021 506 inductae.
2164 508 2170 521 .-

268 521 335 566 Ad
357 521 600 563 secundum
616 519 883 577 dicendum,
904 520 1029 577 quod
1046 520 1199 564 honor
1214 520 1378 565 matris
1393 521 1593 567 refertur
1615 523 1674 568 ad
1693 522 1858 578 filium,
1878 523 1988 580 quia
2006 522 2105 581 ipsa

213 587 361 628 mater
386 587 458 626 est
484 586 670 638 pioptei
693 582 840 626 filium
870 582 1139 627 adoranda:
1166 595 1260 626 non
1285 586 1442 627 tamen
1463 595 1519 628 eo
1538 585 1678 629 modo
1702 597 1796 641 quo
1819 583 2002 629 honor
1989 596 2109 631 lma,-

214 644 337 702 ginis
359 645 555 688 refertur
576 644 635 689 ad
653 645 926 707 exemplar:
952 644 1062 702 quia
1082 645 1184 701 ipsa
1202 645 1372 702 image,
1396 651 1535 702 prout
1555 645 1605 689 in
1627 658 1679 691 se
1701 645 2027 692 consideratur
2053 652 2105 693 ut

215 719 289 753 res
307 706 536 764 quaedam,
563 706 693 751 nullo
711 703 853 752 modo
872 711 944 751 est
961 707 1248 752 veneranda.
2134 673 2170 806 ἐ

267 770 335 815 Ad
354 773 535 813 tertium
555 769 821 825 dicendum,
838 769 963 826 quod
984 781 1102 814 crux
1119 781 1215 814 non
1238 774 1311 814 est
1328 781 1474 826 capax
1494 771 1809 816 venerationis
1826 776 1966 828 prout
1986 771 2035 816 in
2058 782 2110 818 se
2148 772 2151 774 ’

217 832 551 888 consideratur,
576 836 630 876 ut
647 831 824 876 dictum
847 836 919 875 est
936 832 1039 885 (art.
1062 834 1256 888 praecm)
1277 831 1361 876 sed
1381 832 1430 875 B.
1452 832 1588 890 Virgo
1610 834 1869 879 secundum
1900 834 2103 892 seipsam
2140 839 2141 843 ’

215 897 286 941 est
305 892 620 939 venerationis
647 905 812 952 capax,
835 895 882 937 et
901 891 1007 937 ideo
1024 904 1119 937 non
1144 897 1216 937 est
1235 892 1401 937 similis
1419 893 1846 939 latio..
2117 914 2121 920 ·

338 957 605 1000 ARTICUL
609 957 682 998 US
704 957 786 998 Vl.
811 978 866 987 —
886 968 1020 998 u'rnmu
1046 968 1252 1004 nmmum
1274 967 1514 999 sancromm
1534 969 1626 1000 sim·
1647 970 1881 1002 AnonAnnAE
1895 959 1972 1013 (1).

812 1025 861 1058 De
881 1023 935 1058 his
947 1025 1049 1060 etiam
1067 1023 1090 1058 2
1101 1025 1134 1065 2,
1153 1028 1270 1066 quaest.
1283 1032 1364 1059 xcv}
1376 1052 1383 1066 ‚
1396 1028 1463 1060 art.
1477 1025 1511 1061 5.

266 1078 335 1124 Ad
362 1083 546 1124 sextum
579 1080 648 1124 sic
679 1079 963 1135 proceditur.
995 1083 1037 1124 1.
1070 1079 1258 1124 Videtur
1281 1079 1407 1136 quod
1438 1084 1707 1126 sanctorum
1737 1081 1944 1138 reliquiae
1965 1080 2096 1127 nullo
2150 1139 2152 1142 v

211 1141 351 1186 modo
366 1141 460 1186 sint
481 1141 745 1186 adorandae.
765 1142 864 1186 Non
881 1141 1006 1186 enim
1027 1146 1098 1186 est
1116 1141 1290 1198 aliquid
1307 1141 1576 1186 faciendum
1594 1142 1720 1199 quod
1738 1144 1886 1200 possit
1908 1155 2014 1189 esse
2029 1154 2107 1189 oc-
2140 1161 2153 1187 ν

212 1203 337 1250 casio
358 1204 542 1248 erroris.
565 1204 652 1249 Sed
683 1203 875 1249 adorare
895 1210 1186 1248 mortuorum
1209 1204 1430 1260 reliquias
1450 1204 1634 1250 videtur
1652 1205 1711 1250 ad
1729 1217 1935 1251 errorem
1955 1205 2108 1263 genti-

210 1263 325 1310 lium
345 1265 592 1322 pertinere‚
615 1266 694 1322 qui
710 1265 906 1310 mortuis
922 1265 1190 1310 hominibus
1207 1266 1603 1311 honorificentiam
1622 1266 1970 1324 impendebant.
1989 1269 2109 1324 Ergo

212 1339 307 1371 non
328 1333 439 1372 sunt
460 1332 731 1373 sanctorum
754 1327 962 1385 reIIquiae
986 1328 1251 1373 adorandae.

266 1392 307 1434 2.
339 1392 563 1435 Praeterea
580 1424 592 1447 ,
615 1390 814 1435 stultum
842 1390 1028 1435 videtur
1055 1403 1151 1434 rem
1186 1390 1508 1436 insensibilem
1532 1391 1762 1437 venerari.
1801 1392 1890 1438 Sed
1918 1396 2104 1438 sancto-

209 1462 316 1496 rum
346 1452 554 1509 reliquiae
584 1457 696 1496 sunt
717 1452 1008 1496 insensibilia
1026 1465 1237 1510 corpora.
1261 1456 1381 1509 Ergo
1401 1453 1595 1498 stultum
1625 1461 1696 1498 est
1718 1466 1798 1498 eas
1819 1455 2047 1500 venerari.
2154 1511 2155 1514 Ἴ

265 1517 309 1559 3.
333 1517 572 1568 Praeterea,
591 1527 760 1572 corpus
774 1520 1011 1560 mortuum
1027 1527 1121 1559 non
1142 1521 1214 1559 est
1229 1515 1441 1572 eJusdem
1461 1516 1630 1574 speciei
1650 1529 1759 1561 cum
1774 1529 1967 1574 corpore
1981 1517 2104 1575 vivo,
2159 1548 2161 1550 -

210 1581 258 1621 et
275 1589 359 1633 per
381 1589 678 1633 consequens
697 1589 792 1621 non
809 1577 995 1622 videtur
1012 1590 1116 1623 esse
1134 1589 1331 1622 numero
1349 1578 1490 1623 idem.
1511 1580 1629 1635 Ergo
1646 1579 1832 1624 videtur
1847 1578 1974 1636 quod
1996 1584 2102 1637 post
2154 1609 2155 1612 =

210 1643 407 1683 mortem
433 1638 631 1694 alicujus
651 1638 798 1683 sancti
818 1651 989 1695 corpus
1007 1638 1111 1696 eJus
1127 1651 1222 1683 non
1240 1639 1300 1683 sit
1322 1639 1632 1685 adorandum.
2152 1656 2153 1659 ¹

267 1701 353 1745 Sed
371 1705 529 1744 contra
554 1705 626 1745 est
642 1700 769 1757 quod
789 1700 957 1745 dicitur
977 1702 1042 1756 (in
1073 1702 1191 1746 libro
1221 1705 1284 1746 De
1307 1702 1634 1747 ecclesiasticis
1654 1702 1974 1760 dogmatibus,
1996 1716 2104 1761 cap.
2154 1759 2155 1762 Ἴ

211 1765 282 1819 73)
302 1776 315 1807 z
338 1781 358 1801 «
382 1766 657 1808 Sanctorum
676 1775 887 1820 corpora,
913 1768 960 1808 et
978 1764 1211 1821 praecipue
1238 1764 1483 1808 beatorum
1506 1769 1767 1822 martyrum
1789 1765 2026 1823 reliquiaS‚
2048 1778 2106 1811 ao
2158 1811 2159 1814 ,

210 1826 267 1882 si,
287 1825 451 1870 Christi
473 1825 700 1880 membra,
731 1825 1045 1870 sincerissime
1069 1826 1341 1871 honoranda
1357 1826 1618 1885 credimus;
1643 1846 1664 1866 ι»
1699 1832 1747 1872 et
1764 1831 1925 1884 postea
1946 1827 2106 1874 subdi-
2155 1850 2170 1867 ⁴·-

209 1891 315 1932 tur:
339 1906 359 1925 «
381 1888 423 1932 Si
451 1887 557 1945 quis
583 1892 743 1932 contra
774 1888 898 1932 hanc
932 1888 1213 1933 sententiam
1235 1888 1416 1934 venerit
1447 1890 1525 1948 (2),
1558 1901 1651 1934 non
1687 1889 1993 1945 christianus,
2019 1889 2101 1936 sed
2153 1868 2170 1956 ᾗ

208 1950 528 1994 Eunomianus
546 1955 592 1993 et
609 1949 948 2006 Vigilantianus
971 1950 1192 1995 creditur.
1215 1969 1234 1990 »
2160 1957 2170 1988 '¹

257 2019 550 2081 CONQLUSIO.
569 2041 615 2112 -ῖ
635 2019 742 2112 (tlum
757 2022 918 2059 sanctos
935 2019 1008 2059 Dei
1031 2030 1284 2069 veneremur,
1301 2030 1445 2060 eorum
1461 2031 1625 2073 quoque
1637 2031 1805 2073 corpora
1817 2049 1830 2071 ,
1844 2022 1887 2062 et
1900 2019 2106 2074 reliquias
2158 1999 2170 2018 '¹

208 2084 392 2113 venerari
410 2084 484 2113 nos
499 2085 595 2125 opor
615 2085 637 2112 e
660 2104 669 2113 .

264 2136 536 2192 Respondeo
559 2136 811 2181 dicendum
843 2136 986 2196 quod,
1018 2137 1140 2182 sicut
1171 2137 1460 2194 Augustinus
1479 2137 1592 2182 dicit
1609 2139 1689 2192 (De
1721 2137 1812 2182 civ.
1832 2139 1927 2196 Dei,
1954 2136 2036 2184 lib.
2066 2154 2101 2197 1,

209 2210 311 2255 cap.
338 2202 409 2254 13,
433 2199 459 2242 a
478 2199 663 2257 princ),
700 2198 777 2243 «si
807 2204 1001 2256 paterna
1022 2200 1167 2245 vestis
1199 2205 1244 2245 et
1270 2200 1492 2252 annulus,
1526 2212 1581 2244 ac
1613 2200 1652 2244 si
1684 2199 1795 2257 quid
1832 2200 2105 2258 huJ‘usmodi

210 2261 341 2304 tanto
362 2261 548 2305 charius
579 2266 649 2305 est
670 2260 867 2317 posteris
896 2262 1071 2317 quanto
1094 2274 1205 2319 erga
1232 2267 1450 2318 parentes
1472 2267 1544 2305 est
1565 2261 1713 2318 maJ'or
1732 2262 1949 2319 affectus3
1972 2264 2108 2310 nullo
2151 2283 2170 2323 η»

209 2322 349 2367 modo
383 2321 482 2378 ipsa
506 2323 772 2379 spernenda
803 2327 916 2368 sunt
938 2335 1148 2381 corpora,
1169 2336 1275 2381 quae
1295 2324 1458 2381 utique
1495 2323 1642 2368 multo
1666 2324 1939 2370 familiarius
1962 2331 2104 2383 atque
2156 2320 2170 2376 ἐ·

209 2385 506 2442 conjunctius
540 2385 680 2442 quarn
719 2385 938 2442 quaelibet
969 2385 1260 2443 indumenta,
1291 2393 1563 2457 gestamus:
1587 2387 1686 2431 haec
1708 2387 1833 2432 enim
1858 2388 1916 2433 ad
1953 2389 2102 2446 ipsam
2153 2377 2170 2571 ἒ

209 2450 424 2490 naturam
444 2446 646 2491 hominis
663 2446 950 2503 pertinent.»
968 2449 1032 2490 Ex
1048 2460 1141 2504 quo
1159 2453 1285 2504 patet
1301 2448 1425 2505 quod
1446 2448 1526 2505 qui
1544 2447 1686 2493 habet
1708 2448 1924 2494 affectum
1943 2451 2003 2496 ad
2017 2450 2107 2497 ali—

210 2519 367 2565 quem,
394 2508 533 2552 etiam
553 2520 608 2552 ea
634 2520 740 2564 quae
767 2508 828 2553 de
856 2508 958 2565 ipso
979 2514 1084 2564 post
1113 2514 1310 2554 mortem
1341 2510 1685 2567 relinquuntur,
1708 2515 1974 2571 veneratur,
2007 2525 2101 2559 non

211 2570 362 2615 solum
383 2583 553 2627 corpus
574 2574 654 2615 aut
684 2575 842 2627 partes
875 2572 1081 2628 corporis
1110 2572 1228 2629 ejus,
1253 2572 1338 2618 sed
1372 2573 1512 2617 etiam
1541 2573 1696 2630 aliqua
1723 2575 1967 2631 exteriora,
1990 2578 2104 2633 puta

209 2637 364 2677 vestes
382 2638 428 2676 et
451 2632 635 2677 similia.
658 2633 947 2677 Manifestum
973 2639 1045 2678 est
1068 2641 1220 2678 autem
1245 2634 1368 2691 quod
1401 2640 1588 2679 sanctos
1611 2635 1686 2680 Dei
1717 2636 1764 2680 in
1796 2638 2095 2683 veneratione

209 2694 382 2740 habere
398 2694 638 2753 debemus,
660 2700 877 2752 tanquam
893 2696 1103 2740 membra
1122 2697 1304 2756 Clnisti,
1316 2696 1391 2741 Dei
1412 2696 1548 2754 filios,
1570 2701 1617 2742 et
1635 2698 1827 2753 amicos,
1846 2703 1894 2744 et
1911 2704 2099 2746 nostros
2154 2659 2170 2757 ἐξ

209 2752 559 2802 intercessores
596 2759 650 2801 Et
681 2757 787 2802 ideo
819 2770 982 2803 eorum
1014 2759 1234 2816 reliquias
1275 2759 1640 2817 qualescumque
1674 2761 1852 2806 honore
1890 2773 2100 2819 congruo
2158 2761 2170 2814 γ’

209 2817 259 2862 in
278 2829 441 2862 eorum
460 2817 732 2862 memoriam
750 2819 962 2863 venerari
984 2818 1232 2878 debemus3
1261 2824 1308 2865 et
1325 2819 1560 2878 praecipue
1582 2833 1743 2866 eorum
1764 2834 1972 2880 corpora,
1996 2836 2106 2881 quae
2161 2846 2165 2869 z

208 2879 400 2924 fuerunt
427 2879 593 2936 templa
614 2884 660 2924 et
681 2892 859 2936 organa
880 2881 1075 2938 Spiritus
1098 2881 1247 2926 sancti
1271 2881 1318 2926 in
1340 2881 1409 2926 eis
1429 2882 1681 2927 habitantis
1703 2887 1749 2928 et
1771 2885 2025 2942 operantis,
2056 2890 2103 2931 et

209 2947 320 2987 sunt
341 2942 521 2999 corpori
545 2942 709 2987 Christi
732 2943 1065 3000 configuranda
1086 2956 1170 3001 per
1202 2943 1451 3000 gloriosam
1485 2946 1888 2991 resurrectionem.
1911 2947 2040 2993 Unde
2056 2951 2106 2994 et·

210 3003 311 3061 ipse
328 3008 450 3050 Deus
467 3005 737 3062 hujusmodi
759 3005 980 3063 reliquias
998 3006 1332 3051 convenienter
1350 3007 1562 3064 honorat,
1594 3007 1642 3051 in
1664 3020 1743 3053 eat
1744 3021 1825 3053 um
1856 3009 2103 3066 piaesentia

210 3065 433 3111 miracula
452 3066 663 3111 faciendo
684 3069 758 3122 (3).

251 3162 292 3204 (I)
312 3163 439 3198 concii.
456 3165 483 3197 'l
487 3164 554 3198 rid.
582 3165 672 3205 (sess.
700 3172 768 3198 xxv
785 3165 835 3199 De
852 3164 998 3200 invocat.
1015 3176 1116 3200 sanc-
1243 3166 1286 3207 (2)
1302 3165 1356 3201 Ita
1369 3177 1446 3200 cum
1460 3167 1540 3202 Mss.
1558 3165 1791 3206 theologorum
1802 3168 2006 3204 recentiores
2019 3168 2103 3205 edit.

212 3214 339 3250 torum)
361 3211 480 3245 definit
499 3211 708 3247 affirmantes
736 3218 931 3248 sanctorum
961 3213 1118 3255 reliquiis
1202 3214 1294 3249 Edit.
1310 3218 1441 3250 veteres
1457 3227 1534 3249 cum
1551 3215 1625 3250 cod.
1643 3216 1773 3256 Alcan..
1787 3217 1874 3250 velit
1886 3227 1975 3252 esse.

208 3260 461 3294 venerationem
491 3264 589 3301 atque
618 3260 783 3294 honorem
812 3272 880 3295 non
910 3261 1045 3306 deberi3
1063 3262 1117 3297 vel
1243 3263 1287 3304 (5)
1314 3263 1481 3298 Omnibus
1505 3267 1584 3298 nota
1610 3267 1692 3298 sunt
1715 3264 1879 3299 miracula
1912 3268 2106 3306 perpetrm

210 3319 266 3342 eos
288 3307 421 3349 aliaque
438 3319 529 3341 sacra
550 3313 771 3343 monumenta
797 3310 815 3343 a
834 3309 991 3344 fidelibus
1012 3309 1116 3345 inuti·
1203 3311 1238 3345 in
1252 3311 1449 3346 inventione
1465 3338 1473 3353 ‚
1490 3311 1689 3345 exaltatione
1707 3318 1741 3346 et
1755 3314 1964 3353 apparitione.
1981 3317 2101 3348 sancto

209 3356 291 3390 liter
319 3356 495 3395 honorari,
523 3359 623 3394 atque
646 3367 763 3389 eorum
794 3357 867 3397 opis
892 3357 1117 3399 impetrandae
1203 3358 1311 3393 crucis
1326 3358 1412 3392 facta
1428 3359 1649 3393 constantino
1668 3359 1789 3399 Magno
1804 3361 1946 3394 cumbis
1959 3359 2071 3395 verbis
2089 3371 2100 3394 ε

210 3407 306 3438 causa
332 3409 524 3438 sanctorum
554 3403 735 3437 memorias
753 3402 876 3437 frustra
906 3405 1114 3446 frequentari
1204 3407 1249 3440 ln
1268 3407 1332 3441 hoc
1348 3408 1453 3449 siquo
1472 3407 1604 3446 vinces,
1623 3410 1659 3440 ut
1675 3406 1829 3442 referunt
1850 3407 2022 3450 Eusebius,
2041 3408 2102 3443 So-

209 3452 349 3486 omnino
368 3451 577 3486 damnandos
593 3463 673 3492 esse,
692 3456 794 3492 prout
815 3457 884 3491 jam
907 3454 1039 3494 pridem
1061 3466 1118 3489 eos
1202 3466 1372 3497 somenus,
1387 3455 1510 3489 Paulus
1527 3455 1707 3498 Diaconus,
1724 3460 1790 3492 ete.

208 3502 384 3535 damnavit
400 3505 438 3535 ut
452 3512 542 3534 nunc
562 3500 662 3534 etiam
679 3499 817 3534 damnat
832 3500 992 3538 Ecclesia.
2100 3514 2119 3523 κ
