2170 3808
196 197 282 239 274
842 192 1041 244 QUAEST.
1071 193 1248 248 XXXIII,
1281 195 1400 238 ART.
1431 196 1463 239 1.

225 278 568 321 ARTICULUS
588 279 626 319 Ι.
659 299 713 306 -—
741 288 877 318 uranii
901 287 1056 317 conpos
1076 288 1238 318 cnmsn
1264 290 1412 320 runnu·
1427 291 1650 322 rosunum
1670 293 1708 321 nv
1734 292 1857 322 ramo
1882 293 2070 328 msrmrt

947 350 1237 381 CONCEPTIONJS
1258 339 1334 393 (1).

408 406 456 454 De
476 406 528 439 his
546 405 649 440 etiam
665 406 760 441 Sent.
779 414 831 445 ιη,
852 405 929 441 dist.
945 406 978 446 5,
995 409 1113 447 quaest.
1131 414 1153 440 v
1165 433 1173 447 ‚
1193 409 1257 441 art.
1273 406 1307 450 2,
1324 410 1356 442 et
1374 407 1471 442 cont.
1487 415 1578 448 gent.
1595 408 1656 443 lib.
1676 417 1725 451 lv,
1742 420 1813 450 cap.
1828 409 1883 444 M.

251 461 318 506 Ad
328 460 530 517 primum
548 460 616 506 sic
630 460 910 518 proceditur.
926 465 946 505 1
956 492 968 504 .
979 461 1167 506 Videtur
1178 461 1303 518 quod
1314 474 1482 520 corpus
1497 463 1661 508 Christi
1678 477 1772 507 non
1786 463 1926 509 fuerit
1935 464 2097 514 forma-

196 530 297 573 tum
313 527 361 572 in
374 524 525 583 primo
540 523 730 569 instanti
755 523 1087 581 conceptionis.
1106 524 1275 568 Dicitur
1290 524 1415 569 enim
1434 527 1576 580 (Ioan.
1594 540 1638 584 ιι,
1658 529 1728 581 20)
1745 540 1756 569 ε
1775 527 2096 585 Quadraqinta

195 594 242 635 et
250 603 332 635 sex
344 591 477 634 annis
492 587 765 642 aedificatum
782 589 848 630 est
864 586 1079 644 templum
1094 587 1179 629 hoc
1192 602 1206 627 .·
1223 586 1349 644 quod
1362 599 1601 645 exponens
1615 589 1906 646 Augustinus
1913 591 1992 644 (De
2000 591 2096 637 Tri·
2106 595 2113 651 ἰ,

196 653 282 698 nit.
299 652 381 697 lib.
398 665 459 708 iv,
475 662 577 707 cap.
599 652 643 704 5)
661 648 773 694 dicit
790 662 801 690 ε
822 667 843 686 «
860 648 942 692 Hic
957 659 1183 693 numerus
1197 648 1467 706 perfectioni
1483 651 1701 696 domiuici
1717 651 1924 708 corporis
1939 653 2096 710 aperte

195 714 437 773 congruitz,
453 732 473 753 »
489 717 535 758 et
549 715 738 767 (Quaest.
750 710 829 755 lib.
847 723 1020 766 Lxxxm,
1035 723 1114 768 qu.
1132 713 1202 768 56,
1223 711 1268 755 in
1285 711 1386 767 fin.)
1397 711 1506 758 dicit
1520 728 1559 755 :«
1568 715 1665 758 Non
1683 712 1885 758 absurde
1898 715 2096 771 quadra-

195 777 328 834 ginta
351 789 435 823 sex
459 774 595 820 annis
624 773 791 818 dicitur
813 771 1092 818 fabricatum
1120 785 1225 818 esse
1249 773 1490 831 templum,
1517 775 1641 832 quod
1656 788 1825 833 corpus
1850 775 1953 833 ejus
1976 777 2096 834 figu-

195 839 351 897 rabat,
370 843 424 885 ut
450 842 565 894 quot
584 835 694 880 anni
709 835 901 879 fuerunt
919 835 967 878 in
986 834 1288 889 fabricatione
1311 836 1488 894 templi,
1509 842 1576 883 tot
1597 838 1697 883 dies
1724 838 1899 884 fuerint
1920 838 1968 884 in
1992 852 2094 886 cor-
2165 855 2170 858 ’

193 902 321 960 poris
336 898 555 947 dominici
564 897 860 955 perfectione.
878 916 899 937 »
917 899 1016 942 Non
1033 910 1146 955 ergo
1161 899 1209 943 in
1226 899 1375 956 primo
1385 899 1576 945 instanti
1591 900 1908 957 conceptionis
1922 913 2094 959 corpus

193 964 359 1010 Christi
372 963 461 1008 fuit
474 961 678 1019 perfecte
692 960 959 1005 formatum.

249 1028 294 1073 2.
310 1029 549 1080 Praeterea,
566 1022 626 1068 ad
640 1022 963 1067 formationem
981 1023 1189 1079 corporis
1204 1023 1367 1069 Christi
1391 1022 1715 1082 requirebatur
1736 1028 1892 1071 motus
1913 1024 2091 1085 localis,

194 1100 289 1146 quo
310 1085 549 1145 purissimi
573 1084 831 1142 sanguines
859 1084 918 1129 de
944 1096 1137 1141 corpore
1163 1085 1362 1143 Virginis
1392 1086 1451 1132 ad
1477 1085 1634 1132 locum
1669 1086 1959 1143 generationi
1981 1099 2088 1133 con-

195 1161 366 1207 gruum
378 1147 689 1206 pervenirent.
704 1146 892 1192 Nullum
900 1150 1055 1191 autem
1069 1159 1239 1204 corpus
1250 1152 1401 1204 potest
1411 1149 1586 1194 moveri
1600 1148 1807 1194 localiter
1819 1148 1869 1193 in
1881 1148 2092 1208 instanti,

193 1210 249 1256 eo
265 1211 391 1268 quod
410 1216 592 1268 tempus
608 1212 763 1254 motus
778 1208 997 1254 dividitur
1012 1209 1272 1254 secundum
1288 1209 1566 1255 divisionem
1587 1210 1789 1267 mobilis,
1806 1214 1856 1255 ut
1871 1211 2095 1269 probatur

196 1273 394 1330 (Physic.
410 1272 493 1317 lib.
518 1285 577 1329 vi,
593 1275 707 1317 text.
732 1274 785 1316 37
801 1275 848 1315 et
862 1272 947 1325 38).
973 1273 1092 1327 Ergo
1106 1283 1276 1328 corpus
1300 1271 1462 1317 Christi
1490 1285 1581 1317 non
1597 1273 1686 1318 fuit
1703 1273 1753 1318 in
1778 1273 1970 1319 instanti
1997 1275 2095 1319 for-

195 1340 389 1380 matum.

249 1400 291 1442 3.
325 1400 550 1442 Praeterea
563 1429 577 1453 ‚
602 1407 775 1452 corpus
809 1394 973 1439 Christi
1009 1394 1263 1440 formatum
1287 1401 1357 1441 est
1390 1408 1451 1442 ex
1485 1397 1749 1453 purissimis
1781 1397 2094 1456 sanguinibus

194 1460 409 1517 Virginis,
430 1463 484 1503 ut
506 1471 648 1515 supra
666 1456 879 1502 habitum
901 1460 974 1501 est
995 1459 1176 1514 (quaest.
1199 1471 1314 1516 xxxi,
1337 1464 1425 1502 art.
1448 1460 1508 1515 5).
1531 1460 1630 1504 Non
1646 1464 1804 1506 autem
1821 1460 1972 1519 potuit
1989 1472 2094 1506 esse

194 1523 389 1567 materia
410 1521 491 1566 illa
528 1521 576 1565 in
610 1519 777 1565 eodem
800 1519 995 1564 instanti
1029 1519 1222 1576 sanguis
1256 1524 1302 1565 et
1323 1533 1431 1565 caro
1445 1554 1459 1578 ,
1483 1521 1593 1578 quia
1629 1522 1697 1567 sic
1727 1523 1922 1569 materia
1953 1522 2095 1568 simul

193 1584 359 1629 fuisset
380 1582 470 1628 sub
489 1581 675 1627 duabus
696 1581 874 1626 formis.
901 1583 1020 1638 Ergo
1043 1580 1170 1626 aliud
1187 1580 1276 1626 fuit
1296 1581 1477 1628 instans
1499 1583 1548 1627 in
1570 1595 1664 1641 quo
1683 1583 1848 1630 ultimo
1867 1584 1956 1631 fuit
1981 1597 2094 1630 san-

194 1646 316 1703 guis,
338 1649 384 1690 et
406 1643 533 1689 aliud
557 1643 607 1688 in
626 1655 719 1701 quo
741 1643 892 1700 primo
914 1643 1001 1688 fuit
1023 1655 1134 1688 caro
1153 1643 1366 1689 formata.
1393 1645 1479 1690 Sed
1499 1645 1618 1690 inter
1636 1646 1855 1703 quaelibet
1877 1647 1972 1692 duo
1993 1647 2095 1691 ins-

194 1707 341 1753 tantia
362 1713 434 1752 est
451 1711 639 1764 tempus
659 1706 882 1751 medium.
904 1708 1025 1763 Ergo
1046 1718 1219 1763 corpus
1236 1707 1399 1752 Christi
1416 1720 1512 1752 non
1530 1708 1618 1753 fuit
1639 1707 1688 1752 in
1707 1708 1900 1755 instanti
1919 1708 2095 1754 forma-

195 1775 313 1827 tum,
338 1769 422 1815 sed
440 1781 522 1826 per
545 1769 735 1825 aliquod
756 1773 959 1824 tempus,

249 1835 291 1877 4.
324 1834 567 1887 Praeterea,
590 1830 712 1875 sicut
733 1830 941 1887 potentia
959 1829 1308 1887 augmentativa
1322 1830 1517 1887 requirit
1535 1831 1896 1878 determinatum
1910 1837 2095 1890 tempus

194 1894 242 1939 in
265 1905 353 1939 suo
375 1897 501 1950 actu,
524 1892 588 1936 ita
608 1891 750 1936 etiam
773 1891 922 1936 virtus
945 1891 1215 1948 generativa
1241 1906 1252 1936 :
1274 1894 1475 1949 utraque
1493 1893 1621 1939 enim
1639 1898 1711 1939 est
1730 1893 1939 1952 potentia
1963 1900 2095 1940 natu-

195 1955 305 2000 ralis
324 1954 385 2000 ad
403 1953 713 2010 vegetativam
732 1953 939 1999 animam
964 1953 1222 2010 pertinens.
1255 1953 1344 1998 Sed
1365 1966 1538 2012 corpus
1567 1956 1732 2002 Christi
1756 1956 1843 2002 fuit
1870 1956 2094 2003 determi-

195 2023 305 2063 nato
328 2021 539 2073 tempore
563 2020 936 2072 augmentatum,
961 2015 1084 2061 sicut
1105 2020 1152 2061 et
1174 2015 1372 2060 aliorum
1393 2016 1636 2063 hominum
1661 2031 1858 2076 corpora
1882 2034 1894 2064 ε
1923 2019 2095 2065 dicitur

194 2079 319 2124 enim
339 2081 490 2134 (Lucae
512 2092 559 2137 11,
580 2080 669 2134 52),
696 2078 822 2136 quod
842 2078 1109 2135 proficiebat
1130 2080 1361 2134 sapientia
1385 2083 1429 2122 et
1453 2083 1603 2124 aetate.
1622 2082 1742 2137 Ergo
1763 2080 1948 2126 videtur
1968 2081 2095 2138 quod
2168 2131 2170 2135 ¹

195 2141 294 2197 pari
308 2141 487 2185 ratione
505 2140 721 2186 formatio
740 2140 948 2197 corporis
969 2139 1090 2199 ers,
1110 2153 1216 2197 quae
1233 2140 1434 2196 pertinet
1456 2141 1516 2187 ad
1532 2141 1628 2186 vim
1647 2142 1980 2201 generativam,
1997 2156 2093 2189 non

194 2203 403 2248 fueritin
426 2202 637 2260 instanti,
662 2202 747 2248 sed
768 2202 1078 2247 determinato
1105 2206 1340 2258 tempore,
1368 2215 1462 2259 quo
1495 2203 1692 2250 aliorum
1713 2203 1958 2251 hominum
1987 2217 2094 2251 cor-

195 2278 308 2323 pora
331 2265 610 2309 formantur.

251 2327 339 2373 Sed
362 2330 525 2371 contra
538 2330 612 2371 est
632 2326 758 2384 quod
777 2326 1021 2382 Gregorius
1040 2325 1151 2370 dicit
1170 2326 1338 2381 (Moral.
1363 2326 1443 2371 lib.
1468 2341 1587 2383 xv111,
1609 2340 1710 2385 cap.
1732 2329 1946 2384 27,inte1·
1966 2330 2089 2376 med.

196 2395 242 2435 et
264 2386 366 2443 fin.)
386 2403 398 2434 ε
426 2405 447 2426 «ι
472 2387 649 2445 Angelo
680 2387 954 2443 nuntiante,
979 2391 1026 2431 et
1049 2387 1219 2444 Spiritu
1242 2393 1404 2432 sancto
1427 2388 1731 2445 adveniente,
1762 2402 1873 2435 mox
1894 2391 2092 2437 verbum

194 2452 244 2496 in
263 2456 412 2507 utem,
434 2462 545 2495 mox
566 2450 690 2495 intra
709 2454 896 2495 uterum
919 2449 1119 2495 Verbum
1139 2462 1264 2494 caro.
1288 2468 1310 2490 υ

242 2518 536 2560 CONCLUSIO.
552 2541 601 2548 —
614 2518 719 2558 Gum
733 2517 914 2569 Spiritus
928 2517 1059 2558 sancti
1076 2528 1193 2568 opere
1210 2521 1452 2568 conceptum
1465 2517 1587 2559 fuerit
1602 2518 1698 2559 Fil-ii
1714 2519 1786 2559 Dei
1799 2530 1961 2572 corpus,
1980 2520 2091 2573 quod

194 2574 433 2626 assumpsit,
441 2572 577 2614 decuit
588 2577 636 2614 ut
651 2573 826 2613 instanti
837 2573 978 2613 eodem
986 2575 1228 2624 conceptum
1242 2572 1501 2624 formaretur,
1509 2577 1548 2614 et
1558 2574 1582 2614 a
1589 2574 1697 2614 Filio
1706 2574 1778 2614 Dei
1798 2580 2090 2620 assumeretur.

250 2637 524 2696 Respondeo
546 2636 796 2683 dicendum
816 2636 939 2693 quod
959 2636 1006 2681 in
1028 2635 1333 2694 conceptione
1354 2637 1562 2694 corporis
1586 2637 1751 2683 Christi
1772 2638 1859 2682 tria
1879 2643 1951 2684 est
1973 2652 2090 2685 con·
2155 2654 2162 2667 ³

189 2701 399 2748 siderare
420 2714 433 2746 :
454 2699 603 2758 primo
619 2699 808 2757 quidem
824 2703 1004 2744 motum
1020 2699 1214 2744 localem
1234 2699 1479 2755 sanguinis
1498 2699 1558 2745 ad
1572 2700 1728 2745 locum
1744 2701 2057 2757 generationis
2073 2717 2088 2760 ς
2162 2707 2166 2714 ’

196 2762 420 2817 secundo,
443 2761 770 2807 formationem
789 2761 998 2818 corporis
1019 2773 1079 2806 ex
1089 2760 1175 2806 tali
1193 2761 1411 2818 materia3
1432 2760 1567 2806 tertio
1588 2766 1745 2807 autem
1764 2767 2087 2822 augmentum,

195 2838 289 2884 quo
320 2823 592 2882 perducitur
618 2824 679 2869 ad
713 2823 1024 2880 quantitatem
1045 2823 1326 2881 perfectam:
1357 2823 1405 2868 in
1429 2835 1630 2881 quorum
1653 2823 1807 2870 medio
1830 2825 1949 2870 ratio
1971 2838 2090 2871 con-

195 2886 423 2944 ceptionis
450 2885 684 2941 consistit3
709 2897 821 2930 nam
844 2885 1048 2943 primum
1069 2889 1142 2931 est
1161 2884 1478 2942 conceptionis
1505 2886 1874 2944 praeambulum;
1902 2887 2089 2935 tertium

196 2953 355 2994 autem
374 2948 723 3005 conceptionem
743 2948 1061 3006 consequitur.
1087 2947 1291 2993 Primum
1310 2952 1466 2993 autem
1500 2961 1595 2993 non
1617 2949 1768 3005 potuit
1791 2961 1896 2995 esse
1919 2949 1969 2995 in
1991 2950 2088 2996 ins·

196 3011 337 3067 tanti,
360 3011 470 3068 quia
490 3011 580 3055 hoc
603 3015 675 3056 est
703 3014 865 3055 contra
894 3011 1044 3068 ipsam
1073 3011 1301 3056 rationem
1322 3014 1478 3056 motus
1505 3011 1667 3057 localis
1690 3012 1896 3069 corporis
1926 3013 2088 3071 cujus-

116 3111 122 3117 .
195 3085 399 3129 cumque
416 3107 428 3128 ,
452 3073 589 3130 cujus
620 3078 773 3130 partes
794 3073 1059 3119 successive
1087 3073 1352 3119 subintrant
1384 3074 1554 3119 locum.
1581 3074 1796 3120 Similiter
1823 3079 1870 3120 et
1900 3076 2086 3121 tertium

195 3139 377 3192 oportet
401 3146 504 3179 esse
525 3135 862 3192 successivum,
885 3139 986 3180 tum
1006 3135 1116 3193 quia
1134 3140 1443 3192 augmentum
1459 3148 1553 3181 non
1576 3140 1649 3181 est
1667 3135 1767 3181 sine
1785 3141 1916 3182 motu
1933 3137 2082 3189 locali,

195 3200 296 3241 tum
329 3194 469 3240 etiam
492 3195 602 3251 quia
624 3197 832 3252 procedit
853 3209 909 3242 ex
935 3197 1108 3242 virtute
1139 3198 1306 3242 animae
1333 3198 1434 3254 J'am
1462 3197 1510 3242 in
1541 3209 1734 3254 corpore
1757 3198 1955 3243 formato
1975 3211 2085 3256 ope-

195 3258 359 3312 rantis,
383 3269 488 3314 quae
508 3269 603 3301 non
629 3263 848 3314 operatur
874 3259 964 3304 nisi
986 3260 1034 3304 in
1067 3266 1289 3317 tempore.
1315 3260 1402 3305 Sed
1424 3260 1525 3317 ipsa
1546 3259 1759 3305 formatio
1782 3260 2002 3319 corporis⁷
2033 3261 2081 3304 in

238 3361 280 3402 (l)
306 3360 388 3395 Fide
402 3364 533 3395 certum
549 3364 610 3402 est,
629 3360 678 3395 eit
694 3361 838 3404 Sylvius,
864 3363 953 3404 quod
975 3376 1096 3404 corpus
1179 3364 1237 3399 sed
1262 3365 1377 3399 statim
1412 3376 1419 3396 ε
1448 3363 1535 3403 quod
1557 3362 1681 3397 factum
1699 3364 1838 3398 omnino
1867 3364 1904 3399 in
1931 3364 2081 3406 instanti.

190 3408 321 3443 Christi
346 3420 413 3443 non
438 3408 483 3442 sit
510 3408 696 3443 formatum
723 3421 783 3450 per
808 3410 1036 3446 additamenta
1062 3418 1094 3447 et
1180 3413 1242 3447 etsi
1258 3417 1386 3447 certum
1402 3411 1455 3452 sit,
1474 3416 1677 3445 nonconstat
1694 3415 1806 3447 tamen
1823 3424 1890 3448 esse
1907 3411 1997 3447 fidei.

197 3461 387 3500 temporum
416 3456 596 3493 intervalla
617 3459 787 3492 communi
816 3458 961 3493 aliorum
979 3471 1092 3502 more,
