2170 3808
228 231 287 276 30
827 228 1025 282 QUAEST.
1055 228 1124 283 lv,
1154 227 1272 270 ART.
1303 228 1356 270 IV
1382 228 1449 271 ET
1477 229 1526 272 V.

232 315 303 356 ter
330 323 425 356 non
454 310 675 356 convenit
704 309 858 354 dicere
881 307 1007 366 quod
1036 308 1176 353 Filius
1197 308 1276 353 Dei
1310 308 1564 365 assumpsit
1598 309 1854 354 humanam
1893 313 2117 354 naturam.

231 377 370 430 prout
387 378 459 417 est
472 372 522 417 in
540 371 776 417 intellectu
795 371 1000 415 humano
1023 386 1035 415 ι
1057 370 1168 428 quia
1189 371 1279 415 hoc
1295 369 1410 416 nihil
1433 369 1560 415 aliud
1578 375 1703 416 esset
1720 370 1864 428 quam
1898 369 2024 427 quod
2055 369 2113 414 in-

232 435 516 491 telligeretur
532 444 773 478 assumere
792 438 1004 477 naturam
1024 433 1302 488 humanam3
1323 435 1370 476 et
1389 431 1458 477 sic
1484 431 1522 476 si
1547 444 1642 476 non
1663 435 1925 477 assumeret
1944 442 2046 476 eam
2073 431 2115 474 in

232 507 388 540 rerum
427 499 612 548 natura,
633 500 760 540 esset
800 494 1064 539 intellectus
1102 493 1277 547 falsus;
1304 505 1393 538 nec
1422 498 1548 539 esset
1569 493 1697 539 aliud
1718 494 1808 539 ista
1829 498 2009 538 naturae
2031 493 2114 538 hu-

231 569 384 663 manae
398 556 656 615 assumptio
671 556 812 614 quam
832 554 957 601 fictio
975 556 1190 613 quaedam
1212 554 1561 612 incarnationis,
1594 560 1648 601 ut
1678 559 1991 601 Damascenus
2012 552 2118 601 dicit

232 619 248 672 (
265 630 335 663 oc.
356 618 470 671 cit.).

284 679 351 724 Ad
372 683 571 735 primum
598 691 712 736 ergo
745 678 1007 731 dicendum,
1031 678 1152 735 qued
1178 678 1321 723 Filius
1347 677 1426 723 Dei
1459 677 1730 723 incarnatus
1762 683 1834 723 est
1862 677 2118 725 communis

228 741 438 784 omnium
459 740 684 797 salvator,
706 753 801 785 non
833 740 1166 784 communitate
1187 739 1373 796 generis
1403 739 1479 783 vel
1509 740 1693 797 speciei,
1727 752 1834 797 quae
1857 739 2120 787 attribuitur

230 807 410 847 naturae
428 802 487 847 ah
505 802 758 849 individuis
780 807 1032 859 separatae3
1062 802 1147 847 sed
1167 802 1500 847 communitate
1518 814 1690 859 causae,
1717 807 1858 860 prout
1882 802 2018 848 Filius
2039 800 2119 847 Dei

233 861 499 910 incarnatus
523 871 594 910 est
610 865 888 910 universalis
910 876 1054 910 causa
1076 864 1239 909 salutis
1261 865 1480 908 humanae
1498 865 1576 920 (1).

283 926 349 971 Ad
370 928 616 971 secundum
638 926 890 972 dicendum
903 960 916 980 ‚
939 925 1066 983 quod
1089 938 1172 984 per
1191 938 1242 970 se
1261 925 1402 969 homo
1424 937 1518 970 non
1542 925 1775 970 invenitur
1791 925 1842 969 in
1861 936 2017 970 rerum
2038 936 2116 969 na-

231 990 349 1044 tura,
370 988 434 1032 ita
453 987 579 1045 quod
599 988 661 1033 sit
683 992 849 1045 praeter
866 987 1142 1045 singularia,
1165 993 1214 1032 ut
1228 987 1449 1032 Platonici
1470 991 1755 1044 posuerunt3
1778 986 1989 1044 quamvis
2014 984 2116 1043 qui-

226 1047 336 1094 dam
356 1049 512 1095 dicant
526 1050 652 1108 quod
664 1050 792 1096 Plato
810 1062 905 1095 non
921 1049 1151 1094 intellexit
1162 1049 1398 1094 hominem
1412 1054 1677 1106 separatum
1691 1061 1796 1094 esse
1812 1048 1902 1093 nisi
1922 1048 1969 1093 in
1988 1048 2116 1093 intel-

227 1108 351 1156 lectu
372 1111 530 1156 divino
555 1113 631 1166 (2).
665 1114 719 1156 Et
744 1112 811 1157 sic
842 1123 938 1157 non
959 1112 1166 1168 oportuit
1194 1111 1321 1169 quod
1347 1117 1668 1157 assumeretur
1692 1111 1720 1155 a
1747 1109 1910 1167 Verb0,
1930 1111 2037 1155 cum
2061 1109 2120 1155 ab

226 1176 401 1217 aeterno
423 1173 513 1217 sihi
531 1173 748 1219 adfuerit.

279 1234 349 1280 Ad
369 1237 554 1279 tertium
576 1235 845 1292 dicendum,
871 1234 999 1292 quod
1015 1235 1233 1293 quamvis
1252 1241 1419 1280 natura
1448 1237 1654 1280 humana
1683 1246 1778 1279 non
1801 1232 1861 1279 sit
1881 1237 2122 1290 assumpta

226 1295 274 1341 in
307 1302 540 1354 concretO,
570 1303 624 1343 ut
654 1298 951 1355 suppositum
984 1298 1369 1356 praeintelligatur
1398 1297 1724 1354 assumptioni,
1758 1296 1827 1342 sic
1855 1300 2013 1342 tamen
2042 1307 2122 1343 as·

223 1364 416 1417 sumpta
435 1364 507 1405 est
525 1361 574 1405 in
592 1360 855 1418 individuo}
872 1360 982 1418 quia
1000 1365 1243 1418 assumpta
1265 1367 1350 1417 est,
1371 1370 1420 1406 ut
1442 1362 1503 1406 sit
1520 1361 1569 1405 in
1583 1359 1843 1405 individuo,

225 1423 570 1468 ARTICULUS
595 1426 654 1468 V.
679 1448 732 1455 -
754 1436 893 1467 urium
918 1437 1053 1468 mnus
1077 1437 1146 1467 nm
1171 1437 1365 1467 nnumin
1396 1437 1591 1468 nummu
1613 1435 1827 1468 Assumznss
1847 1433 2055 1465 nmiumur
2077 1432 2122 1466 m

926 1498 1103 1530 oumnus
1133 1498 1358 1529 mmvmms
1378 1487 1452 1540 (3).

330 1551 380 1586 De
397 1552 452 1587 his
463 1553 569 1588 etiam
582 1564 698 1594 supra,
720 1559 836 1594 quaest.
855 1561 895 1594 ιι.
921 1558 987 1590 art.
1003 1555 1025 1589 5
1047 1554 1090 1588 ad
1103 1553 1138 1596 2,
1158 1559 1192 1589 et
1208 1555 1305 1589 Sent.
1322 1563 1376 1597 ιιι,
1394 1554 1476 1591 dist.
1492 1554 1527 1596 2.
1541 1558 1659 1597 quest.
1676 1562 1704 1596 ι,
1719 1557 1786 1589 art.
1804 1553 1839 1595 2,
1855 1558 1972 1596 quaest.
1988 1562 2013 1588 ι.

278 1605 346 1651 Ad
363 1606 582 1663 quintum
601 1606 669 1652 sic
682 1607 963 1664 proceditur.
983 1613 1025 1652 1.
1041 1608 1226 1653 Videtur
1239 1609 1363 1666 quod
1382 1609 1524 1654 Filius
1535 1609 1616 1654 Dei
1631 1609 1886 1654 humanam
1905 1612 2123 1654 naturam

220 1679 465 1714 assumere
493 1668 707 1714 debuerit
728 1669 778 1713 in
804 1669 1023 1714 omnibus
1046 1670 1318 1716 individuis.
1344 1671 1464 1717 Illud
1490 1672 1618 1718 enim
1648 1670 1773 1728 quod
1795 1669 1948 1728 primo
1970 1675 2018 1716 et
2036 1681 2122 1727 per

223 1742 275 1775 se
308 1735 603 1788 assumptum
631 1735 719 1788 est,
740 1736 812 1776 est
839 1738 1008 1776 natura
1029 1733 1250 1778 humana.
1278 1734 1367 1780 Sed
1389 1734 1516 1791 quod
1550 1732 1769 1779 convenit
1788 1745 1874 1790 per
1904 1744 1958 1778 se
1981 1731 2122 1778 alicui

222 1797 421 1850 naturae,
442 1794 662 1838 convenit
675 1793 895 1839 omnibus
916 1794 964 1838 in
989 1795 1154 1840 eadem
1171 1800 1340 1840 natura
1356 1796 1680 1842 existentibus.
1698 1797 1818 1851 Ergo
1837 1793 2122 1840 conveniens

220 1852 309 1899 fuit
329 1859 383 1900 ut
411 1859 580 1900 natura
607 1856 814 1900 humana
839 1863 1159 1902 assumeretur
1188 1856 1215 1900 a
1237 1857 1317 1902 Dei
1341 1858 1490 1903 Verbo
1511 1858 1560 1902 in
1583 1856 1802 1902 omnibus
1827 1855 1930 1902 suis
1953 1867 2124 1914 suppo-

221 1914 337 1960 sitis.

276 1979 319 2021 2.
331 1978 574 2033 Praeterea,
591 1976 851 2022 incarnatio
869 1978 1028 2024 divina
1046 1980 1274 2036 processit
1287 1993 1347 2026 ex
1360 1981 1519 2027 divina
1537 1980 1787 2026 charitate:
1807 1979 1935 2026 unde
1952 1980 2122 2027 dicitur

218 2040 362 2092 (Joan.
386 2051 448 2094 111,
471 2041 560 2093 16):
583 2040 659 2082 Sic
681 2043 802 2083 Deus
823 2039 989 2085 dilexit
1010 2042 1230 2086 mundum
1246 2050 1297 2086 ut
1318 2044 1490 2088 Filium
1508 2057 1642 2087 suum
1662 2045 1946 2100 uniqem'tum
1962 2043 2118 2087 daret.

220 2100 309 2144 Sed
326 2099 527 2144 charitas
541 2099 652 2145 facit
671 2106 725 2145 ut
740 2100 910 2159 aliquis
929 2114 981 2147 se
992 2103 1306 2149 communicet
1319 2105 1499 2163 amicis,
1519 2107 1748 2161 quantum
1771 2108 1844 2148 est
1862 2103 2085 2161 possibile
2103 2120 2115 2151 z

218 2161 441 2218 possibile
474 2166 632 2206 autem
661 2162 750 2208 fuit
773 2163 886 2209 Filio
909 2165 988 2210 Dei
1010 2170 1065 2210 ut
1089 2165 1250 2222 plures
1281 2171 1474 2211 naturas
1504 2167 1738 2211 humanas
1762 2171 2040 2224 assumeret,
2066 2174 2119 2213 ut

219 2235 362 2279 supra
376 2223 553 2268 dictum
570 2228 644 2268 est
679 2227 861 2280 (quaest.
885 2239 948 2283 111,
968 2230 1055 2271 art.
1072 2229 1134 2282 7),
1149 2232 1197 2271 et
1215 2227 1378 2273 eadem
1402 2229 1583 2274 ratione
1602 2239 1785 2273 omnes.
1804 2229 1923 2284 Ergo
1943 2241 2119 2276 conve-

219 2283 354 2328 niens
376 2283 465 2328 suit
486 2283 611 2340 quod
636 2285 778 2330 Filius
799 2286 877 2331 Dei
907 2293 1167 2332 assumeret
1188 2293 1404 2333 naturam
1427 2291 1682 2334 humanam
1704 2288 1754 2333 in
1777 2289 1998 2337 omnihus
2019 2292 2119 2338 suis

218 2345 487 2403 suppositis,
1838 2392 1840 2396 Α

273 2411 316 2452 3.
346 2409 591 2463 Praeterea,
611 2408 800 2464 sapiens
817 2414 1032 2463 operator
1045 2410 1225 2467 perficit
1239 2424 1359 2469 opus
1374 2425 1514 2457 suum
1532 2412 1734 2458 breviori
1747 2412 1824 2457 via
1837 2413 1931 2470 qua
1943 2419 2115 2473 potest.

219 2469 307 2514 Sed
330 2469 516 2514 brevior
535 2469 611 2513 via
627 2469 811 2526 fuisset,
834 2470 874 2514 si
894 2483 1059 2516 omnes
1081 2472 1294 2518 homines
1312 2475 1542 2532 assumpti
1554 2475 1756 2521 fuissent
1774 2475 1835 2521 ad
1852 2478 2115 2525 naturalem

219 2529 505 2586 filiationem,
529 2529 674 2588 quam
703 2530 830 2588 qued
854 2543 938 2588 per
958 2545 1108 2578 unum
1130 2531 1280 2580 filium
1312 2537 1569 2582 naturalem
1591 2537 1726 2583 multi
1750 2537 1800 2581 in
1821 2537 2114 2596 adoptionem

217 2592 416 2644 filiorum
436 2591 743 2647 adducantur,
756 2599 807 2637 ut
832 2593 1000 2639 dicitur
1019 2595 1180 2651 (Galat.
1196 2599 1257 2652 w>
1275 2599 1351 2654 (4).
1371 2601 1490 2656 Ergo
1512 2599 1719 2644 humana
1731 2603 1898 2645 natura
1912 2599 2115 2648 debuit&

217 2654 328 2699 Filio
353 2654 432 2698 Dei
453 2654 631 2699 assumi
648 2653 698 2699 in
720 2655 940 2701 omnibus
961 2658 1231 2715 suppositis.

275 2714 364 2760 Sed
382 2720 544 2759 contra
563 2717 778 2773 estquod
807 2720 1121 2766 Damascenus
1147 2721 1258 2768 dicit
1285 2723 1429 2781 (Orth.
1455 2722 1536 2768 fid.
1558 2722 1642 2768 lib.
1670 2737 1734 2780 111,
1757 2737 1861 2782 cap.
1891 2728 1965 2783 11,
1995 2727 2110 2773 circ.

218 2775 407 2847 princ),
428 2776 556 2833 quod
571 2796 592 2815 «
616 2777 758 2824 Filius
775 2779 854 2824 Dei
868 2791 964 2824 non
983 2784 1239 2840 assumpsit
1258 2784 1513 2829 humanam
1535 2788 1751 2830 naturam
1772 2797 1878 2843 quae
1890 2785 1940 2831 in
1958 2787 2114 2845 specie

218 2838 565 2896 c‹›nSideratur;
586 2851 740 2898 neque
759 2840 886 2886 enim
905 2854 1069 2889 omnes
1090 2845 1366 2903 hypostases
1387 2847 1492 2904 ejus
1511 2847 1782 2904 assumpsit.
1808 2866 1830 2888 ι»

263 2906 554 2947 CONCLUSIO.
572 2930 618 2936 —
634 2907 724 2948 Non
744 2907 880 2950 decuit
893 2909 1049 2951 Filium
1063 2912 1136 2953 Dei
1150 2913 1382 2954 humanam
1397 2919 1590 2955 naturam
1605 2914 1652 2955 in
1665 2915 1861 2958 omnibus
1877 2917 2110 2961 individuis

216 2960 308 3012 (hoo
320 2963 381 3001 est
401 2961 444 3001 in
465 2960 642 3012 singulis
656 2963 879 3015 suppositis
892 2964 1134 3008 distributas
1153 2967 1446 3019 humanitates)
1463 2981 1690 3020 assumere3
1711 2971 1769 3010 ita
1785 2971 1899 3012 enim
1913 2977 1952 3013 et
1965 2974 2111 3015 multi·

216 3014 316 3055 tudo
334 3016 642 3068 suppositorum
661 3017 858 3059 humanae
875 3024 1050 3071 naturae,
1076 3027 1117 3063 et
1141 3023 1323 3074 dignitas
1337 3025 1674 3076 primogeniturae
1695 3025 1791 3066 Filii
1815 3027 1887 3068 Dei
1902 3028 1948 3067 in
1963 3028 2109 3071 multis
2157 3037 2160 3040 ’

217 3069 424 3119 tratribus,
450 3075 489 3110 et
503 3071 681 3124 denique
702 3074 877 3115 unitatis
893 3079 1098 3128 proportio
1122 3078 1230 3120 inter
1249 3079 1445 3120 divinum
1462 3080 1723 3132 suppositum
1740 3085 1781 3122 et
1804 3087 1997 3124 naturam
2023 3083 2107 3125 hu-

217 3134 399 3173 manam,
417 3124 639 3166 tolleretur.

257 3219 384 3260 (llNou
395 3220 499 3276 igitur
508 3224 733 3277 quorumdam
741 3228 954 3268 ta11t1'1m,sed
964 3229 1116 3264 omnium
1243 3232 1287 3273 (5)
1300 3232 1340 3266 In
1355 3232 1417 3266 hoc
1432 3231 1576 3266 articulo
1592 3235 1680 3268 sicut
1693 3238 1727 3268 et
1744 3233 1781 3268 in
1799 3234 2003 3275 praecedenti
2015 3262 2026 3277 ‚
2044 3248 2101 3279 per

217 3267 380 3308 Salvator,
394 3273 478 3303 utin
490 3269 518 3304 1.
540 3270 631 3305 Tim.
653 3281 693 3313 n,
718 3272 798 3308 lect.
821 3275 843 3310 8
858 3275 920 3309 sub
930 3276 1049 3319 finem,
1070 3278 1118 3313 ait
1200 3290 1316 3314 vocem
1330 3278 1455 3315 debuit
1469 3279 1630 3321 intelligit
1655 3281 1690 3315 S.
1713 3281 1837 3316 Doctor
1854 3282 2010 3319 debitum
2024 3296 2104 3320 con·

217 3316 249 3350 S.
272 3314 431 3352 Thomas,
1199 3327 1375 3369 grucntiae.

254 3362 298 3403 (2)
317 3363 359 3397 Ut
382 3367 417 3398 et
444 3365 598 3399 omnium
621 3365 770 3420 aliorum
795 3368 897 3404 idaeas
929 3371 966 3405 in
998 3370 1115 3408 divina
1238 3377 1284 3418 (4)
1302 3376 1431 3417 Nempe
1457 3376 1547 3417 quod
1573 3377 1674 3411 misit
1698 3377 1796 3412 Deus
1824 3379 1969 3414 Filium
1997 3391 2103 3415 suum

214 3409 372 3464 duntaxat
391 3417 514 3466 ‘mente
541 3411 905 3458 subsxstentes‚quales
936 3418 1115 3461 Dionysius
1197 3427 1329 3456 natum
1360 3424 1404 3456 de.
1422 3423 1578 3458 muliere
1605 3428 1646 3458 ιιι
1674 3424 1907 3466 adoptionem
1938 3427 2102 3466 filiorum

216 3466 284 3497 lpse
304 3463 428 3500 posmt,
444 3463 509 3495 etc.
1198 3471 1460 3512 reciperemus.
