2170 3808
219 239 302 282 566
761 228 962 282 QUAEST.
993 229 1132 282 LXVI,
1163 229 1281 271 ART.
1312 228 1365 271 vl
1397 230 1462 271 ET
1491 230 1562 272 vn

222 319 401 372 alienae,
415 316 495 372 qui
516 315 577 357 ita
595 311 827 368 baptizare
847 315 1060 368 conetur,
1074 314 1128 353 ut
1149 320 1298 353 unum
1322 309 1380 353 de
1398 310 1630 365 praedictis
1652 307 1920 354 nominibus
1936 311 2124 364 (scilicet

222 382 360 425 trium
369 376 686 434 personarum)
708 372 1047 431 praetermittat,
1070 376 1225 414 tamen
1247 371 1350 414 sine
1367 372 1650 427 perfectione
1674 372 1939 427 baptizabit.
1970 390 1990 409 »ι

269 451 559 495 OONCLUSIO.
580 471 628 479 -
649 450 754 489 Cilm
775 446 1006 487 instituerit
1028 445 1217 485 Christus
1235 445 1434 497 baptismi
1461 449 1766 486 sacramentum
1797 457 1893 486 cum
1913 444 2125 487 Trinitatis

221 507 480 549 invocatione
507 506 609 554 dari,
640 514 893 554 consequens
918 505 993 551 est,
1017 500 1263 541 sacramenti
1297 499 1424 552 hujus
1445 500 1725 551 integritatem
1745 499 1865 550 tolli,
1891 502 1926 540 si
1947 500 2049 552 quid
2073 501 2121 541 ad

220 561 386 615 plenam
404 561 617 601 Trinitatis
635 559 938 600 invocationem
953 558 1162 610 pertinens
1179 556 1293 595 desit.
1886 567 1888 571 ·

276 630 550 688 Respondeo
570 630 822 674 dicendum
842 627 984 685 quod,
1007 626 1128 671 sicut
1163 637 1307 682 supra
1325 624 1502 669 dictum
1525 629 1597 670 est
1614 629 1715 677 (art.
1744 627 1772 668 ⁶2.
1798 624 1897 681 huj.
1920 627 2123 681 quaest),

222 698 517 737 sacramenta
535 691 710 734 habent
728 688 984 734 efficaciam
1004 687 1063 731 ab
1078 686 1370 730 institutione
1393 685 1572 730 Christi.
1599 688 1652 729 Et
1670 684 1776 730 ideo
1794 685 1832 728 si
1852 685 2125 741 praetermit-

224 758 346 799 tatur
366 755 541 811 aliquid
558 765 721 796 corum
745 763 850 808 quae
869 750 1078 795 Christus
1093 749 1293 793 instituit
1308 748 1431 792 circa
1446 747 1632 804 aliquod
1648 752 2011 803 sacramentum,
2027 747 2126 792 effi·
2165 744 2168 748 ’

221 817 348 862 cacia
371 822 513 871 caret,
538 816 701 859 nisiex
721 813 910 871 speciali
930 811 1279 868 dispensatione
1317 809 1422 867 eJ‘us
1459 810 1540 867 qui
1574 810 1794 854 virtutem
1819 821 1953 854 suam
1972 819 2127 854 sacra-

219 879 391 924 mentis
418 891 508 921 non
535 876 757 932 alligavit.
779 874 988 920 Christus
1017 878 1173 917 autem
1195 872 1396 916 instituit
1419 877 1763 916 sacramentum
1784 870 2002 928 baptismi
2026 871 2126 916 dari
2160 889 2170 902 ’-

221 953 328 985 cum
343 940 636 984 invocatione
655 937 903 982 Trinitatis.
925 939 978 980 Et
998 936 1101 979 ideo
1122 934 1346 992 quicquid
1362 933 1479 979 desit
1496 934 1555 979 ad
1575 934 1760 991 plenam
1785 932 2126 978 invocationem
2159 951 2165 990 ς

224 1003 467 1056 Trinitatis.
490 1002 608 1046 tollit
629 1001 943 1057 integritatem
966 998 1200 1055 baptismi.
1229 1000 1321 1042 Nec
1348 996 1502 1041 obstat
1534 997 1656 1053 quod
1682 997 1729 1040 in
1762 995 1951 1040 nomine
1984 994 2127 1040 unius
2160 994 2170 1074 ”¹

220 1077 431 1121 personae
464 1064 739 1120 intelligitur
768 1062 859 1106 alia
887 1061 1026 1116 (sicut
1056 1061 1104 1104 in
1140 1059 1331 1104 nomine
1365 1058 1511 1103 Patris
1547 1058 1821 1113 intelligitur
1850 1058 2024 1111 Filius),
2046 1062 2127 1103 aut

220 1127 345 1182 quod
365 1127 449 1171 ille
464 1127 543 1183 qui
568 1125 780 1170 nominat
806 1135 952 1168 unam
973 1122 1119 1167 solam
1136 1133 1406 1179 personam,
1427 1124 1581 1178 potest
1600 1120 1771 1164 habere
1791 1126 1964 1164 rectam
1986 1119 2125 1164 fidem

220 1187 277 1232 de
294 1188 474 1240 tribus;
496 1189 607 1244 quia
627 1187 747 1232 sicut
769 1186 829 1231 ad
853 1191 1197 1229 sacramentum
1219 1183 1472 1241 requiritur
1491 1182 1686 1227 materia
1705 1181 1958 1238 sensibilis,
1977 1181 2042 1226 ita
2081 1185 2127 1226 et

219 1249 368 1294 forma
411 1249 672 1305 sensibili33
707 1248 836 1293 unde
870 1260 964 1291 non
1005 1245 1178 1290 sufficit
1228 1245 1510 1301 intellectUS,
1533 1244 1611 1289 vel
1653 1240 1772 1288 fides
1804 1243 2038 1288 Trinitatis
2066 1242 2126 1288 ad

219 1311 549 1367 perfectionem
592 1309 888 1365 sacramenti,
932 1308 1020 1352 nisi
1052 1307 1354 1352 sensibilibus
1389 1306 1546 1351 verbis
1582 1305 1778 1349 Trinitas
1822 1305 2124 1361 exprimatur.

221 1374 349 1429 Unde
368 1381 414 1419 et
432 1375 480 1418 in
502 1374 736 1431 baptismo
756 1372 940 1430 Christi,
959 1371 1038 1415 ubi
1070 1371 1156 1415 fuit
1173 1370 1304 1426 origo
1327 1367 1706 1413 sanctificationis
1723 1367 1871 1411 nostri
1889 1367 2124 1424 baptismi,
2152 1365 2154 1368 ’

219 1434 350 1480 affuit
364 1436 560 1480 Trinitas
571 1436 619 1479 in
634 1434 936 1480 sensibilibus
956 1433 1121 1489 signis,
1141 1433 1319 1478 scilicet
1334 1435 1466 1475 Pater
1480 1430 1529 1475 in
1547 1442 1680 1486 voce,
1694 1429 1836 1474 Filius
1855 1429 1905 1474 in
1919 1430 2127 1474 humana

219 1502 402 1556 natura,
424 1499 619 1555 Spiritus
638 1501 832 1542 sanctus
851 1497 899 1539 in
922 1495 1142 1539 columba
1160 1497 1230 1549 (1).

272 1560 339 1605 Ad
354 1564 554 1615 primum
571 1570 683 1614 ergo
706 1557 974 1612 dicendum,
992 1556 1119 1613 quod
1137 1568 1197 1600 ex
1216 1555 1406 1611 speciali
1431 1554 1599 1599 Christi
1619 1553 1905 1612 revelatione
1921 1553 2126 1610 Apostoli

218 1621 267 1664 in
290 1622 524 1678 primitiva
546 1620 749 1665 Ecclesia
766 1622 823 1674 (Ξ)
847 1620 896 1662 in
922 1619 1112 1662 nomine
1130 1617 1296 1662 Christi
1319 1616 1649 1674 baptizabant,
1675 1621 1729 1660 ut
1748 1627 1922 1661 nomen
1944 1615 2124 1673 Christi,

218 1683 345 1740 quod
370 1688 470 1727 erat
493 1683 709 1728 odiosum
738 1681 911 1727 Judaeis
937 1684 985 1725 et
1010 1680 1267 1737 gentilibus
1286 1712 1299 1735 ,
1332 1678 1605 1722 honorabile
1631 1677 1904 1722 redderetur
1924 1689 2008 1735 per
2038 1678 2128 1724 hoc
2168 1722 2170 1733 ἱ

218 1744 345 1802 qued
368 1746 426 1790 ad
447 1746 550 1802 eius
574 1745 918 1795 invocationem
941 1743 1137 1800 Spiritus
1152 1747 1347 1787 sanctus
1368 1742 1567 1786 dabatur
1588 1741 1635 1784 in
1655 1740 1902 1797 baptismo.
2167 1739 2170 1749 ‘

272 1807 339 1853 Ad
360 1811 606 1851 secundum
624 1807 894 1861 dicendum,
914 1805 1040 1862 quod
1058 1804 1330 1849 Ambrosius
1349 1804 1561 1858 assignat
1588 1803 1817 1847 rationem
1840 1814 1987 1860 quare
2014 1815 2126 1847 con-
2148 1810 2170 1862 [χ

218 1869 461 1914 venienter
494 1870 600 1914 talis
626 1868 915 1926 dispensatio
933 1867 1033 1912 fieri
1064 1867 1215 1922 potuit
1243 1867 1293 1910 in
1320 1865 1556 1923 primitiva
1576 1864 1798 1920 Ecclesia,
1819 1864 1930 1921 quia
1951 1862 2128 1911 scilicet

218 1929 266 1973 in
294 1932 483 1975 nomine
506 1931 669 1975 Christi
703 1934 799 1974 tota
828 1929 1028 1974 Trinitas
1045 1928 1335 1985 intelligitur.
1357 1928 1412 1972 Et
1439 1925 1545 1972 ideo
1575 1926 1852 1971 servabatur
1880 1925 1941 1971 ad
1967 1925 2127 1972 minus
2162 1950 2163 1954 =

216 1991 481 2048 integritate
504 1992 783 2049 intelligibili
807 1992 956 2036 forma
974 2002 1117 2048 quam
1134 1990 1346 2034 Christus
1371 1988 1559 2034 tradidit
1575 1987 1625 2031 in
1646 1987 1914 2045 Evangelio.
2164 1996 2166 1998 ·

273 2056 340 2099 Ad
372 2059 557 2099 tertium
579 2055 848 2110 dicendum,
872 2053 998 2111 qued
1028 2053 1244 2098 Nicolaus
1273 2064 1396 2109 papa
1425 2051 1603 2096 dictum
1630 2062 1770 2096 suum
1790 2046 2038 2095 confirmat
2067 2061 2126 2096 ex
2159 2047 2164 2062 ⁵

218 2115 404 2160 duobus
433 2117 705 2174 praemissis.
730 2119 782 2160 Et
799 2115 905 2161 ideo
923 2114 1028 2172 ejus
1044 2114 1289 2171 responsio
1311 2117 1441 2171 patet
1464 2123 1524 2157 ex
1541 2111 1704 2170 primis
1726 2111 1913 2157 duabus
1937 2112 2126 2157 solutio·
2164 2126 2165 2131 ¹

218 2178 375 2224 11111115.

221 2253 561 2298 ARTICULUS
579 2256 687 2298 vll.
712 2277 768 2286 —
795 2266 931 2297 1111111111
955 2265 1156 2296 1111153510
1180 2265 1222 2296 m
1240 2264 1349 2301 AQUA
1370 2264 1434 2295 sir
1452 2265 1505 2294 nr:
1527 2263 1806 2295 nncnsm‘mm
1829 2263 2026 2294 1111115111
2043 2253 2123 2305 (3).

720 2329 770 2364 De
788 2329 841 2364 his
859 2328 961 2363 etiam
980 2329 1077 2364 Sent.
1095 2337 1143 2369 lv,
1164 2327 1244 2363 dist.
1264 2328 1299 2370 5,
1325 2330 1391 2363 art.
1408 2327 1441 2370 ll,
1462 2330 1578 2369 quaest.
1598 2336 1624 2362 ι.

273 2392 340 2436 Ad
369 2392 618 2448 septimum
643 2392 712 2435 sic
734 2390 1020 2448 proceditur.
1045 2394 1088 2436 1.
1114 2390 1305 2435 Videtur
1330 2389 1456 2446 quod
1492 2389 1730 2434 immersio
1755 2388 1804 2432 in
1828 2401 1951 2445 aqua
1980 2387 2040 2433 sit
2067 2389 2124 2435 de

219 2454 494 2499 necessitate
517 2453 753 2510 baptismi.
774 2455 830 2496 Ut
861 2452 988 2496 enim
1018 2452 1190 2496 dicitur
1215 2452 1397 2508 (Ephes.
1420 2466 1477 2507 iv,
1494 2454 1555 2508 5),
1576 2465 1670 2494 una
1695 2452 1826 2505 fideS,
1850 2463 1989 2494 unum
2011 2452 2120 2508 bap·

220 2519 372 2560 tis-ma.
404 2516 492 2561 Sed
526 2516 652 2572 apud
689 2515 862 2560 multos
884 2515 1149 2558 communis
1171 2515 1341 2558 modus
1359 2513 1624 2570 baptizandi
1645 2517 1717 2557 est
1754 2525 1835 2568 per
1865 2512 2118 2559 immersio-

221 2590 344 2623 nem.
368 2581 487 2634 Ergo
509 2578 694 2623 videtur
710 2577 836 2633 quod
852 2589 948 2620 non
968 2579 1116 2632 possit
1137 2589 1241 2621 esse
1263 2576 1527 2632 baptismus
1545 2575 1648 2619 sine
1669 2574 1981 2619 immersione.
2169 2581 2170 2584 ’

273 2644 317 2684 4.
337 2643 582 2696 Praeterea,
608 2639 856 2696 Apostolus
880 2639 1154 2694 dicitfflom.
1174 2652 1235 2695 v1,
1255 2640 1299 2694 3)
1317 2651 1329 2682 z
1353 2641 1628 2694 Quicumque
1646 2637 1867 2692 baptizati
1901 2650 2054 2680 sumus
2075 2640 2121 2682 in
2144 2646 2170 2695 ,4

219 2703 406 2746 Christo
421 2707 542 2759 Jesu,
566 2705 615 2746 in
629 2706 777 2746 morte
804 2703 947 2759 ipsius
968 2702 1196 2758 baptizati
1217 2713 1397 2754 sumus‚·
1421 2700 1669 2756 consepulti
1695 2702 1814 2742 e‘m'm
1848 2712 1999 2742 sumus
2021 2713 2121 2744 cum
2157 2709 2166 2770 g

219 2765 302 2808 illo
320 2778 406 2822 per
427 2766 700 2821 baptismum
736 2767 786 2808 in
817 2767 1022 2807 mortem.
1050 2763 1139 2808 Sed
1156 2764 1245 2807 hoe
1265 2762 1316 2807 fit
1350 2774 1432 2819 per
1451 2761 1826 2818 immersionem3
1865 2761 1976 2806 dicit
1997 2762 2121 2808 enim

218 2826 578 2884 Chrysostomus
599 2839 741 2884 super
758 2826 876 2871 illud
887 2828 1018 2871 Joan.
1036 2839 1108 2870 111:
1124 2827 1226 2871 Nisi
1246 2828 1345 2882 quis
1369 2827 1555 2868 renatus
1571 2826 1713 2878 suerit
1734 2836 1793 2866 ex
1812 2836 1935 2879 aqua
1953 2826 1999 2867 et
2015 2826 2116 2882 Spi-
2139 2854 2170 2899 ᾧ

218 2890 310 2931 ritu
330 2893 505 2947 sanem,
526 2893 616 2934 etc.
645 2890 789 2944 (hom.
809 2901 908 2932 xxiv
930 2887 979 2932 in
994 2890 1125 2932 Joan.
1151 2886 1179 2931 a
1193 2886 1336 2942 med.)
1360 2901 1372 2929 τ
1408 2904 1428 2925 «
1452 2886 1578 2931 Sicut
1601 2885 1649 2929 in
1668 2885 1871 2942 quodam
1887 2884 2170 2946 sepulcro,

219 2948 266 2993 in
287 2962 411 3007 aqua
424 2950 838 3007 submergentibus
854 2950 990 2996 nobis
1013 2950 1182 3009 capita,
1202 2955 1339 2995 vetus
1359 2949 1500 2994 homo
1522 2948 1761 3005 sepelitur,
1785 2953 1833 2993 et
1846 2947 2162 3010 submersus‚{j1

2136 3044 2146 3070 l

2163 2451 2167 2458 ι

260 3101 304 3144 (Ι)
330 3102 427 3145 Quod
451 3105 543 3143 patet
561 3114 599 3136 ex
617 3102 775 3137 unanimi
789 3102 934 3138 Patrum
950 3101 1128 3143 utriusque
1215 3099 1378 3135 Albertns
1389 3100 1542 3142 Magnus,
1557 3099 1892 3135 Altissiodor.Alens.
1910 3100 2029 3134 scotus
2043 3093 2169 3139 cum-:s

219 3150 374 3185 Ecclesiae
389 3162 502 3190 graecae
525 3155 559 3185 et
579 3151 694 3185 latinae
713 3162 887 3186 consensu.
909 3150 960 3184 Cf.
979 3149 1126 3185 Tertull.
1213 3150 1371 3189 scotistis.
1389 3149 1594 3191 Paludanus,
1621 3148 1809 3189 Durandus,
1831 3148 2014 3190 sylvester,
2033 3149 2120 3184 Tur-

231 3198 290 3233 lib.
323 3199 370 3233 De
401 3198 560 3240 baptism.
594 3211 666 3240 cap.
702 3200 770 3241 45),
807 3201 906 3240 cypr.
940 3199 1053 3240 (epist.
1086 3198 1127 3232 ad
1215 3202 1400 3233 reci-emata
1414 3226 1422 3238 ,
1448 3199 1621 3239 Lyranus,
1636 3202 1702 3232 etc.
1723 3197 1854 3237 Negant
1881 3198 1961 3230 verb
1993 3198 2116 3238 Estius,
2148 3211 2155 3230 τ

239 3246 400 3288 111111Ξ1111.),
412 3248 537 3282 Justin.
553 3248 735 3289 (apologet.
746 3249 799 3289 nl,
810 3247 984 3288 Basil.(1)0
997 3246 1127 3287 Spiritu
1213 3248 1350 3286 Suarez,
1368 3247 1518 3288 Vasquez
1531 3273 1541 3286 ‚
1557 3245 1690 3286 sylvius
1702 3272 1712 3286 ,
1731 3245 1885 3286 plerique
1901 3246 2117 3287 recentiores,
2148 3256 2157 3260 ‘¹

220 3298 335 3329 saneto
350 3321 360 3335 ‚
386 3306 457 3336 cap.
482 3294 515 3335 2)
528 3323 537 3334 ,
564 3295 705 3330 Hieron.
727 3295 803 3334 (lib.
821 3304 856 3330 tv
880 3298 1063 3330 comment.
1088 3295 1125 3328 in
1213 3294 1354 3334 Natalis,
1370 3293 1461 3329 Alex.
1477 3293 1612 3334 Juevin,
1624 3293 1810 3335 Toum-lely,
1825 3292 1931 3334 Beni,
1949 3297 2014 3327 etc.

222 3340 366 3383 Matth.),
386 3342 488 3383 cyril.
505 3343 658 3386 (Jerosol.
681 3343 810 3378 catech.
827 3343 895 3385 26).
1253 3343 1296 3384 (5)
1316 3343 1517 3384 Baptismus,
1537 3345 1577 3376 ut
1599 3342 1650 3376 ait
1668 3342 1803 3376 Rituale
1821 3353 2014 3382 romanum,
2042 3340 2117 3375 ficri
2132 3338 2155 3374 ’i‘

261 3390 306 3431 (2)
341 3390 530 3432 Respondet
558 3397 679 3426 auctor
708 3403 747 3426 ex
780 3391 1011 3433 suppositione
1046 3391 1123 3426 faeti
1211 3396 1320 3432 potest
1335 3395 1394 3425 aut
1408 3402 1469 3432 per
1483 3389 1687 3424 infusionem
1706 3402 1813 3432 aquoe,
1831 3395 1889 3425 aut
1906 3401 1966 3431 per
1979 3389 2118 3424 immer—
2136 3387 2155 3423 ³?

220 3438 308 3476 quod
326 3449 394 3473 non
412 3439 564 3481 discutit,
590 3439 648 3473 sed
662 3438 703 3473 de
721 3439 818 3473 illius
833 3441 977 3475 veritate
991 3444 1125 3474 contro·
1211 3439 1354 3481 sionem,
1371 3443 1428 3474 aut
1441 3449 1502 3480 per
1515 3438 1754 3480 aspersionem.
2070 3439 2073 3442 ’
2150 3435 2153 3451 ²

221 3486 327 3522 versia
345 3498 436 3522 nunc
461 3491 510 3521 est
533 3487 625 3522 inter
651 3486 815 3521 eruditos.
842 3486 933 3521 Illud
952 3487 1126 3521 affirmant
