2170 3808
715 190 912 240 QUAEST.
943 190 1114 244 vam,
1147 191 1263 232 ΛΒΤ.
1294 190 1360 233 XI.
1907 189 1985 255 5501

103 271 191 316 Sed
213 268 440 325 baptizata
472 273 634 323 matre,
669 268 927 324 baptizatur
954 270 1181 326 quidquid
1203 274 1275 314 est
1305 270 1408 327 ejus
1439 269 1560 314 intra
1592 269 1741 326 ipsam
1764 268 1987 314 existens.

102 332 219 386 Ergo
236 331 417 375 videtur
432 329 572 386 quod,
593 329 824 385 baptizata
842 334 1004 386 matre,
1029 330 1283 387 baptizetur
1302 343 1417 386 puer
1431 330 1480 374 in
1497 335 1629 374 utero
1644 329 1746 386 ejus
1762 329 1984 373 existens.

154 394 196 436 3.
229 394 467 446 Praeterea,
486 402 612 434 mors
629 395 803 435 aeterna
819 391 948 448 pejor
970 396 1040 436 est
1060 392 1202 448 quam
1231 405 1357 436 mors
1381 391 1648 447 corporalis.
1672 391 1759 436 Sed
1787 391 1844 436 de
1872 390 1988 434 duo-

102 452 190 498 bus
205 454 339 497 malis
354 453 511 496 minus
534 453 708 496 malum
726 459 797 497 est
818 453 1100 510 eligendum.
1126 454 1168 497 Si
1189 465 1299 508 ergo
1323 466 1440 509 puer
1464 454 1514 497 in
1537 462 1671 498 utero
1687 452 1849 497 matris
1868 452 1989 496 exis-

103 518 203 559 tens
220 514 437 571 baptizari
458 525 551 558 non
578 520 741 570 potest,
773 515 942 558 melius
969 521 1093 558 esset
1121 513 1245 570 quod
1273 520 1423 558 mater
1445 514 1716 571 aperiretur,
1737 519 1784 573 et
1806 525 1922 571 puer
1939 512 1986 557 vi

98 575 295 620 eductus
325 575 647 633 baptizaretur,
680 576 822 633 quam
850 575 975 632 quod
1006 588 1124 632 puer
1152 576 1430 620 aeternaliter
1460 576 1776 632 damnaretur,
1807 574 1987 631 absque

99 636 340 695 baptismo
351 637 597 682 decedens.

153 702 196 744 4.
230 701 469 754 Praeterea,
491 698 720 756 contingit
741 699 1023 756 quandoque
1043 699 1166 755 quod
1186 698 1339 754 aliqua
1360 710 1469 754 pars
1489 698 1620 754 pueri
1649 699 1778 771 prius
1802 698 1986 754 egredi-

98 764 188 817 tur,
209 761 328 804 siout
348 760 517 816 legitur
539 762 859 815 (Gen.xxxv1n,
876 762 964 815 27),
985 760 1110 816 quod
1130 762 1338 815 pariente
1358 761 1570 814 Thamor,
1588 762 1637 802 in
1655 762 1757 814 ipsa
1775 760 1985 813 effusione

96 823 343 875 insontium
362 835 477 864 unus
491 823 688 877 protulit
704 835 904 875 manum,
930 824 978 864 in
997 835 1088 877 qua
1107 822 1326 864 obstetrix
1344 821 1508 877 liqavz’t
1534 824 1776 878 coccinum,
1798 822 1949 864 dicens
1966 836 1982 862 .-

95 886 186 926 Iste
207 884 462 940 eqredz‘etur
475 886 635 940 prior‚·
652 884 734 926 illo
749 885 852 926 vero
872 896 1055 926 manum
1076 884 1357 939 retrahente,
1380 895 1580 939 eqressus
1593 886 1660 926 est
1677 882 1811 926 alter.
1830 884 1981 934 Quan-

96 943 250 1002 doque
264 951 419 990 autem
437 946 482 988 in
500 945 577 989 tali
597 958 710 990 casu
728 946 941 989 imminet
956 946 1216 1001 periculum
1235 944 1414 989 mortiS.
1432 947 1550 1000 Ergo
1570 945 1751 989 videtur
1766 945 1890 1001 quod
1904 944 1983 988 illa

97 1016 205 1063 pars
221 1006 388 1051 debeat
406 1007 643 1064 baptizari,
664 1018 810 1063 puero
828 1007 981 1050 adhuc
1000 1007 1053 1049 in·
1066 1011 1273 1050 materno
1291 1010 1420 1050 utero
1441 1006 1685 1050 existente.

151 1068 238 1112 Sed
259 1071 422 1111 contra
439 1072 511 1112 est
533 1068 657 1124 quod
679 1070 965 1124 Augustinus
984 1067 1095 1111 dicit
1129 1067 1288 1122 (Epist.
1319 1066 1379 1111 ad
1407 1066 1682 1120 Dardanum,
1703 1070 1802 1119 287,
1825 1066 1885 1110 al.
1907 1068 1978 1124 57,

95 1127 215 1173 inter
232 1130 355 1175 med.
387 1134 433 1174 et
454 1130 584 1183 fin.):
623 1132 794 1173 «Nemo
826 1129 1096 1184 renascitur,
1133 1127 1223 1172 nisi
1253 1128 1400 1184 primo
1431 1134 1666 1173 nascatur.
1699 1146 1719 1167 υ
1757 1128 1846 1173 Sed
1867 1128 1979 1185 bap·

97 1189 261 1235 tismus
283 1196 355 1236 est
377 1191 590 1248 quaedam
612 1190 864 1247 spiritualis
898 1190 1204 1246 regeneratio.
1225 1191 1323 1233 Non
1349 1201 1461 1245 ergo
1486 1189 1625 1234 debet
1642 1189 1809 1246 aliquis
1827 1190 1980 1247 bapti-

94 1252 204 1310 zari,
229 1253 499 1310 priusquam
513 1265 573 1297 ex
589 1258 724 1296 utero
746 1255 979 1295 nascatur.

142 1321 426 1361 CONCLUSIO.
447 1341 497 1350 -
511 1321 614 1360 Cum
638 1319 812 1358 infantis
831 1319 875 1358 in
897 1323 1012 1358 utero
1027 1320 1214 1357 materno
1238 1318 1451 1358 existentis
1464 1330 1611 1369 corpus
1632 1322 1740 1371 aqua
1758 1319 1875 1359 ablui
1894 1331 1976 1359 non

94 1374 234 1426 possit,
251 1378 362 1426 patet
379 1386 461 1415 non
482 1374 655 1426 possein
675 1377 860 1414 materno
879 1378 993 1414 utero
1008 1373 1212 1413 infantem
1227 1372 1443 1424 baptizari.

146 1438 418 1493 Respondeo
438 1436 688 1483 dicendum
703 1436 828 1493 quod
843 1436 901 1481 de
923 1436 1198 1481 necessitate
1219 1435 1437 1491 baptismi
1455 1435 1665 1492 estquod
1687 1449 1857 1494 corpus
1870 1436 1978 1494 bap«

94 1498 261 1543 tizandi
281 1500 435 1555 aliquo
448 1500 593 1548 modo
612 1501 733 1555 aqua
749 1498 981 1554 abluatur,
997 1498 1104 1542 cum
1128 1496 1386 1554 baptismus
1408 1497 1468 1541 sit
1487 1498 1699 1554 quaedam
1715 1498 1906 1556 ablutio,
1926 1503 1978 1543 ut

92 1571 235 1617 supra
262 1560 436 1606 dictum
457 1567 528 1605 est
556 1563 736 1617 (quaest.
762 1574 872 1615 txv1,
907 1564 994 1603 art.
1019 1559 1081 1615 1).
1114 1561 1289 1614 Corpus
1311 1563 1466 1603 autem
1501 1559 1705 1617 infantis,
1729 1561 1977 1616 antequam

93 1629 311 1668 nascatur
331 1637 390 1669 ex
405 1628 553 1679 utero,
573 1637 666 1668 non
683 1628 836 1680 potest
853 1624 1005 1681 aliquo
1025 1623 1163 1668 modo
1177 1622 1302 1667 ablui
1326 1635 1447 1678 aqua
1462 1625 1544 1678 (1)·
1562 1623 1650 1667 nisi
1666 1623 1735 1667 foi
1740 1625 1782 1668 te
1799 1624 1978 1670 dicatur

91 1685 217 1742 quod
241 1686 415 1731 ablutio
436 1685 739 1749 baptismalis,
759 1688 851 1742 qua
890 1697 1060 1741 corpus
1079 1685 1241 1729 matris
1264 1684 1459 1740 lavatur,
1496 1685 1555 1729 ad
1579 1685 1756 1728 filium
1746 1699 1792 1729 m
1815 1692 1977 1732 ventre

91 1746 365 1793 existentem
385 1747 641 1803 perveniat.
662 1741 749 1791 Se'd
765 1747 852 1791 hoc
865 1759 970 1792 esse
993 1759 1087 1791 non
1117 1750 1285 1803 potest,
1310 1750 1405 1789 tum
1444 1746 1552 1802 quia
1570 1747 1725 1790 anima
1747 1747 1895 1804 pueri,
1917 1749 1977 1794 ad

92 1807 167 1864 cuj
177 1821 233 1853 us
245 1808 654 1853 sanctificationem
674 1821 726 1852 οι
729 1808 916 1853 dinatur
933 1808 1208 1864 baptismus,
1223 1807 1440 1852 distincta
1451 1812 1522 1851 est
1534 1806 1593 1851 ab
1611 1808 1767 1852 anima
1783 1810 1973 1867 matris;

92 1873 191 1914 tum
206 1870 314 1926 quia
327 1882 497 1926 corpus
511 1870 641 1926 pueri
660 1870 848 1915 animati
865 1871 962 1926 J'am
980 1875 1051 1914 est
1064 1871 1330 1923 formatum,
1347 1875 1392 1912 et
1413 1881 1496 1925 per
1517 1881 1811 1927 consequens
1833 1884 1861 1915 a
1874 1885 1976 1916 cor-

91 1943 204 1987 pore
220 1933 381 1976 matris
399 1933 684 1985 distinctum,
708 1937 754 1976 et
772 1932 874 1977 ideo
898 1932 1157 1989 baptismus
1193 1943 1286 1988 quo
1310 1936 1458 1975 mater
1476 1931 1751 1987 baptizatur,
1776 1946 1869 1977 non
1903 1947 1976 1979 re-

92 1992 270 2037 dundat
285 1994 331 2036 in
356 1994 531 2049 prolem
550 1994 598 2036 in
624 1997 756 2037 utero
776 1993 935 2038 matris
950 1993 1244 2037 existentem.
1267 1991 1394 2036 Unde
1414 1992 1697 2048 Augustinus
1719 1994 1830 2039 dicit
1844 1997 1974 2049 (Con-

93 2058 162 2099 tra
174 2056 424 2111 Julianum,
448 2055 523 2099 lib.
546 2069 605 2110 xv,
629 2068 730 2111 cap.
757 2059 827 2111 14,
848 2056 969 2100 inter
998 2055 1121 2099 med.
1148 2060 1192 2098 et
1220 2054 1318 2107 fin.)
1345 2068 1356 2095 ε
1381 2054 1459 2097 «Si
1478 2054 1537 2099 ad
1559 2055 1720 2099 matris
1739 2068 1908 2113 corpus
1928 2058 1976 2104 id

91 2117 216 2172 quod
230 2117 275 2160 in
294 2130 348 2161 ea
366 2116 625 2172 concipitur
636 2116 850 2173 pertinet,
872 2117 936 2161 ita
954 2121 1007 2161 ut
1029 2116 1068 2172 ej
1077 2128 1130 2160 us
1148 2127 1255 2171 pars
1270 2115 1538 2171 imputetur,
1560 2128 1654 2159 non
1669 2116 1977 2173 baptizaretur

91 2178 260 2234 infans,
282 2178 418 2235 cujus
440 2184 589 2222 mater
607 2178 835 2234 baptizata
857 2183 928 2222 est
939 2178 1094 2233 aliquo
1109 2176 1270 2220 mortIS
1288 2182 1485 2231 urgente
1500 2177 1720 2233 periculo,
1741 2182 1847 2223 cum
1867 2193 1976 2226 eum

91 2244 293 2295 gestaret
326 2241 375 2284 in
411 2246 559 2284 utero.
589 2243 719 2284 Nunc
740 2241 847 2285 vero
878 2240 1105 2296 cumipse
1128 2239 1283 2295 etlam,
1307 2239 1481 2282 scilicet
1501 2239 1672 2295 infans,
1703 2240 1972 2300 baptizetur,

92 2313 185 2345 non
210 2301 370 2358 utique
402 2302 460 2345 ad
483 2306 746 2346 maternum
770 2314 956 2359 corpus,
976 2302 1082 2345 cum
1106 2305 1227 2345 esset
1247 2301 1293 2343 in
1317 2304 1464 2355 utero,
1487 2301 1762 2357 pertinebat.
1779 2321 1798 2341 »
1839 2306 1892 2348 Et
1912 2304 1975 2349 ita

91 2363 369 2419 relinquitur
387 2363 510 2418 quod
528 2363 654 2407 nullo
669 2363 809 2407 modo
822 2363 1022 2407 infantes
1038 2363 1084 2406 in
1099 2361 1320 2406 maternis
1333 2362 1476 2405 uteris
1492 2361 1743 2407 existentes
1756 2364 1974 2421 baptizari

90 2429 288 2481 possunt
302 2426 373 2480 (2).

138 2486 207 2531 Ad
227 2489 426 2542 primum
451 2499 562 2544 ergo
586 2486 853 2543 dicendum,
893 2486 1015 2542 quod
1037 2485 1169 2542 pueri
1194 2485 1242 2528 in
1282 2485 1506 2530 maternis
1541 2486 1689 2530 uteris
1722 2487 1974 2535 existentes

89 2547 294 2592 nondum
315 2547 587 2604 prodierunt
600 2547 649 2592 in
665 2549 834 2604 lucem,
861 2553 914 2592 ut
937 2560 1044 2592 cum
1063 2547 1165 2591 ali1s
1182 2547 1449 2592 hominibus
1468 2548 1612 2591 vitam
1629 2548 1824 2604 ducant3
1846 2551 1970 2597 unde

89 2620 184 2652 non
216 2616 414 2678 possunt
446 2610 611 2666 subjici
634 2610 803 2655 actioni
826 2611 1060 2666 humanae,
1084 2614 1137 2653 ut
1168 2621 1249 2665 per
1271 2621 1433 2653 eorum
1468 2609 1778 2654 ministerium
1814 2623 1974 2655 sacra-

88 2674 244 2714 menta
261 2670 486 2726 recipiant
521 2671 580 2716 ad
603 2672 823 2723 salutem·
845 2675 1040 2728 possunt
1074 2674 1229 2714 tamen
1250 2669 1416 2726 subjici
1454 2670 1707 2726 operationi
1750 2671 1826 2716 Dei
1848 2674 1972 2728 apud

89 2742 227 2787 quem
252 2730 430 2786 vivunt,
453 2736 506 2776 ut
523 2734 723 2788 quodam
740 2732 979 2804 privilegio
1001 2732 1160 2788 gratiae
1176 2731 1586 2775 sanctificationem
1605 2739 1968 2793 consequantur,

87 2791 208 2836 sicut
226 2796 351 2849 patet
368 2793 425 2836 de
446 2794 765 2839 sanctificatis
754 2808 801 2839 in
822 2801 970 2839 utero.

139 2853 207 2898 Ad
221 2855 463 2897 secundum
479 2855 742 2910 dicendum,
763 2857 888 2914 quod
909 2856 1170 2901 membrum
1193 2855 1389 2898 interius
1409 2854 1570 2899 matris
1585 2859 1657 2899 est
1679 2856 1853 2913 aliquid
1869 2857 1970 2914 eJ'us

80 2925 162 2968 per
185 2916 580 2960 continuationem
603 2922 651 2961 et
681 2918 903 2963 unionem
930 2917 1186 2963 naturalem
1222 2916 1365 2972 partis
1395 2916 1455 2961 ad
1478 2920 1650 2967 totum:
1675 2930 1792 2973 puer
1813 2924 1968 2964 autem

81 2988 130 3019 in
158 2982 290 3021 utero
310 2977 471 3021 matris
494 2978 699 3023 existens
723 2985 793 3024 est
811 2980 983 3036 aliquid
1007 2980 1109 3035 ejus
1132 2990 1214 3034 per
1233 2977 1482 3033 quamdam
1511 2978 1850 3033 colligationem
1865 2993 1971 3025 cor-

84 3049 250 3093 porum
266 3038 606 3083 distinctorum.
632 3040 760 3085 Unde
783 3053 877 3085 non
892 3047 961 3085 est
977 3039 1141 3084 similis
1161 3038 1293 3082 ratio.

124 3173 168 3215 (4)
183 3173 340 3208 Attamen
368 3187 407 3209 ex
428 3175 718 3210 observationibus
738 3177 980 3211 hodiernorum
1063 3174 1243 3212 materne]
1267 3173 1299 3208 la
1318 3186 1403 3213 sasse·
1393 3174 1530 3209 ·femme
1550 3187 1595 3210 ou
1609 3175 1642 3210 le
1665 3176 1858 3216 chirurgica
1874 3178 1967 3222 doit,

85 3220 292 3255 medicorum
316 3227 442 3256 constat
463 3234 556 3263 posse
578 3223 670 3258 ablui
700 3228 734 3258 et
757 3235 860 3258 manu
875 3224 980 3264 tangi.
1064 3223 1092 3256 si
1116 3234 1160 3256 on
1186 3233 1265 3262 iuge
1297 3221 1328 3255 la
1358 3222 1457 3256 chose
1482 3223 1663 3264 posssiffle,
1694 3224 1724 3258 le
1753 3224 1816 3265 bap
1823 3226 1900 3260 tiser
1925 3239 1965 3261 en

124 3267 167 3309 (2)
184 3268 301 3311 Nemo,
318 3270 366 3304 ait
384 3271 514 3305 Rituale
540 3283 732 3311 romanum,
743 3271 779 3306 in
798 3279 894 3306 utero
909 3283 980 3305 ma·
1066 3270 1221 3304 faisant)
1204 3282 1262 3309 par
1266 3270 1361 3303 venir
1376 3269 1399 3303 l'
1401 3282 1461 3304 cau
1478 3281 1547 3315 quo
1563 3273 1714 3306 meliori
1732 3274 1849 3311 modo.
1866 3275 1968 3310 saufit

81 3315 145 3349 tris
169 3315 298 3350 clausus
320 3317 482 3357 baptizari
511 3318 622 3353 debet.
649 3319 861 3359 cependant.
889 3319 982 3353 addit
1064 3317 1147 3351 faire
1165 3318 1307 3350 reiteret·
1324 3317 1353 3350 le
1370 3317 1524 3358 hamc-,me
1542 3330 1617 3353 sous
1642 3319 1815 3354 condition
1833 3320 1861 3354 si
1887 3320 1968 3356 l'en·

84 3362 156 3397 DD.
177 3364 327 3406 Gonsset,
342 3365 422 3400 dans
439 3365 487 3400 les
506 3366 783 3401 accouchements
797 3367 980 3406 laborieux,
1065 3364 1137 3398 faut
1151 3365 1244 3398 vient
1262 3366 1279 3398 ix
1300 3368 1421 3400 naitre.

83 3409 110 3445 ti
131 3421 174 3445 on
194 3411 302 3446 craint
322 3423 387 3453 que
411 3410 554 3447 l⁷enfant
570 3425 613 3448 ne
631 3425 747 3449 meure
767 3414 850 3448 dans
864 3413 894 3447 le
909 3414 981 3451 sein
