2170 3808
172 218 254 262 130
747 214 947 266 QUAEST.
976 210 1082 267 xlv,
1112 210 1227 255 ΛΒΤ.
1260 213 1310 255 ΠΙ
1340 211 1405 255 ET
1426 212 1493 256 IV.

173 310 234 344 ex
247 296 522 343 necessitate
539 294 749 340 trahitur.
765 297 914 339 Causa
929 299 1083 339 autem
1098 293 1263 338 mortis
1277 293 1503 338 ethorum
1521 293 1786 339 defectuum
1803 292 1850 336 in
1869 293 2075 340 humana

174 365 342 405 natura
364 364 436 405 est
456 362 715 415 peccatum,
740 356 850 414 quia
866 370 950 414 per
962 360 1198 414 peccatum
1216 368 1337 399 mors
1358 358 1545 401 intravit
1559 359 1606 399 in
1621 357 1740 399 hunc
1762 357 2000 412 mundum,
2024 362 2076 402 ut

174 422 344 468 dicitur
364 424 510 475 (Rom.
530 433 576 474 v,
597 420 686 475 12).
715 420 769 463 Et
791 418 895 464 ideo
911 417 974 462 illi
999 416 1183 474 proprie
1201 417 1422 462 dicuntur
1442 416 1527 461 hos
1549 417 1758 462 defectus
1783 417 2075 469 contrahere,

174 484 255 542 qui
286 496 345 528 ex
368 482 523 527 debito
542 481 719 538 peccati
741 481 827 525 hos
848 480 1057 525 defectus
1075 479 1334 524 incurrunt.
1357 478 1564 524 Christus
1581 484 1737 524 autem
1763 480 1848 523 hos
1867 478 2076 525 defectus

174 557 269 589 non
308 543 468 588 habuit
488 555 545 588 ex
569 541 726 587 debito
752 541 959 598 peccati:
985 541 1108 599 quia,
1141 545 1194 585 ut
1226 540 1514 596 Augustinus
1546 540 1658 586 dicit
1686 551 1926 597 exponens
1962 540 2076 588 illud

175 607 321 662 (Joan.
344 609 433 660 111):
461 608 547 661 Qui
565 604 621 648 de
646 605 825 648 sursum
854 605 990 655 venit,
1015 615 1152 658 super
1174 614 1324 645 omnes
1349 608 1415 645 est
1446 599 1657 659 (hahetur
1682 602 1728 646 in
1750 602 1910 646 Glossa
1927 601 2074 658 ord.):

180 685 199 706 κ
223 671 286 712 De
309 671 498 712 sursum
520 667 649 712 venit
688 665 912 718 Christus,
946 664 994 709 id
1016 669 1089 709 est
1118 662 1178 709 de
1195 662 1442 708 altitudine
1472 668 1652 709 naturae
1673 664 1907 719 humanae,
1935 674 2077 720 quam

176 729 336 775 habuit
358 735 467 774 ante
489 733 734 786 peccatum
766 726 902 785 primi
934 725 1153 770 hominis.
1177 745 1198 765 »
1224 725 1410 783 Accepit
1438 726 1563 771 enim
1587 730 1803 771 naturam
1824 727 2077 771 humanam

175 791 352 849 absque
387 795 579 849 peccato
599 792 647 835 in
672 790 751 835 illa
773 790 974 847 puritate
1003 789 1051 833 in
1072 800 1166 846 qua
1190 795 1289 834 erat
1316 788 1365 833 in
1388 792 1514 834 statu
1534 789 1841 834 innocentiae:
1870 793 1918 833 et
1939 787 2078 833 simili

177 854 314 900 modo
332 855 561 911 potuisset
581 865 822 898 assumere
842 853 1099 897 humanam
1123 856 1338 896 naturam
1361 851 1540 910 absque
1554 851 1828 898 defectibus.
1853 852 1924 896 Sic
1937 851 2078 908 igitur

174 921 301 974 patet
324 917 449 975 quod
468 916 675 961 Christus
696 927 789 960 non
809 916 1042 959 contraxit
1060 915 1146 960 hos
1165 915 1390 971 defectus,
1409 914 1545 972 quasi
1563 926 1622 960 ex
1635 914 1789 959 debito
1804 913 1980 972 peccati
1995 917 2078 959 005

175 978 455 1035 suscipiens,
479 978 561 1023 sed
585 990 643 1021 ex
658 976 845 1034 propria
864 977 1121 1022 voluntate.

230 1041 296 1085 Ad
315 1044 515 1097 primum
530 1052 641 1096 ergo
652 1039 919 1091 dicendum,
944 1039 1070 1097 quod
1090 1052 1200 1084 caro
1219 1038 1419 1096 Virginis
1441 1042 1667 1094 concepta
1686 1037 1775 1083 fuit
1795 1038 1843 1082 in
1860 1037 2078 1096 >originali

176 1107 367 1159 peccato
388 1105 447 1157 (1)
472 1117 486 1146 :
505 1106 551 1147 et
571 1101 676 1147 ideo
693 1101 780 1146 1105
796 1100 1007 1146 defectus
1022 1101 1268 1146 contraxit.
1296 1101 1383 1146 Sed
1399 1112 1507 1144 caro
1522 1099 1687 1144 Christi
1706 1111 1768 1143 ex
1792 1100 1978 1157 Virgine
1999 1111 2078 1145 as-

176 1165 376 1221 sumpsit
399 1168 612 1209 naturam
631 1163 808 1221 absque
821 1163 959 1220 culpa
975 1166 1057 1218 (me
1071 1168 1117 1209 et
1134 1163 1347 1208 similiter
1359 1161 1587 1220 potuisset
1609 1166 1822 1206 naturam
1841 1172 2078 1207 assumens

177 1225 354 1283 absque
373 1239 530 1283 poena.
556 1226 643 1272 Sed
671 1225 818 1271 voluit
838 1226 1075 1283 suscipere
1096 1237 1283 1283 poenam
1307 1229 1496 1283 propter
1520 1237 1641 1282 opus
1664 1228 1836 1269 nostrae
1861 1224 2078 1281 redemp-

177 1287 317 1332 tionis
335 1288 638 1345 implendum,
658 1293 712 1333 ut
730 1288 904 1333 dictum
928 1294 1000 1333 est
1021 1292 1124 1342 (art.
1144 1292 1165 1333 1
1189 1288 1286 1344 huJ.
1306 1289 1503 1345 quaest.).
1533 1288 1585 1331 Et
1604 1287 1709 1332 ideo
1734 1285 1898 1331 habuit
1911 1285 2077 1344 huius-

177 1350 302 1395 modi
326 1351 553 1404 defectUS‚
579 1363 673 1394 non
697 1351 1031 1408 contrahendO,
1055 1351 1139 1396 sed
1160 1350 1425 1395 voluntarie
1443 1351 1744 1394 assumendo.

231 1412 298 1457 Ad
319 1413 562 1455 secundum
592 1413 858 1469 dicendum,
883 1413 1012 1471 quod
1033 1425 1176 1458 causa
1195 1412 1360 1457 mortis
1384 1416 1429 1457 et
1448 1412 1645 1456 aliorum
1664 1410 1975 1469 corporalium
1993 1409 2078 1455 de·

176 1475 383 1521 fectuum
406 1476 455 1520 in
479 1476 686 1521 humana
712 1482 880 1521 natura
899 1483 971 1523 est
985 1478 1184 1535 duplex:
1201 1488 1297 1522 una
1312 1476 1501 1535 quidem
1517 1482 1711 1532 remota,
1730 1488 1837 1534 quae
1855 1474 2078 1532 accipitur

177 1548 236 1582 ex
267 1543 398 1595 parte
426 1538 757 1596 principiorum
791 1539 1099 1584 materialium
1135 1539 1328 1584 humani
1361 1539 1584 1596 corporis,
1613 1539 1891 1596 inquantum
1915 1541 1987 1582 est
2021 1547 2079 1582 ex

177 1600 422 1644 contrariis
441 1600 767 1655 compositum.
791 1601 877 1646 Sed
897 1602 997 1646 haec
1026 1614 1170 1646 031153
1187 1601 1528 1658 impediebatur
1547 1612 1629 1658 per
1653 1600 1927 1658 originalem
1941 1598 2078 1656 311511-

178 1661 303 1706 tiam.
341 1665 394 1706 Et
412 1662 518 1707 ideo
535 1662 746 1719 proxima
767 1674 911 1708 musa
943 1664 1106 1709 mortis
1132 1669 1180 1709 et
1212 1664 1408 1709 aliorum
1441 1663 1707 1709 defectuum
1728 1667 1800 1708 est
1817 1665 2075 1719 peccatum,

177 1735 261 1779 per
279 1724 403 1781 quod
427 1723 664 1769 subtracta
680 1730 756 1770 est
773 1726 1014 1781 originalis
1029 1726 1224 1784 Justitia.
1244 1729 1299 1771 Et
1310 1730 1499 1783 propter
1513 1726 1617 1782 hoc,
1639 1725 1751 1782 quia
1773 1725 1981 1769 Christus
1992 1722 2077 1769 fuit

177 1785 279 1830 sine
305 1790 511 1844 peccato,
531 1785 700 1831 dicitur
726 1799 822 1831 non
848 1788 1137 1832 contraxisse
1161 1787 1427 1844 huiusmodi
1455 1787 1682 1843 defectus,
1708 1786 1791 1832 sed
1820 1786 2079 1832 voluntarie

142 1858 147 1863 ·
177 1858 508 1904 assumpsisse.

232 1908 299 1953 Ad
314 1912 498 1952 tertium
517 1906 785 1966 dicendum,
802 1909 930 1967 quod
949 1909 1157 1954 Christus
1172 1910 1220 1953 in
1234 1909 1501 1967 hujusmodi
1519 1909 1778 1955 defectibus
1796 1908 2079 1956 assimilatus

177 1975 249 2015 est
266 1970 368 2015 aliis
383 1971 652 2016 hominibus
669 1973 897 2028 quantum
918 1971 977 2016 ad
989 1971 1262 2029 qualitatem
1275 1972 1560 2028 defectuum,
1574 1984 1668 2016 non
1681 1976 1837 2017 autem
1851 1972 2079 2029 quantum

177 2032 235 2076 ad
266 2044 487 2077 causam:
509 2038 555 2077 et
576 2033 682 2079 ideo
705 2034 912 2079 Christus
935 2046 1030 2078 non
1047 2034 1282 2078 contraxit
1309 2034 1575 2092 huJ‘usmodi
1598 2033 1825 2090 defectus,
1847 2034 1969 2079 sicut
1983 2034 2077 2080 alii.

335 2103 677 2147 ARTICULUS
704 2103 785 2147 1v.
806 2124 860 2134 --
882 2115 1023 2146 uranu
1043 2115 1246 2146 0111115105
1267 2115 1403 2146 omncs
1423 2115 1639 2147 numerus
1659 2115 1923 2147 convolutas

788 2175 977 2208 uomnun
1007 2177 1218 2208 assumens
1246 2176 1465 2209 nanuum-r.

178 2230 227 2266 De
250 2229 303 2266 his
323 2231 424 2266 etiam
442 2243 556 2274 supra,
573 2235 689 2274 quoest.
708 2239 770 2275 xli,
786 2237 852 2268 art.
868 2233 888 2267 ⁴
902 2233 945 2267 ad
958 2234 992 2274 5,
1013 2237 1047 2267 et
1072 2233 1173 2273 infra,
1197 2237 1313 2274 quaest.
1342 2242 1400 2275 XV,
1421 2237 1487 2269 art.
1504 2232 1519 2268 1
1542 2243 1637 2274 corp.
1659 2237 1695 2268 et
1710 2238 1828 2275 quaest.
1844 2239 1926 2269 XLVI
1940 2261 1949 2275 ,
1964 2236 2031 2270 art.
2047 2233 2070 2270 ⁵

218 2279 260 2314 ad
280 2280 310 2321 Ι,
331 2286 364 2314 01
386 2281 481 2315 80111.
497 2289 550 2321 111,
572 2281 650 2316 dist,
670 2279 723 2322 ⁴5.
742 2286 860 2323 quaest.
874 2289 900 2322 1.
920 2285 987 2317 nrt.
1007 2281 1041 2323 2,
1057 2285 1093 2316 et
1107 2281 1185 2316 dist.
1202 2281 1258 2324 22,
1284 2285 1403 2323 quaest.
1421 2288 1462 2323 1¹,
1488 2285 1557 2317 art.
1581 2282 1615 2322 l.
1632 2286 1751 2324 quast.
1765 2291 1779 2318 1
1794 2294 1886 2324 corp.
1903 2286 1939 2318 et
1957 2283 2079 2318 Contra

218 2332 314 2371 gent.
325 2328 389 2364 lib.
406 2337 455 2371 iv,
473 2341 545 2372 cap.
559 2330 615 2372 55,
632 2341 729 2365 num.
746 2332 799 2373 tl,
819 2335 855 2366 01
872 2332 997 2373 Opust.
1015 2338 1054 2372 11,
1074 2341 1146 2372 cap.
1159 2330 1225 2365 226
1241 2331 1370 2367 01258.

233 2384 299 2429 Ad
331 2388 549 2441 quartum
577 2384 647 2430 sic
675 2385 957 2442 proceditur.
990 2388 1033 2430 1.
1069 2384 1259 2430 Videtur
1285 2386 1411 2443 quod
1448 2386 1657 2432 Christus
1679 2397 1842 2432 omnes
1871 2386 2078 2432 defectus

177 2446 441 2503 corporales
468 2445 711 2491 hominum
744 2457 983 2492 assumere
1016 2446 1244 2491 debuerit.
1279 2448 1396 2492 Dicit
1426 2448 1554 2493 enim
1589 2452 1904 2494 Damascenus
1934 2449 2075 2501 (Orth.

178 2507 256 2554 fid.
289 2508 370 2552 lib.
396 2522 458 2558 111,
483 2521 586 2566 cap.
623 2511 667 2563 6,
690 2509 814 2554 circa
840 2509 984 2565 med„
1007 2515 1055 2554 et
1085 2522 1188 2565 cap.
1213 2512 1286 2566 18,
1310 2522 1476 2567 parum
1497 2510 1525 2555 a
1558 2511 1755 2568 princ.):
1795 2527 1815 2549 α
1841 2510 1973 2565 Quod
2007 2516 2079 2556 051

178 2570 567 2626 inassumptibile,
601 2575 675 2615 est
705 2570 977 2616 incurabile.
1016 2589 1037 2611 n
1074 2572 1162 2617 Sed
1197 2571 1403 2617 Christus
1438 2578 1632 2619 venerat
1666 2585 1832 2618 omnes
1868 2573 2080 2620 defectus

179 2637 365 2678 nostros
387 2645 568 2678 curare.
594 2634 712 2689 Ergo
729 2645 895 2678 omnes
914 2633 1123 2678 defectus
1146 2640 1329 2680 nostros
1348 2647 1587 2681 assumere
1606 2635 1782 2680 debuit.

235 2697 278 2739 2.
308 2696 546 2748 Praeterea,
567 2693 742 2739 dictum
762 2699 833 2740 est
848 2697 952 2749 (art.
974 2699 995 2740 1
1022 2695 1121 2751 huj·
1151 2699 1354 2752 quaest.),
1373 2697 1498 2753 quod
1519 2697 1578 2742 ad
1599 2698 1688 2742 hoc
1714 2696 1839 2754 quod
1866 2695 2079 2743 Christus

178 2767 263 2813 pro
285 2755 421 2798 nobis
443 2755 745 2813 satisfaceret,
771 2757 931 2802 debuit
959 2757 1130 2802 habere
1157 2757 1345 2802 habitus
1366 2759 1642 2814 perfectivos
1665 2759 1713 2803 in
1733 2759 1906 2815 anima,
1931 2763 1978 2804 et
1992 2758 2076 2804 (10-

178 2819 328 2863 fectus
348 2818 394 2861 in
419 2830 628 2875 corpore.
656 2819 743 2864 Sed
775 2820 983 2865 Christus
1014 2832 1071 2864 ex
1101 2823 1234 2876 parte
1267 2821 1436 2865 animae
1461 2822 1717 2879 assumpsit
1738 2820 2076 2878 plenitudinem

179 2881 332 2925 omnis
351 2881 529 2936 gratiae.
553 2883 675 2937 Ergo
689 2894 747 2927 ex
765 2887 897 2938 parte
918 2882 1124 2938 corporis
1146 2881 1307 2927 debuit
1329 2895 1568 2930 assumere
1586 2896 1751 2930 omnes
1765 2885 1989 2930 defectus·

235 2944 278 2986 3.
316 2945 557 2996 Praeterea,
584 2942 707 2989 inter
733 2956 897 2993 omnes
929 2945 1137 2990 defectus
1163 2946 1427 3002 corporales
1452 2947 1738 3004 praecipuum
1765 2946 1920 2991 locum
1951 2950 2078 2992 tenet

180 3015 306 3047 mors
327 3006 405 3057 (3).
428 3004 514 3049 Sed
537 3005 744 3050 Christus
762 3011 958 3051 mortem
981 3006 1252 3062 assumpsit.
1275 3010 1394 3065 Ergo
1416 3008 1563 3053 multo
1588 3010 1738 3066 magis
1770 3020 1934 3054 omnes
1960 3009 2078 3055 alios

180 3064 390 3108 defectus
415 3077 655 3111 assumere
674 3067 852 3113 debuit.

220 3174 267 3216 (4)
282 3173 359 3207 Haec
374 3173 475 3207 verba
493 3174 664 3208 conciliari
679 3182 819 3218 possunt
833 3187 910 3212 cum
930 3177 1086 3218 dogmate

181 3221 223 3255 de
257 3221 476 3255 immaculato
501 3220 651 3263 Deiparae
675 3230 852 3265 conceptu.
883 3225 981 3267 Nam,
1009 3224 1086 3260 ideo

180 3270 216 3304 S.
231 3269 378 3305 Thomas
394 3269 516 3311 excipit
531 3271 639 3304 solum
659 3272 829 3307 Christum
850 3274 891 3307 ab
911 3274 1001 3308 hisce
1021 3274 1084 3307 ‹le-

181 3316 341 3354 tectibus,
376 3318 454 3357 quia
489 3317 578 3351 solus
604 3330 641 3352 ex
666 3319 704 3352 vi
733 3322 981 3365 conceptionis
1009 3332 1086 3357 moe

181 3365 253 3400 sinc
278 3371 414 3406 peccato
441 3365 597 3405 originali
620 3366 686 3401 fuit
706 3374 912 3409 conceptus:
933 3376 966 3404 at
981 3371 1085 3410 Virgo

181 3412 384 3451 beatissima.
406 3424 471 3446 non
492 3425 529 3447 ex
550 3414 580 3447 vi
601 3416 841 3457 conceptionis,
859 3417 916 3451 sed
934 3428 982 3453 ιω
999 3429 1085 3461 yra-

183 3462 235 3495 tia
253 3462 389 3496 Christi
406 3467 600 3502 praeservata
618 3462 681 3497 fuit
699 3464 717 3497 a
730 3463 803 3499 labe
821 3463 994 3505 originalis
1008 3478 1084 3507 pec-

1171 3182 1249 3213 eati.
1277 3180 1342 3214 Sed
1365 3178 1510 3214 videnda
1527 3183 1606 3214 sunt
1628 3190 1702 3220 quae
1719 3179 1956 3215 adnotabimus
1981 3179 2079 3216 htess

1170 3231 1272 3267 part„
1289 3233 1403 3269 quaest.
1421 3236 1528 3267 xxvii,
1549 3231 1614 3262 art.
1630 3228 1653 3262 2
1665 3228 1705 3262 ad
1721 3229 1755 3263 5.

1214 3275 1254 3309 {2'1
1272 3275 1322 3309 lta
1341 3276 1420 3310 mss.
1443 3279 1477 3310 et
1494 3275 1576 3310 edit.
1594 3275 1727 3317 passim.
1747 3275 1837 3310 Edit.
1859 3276 1957 3310 Rom.
1975 3287 1984 3309 ε
2002 3274 2078 3310 Sea

1172 3323 1343 3358 Christus
1382 3327 1561 3357 naturam
1595 3333 1642 3357 ex
1687 3324 1838 3367 Vimine
1876 3324 2077 3367 assumpsit

1172 3372 1306 3414 absque
1322 3372 1446 3413 culpa.

1212 3420 1256 3459 (5)
1277 3419 1318 3453 Ut
1344 3419 1403 3452 ille
1421 3420 1455 3453 in
1475 3431 1574 3460 quem
1591 3430 1708 3453 omncs
1728 3419 1889 3454 desinunt
1904 3423 1939 3453 et
1954 3418 1988 3452 in
2005 3429 2076 3459 quo

1172 3472 1463 3502 consummantur.
