2170 3808
823 252 1025 303 QUAEST.
1058 253 1098 307 1,
1129 252 1248 295 ΛΒΤ.
1277 252 1346 295 IV.
2002 253 2026 295 8

139 336 306 382 dIcitur
327 333 552 391 originale
572 336 833 389 peccatum,
858 332 983 388 quod
999 337 1072 377 est
1091 344 1339 377 commune
1366 331 1506 377 totius
1526 331 1707 376 mundi.
1729 349 1750 370 »
1777 331 2025 388 (Colligitur

139 410 198 444 ex
218 397 321 455 eJus
342 398 468 441 hom.
493 395 541 440 in
558 400 648 439 oct.
673 393 852 450 Epiph.‚
875 394 1099 450 aliquant.
1125 394 1152 437 a
1175 393 1344 450 princ„
1362 398 1409 439 et
1434 393 1631 438 habetur
1652 393 1700 438 in
1733 392 1879 437 Gloss.
1907 393 2026 448 ord.)

187 464 472 506 CONCLUSlO.
490 484 536 492 —-
551 463 798 513 Quanquam
817 460 1003 501 Christus
1024 461 1077 500 ad
1098 461 1239 500 omnia
1260 464 1420 512 peccata
1440 461 1611 502 delenda
1627 461 1672 501 in
1696 460 1808 500 hunc
1820 460 2030 501 mundum

140 520 308 567 venerit,
326 516 595 569 principalius
611 519 749 555 tamen
773 515 886 555 venit
903 514 957 554 ad
983 514 1213 554 tollendum
1236 514 1450 564 originale,
1468 517 1595 566 quam
1612 516 1768 555 actuale
1786 519 1997 566 peccatum
2014 526 2027 554 t

139 574 244 614 illud
263 573 373 613 enim
395 584 463 623 per
483 570 593 623 quod
612 573 747 610 totum
769 581 902 621 genus
928 569 1169 609 humanum
1194 570 1395 618 inficitur,
1416 569 1553 621 majus
1574 572 1635 610 est
1651 581 1697 610 eo
1717 569 1827 621 quod
1849 572 1910 610 est
1929 580 2029 621 pro-

139 629 278 681 prium
300 627 523 678 singularis
541 637 736 677 personae.

191 690 462 746 Respondeo
484 688 730 732 dicendum
756 686 880 744 quod
905 691 1086 732 certum
1112 691 1184 732 est
1207 686 1437 731 Christum
1459 686 1646 732 venisse
1672 687 1720 731 in
1745 687 1872 733 hunc
1897 700 2030 733 mun-

141 751 251 796 dum
271 763 363 794 non
387 750 539 794 solum
556 750 614 794 ad
630 749 881 794 delendum
898 748 1012 792 illud
1032 753 1277 805 peccatum
1297 748 1424 804 quod
1444 748 1707 792 traductum
1731 754 1802 793 est
1823 749 2031 806 origina-

138 810 302 856 literin
327 816 554 868 posteros,
579 811 663 856 sed
681 810 821 855 etiam
844 810 903 854 ad
926 810 1205 855 deletionem
1226 809 1434 854 omnium
1465 814 1762 866 peccatorum
1781 822 1884 867 quae
1899 815 2030 867 post-

139 871 327 917 modum
356 872 654 928 superaddita
682 875 826 916 sunt:
852 883 946 914 non
969 870 1093 928 quod
1117 869 1275 914 omnia
1304 869 1562 926 deleantur,
1595 869 1720 926 quod
1747 875 1818 915 est
1846 875 2031 928 propter

140 934 369 978 defectum
389 933 645 990 hominum,
667 933 748 990 qui
769 932 948 977 Christo
972 946 1065 976 non
1091 932 1336 987 inhaerent,
1361 931 1619 976 secundnm
1640 931 1753 975 illud
1785 934 1929 986 (ioan.
1965 946 2027 987 111,

140 997 211 1050 19)
233 1008 245 1039 z
265 998 396 1039 Venit
413 996 495 1038 luoe
510 999 557 1039 in
572 996 807 1051 mundum,
834 1000 881 1039 et
907 995 1167 1038 dilexerunt
1187 996 1388 1038 homines
1412 997 1559 1050 maqis
1584 995 1791 1037 tenebras
1804 994 1940 1048 quizm
1960 994 2031 1037 lu-

142 1070 257 1111 cem‚·
287 1057 368 1101 sed
399 1057 509 1114 quia
530 1057 631 1113 ipse
661 1056 871 1101 exhibuit
892 1056 1015 1112 quod
1042 1055 1281 1100 sufficiens
1302 1055 1390 1099 fuit
1415 1055 1475 1100 ad
1495 1055 1706 1099 omnium
1736 1059 2028 1112 peccatorum

142 1118 419 1162 deletionem
441 1121 517 1172 (1).
546 1118 675 1163 Unde
706 1117 875 1162 dicitur
900 1119 1045 1171 (Rom.
1073 1131 1115 1173 v,
1145 1119 1215 1171 15)
1241 1130 1253 1161 :
1275 1120 1377 1160 Non
1404 1120 1522 1160 sicut
1541 1117 1770 1173 delictum,
1792 1120 1860 1159 ita
1881 1121 1924 1160 et
1951 1118 2052 1175 clo—¹

142 1192 303 1224 num...
334 1183 453 1223 Nam
464 1180 694 1234 Judz'cium
715 1191 773 1222 ex
791 1192 878 1222 uno
900 1182 949 1221 in
968 1180 1404 1234 condemnationem,
1433 1181 1590 1234 qratia
1617 1182 1770 1221 autem
1798 1191 1856 1221 eae
1875 1179 2031 1222 multis

143 1240 319 1284 delictis
338 1244 388 1283 in
398 1241 790 1294 justificationem.
810 1239 952 1283 Tanto
971 1244 1126 1284 autem
1145 1239 1447 1297 principalius
1466 1240 1524 1284 ad
1545 1239 1741 1296 alicujUs
1755 1239 1930 1296 peccati
1952 1240 2032 1285 de-

143 1301 363 1346 letionem
383 1301 590 1345 Christus
620 1302 766 1359 venit,
791 1301 965 1357 quanto
985 1301 1099 1346 illud
1120 1306 1364 1357 peccatum
1395 1301 1549 1358 majus
1566 1306 1652 1345 est.
1682 1301 1854 1346 Dicitur
1877 1307 2032 1348 autem

145 1363 319 1421 aliquid
339 1363 492 1420 majus
511 1363 770 1420 dupliciter.
793 1365 893 1407 Uno
915 1363 1054 1408 modo
1069 1363 1298 1408 intensive
1322 1376 1334 1406 ι
1357 1361 1479 1407 sicut
1496 1368 1568 1406 est
1586 1362 1735 1419 major
1751 1363 1914 1408 albedo
1927 1377 2033 1421 quae

145 1430 216 1470 est
232 1426 459 1470 intensior
482 1440 493 1468 ε
518 1430 564 1469 et
585 1437 669 1482 per
687 1426 814 1469 hunc
831 1425 1022 1469 modum
1042 1425 1194 1482 maJ'us
1217 1429 1289 1469 est
1309 1428 1554 1481 peccatum
1573 1425 1754 1469 actuale
1777 1426 1918 1481 quam
1942 1427 2034 1471 ori-

146 1487 316 1543 ginale7
339 1487 445 1543 quia
470 1486 576 1543 plus
597 1486 732 1531 habet
759 1487 817 1531 de
847 1487 1026 1530 ratione
1051 1485 1316 1541 voluntarii,
1347 1490 1400 1529 ut
1432 1486 1478 1530 in
1503 1486 1708 1531 secundo
1730 1487 1936 1531 habiturn
1962 1493 2034 1533 est

144 1551 180 1603 (1
202 1553 247 1605 2,
269 1554 436 1606 quaest.
453 1562 593 1604 Lxxxx,
619 1554 707 1593 art.
727 1551 786 1602 1).
809 1548 908 1593 Alio
927 1549 1065 1593 modo
1088 1549 1256 1594 dicitur
1275 1548 1450 1604 aliquid
1470 1549 1623 1606 maJus
1633 1549 1891 1606 extensive3
1914 1550 2035 1596 sicut

145 1611 312 1656 dicitur
331 1612 479 1668 major
504 1610 671 1655 albedo
689 1623 796 1667 quae
814 1613 887 1654 est
905 1610 954 1653 in
973 1610 1138 1667 majori
1158 1610 1401 1667 superficie
1424 1623 1435 1653 ε
1461 1615 1506 1655 et
1531 1611 1619 1655 hoc
1635 1611 1773 1655 modo
1793 1616 2034 1667 peccatum

145 1673 383 1730 originale,
418 1685 501 1729 per
522 1673 648 1729 quod
671 1676 818 1716 totum
843 1683 992 1728 genus
1014 1673 1272 1717 humanum
1302 1672 1522 1730 inficitur,
1552 1677 1624 1717 est
1655 1673 1807 1729 maius
1829 1673 2035 1730 quolibet

145 1741 333 1791 peccato
365 1735 559 1791 actuali,
584 1735 709 1791 quod
729 1739 800 1779 est
828 1735 1067 1791 proprium
1099 1735 1351 1791 singularis
1380 1747 1608 1791 personae.
1639 1737 1693 1779 Et
1719 1736 1946 1791 quantum
1974 1736 2035 1781 ad

149 1797 235 1840 hoc
257 1798 460 1841 Christus
479 1796 780 1853 principalius
798 1797 925 1840 venit
947 1797 1006 1841 ad
1030 1797 1288 1841 tollendum
1311 1796 1535 1853 originale
1556 1801 1813 1853 peceatum,
1831 1797 2035 1854 inquan-

150 1862 248 1902 tum
274 1876 294 1895 α
314 1859 487 1902 bonum
520 1859 671 1914 gentis
693 1857 897 1902 divinius
916 1863 963 1902 et
983 1859 1267 1903 eminentius
1288 1863 1360 1903 est
1391 1858 1534 1915 quam
1557 1858 1734 1903 bonum
1764 1859 1920 1914 unius,
1936 1879 1956 1899 »
1981 1865 2036 1905 ut

149 1918 317 1964 dicitur
333 1918 490 1973 (Ethic.
512 1918 591 1962 lib.
613 1932 644 1976 1,
661 1931 762 1975 cap.
783 1922 827 1974 2,
851 1919 961 1963 circ.
982 1920 1099 1974 fin.).

203 1981 270 2026 Ad
291 1985 489 2038 primum
508 1993 618 2036 ergo
638 1980 885 2026 dicendum
903 2013 916 2038 ,
940 1981 1064 2038 quod
1082 1981 1200 2025 ratio
1212 1981 1288 2024 illa
1304 1981 1509 2037 procedit
1527 1980 1585 2025 de
1601 1981 1832 2026 intensiva
1849 1983 2034 2040 magni-

150 2043 306 2088 tudine
328 2043 520 2099 peccati.

201 2105 267 2150 Ad
288 2106 527 2148 secundum
555 2105 821 2164 dicendum,
847 2104 972 2162 quod
1001 2110 1191 2162 peccato
1220 2105 1433 2163 originali
1465 2106 1513 2164 in
1542 2105 1700 2150 futura
1734 2107 2034 2154 retributione

148 2180 241 2212 non
264 2167 459 2212 debetur
478 2179 618 2223 poena
636 2170 820 2211 sensus.
842 2167 1136 2211 Poenalitates
1153 2172 1327 2222 tamen,
1347 2180 1465 2224 quas
1484 2168 1764 2212 sensibiliter
1776 2169 1822 2212 in
1840 2170 1925 2214 hac
1940 2169 2035 2216 vita

146 2229 364 2285 patimur,
389 2228 509 2272 sicut
527 2228 714 2282 famem,
734 2228 875 2284 sitim,
901 2233 1099 2272 mortem
1127 2234 1175 2272 et
1193 2229 1283 2272 alia
1304 2229 1589 2285 hujusmodi,
1611 2241 1670 2273 ex
1690 2235 1879 2286 peccato
1899 2232 2036 2289 origi-

147 2291 239 2336 nali
262 2290 534 2347 procedunt.
557 2292 611 2333 Et
632 2289 736 2334 ideo
761 2289 981 2344 Christus,
1006 2295 1059 2334 ut
1082 2289 1220 2346 plene
1239 2303 1324 2347 pro
1346 2295 1536 2347 peccato
1557 2291 1767 2347 originali
1798 2293 2034 2339 satisface-

148 2357 232 2410 ret,
256 2351 518 2397 sensibilem
534 2351 740 2396 dolorem
762 2351 857 2408 pati
876 2350 1050 2409 voluit,
1069 2356 1123 2396 ut
1144 2357 1342 2396 mortem
1365 2358 1411 2396 et
1426 2352 1515 2396 alia
1533 2353 1803 2409 hUJusmodi
1816 2354 1866 2398 in
1880 2355 2033 2412 seipso

148 2417 454 2459 consumeret.

202 2476 267 2520 Ad
297 2479 475 2518 tertium
499 2474 763 2532 dicendum,
795 2473 936 2531 qued,
969 2473 1089 2519 sicut
1111 2475 1469 2532 Chrysostomus
1492 2475 1696 2532 (ibidem,
1715 2488 1817 2532 cap.
1843 2478 1884 2532 6)
1904 2477 2030 2534 dicit,

154 2554 173 2575 «ι
196 2536 339 2581 verba
352 2536 427 2580 illa
449 2535 631 2581 dicebat
647 2536 910 2592 Apostolus,
935 2548 1029 2580 non
1054 2536 1188 2593 quasi
1207 2536 1467 2589 diminuere
1485 2537 1648 2581 volens
1670 2538 1969 2597 amplissima,
1986 2546 2033 2586 et

148 2610 231 2654 per
243 2598 402 2643 orbem
422 2603 650 2642 terrarum
669 2597 839 2641 diffusa
858 2597 1021 2641 Christi
1037 2609 1234 2642 munera
1251 2612 1264 2654 3
1295 2598 1377 2642 sed
1399 2602 1453 2643 ut
1475 2611 1559 2655 pro
1575 2599 1793 2644 omnibus
1811 2612 1863 2644 se
1879 2600 2033 2646 solum

147 2660 373 2715 judicaret
395 2659 666 2704 obnoxium.
692 2659 810 2712 Quid
829 2660 953 2703 enim
968 2659 1178 2714 interest„
1195 2660 1232 2703 si
1252 2663 1297 2704 et
1316 2660 1418 2704 aliis
1432 2660 1658 2716 praestitit,
1685 2661 1792 2705 cum
1820 2674 1927 2718 quae
1950 2663 2032 2710 tibi

150 2729 259 2766 sunt
275 2722 494 2778 praestita,
518 2722 582 2766 ita
603 2722 784 2778 integra
800 2727 927 2780 sunt,
947 2727 993 2767 et
1012 2723 1073 2766 ita
1088 2722 1308 2778 perfecta,
1323 2723 1456 2778 quasi
1471 2722 1587 2766 nulli.
1603 2722 1678 2766 alii
1698 2736 1755 2767 ex
1774 2722 1846 2767 his
1860 2723 2034 2780 aliquid

149 2783 286 2828 fuerit
307 2783 596 2839 praestitum?
612 2802 632 2821 ιι
657 2787 722 2828 Ex
742 2785 829 2828 hoc
850 2795 961 2840 ergo
984 2784 1107 2840 quod
1128 2784 1297 2841 aliquis
1320 2784 1456 2829 debet
1479 2789 1693 2841 reputare
1708 2784 1794 2829 sibi
1810 2784 2033 2830 beneficia

151 2845 312 2890 Christi
329 2846 531 2901 praestita
551 2858 672 2901 esse,
696 2859 791 2891 non
811 2847 949 2892 debet
970 2847 1236 2891 existimare
1254 2847 1377 2903 qued
1394 2859 1487 2891 non
1507 2848 1599 2891 sint
1619 2847 1721 2891 aliis
1736 2848 1956 2903 praestita.
1980 2852 2033 2893 Et

153 2905 254 2951 ideo
272 2919 365 2950 non
386 2909 647 2953 excluditur
660 2909 774 2966 quin
797 2909 1098 2966 principantis
1113 2908 1292 2953 venerit
1314 2909 1499 2954 abolere
1520 2913 1761 2966 peccatum
1785 2910 1927 2954 totius
1945 2923 2033 2956 na-

153 2972 270 3010 turae
287 2969 426 3023 quam
450 2975 691 3024 peccatum
708 2970 851 3014 unius
871 2983 1100 3027 personae.
1126 2970 1214 3014 Sed
1234 2970 1348 3015 illud
1377 2976 1619 3027 peccatum
1642 2976 1820 3015 naturae
1841 2971 1904 3016 ita
1926 2985 2033 3028 per-

150 3028 265 3073 fecte
287 3033 497 3072 curatum
517 3030 652 3074 estin
675 3044 975 3089 unoquoque,
1003 3045 1058 3076 ac
1078 3033 1117 3076 si
1141 3032 1186 3075 in
1208 3045 1305 3076 uno
1327 3033 1427 3076 solo
1449 3037 1572 3076 esset
1599 3037 1828 3077 curatum.
1850 3035 1903 3077 Et
1930 3034 2032 3079 ideo

149 3095 336 3146 propter
357 3090 579 3134 unionem
595 3092 990 3139 charitatistotum
1012 3094 1136 3151 quod
1160 3093 1378 3138 omnibus
1394 3099 1465 3138 est
1480 3094 1762 3154 impensum,
1779 3095 2032 3152 unusquis-

149 3162 239 3208 que
253 3151 391 3195 debet
412 3151 498 3195 sibi
519 3152 795 3198 adscribere.

189 3286 234 3328 (⁴)
249 3285 344 3327 Quod
354 3289 446 3327 patet
458 3297 496 3320 cx
511 3286 753 3323 concil.'l'olet.
769 3287 917 3334 (sesswl',
930 3301 1005 3328 can.
1018 3291 1051 3332 l)
1072 3295 1157 3326 etex
1173 3292 1293 3327 concil.
1313 3292 1465 3328 Trident.
1483 3295 1571 3336 (sess.
1588 3303 1622 3329 vi
1633 3320 1642 3335 ‚
1657 3305 1726 3336 cap.
1744 3294 1788 3332 2).
