2170 3808
128 214 212 257 316
746 210 945 262 QUAEST.
975 207 1187 260 XXXVIII,
1219 209 1339 252 ART.
1367 208 1414 252 II.

130 291 269 338 fuerit
285 293 312 337 a
327 295 433 338 Deo,
453 290 571 336 Nihil
591 290 717 336 enim
739 288 1093 344 sacramentale,
1117 287 1242 345 quod
1255 293 1325 333 est
1347 288 1375 332 a
1390 291 1495 346 Dec,
1510 287 1838 334 denominatur
1852 285 1912 331 ab
1932 286 2018 330 ho-

132 355 258 399 mine
286 367 431 411 pur03
472 353 595 398 sicut
622 352 888 409 baptismus
914 363 1048 395 novae
1070 351 1188 407 legis
1208 362 1303 393 non
1326 350 1493 395 dicitur
1515 350 1649 402 Petri,
1674 350 1748 393 vel
1771 347 1917 402 Pauli,
1943 348 2027 393 sed

132 417 311 460 Christi.
333 414 421 459 Sed
439 414 517 459 ille
537 413 801 470 baptismus
824 412 1153 458 denominatur
1173 411 1404 468 aJoanne,
1431 413 1690 457 secundum
1714 410 1829 454 illud
1854 409 2021 463 (Matth.

131 491 202 520 xxr
217 510 229 532 .,
249 479 320 530 25)
338 478 627 532 :Baptismus
648 479 836 519 Ioannis
851 477 971 518 unde
990 478 1111 530 erat,
1126 475 1157 517 ὰ
1179 474 1307 530 coel0,
1326 486 1388 516 an
1405 486 1463 517 ex
1472 473 1755 517 hominibus?
1774 474 1893 527 Ergo
1913 471 2028 527 bap-

134 539 301 583 tismus
321 538 511 583 Ioannis
534 551 630 582 non
658 538 747 583 fuit
766 538 793 581 a
810 541 919 582 Deo,

185 603 227 644 2.
261 602 501 652 Praeterea,
526 600 681 644 omnis
700 599 907 644 doctrina
926 599 985 644 de
1006 610 1129 642 novo
1157 597 1185 641 a
1215 600 1307 641 Deo
1331 597 1589 653 procedens
1616 595 1852 650 aliquibus
1880 593 2029 651 signis

130 659 458 719 confirmatum
476 662 602 706 unde
627 666 675 706 et
691 661 917 705 Dominus
942 660 1100 715 (Exod.
1126 663 1187 716 iv)
1205 659 1332 704 dedit
1351 659 1491 716 Moysi
1509 662 1786 716 potestatem
1807 659 1942 714 signa
1959 658 2030 702 fa·

65 753 74 764 .
130 723 283 768 ciendi
301 739 312 770 t
331 729 377 769 et
389 724 543 779 (Hebr.
563 738 612 781 ιι,
627 727 671 777 3)
687 723 855 768 dicitur
875 738 887 767 z
910 725 1026 766 Cizm
1042 720 1158 766 fides
1170 725 1330 765 nostra
1341 723 1617 777 principium
1635 723 1883 776 accepisset
1894 733 2030 764 enar·

130 789 233 830 rari
249 788 279 830 ὰ
296 791 402 843 Deo,
424 800 507 842 per
528 799 600 831 eos
619 788 696 842 qui
717 786 982 840 audierunt,
996 788 1045 827 in.
1065 798 1146 826 nos
1169 786 1444 838 confirmata
1463 787 1542 839 est,
1565 786 1842 827 contestante
1860 787 1954 827 Deo
1967 787 2030 826 st-

131 851 229 904 quis
241 856 286 892 et
300 850 538 905 prodiqiis.
560 848 647 892 Sed
667 847 724 892 de
738 850 916 891 Joanne
931 847 1133 903 Baptista
1143 845 1313 891 dicitur
1328 848 1521 901 (Joan.x‚
1531 848 1626 901 41):
1645 850 1841 890 Joannes
1853 848 2028 902 siynum

131 912 236 962 fecit
249 911 444 953 nullum.
458 912 578 965 Ergo
597 909 783 954 videtur
795 909 920 966 quod
932 908 1209 965 baptismus,
1227 919 1321 964 quo
1342 907 1605 964 baptizavit,
1621 920 1715 951 non
1737 912 1863 952 esset
1881 908 1908 950 a
1921 911 2027 951 Deo.

186 974 227 1016 3.
258 975 499 1024 Praeterea„
517 974 816 1015 Sacramenta
830 1005 841 1021 ,
863 983 970 1026 quae
989 974 1101 1014 sunt
1122 969 1346 1014 divinitus
1367 969 1579 1013 instituta
1593 1003 1606 1025 ,
1630 969 1864 1026 aliquibus
1885 981 2032 1013 sacrae

133 1034 377 1090 scripturae
399 1032 644 1090 praeceptis
675 1032 994 1077 continentur.
1019 1031 1104 1076 Sed
1135 1031 1397 1088 baptismus
1423 1031 1613 1075 Joannis
1644 1043 1739 1075 non
1765 1031 2034 1088 praecipitur

131 1095 286 1151 aliquo
308 1099 540 1151 praecepto
563 1107 709 1139 sacrae
727 1094 992 1151 Scripturae.
1013 1097 1132 1150 Ergo
1154 1094 1338 1138 videtur
1356 1093 1481 1150 quod
1501 1106 1593 1137 non
1615 1092 1754 1137 fuerit
1776 1094 1802 1137 a
1826 1097 1934 1138 Deo.

187 1157 274 1201 Sed
297 1161 455 1201 contra
474 1162 547 1202 est
567 1157 693 1215 quod
709 1157 879 1202 dicitur
896 1159 1038 1212 (Joan.
1057 1170 1089 1211 ι,
1109 1159 1180 1211 33)
1202 1171 1212 1199 :
1239 1159 1326 1212 Qui
1340 1159 1466 1199 misit
1482 1169 1552 1199 me
1572 1156 1872 1212 baptizarem
1889 1169 2029 1213 aqua,

131 1219 209 1262 ille
226 1220 338 1262 milti
357 1220 478 1263 dixit
498 1234 513 1260 .-
537 1223 687 1275 Super
704 1232 835 1275 quem
858 1221 1029 1262 videris
1050 1222 1291 1276 Spiritum,
1314 1223 1402 1263 etc.

179 1281 472 1321 CONCLUSIO.
495 1302 542 1311 —
568 1281 804 1331 Baptismus
823 1281 997 1320 Joannis
1021 1280 1156 1332 quoad
1180 1281 1311 1320 ritum
1339 1280 1466 1320 suita
1494 1280 1598 1328 Deo,
1622 1289 1706 1319 non
1735 1282 1875 1319 autem
1895 1280 2030 1331 quoad

130 1336 337 1383 effectum,
358 1337 453 1375 cum
473 1334 580 1376 nihil
596 1336 766 1376 efficeret
785 1335 894 1387 quod
911 1335 1118 1375 humanas
1135 1334 1340 1376 excederet
1359 1336 1482 1376 vires.

185 1392 456 1447 Respondeo
469 1391 720 1436 dicendum
736 1391 861 1447 quod
877 1392 924 1434 in
940 1391 1171 1447 baptismo
1188 1394 1297 1435 Joan
1305 1391 1378 1435 nis
1394 1391 1487 1435 duo
1505 1393 1702 1446 possunt
1714 1390 2026 1436 considerari:

130 1452 307 1498 scilicet
326 1454 427 1510 ipse
450 1452 569 1497 ritus
600 1453 894 1509 baptizandi,
928 1457 975 1497 et
1005 1453 1198 1497 effectus
1219 1452 1454 1509 baptismi.
1491 1451 1622 1495 Ritus
1651 1451 1841 1508 quidem
1874 1451 2029 1509 bapti-

129 1515 264 1560 zandi
295 1528 388 1559 non
413 1515 500 1559 fuit
519 1528 578 1560 ex
598 1514 888 1571 hominibus⁷
911 1515 995 1560 sed
1017 1515 1044 1558 a
1061 1519 1153 1559 Deo
1168 1547 1181 1570 ,
1205 1515 1285 1570 qui
1309 1513 1526 1559 familiari
1557 1513 1754 1570 Spiritus
1778 1515 1930 1561 sancti
1953 1528 2030 1560 re-

128 1577 360 1621 velatione
377 1579 602 1621 Joa-nnem
623 1577 682 1621 ad
702 1576 1035 1633 baptizandum
1059 1577 1186 1621 misit
1203 1578 1277 1632 (1).
1298 1577 1502 1622 Effectus
1521 1582 1679 1622 autem
1701 1576 1828 1622 illius
1849 1576 2031 1634 baptis-

128 1638 192 1682 mi
209 1638 298 1683 fuit
316 1638 375 1682 ab
394 1638 600 1695 homine,
621 1638 732 1695 quia
757 1638 873 1682 nihil
895 1638 943 1682 in
974 1638 1054 1683 illo
1076 1638 1311 1695 baptismo
1331 1637 1621 1683 efficiebatur
1640 1638 1767 1695 quod
1794 1638 1934 1683 homo
1955 1639 2030 1683 fa-

129 1712 234 1744 cere
257 1713 351 1744 non
382 1706 541 1757 posset
562 1703 639 1755 (2).
674 1700 804 1744 Unde
829 1712 922 1744 non
954 1700 1043 1745 fuit
1069 1700 1097 1744 a
1129 1700 1230 1746 solo
1252 1703 1345 1745 Deo
1362 1734 1375 1757 ‚
1400 1700 1491 1745 nisi
1523 1700 1806 1758 inquantum
1827 1703 1949 1746 Deus
1980 1701 2029 1745 in

128 1763 316 1807 homine
333 1768 569 1819 operatur.

183 1825 250 1869 Ad
267 1827 468 1880 primum
487 1835 600 1879 ergo
623 1823 892 1880 dicendum,
925 1824 1049 1880 quod
1080 1837 1164 1882 per
1185 1823 1473 1881 baptismum
1502 1836 1642 1869 novae
1670 1823 1788 1881 legis
1816 1824 2031 1870 homines

128 1887 327 1932 interius
339 1898 424 1944 per
445 1887 665 1943 Spiritum
678 1890 892 1931 sanctum
910 1886 1226 1945 baptizanturz,
1250 1886 1377 1944 quod
1393 1887 1644 1932 facitsolus
1661 1890 1798 1932 Deus,
1815 1890 1900 1932 Per
1915 1887 2032 1944 bap·

131 1950 322 1995 tismum
358 1955 515 1994 autem
547 1948 740 1993 Joannis
772 1949 924 1994 solum
956 1962 1127 2007 corpus
1164 1949 1481 1996 mundabatur
1509 1952 1649 2007 aqua.
1694 1949 1825 1994 Unde
1862 1949 2031 1995 dicitur

128 2012 292 2067 (Matth.
312 2024 375 2067 ιιι,
394 2013 438 2064 2)
458 2026 468 2054 :
496 2014 588 2066 qu
607 2010 786 2067 baptizo
809 2024 887 2054 vos
906 2014 955 2054 in
970 2025 1091 2067 aqua
1103 2027 1122 2068 ,·
1136 2012 1219 2055 ille
1237 2025 1314 2055 vos
1331 2012 1579 2068 baptizabit
1595 2013 1648 2054 in
1661 2014 1839 2068 Spiritu
1853 2016 2025 2057 sancto.

129 2078 182 2119 Et
202 2074 308 2120 ideo
330 2074 593 2131 baptismus
611 2072 803 2118 Joannis
825 2073 1154 2119 denominatur
1183 2074 1243 2119 ab
1261 2074 1390 2131 ipso,
1413 2074 1526 2131 quia
1554 2073 1731 2118 scilicet
1761 2074 1877 2118 nihil
1899 2076 1948 2119 in
1972 2088 2029 2120 eo

129 2137 356 2192 agebatur
374 2136 503 2194 quod
526 2136 626 2193 ipse
648 2148 743 2179 non
766 2140 927 2190 ageret
948 2150 960 2181 ε
986 2136 1251 2195 baptismus
1279 2142 1437 2181 autem
1465 2148 1600 2180 novae
1620 2136 1740 2194 legis
1765 2149 1860 2181 non
1882 2137 2030 2182 deno-

128 2200 334 2243 minatur
352 2199 379 2242 a
402 2199 645 2256 ministro,
670 2198 750 2255 qui
770 2198 1076 2255 principalem
1097 2198 1316 2256 baptismi
1343 2198 1562 2243 effectum
1588 2210 1685 2243 non
1708 2199 1827 2256 agit,
1852 2200 2030 2246 scilicet

129 2261 394 2307 interiorem
416 2260 812 2305 emundationem.
1176 2311 1179 2315 Α

184 2324 250 2369 Ad
261 2324 507 2367 secundum
522 2322 791 2378 dicendum,
818 2321 943 2378 quod
967 2326 1064 2366 tota
1080 2322 1289 2367 doctrina
1304 2325 1351 2367 et
1361 2322 1567 2379 operatio
1579 2324 1771 2368 Joannis
1785 2324 2028 2369 ordinaba-

130 2391 207 2430 tur
220 2385 278 2431 ad
296 2385 544 2442 Christum,
570 2384 649 2441 qui
666 2383 973 2428 multitudine
995 2384 1238 2440 signorum
1265 2388 1311 2428 et
1338 2396 1473 2428 suam
1496 2388 1543 2428 et
1558 2385 1749 2430 Joannis
1768 2386 2028 2432 doctrinam

129 2446 436 2493 confirmavit.
460 2447 503 2492 Si
518 2452 675 2492 autem
706 2447 907 2490 Joannes
932 2446 1069 2503 signa
1094 2446 1308 2505 fecisset,
1324 2446 1538 2491 homines
1569 2459 1626 2491 ex
1647 2460 1782 2504 aequo
1802 2449 1966 2494 Joanni
1981 2455 2029 2495 et

130 2510 307 2554 Christo
329 2509 658 2554 attendissent.
683 2510 738 2553 Et
756 2508 860 2554 ideo
880 2515 932 2553 ut
949 2509 1162 2553 homines
1180 2508 1497 2565 principaliter
1515 2509 1694 2554 Christo
1712 2510 2026 2570 intenderent,

130 2585 225 2616 non
256 2576 329 2617 est
361 2571 523 2616 datum
557 2571 724 2616 Joanni
757 2571 811 2615 ut
842 2572 1015 2616 faceret
1050 2571 1257 2626 signum.
1290 2571 1460 2615 Judaeis
1492 2576 1648 2616 tamen
1681 2573 2025 2633 quaerentibus,

130 2646 275 2691 quare
289 2634 559 2692 baptizaret,
578 2632 869 2678 confirmavit
884 2645 1021 2678 suum
1041 2633 1247 2677 officium
1263 2633 1536 2678 auctoritate
1554 2634 1815 2691 scripturae,
1834 2635 2024 2682 dicens:

136 2702 226 2753 Eyo
248 2710 338 2739 vox
349 2698 595 2740 clamantis
614 2699 663 2739 in
682 2697 873 2752 deserto,
899 2701 1007 2754 etc„
1032 2700 1085 2740 ut
1108 2695 1277 2741 dleitur
1297 2698 1440 2749 (Joan.
1463 2710 1494 2753 ι,
1516 2699 1601 2751 23).
1627 2699 1732 2753 Ipsa
1750 2698 1889 2742 etiam
1915 2711 2025 2744 aus-

130 2759 288 2803 teritas
311 2758 415 2803 vitae
433 2758 538 2814 eJus
557 2758 765 2802 officium
785 2758 1161 2814 commendabat,
1185 2758 1311 2815 quia,
1334 2762 1387 2802 ut
1409 2758 1768 2816 Chrysostomus
1787 2760 1899 2804 dicit
1919 2762 2026 2817 (Su-

128 2834 211 2877 per
227 2821 380 2865 Matth.
401 2820 526 2865 hom.
550 2834 594 2877 x,
614 2820 640 2863 a
658 2821 818 2875 med),
843 2838 863 2858 α
883 2821 1095 2880 mirabile
1117 2821 1282 2865 eratin
1307 2821 1516 2865 humano
1534 2834 1727 2878 corpore
1744 2827 1922 2867 tantam
1945 2837 2029 2876 pa-

128 2883 336 2928 tientiam
355 2886 411 2938 (3)
434 2883 606 2928 videre.
634 2901 655 2922 »

184 2947 251 2991 Ad
266 2949 447 2989 tertium
466 2944 733 3001 dicendum,
756 2944 880 3001 quod
899 2943 1161 3002 baptismus
1179 2944 1370 2990 loannis
1394 2957 1489 2989 non
1505 2945 1595 2989 fuit
1616 2946 1858 2991 ordinatus
1873 2946 1899 2990 a
1916 2951 2025 3005 Deo,

130 3008 221 3052 nisi
242 3013 295 3052 ut
312 3009 493 3052 modico
512 3014 720 3064 tempore
743 3007 957 3062 duraret,
992 3013 1183 3064 propter
1215 3020 1385 3052 causas
1417 3009 1699 3065 praedictas:
1730 3014 1776 3054 et
1796 3009 1901 3054 ideo
1930 3022 2023 3054 non

129 3070 217 3114 fuit
230 3069 585 3114 commendatus
600 3069 757 3126 aliquo
768 3074 1000 3125 praecepto
1022 3069 1333 3114 communiter
1347 3069 1472 3115 edito
1484 3070 1532 3114 in
1549 3083 1682 3114 sacra
1697 3071 1930 3128 Scriptura
1946 3074 2024 3127 (4),

131 3133 213 3177 sed
233 3132 447 3176 familiari
471 3131 674 3188 quadam
693 3132 974 3176 revelatione
992 3132 1187 3188 Spiritus
1207 3132 1371 3188 sancti3
1393 3138 1446 3176 ut
1465 3132 1639 3177 dictum
1652 3137 1722 3176 est
1733 3134 1835 3187 (art.
1849 3137 2024 3190 praec).

171 3222 215 3262 (t)
231 3220 327 3264 Quod
346 3225 438 3262 patet
460 3232 498 3254 ex
521 3220 590 3254 illis
618 3220 719 3254 dictis
732 3221 829 3261 (Luc.
850 3220 902 3261 in)
918 3233 926 3255 :
943 3222 1034 3255 Fac-
1164 3221 1268 3261 (52112
1285 3234 1359 3255 cum
1384 3221 1619 3262 chrysostomo
1633 3221 1716 3258 editi
1733 3222 1803 3257 ser'e
1815 3224 2024 3261 omneslibr.

131 3275 206 3305 tum
230 3274 282 3305 est
308 3269 462 3304 Verbum
492 3269 640 3302 Domini
669 3279 784 3313 super
801 3269 983 3304 Joa‘nnem
1003 3274 1035 3305 et
1120 3268 1198 3303 Mss.
1218 3270 1371 3309 plurimi„
1394 3272 1657 3312 poenitentiam.

130 3320 228 3354 revit
247 3317 455 3360 praedicare
475 3317 696 3360 baptismum
713 3319 948 3360 poenitentiae.
1162 3319 1191 3358 (4
1223 3317 1291 3351 Nec
1310 3317 1507 3358 explicitum
1533 3319 1597 3352 tale
1622 3324 1825 3361 praeceptum
1855 3321 1888 3354 in
1905 3322 2025 3362 Serip-

171 3368 213 3407 12)
233 3365 409 3407 Siquidem
432 3365 575 3398 attactus
602 3365 694 3399 illius
727 3367 885 3405 baptismi
910 3367 1034 3400 consis-
1120 3369 1196 3399 tura
1217 3367 1440 3399 necessarium
1465 3364 1529 3399 suit
1553 3379 1612 3405 pro
1630 3369 1751 3402 nostris
1771 3381 1902 3410 quoque
1919 3379 2025 3402 sacra·

131 3415 223 3449 tubat
240 3415 272 3448 in
292 3414 361 3447 sola
385 3414 536 3454 corporis
564 3419 700 3448 externa
719 3415 906 3452 ablutione,
930 3421 964 3448 ut
981 3417 1034 3450 vi·
1119 3414 1256 3453 mentis,
1275 3421 1312 3447 ut
1327 3414 1565 3449 animadvertit
1583 3415 1725 3450 Nicolai.

130 3464 210 3495 dere
225 3466 273 3496 cst
289 3464 323 3492 in
334 3460 490 3502 respons.
509 3461 552 3496 ad
563 3466 694 3496 tertium
710 3467 802 3497 artie.
