2170 3808
122 204 205 247 450
269 202 273 207 ’
719 195 920 254 QUAEST.
950 200 1055 255 Lm,
1083 201 1202 244 ART.
1234 200 1252 243 1
1279 201 1345 244 ET
1372 201 1423 268 ΙΙε

123 287 377 328 resurrexit
397 285 428 327 ὰ
448 284 653 338 mortui3‚
675 281 894 337 quomodo
910 281 1098 337 quidam
1117 281 1276 325 dicunt
1297 283 1347 324 in
1360 282 1493 332 vobis,
1514 284 1725 338 quoniam
1745 283 2017 326 resurrectio

122 348 404 390 mortuorum
422 357 511 387 non
534 345 602 386 est
614 342 636 386 ?
655 349 701 387 et
720 341 834 399 (Job,
854 356 941 400 xix,
957 344 1028 394 25)
1048 341 1245 386 dicitur:
1265 344 1382 399 Scio,
1396 342 1570 388 scilicet
1584 356 1668 400 per
1687 341 2013 388 certitudinem

121 407 243 465 fidei,
265 407 386 464 quod
406 406 669 463 redemptor
689 418 830 460 meus,
844 405 894 451 id
911 409 998 461 est,
1023 404 1245 460 Christus,
1268 407 1382 448 vivit
1400 404 1427 448 a
1447 405 1642 450 mortuis
1664 415 1943 461 resurgens3
1968 408 2016 450 et

122 468 225 514 ideo
247 472 295 511 in
316 470 555 511 novissimo
574 467 647 510 die
670 468 727 511 de
750 472 875 511 terra
903 470 1194 510 surrecturus
1215 478 1315 509 sum
1337 481 1351 507 :
1373 470 1569 524 reposita
1588 471 1653 510 est
1681 466 1776 510 haec
1799 479 1899 523 spes
1914 479 2015 510 mea

121 534 169 574 in
186 533 288 574 sinu
304 545 418 575 meo.
436 529 621 585 Quarto
638 530 698 575 ad
714 529 1088 574 informationem
1102 528 1210 572 vitae
1223 528 1447 587 fidelium,
1460 530 1718 575 secundum
1738 529 1851 573 illud
1866 530 2012 582 (Rom.

121 606 178 650 vi,
199 595 282 648 4).
321 593 553 649 Quomodo
572 594 784 636 Christus
804 595 1060 636 resurrexit
1081 592 1111 634 ὰ
1132 594 1322 635 mortuis
1334 604 1422 647 per
1442 593 1636 648 qloriam
1663 595 1848 646 Patri-55
1870 593 1938 634 ita
1970 595 2018 635 et

122 666 200 698 nos
226 656 275 697 in
296 657 495 698 novitate
524 657 630 698 ritae
654 653 962 709 ambulemus5
981 658 1028 698 et
1055 653 1210 697 infra·
1245 652 1455 696 Christus
1475 666 1711 710 resurqens
1737 664 1795 694 ex
1825 653 2020 696 mortuis

119 716 216 772 iam
231 729 320 759 non
336 720 565 760 moritur:
585 719 656 760 ita
679 721 724 759 et
738 728 815 759 vos
839 718 1100 758 existimate
1122 727 1199 758 vos
1215 717 1418 758 mortuos
1425 715 1603 771 quidem
1619 728 1712 758 esse
1729 717 1927 771 peccata,
1948 715 2014 757 vi·

121 780 271 822 ventes
293 783 446 822 autem
467 782 574 823 Deo.
601 777 784 834 Quinto
807 776 866 821 ad
879 776 1273 833 complementum
1292 780 1462 821 nostrae
1481 777 1661 822 salutiS.
1655 776 1784 833 quia
1802 775 2019 832 sicutper

121 837 210 884 hoc
231 840 355 896 quod
374 840 496 884 mala
513 838 738 885 sustinuit
751 838 1024 883 humiliatus
1045 843 1118 884 est
1137 838 1394 894 moriendo,
1410 843 1465 883 ut
1482 851 1569 884 nos
1584 823 1833 883 liberaret
1816 850 1843 881 a
1860 836 2014 895 malis3

122 900 187 946 ita
211 902 495 958 glorificatus
523 907 596 947 est
626 901 931 959 resurgend0‚
959 905 1014 946 ut
1045 913 1132 945 nos
1166 905 1459 958 promoveret
1497 901 1554 947 ad
1588 901 1727 951 bona,
1756 899 2016 945 secundum

123 961 236 1009 illud
261 967 405 1020 (Rom.
425 978 484 1020 iv,
505 966 576 1018 25)
595 976 606 1007 z
634 965 852 1007 Traditus
864 966 930 1006 est
940 966 1134 1020 propter
1150 962 1325 1006 delicta
1346 966 1523 1019 nostra,
1541 965 1587 1006 et
1602 964 1856 1006 resurrexit
1873 973 2018 1018 prop-

125 1030 195 1069 ter
203 1027 582 1081 justificationem
601 1030 806 1069 nostram
824 1027 901 1080 (1)

177 1088 244 1132 Ad
262 1090 464 1144 primum
487 1099 601 1144 ergo
625 1087 891 1145 dicendum,
923 1085 1050 1144 quod
1083 1085 1191 1130 licet
1213 1084 1421 1129 Christus
1448 1097 1541 1129 non
1566 1085 1784 1130 ceciderit
1810 1096 1892 1142 pei
1907 1096 2019 1140 pec-

123 1153 297 1206 catum,
321 1149 486 1194 cecidit
507 1152 665 1194 tamen
681 1162 764 1207 per
779 1153 975 1194 mortem
982 1148 1119 1206 quia
1134 1148 1256 1192 sicut
1273 1151 1517 1205 peccatum
1531 1151 1603 1191 est
1617 1159 1756 1191 casus
1779 1146 1808 1190 a
1819 1145 2000 1203 ,iustitia

123 1211 188 1256 ita
206 1224 333 1256 mors
356 1216 428 1257 est
462 1224 602 1257 casus
624 1212 652 1256 a
676 1212 803 1256 vita:
830 1211 957 1257 unde
988 1223 1047 1256 ex
1079 1223 1279 1268 persona
1299 1210 1463 1254 Christi
1495 1213 1648 1285 potest
1667 1209 1863 1266 intelligi
1893 1181 2019 1266 quod

124 1273 292 1319 dicitur
306 1274 451 1327 (Mich.
476 1277 552 1329 vn)
573 1289 584 1318 z
610 1277 677 1319 Ne
694 1274 877 1330 laeterz's,
899 1277 1085 1318 inimica
1099 1287 1218 1329 mea,
1242 1286 1378 1329 super
1407 1286 1493 1328 me,
1511 1275 1616 1329 quia
1639 1272 1782 1316 cecidi
1800 1286 1815 1313 .·
1835 1284 2018 1316 consur-

123 1349 248 1393 qam.
266 1335 481 1380 Similiter
497 1336 637 1380 etiam
661 1335 768 1381 licet
795 1348 968 1392 corpus
987 1334 1151 1380 Christi
1167 1346 1261 1379 non
1280 1334 1417 1379 fuerit
1437 1334 1718 1379 dissolutum
1742 1345 1826 1390 per
1839 1333 2020 1378 incine-

123 1397 368 1455 rationem,
390 1397 491 1454 ipsa
513 1401 670 1442 tamen
704 1397 935 1455 separatio
955 1397 1124 1441 animae
1146 1396 1173 1440 a
1192 1408 1387 1453 corpore
1408 1395 1652 1441 dissolutio
1678 1395 1893 1453 quaedam
1912 1395 2016 1440 fuit.

179 1460 246 1505 Ad
266 1460 511 1503 secundum
534 1459 802 1515 dicendum,
834 1458 956 1517 quod
992 1458 1210 1504 divinitas
1229 1461 1329 1503 erat
1348 1458 1477 1502 carni
1497 1457 1661 1502 Christi
1692 1462 1799 1514 post
1819 1462 2017 1502 mortem

123 1522 255 1566 unita
291 1523 466 1566 unione
494 1520 745 1578 personali,
767 1533 862 1565 non
886 1524 1043 1564 autem
1082 1520 1257 1564 unione
1287 1523 1484 1573 naturae,
1513 1519 1634 1563 sicut
1666 1519 1823 1563 anima
1857 1519 2022 1564 unitur

125 1584 303 1640 corpori
328 1588 381 1627 ut
400 1584 550 1627 forma
569 1583 629 1628 ad
662 1582 1039 1627 constituendam
1070 1582 1326 1627 humanam
1349 1587 1581 1626 naturam.
1605 1583 1659 1625 Et
1691 1581 1797 1626 ideo
1818 1592 1903 1637 per
1932 1582 2020 1626 hoc

125 1644 251 1703 quod
264 1657 434 1702 corpus
456 1645 496 1703 ej
503 1658 559 1690 us
578 1646 762 1690 unitum
777 1649 848 1689 est
864 1644 1048 1698 animae,
1069 1650 1333 1700 promotum
1356 1648 1428 1688 est
1444 1643 1493 1687 in
1512 1643 1722 1687 altiorem
1740 1646 1914 1687 statum
1935 1655 2024 1687 na-

126 1712 260 1764 turae‚
277 1721 373 1752 non
399 1713 557 1753 autem
577 1708 626 1752 in
645 1708 854 1752 altiorem
878 1711 1056 1752 statum
1071 1718 1302 1763 personae.

179 1770 247 1815 Ad
265 1773 448 1814 tertium
474 1770 742 1827 dicendum,
765 1766 890 1827 quod
909 1768 1067 1826 passio
1093 1768 1259 1813 Christi
1279 1771 1467 1825 operata
1485 1772 1558 1813 est
1576 1771 1785 1812 nostram
1803 1766 2018 1825 salutem,

124 1832 309 1890 proprie
343 1832 595 1890 loquendo,
621 1833 850 1891 quantum
874 1833 934 1878 ad
962 1832 1268 1877 remotionem
1288 1831 1542 1889 malorumz,
1565 1830 1843 1876 resurrectio
1865 1835 2020 1876 autem

125 1896 352 1951 quantum
379 1896 437 1940 ad
459 1896 803 1942 inchoationem
823 1901 869 1941 et
893 1895 1131 1952 exemplar
1152 1895 1398 1939 bonorum.

124 1960 466 2002 ARTICULUS
490 1961 552 2002 11.
577 1983 632 1990 —
660 1971 798 2002 uranu
818 1971 969 2001 runnu·
993 1969 1253 2001 comminus
1275 1970 1478 2000 cnms‘ruu
1495 1970 1646 2001 τΕΒΤιΑ
1663 1969 1732 1999 ωε.
1761 1967 2021 2003 assumunt.

125 2029 175 2063 De
187 2028 241 2063 his
253 2029 356 2064 etiam
371 2040 484 2070 supra,
500 2033 618 2070 quaest.
629 2036 678 2070 m,
689 2032 754 2063 art.
769 2029 802 2069 4,
818 2032 853 2063 et
868 2028 964 2063 Sent.
982 2037 1034 2068 ln,
1056 2027 1132 2062 dist.
1146 2027 1202 2068 2⁴,
1218 2029 1336 2068 quaest.
1353 2035 1393 2066 ΙΙ,
1410 2029 1476 2061 art.
1491 2025 1526 2068 2,
1542 2030 1577 2060 et
1591 2026 1728 2066 opusc„
1748 2033 1787 2060 ιι.
1801 2036 1873 2066 cap.
1892 2025 1967 2066 21⁴5.
1986 2029 2023 2061 et

501 2077 623 2119 opusc.
638 2085 694 2119 Lx,
711 2089 783 2119 cap,
801 2076 854 2118 40,
878 2076 970 2111 circa
987 2077 1047 2110 fin.
1065 2081 1100 2112 et
1112 2075 1202 2111 Psal.
1220 2083 1279 2118 xv,
1296 2079 1330 2110 et
1344 2076 1442 2110 Joan.
1459 2083 1498 2116 11,
1518 2074 1597 2109 lect.
1612 2075 1646 2109 5.

179 2132 245 2179 Ad
278 2133 539 2178 secundum
571 2133 639 2178 sic
671 2132 953 2190 proceditur.
984 2134 1026 2177 1.
1057 2130 1247 2177 Videtur
1278 2130 1402 2188 quod
1430 2143 1524 2175 non
1561 2129 1700 2175 fuerit
1735 2129 2023 2174 conveniens

127 2197 353 2240 Christum
368 2195 502 2240 tertia
523 2195 598 2240 die
619 2207 879 2252 resurgere.
901 2194 1102 2239 Membra
1123 2193 1246 2239 enim
1268 2193 1440 2240 debent
1463 2192 1599 2248 capiti
1621 2193 1916 2237 conformari.
1933 2193 2022 2238 Sed

125 2271 213 2303 nos
245 2258 325 2315 qui
349 2270 514 2303 sumus
541 2257 753 2302 membra
771 2257 1070 2315 Christi,wnon
1107 2256 1398 2314 resurgimus
1428 2255 1455 2300 a
1490 2260 1640 2301 morte
1662 2255 1797 2300 tertia
1817 2255 1910 2310 die,
1938 2255 2022 2301 sed

126 2324 285 2376 nostra
317 2319 595 2363 resurrectio
617 2318 830 2364 differtur
862 2331 1014 2377 usque
1046 2319 1106 2365 ad
1137 2318 1280 2364 finem
1312 2316 1491 2363 mundi.
1526 2320 1646 2372 Ergo
1677 2316 1861 2361 videtur
1895 2315 2021 2373 quod

126 2383 347 2435 Christus,
373 2381 453 2437 qui
485 2385 557 2426 est
588 2386 730 2437 caput
762 2386 993 2437 nostrum,
1014 2393 1110 2426 non
1143 2381 1358 2427 debuerit
1388 2379 1519 2425 tertia
1552 2379 1627 2424 die
1657 2390 1917 2436 resurgere,
1938 2378 2021 2423 sed

125 2444 337 2491 debuerit
357 2443 460 2500 ers
474 2443 752 2489 resurrectio
772 2444 945 2489 differri
966 2456 1118 2501 usque
1147 2443 1206 2488 ad
1224 2443 1366 2487 finem
1384 2442 1562 2486 mundi.

180 2511 223 2552 2.
258 2510 483 2551 Praeterea
513 2509 624 2559 (Act.
650 2519 696 2562 n,
730 2508 819 2562 24)..
849 2506 962 2551 dicit
990 2508 1151 2551 Petrus
1189 2505 1315 2562 quod
1346 2504 1633 2561 impossibile
1663 2508 1763 2548 erat
1789 2505 2020 2549 Christum

124 2568 319 2617 detineri
339 2568 397 2612 ab
420 2567 602 2612 inferno
634 2571 680 2612 et
698 2572 847 2612 morte
865 2567 940 2623 (Ξ).
960 2567 1047 2612 Sed
1067 2567 1289 2624 quamdiu
1309 2566 1477 2624 aliquis
1500 2570 1573 2610 est
1593 2571 1824 2622 mortuus‚
1841 2566 2021 2612 detine-

125 2637 203 2677 tur
233 2632 260 2675 a
290 2635 454 2675 morte.
485 2633 606 2687 Ergo
626 2630 809 2675 videtur
830 2629 956 2687 quod
983 2630 1148 2675 Christi
1178 2629 1457 2674 resurrectio
1482 2641 1574 2673 non
1611 2627 1823 2674 debuerit
1848 2629 2020 2674 differri

124 2705 277 2751 usque
307 2693 364 2737 ad
401 2692 580 2736 tertiam
612 2691 751 2748 diem,
778 2692 863 2738 sed
884 2693 1039 2737 statim
1073 2691 1236 2736 eadem
1262 2691 1335 2736 die
1367 2691 1891 2747 resurgere3praecipue
1912 2694 2020 2736 cum

126 2756 284 2800 Glossa
308 2767 450 2811 supra
466 2754 655 2799 inducta
674 2757 778 2806 (art.
796 2758 954 2812 praec.)
971 2754 1094 2810 dicat
1112 2771 1132 2791 «
1154 2754 1332 2798 nullam
1353 2766 1458 2798 esse
1473 2754 1719 2798 utilitatem
1731 2753 1778 2796 in
1792 2753 2020 2798 effusione

124 2818 368 2875 sanguinis
386 2818 568 2872 Christi7
585 2818 623 2863 si
647 2830 740 2862 non
764 2818 919 2862 statim
937 2822 1218 2873 resurgeret.
1237 2835 1257 2856 »

180 2884 222 2926 3.
252 2883 492 2938 Praeterea,
516 2880 616 2925 dies
643 2880 847 2937 incipere
871 2881 1051 2925 videtur
1067 2880 1126 2924 ab
1145 2884 1250 2924 ortu
1269 2878 1398 2938 solis,
1423 2878 1501 2936 qui
1526 2880 1613 2923 sua
1632 2879 1877 2935 praesentia
1895 2878 2020 2923 diem

124 2947 301 2988 causat.
329 2942 415 2987 Sed
435 2947 543 2987 ante
563 2949 714 2987 ortum
750 2943 863 2988 solis
883 2943 1090 2987 Christus
1118 2942 1372 2987 resurrexit
1395 2958 1406 2986 z
1441 2941 1611 2986 dicitur
1631 2942 1754 2986 enim
1775 2943 1918 2994 (Joan.
1947 2953 2015 3003 xx,

123 3008 187 3062 1),
210 3004 333 3062 quod
371 3008 466 3048 unct
490 3006 668 3049 sabbati
701 3009 855 3049 Maria
883 3005 1154 3062 Maqdalene
1175 3008 1293 3048 venit
1333 3017 1480 3059 mane,
1512 3009 1613 3047 cum
1644 3005 1798 3047 adhuc
1830 3004 2022 3047 tenebrae

124 3070 287 3122 essent„
307 3068 373 3109 ad
392 3072 758 3121 monumentum5
784 3073 830 3113 et
856 3072 1013 3113 tamen
1038 3067 1244 3112 Christus
1258 3065 1357 3123 jam
1376 3069 1709 3121 resurrexerat,
1733 3065 1843 3121 quia
1862 3064 2020 3121 sequi-

118 3133 203 3174 'tur
224 3144 234 3173 ε
255 3133 313 3173 Et-
329 3131 443 3173 vidit
464 3131 668 3186 lapidem
689 3130 914 3175 sublatum
928 3131 959 3174 ὰ
973 3133 1270 3174 monumento,
1292 3132 1390 3174 Non
1414 3140 1526 3184 ergo
1544 3127 1797 3173 resurrexit
1812 3127 2023 3172 Christus

125 3193 260 3239 tertia
282 3193 371 3238 die.
1261 3215 1266 3218 -

166 3318 211 3361 (⁴)
232 3318 310 3353 Haec
333 3320 537 3358 argumenta
554 3329 593 3352 ex
615 3318 804 3359 Scripturis
820 3325 954 3362 sumpta
975 3332 1028 3356 so·
1113 3320 1166 3355 da
1195 3318 1492 3358 christianismo,-
1513 3316 1689 3358 Duvoisin‚
1711 3315 2014 3352 Demonstratim}

124 3367 300 3402 lummodo
313 3366 487 3401 haereticos
501 3378 637 3401 movere
651 3372 807 3410 possunt;
823 3369 934 3410 quoad
949 3370 1027 3404 vero
1113 3369 1363 3412 evangelique.

125 3415 320 3449 incredulos
340 3414 563 3455 requiruntur
577 3414 650 3448 alioe
679 3416 846 3450 rationes:
868 3416 920 3451 cf.
941 3417 1024 3453 Dis·
1151 3418 1196 3458 (2)
1222 3415 1275 3451 Ab
1299 3416 1444 3458 inferno
1465 3413 1629 3449 duntaxat
1653 3414 1690 3448 in
1714 3412 1880 3457 Vulgata,
1902 3410 2011 3453 grac&

125 3466 324 3499 tertations
340 3463 379 3496 de
396 3464 425 3497 la
443 3464 611 3501 Luzerne:
627 3463 854 3502 Frayssinous.
870 3464 1019 3504 De't'ense
1109 3468 1225 3498 autem
1240 3466 1271 3501 ὰ
1277 3468 1403 3500 morle-

2002 0 2054 31 ’ῑ-Ῑζ
2064 0 2170 59 Uti,

2155 75 2164 94 ἦ
