2170 3808
79 164 162 203 394
642 160 837 212 QUAEST.
867 158 1010 212 XLVI,
1041 158 1160 201 ΛΒΤ.
1190 159 1244 200 1Χ
1271 159 1336 201 ΕΤ
1363 159 1415 202 X.

83 243 148 284 est
165 243 341 286 mortis.
353 241 422 284 Ab
442 240 519 284 illa
531 250 642 295 ergo
665 239 815 284 006115
835 240 947 283 hora
967 251 1120 295 usque
1139 238 1198 283 ad
1212 239 1374 284 Christi
1393 241 1759 295 crucifixionem,
1775 242 1979 288 occurrit

83 302 196 346 hora
217 304 494 347 Paraseeves
525 306 673 357 sexta,
701 301 961 346 secun-dum
984 302 1227 356 loannem,
1245 304 1291 345 et
1304 300 1418 345 hora
1436 301 1525 354 diei
1553 303 1685 346 tertia
1719 301 1980 348 seeundum

82 366 300 410 Marcum.
314 383 337 403 ιι
346 389 401 396 -
415 363 611 416 Quidam
624 363 952 408 tamendieunt
964 361 1091 420 quod
1102 363 1202 407 haec
1213 362 1457 408 diversitas
1468 376 1527 408 ex
1534 369 1724 421 peccato
1741 363 1980 420 scriptoris

83 425 209 484 apud
242 427 423 470 Graecos
464 425 684 482 contigit:
713 438 819 470 narn
844 425 1024 482 figurae,
1046 424 1218 481 quibus
1256 424 1344 468 tria
1375 430 1422 470 et
1459 438 1543 470 sex
1564 430 1977 482 repraesentantur,

83 488 197 535 satis
215 493 325 533 sunt
346 488 619 544 propinquae
650 489 775 544 apud
797 501 894 533 eos.

136 551 204 596 Ad
227 553 412 594 tertium
435 550 703 604 dicendum,
727 549 873 607 quod,
897 549 1019 594 sieut
1049 548 1217 594 dicitur
1240 548 1338 602 (lib.
1362 551 1424 593 De
1456 548 1793 606 quaestionibus
1811 549 1981 594 veter'ss

80 617 125 658 et
150 613 259 657 novi
294 613 603 669 Testamenti,
627 618 792 669 quaest.
829 626 901 669 nv,
925 611 1047 656 inter
1082 623 1162 667 op.
1195 613 1358 668 Aug.):
1387 628 1407 649 «ι
1433 613 1558 657 Tunc
1580 612 1725 656 voluit
1758 611 1981 659 Dominus

82 675 303 731 passione
331 676 417 719 506
454 674 683 719 mundum
719 673 946 719 redimere
967 677 1014 718 et
1031 672 1302 726 reformare,
1323 673 1512 729 quando
1530 686 1638 718 eum
1658 679 1912 731 creaverat,
1933 672 1981 718 id

82 741 170 793 est,
193 735 242 780 in
267 736 564 793 aequinoctio,
586 735 711 780 unde
730 734 938 779 mundus
962 734 1145 778 1011111111
1176 734 1304 791 cepit.
1320 739 1366 778 et
1397 734 1497 779 dies
1527 746 1669 790 super
1689 739 1872 779 noctem
1906 733 1981 780 in-

83 797 260 855 crevit,
278 799 389 856 quia
408 810 491 854 per
518 797 786 855 passionem
808 796 1060 841 salvatoris
1082 796 1108 839 a
1130 795 1339 840 tenebris
1367 795 1427 841 ad
1449 795 1600 841 lucem
1619 796 1934 854 perducimur.
1957 815 1978 834 »

21 881 28 891 =
83 862 137 905 Et
155 861 265 918 quia
288 861 492 918 perfecta
514 859 795 904 illuminatio
816 859 904 904 erit
935 859 984 903 in
1017 858 1228 903 seeundo
1245 858 1448 903 adventu
1475 858 1661 916 Christi,
1678 858 1783 902 ideo
1800 863 1983 915 temp-us

84 923 279 967 secundi
299 922 530 967 adventus
545 922 690 965 aestati
716 925 1012 978 comparatur
1035 920 1204 974 (Matth.
1227 922 1359 974 xxix),
1375 919 1455 964 ubi
1479 920 1676 965 dicitur:
1697 919 1805 963 Cam
1826 934 1983 965 ramus

84 988 182 1043 ejvs
197 987 298 1037 iam
318 989 445 1037 tener
466 987 622 1039 suerit,
648 987 693 1028 et
713 985 828 1039 lolia
846 988 976 1041 nata,
1001 986 1130 1027 scitis·
1159 986 1265 1039 quia
1282 984 1425 1040 prope
1448 987 1513 1026 est
1541 985 1704 1026 aestas:
1730 985 1803 1026 ita
1824 986 1867 1026 et
1888 996 1979 1039 vos,

84 1048 183 1091 ciem
200 1047 406 1091 videritis
428 1047 524 1090 haec
545 1049 714 1102 omnia,
738 1049 897 1090 scitote
916 1048 1026 1103 quia
1046 1045 1189 1107 prope¹
1206 1048 1290 1099 est,
1313 1048 1354 1087 et
1377 1046 1625 1100 tujanu235
1644 1049 1690 1088 et
1711 1048 1825 1088 1006
1845 1043 1983 1088 etiam

85 1109 171 1153 erit
188 1109 394 1153 maxima
417 1107 581 1153 Christi
600 1107 837 1153 exaltatio.

137 1172 205 1217 Ad
224 1176 434 1228 quartum
456 1171 724 1226 dicendum,
750 1171 873 1228 quod
898 1170 1106 1215 Christus
1124 1169 1173 1213 in
1189 1169 1384 1226 juvenili
1409 1173 1545 1214 aetate
1566 1168 1660 1226 pati
1681 1167 1828 1212 voluit
1846 1180 1984 1226 prop-

85 1237 156 1278 ter
174 1233 261 1278 tria
285 1235 357 1288 (1).
380 1231 534 1277 Primo
552 1232 759 1290 quidem,
779 1237 831 1277 ut
856 1245 912 1276 ex
931 1233 1020 1276 hoc
1038 1231 1188 1288 magis
1208 1243 1342 1275 suam
1366 1230 1661 1276 dilectionem
1682 1230 1986 1274 commenda-

84 1300 170 1352 ret,
194 1295 319 1353 quod
339 1295 484 1339 vitam
506 1307 640 1339 suam
663 1307 747 1356 pro
770 1294 906 1338 nobis
928 1293 1056 1339 dedit
1069 1293 1259 1351 quando
1291 1297 1390 1338 erat
1410 1293 1460 1337 10
1483 1292 1821 1350 perfectissimo
1840 1297 1980 1337 statu.

85 1356 314 1409 Secundo,
338 1357 446 1413 quia
472 1369 563 1400 non
597 1353 926 1412 conveniebat,
943 1362 994 1401 01
1016 1355 1063 1400 10
1094 1368 1149 1400 60
1169 1359 1414 1413 appareret
1432 1361 1612 1400 naturae
1631 1353 1894 1409 diminutiO,
1918 1353 1983 1398 51-

84 1425 271 1466 6011166
290 1419 502 1475 01011105,
527 1424 576 1463 01
595 1432 737 1476 supra
753 1419 928 1464 dic-tum
949 1423 1018 1463 651
1039 1422 1223 1474 (quaest.
1253 1432 1343 1473 xiv,
1361 1422 1446 1462 art.
1471 1417 1698 1470 41161110
1715 1423 1770 1461 ut
1788 1416 1835 1460 in
1851 1416 1982 1473 Juve—

85 1482 166 1527 nili
202 1487 337 1527 aetate
375 1481 581 1525 moriens
619 1485 666 1525 et
704 1492 983 1537 resurgens,
1017 1479 1224 1525 futuram
1259 1479 1608 1536 resurgentium
1642 1478 1946 1535 qualitatem'
1936 1491 1984 1522 10

85 1545 239 1601 seipso
258 1544 466 1588 Christus
486 1548 897 1600 praemonstraret:
917 1541 1046 1587 unde
1069 1542 1512 1598 dieitur(Ephes.1v,
1536 1543 1603 1594 13)
1622 1554 1634 1585 :
1660 1545 1811 1585 Donec
1831 1553 1986 1584 occur-

83 1620 242 1651 ramus
259 1619 408 1649 omnes
422 1609 473 1649 in
490 1609 712 1650 unitatem
727 1606 836 1660 fidei
854 1610 899 1649 et
916 1608 1162 1662 aqnttz'onis
1182 1605 1297 1648 Filii
1315 1608 1399 1648 Dei
1417 1608 1465 1647 ἐπ
1484 1607 1631 1647 virum
1650 1606 1918 1660 perfectum,
1937 1605 1988 1646 in

85 1682 346 1713 mensuram
363 1672 511 1711 aetatts
530 1668 831 1724 plenitudinis
856 1668 1048 1712 Christi.

128 1732 477 1775 ARTICULUS
497 1733 557 1775 X.
585 1753 637 1762 -—
668 1744 810 1775 0111011
840 1742 1049 1775 6111051115
1074 1742 1222 1774 tumr
1249 1741 1529 1773 comminari
1558 1741 1663 1774 Loco
1694 1741 1842 1773 ussus
1865 1730 1943 1784 (2).

87 1799 139 1835 De
150 1799 205 1835 his
218 1800 319 1835 etiam
338 1811 452 1841 supra,
470 1803 589 1842 quaest.
604 1807 709 1841 xxxv,
723 1803 789 1834 art.
805 1799 825 1834 7
841 1799 884 1834 ad
898 1799 930 1839 l,
947 1803 981 1833 61
997 1797 1099 1839 infra,
1119 1802 1237 1840 quaest.
1252 1805 1397 1841 hxxxnt,
1410 1802 1476 1833 art.
1495 1799 1517 1834 5
1532 1797 1576 1833 ad
1588 1797 1622 1839 4,
1641 1802 1675 1832 et
1689 1796 1758 1839 op.
1772 1805 1826 1837 Lx,
1843 1808 1916 1840 cap.
1932 1796 1984 1832 48.

140 1854 209 1902 Ad
227 1855 463 1901 decimum
479 1855 546 1899 sic
562 1854 844 1911 proceditur.
865 1858 908 1900 1.
932 1854 1120 1899 Videtur
1142 1853 1269 1911 quod
1289 1866 1383 1898 non
1398 1852 1694 1898 convenienti
1713 1852 1818 1898 1060
1833 1852 1989 1898 Chris-

88 1921 165 1962 tus
185 1929 354 1975 passus
376 1916 530 1962 fuerit.
549 1916 758 1961 Christus
779 1916 908 1962 enim
924 1928 1095 1973 passus
1116 1920 1189 1961 est
1213 1915 1474 1962 seeundum
1487 1926 1680 1960 earnem
1701 1914 1983 1961 humanam:

87 1991 192 2036 quae
211 1978 401 2035 quidem
424 1984 652 2036 concepta
675 1978 763 2024 fuit
784 1991 843 2024 ex
862 1978 1043 2036 virgine
1064 1979 1113 2023 in
1135 1978 1376 2033 Nazareth,
1405 1982 1453 2023 et
1484 1981 1593 2023 nata
1625 1976 1675 2021 in
1704 1977 1983 2022 Bethlehem.

87 2043 206 2147 Ergo
224 2041 411 2086 videtur
425 2041 555 2099 quod
572 2054 668 2086 non
692 2041 739 2086 in
762 2041 1034 2097 Jerusalem,
1055 2040 1139 2086 sed
1158 2041 1206 2085 in
1218 2041 1441 2085 Nazareth
1460 2039 1533 2085 vel
1545 2039 1593 2084 in
1612 2039 1877 2084 Bethlehem
1891 2038 1985 2096 pati

121 2114 146 2147 e
180 2103 317 2147 uerit.

142 2166 185 2209 2.
207 2165 449 2222 Praeterea,
477 2165 648 2210 veritas
680 2164 818 2210 debet
842 2164 1123 2221 respondere
1144 2164 1322 2220 figurae.
1347 2163 1434 2209 Sed
1452 2161 1607 2220 passio
1629 2162 1794 2208 Christi
1812 2163 1986 2219 figura-

87 2226 227 2271 batur
250 2239 332 2283 per
354 2226 582 2270 sacrificia
597 2227 770 2272 veteris
788 2226 939 2283 legis·
962 2226 1233 2283 hujusmodi
1250 2229 1408 2270 autem
1426 2221 1653 2270 sacrificia
1672 2225 1988 2271 offerebantur

87 2288 136 2333 in
171 2288 356 2344 templo.
390 2290 508 2344 Ergo
544 2288 725 2333 videtur
745 2289 872 2345 quod
889 2292 936 2335 et
957 2287 1194 2333 Christus’
1183 2300 1232 2333 10
1255 2288 1431 2344 templo
1447 2287 1543 2344 pati
1566 2286 1796 2344 debuerit,
1819 2292 1865 2332 et
1889 2300 1984 2333 non

88 2353 221 2396 extra
239 2353 422 2406 portam
437 2349 651 2395 civitatis.

143 2415 189 2457 3.
213 2414 456 2466 Praeterea,
475 2411 708 2457 medicina
730 2410 870 2457 dehet
890 2409 1056 2456 morbo
1087 2409 1389 2467 respondere.
1425 2409 1515 2454 Sed
1532 2409 1690 2467 passio
1715 2409 1879 2456 Christi
1900 2411 1989 2457 fnit

89 2472 322 2518 medicina
354 2476 518 2517 eon-tra
550 2476 797 2529 peecatum
825 2471 962 2518 Adae:
985 2471 1130 2516 Adam
1150 2474 1307 2516 autem
1327 2483 1423 2515 non
1443 2469 1537 2515 fuit
1551 2470 1797 2528 sepultus
1786 2484 1836 2516 10
1855 2474 1989 2518 Jeru-

91 2534 256 2592 salem,
274 2534 358 2580 sed
390 2534 436 2578 in
473 2535 691 2580 Hebron:
713 2535 885 2580 dicitur
915 2533 1041 2579 enim
1077 2535 1227 2585 (Josue
1247 2535 1452 2590 xiv,15):
1477 2535 1648 2577 Nomen
1673 2534 1851 2578 Hebron
1883 2538 1988 2579 ante

91 2597 341 2641 vocabatur
364 2597 617 2641 61111νὶ0111.-
620 2598 769 2654 Arbe5
790 2597 942 2641 Adam
964 2598 1193 2640 maximus
1215 2597 1281 2639 ibi
1309 2598 1429 2641 inter
1463 2597 1655 2639 Enacim
1679 2599 1793 2640 situs
1815 2600 1880 2642 est
1906 2597 1986 2653 (3).

91 2661 210 2715 Ergo
243 2657 429 2704 videtur
464 2658 591 2716 quod
623 2630 830 2705 Chris'tus
862 2657 911 2702 in
947 2656 1160 2715 Hebron,
1183 2661 1232 2702 et
1264 2669 1360 2702 non
1393 2656 1441 2700 10
1479 2655 1735 2701 Jerusalem
1773 2658 1869 2714 pati
1904 2658 1990 2704 (16-

90 2720 262 2767 buerit.

148 2782 235 2828 Sed
253 2786 412 2827 contra
442 2789 515 2828 est
537 2783 666 2841 quod
683 2783 852 2828 dieitur
879 2785 1008 2837 (Luc.
1026 2795 1113 2838 xm,
1134 2783 1239 2836 33)·
1227 2813 1240 2827 .
1264 2784 1367 2827 Non
1389 2784 1515 2839 capit
1536 2782 1810 2839 prophetam
1838 2786 1989 2839 perire

92 2847 224 2888 extra
243 2844 516 2888 Jerusalem.
537 2844 624 2889 Sed
646 2845 855 2889 Christus
874 2844 964 2889 fuit
984 2843 1225 2900 propheta.
1241 2842 1579 2888 convenienter
1600 2855 1713 2902 ergo
1727 2857 1897 2903 passus
1919 2853 1991 2892 est

94 2905 141 2950 in
161 2905 435 2949 Jerusalem-

142 2971 436 3013 CONCLUSIO.
453 2996 499 3002 —
525 2974 639 3015 Sicut
659 2974 851 3015 Christus
861 2973 1123 3015 convenienti
1141 2977 1337 3024 tempore,
1353 2972 1413 3013 ita
1430 2977 1471 3014 et
1487 2971 1749 3015 convenienti
1763 2972 1866 3023 loeo,
1879 2978 1991 3015 extra

93 3025 302 3068 civitatem
319 3029 364 3067 in
377 3029 573 3069 Calvariae
592 3035 733 3070 monte
746 3042 888 3082 passus
904 3030 1027 3071 fuisse
1045 3029 1214 3070 dicitur.

149 3090 422 3147 Respondeo
437 3092 686 3137 dicendum
704 3094 845 3150 quod,
862 3094 982 3138 516111
1003 3092 1171 3137 dicitur
1188 3091 1285 3146 (lib.
1306 3094 1474 3145 Quaest.
1496 3098 1591 3137 vet.
1607 3096 1654 3136 et
1668 3092 1776 3137 novi
1790 3095 1985 3138 Testam.

138 3213 181 3256 (Ι)
203 3214 251 3248 De
274 3225 363 3249 anno
384 3215 491 3250 aetatis
523 3216 648 3250 Christi
681 3228 800 3258 magna
829 3222 880 3252 651
908 3218 998 3252 diffi-
1127 3216 1170 3252 <2³
1191 3216 1375 3250 5611166110
1396 3216 1594 3251 ierusalem.

97 3261 412 3297 cultas.13aronius
442 3267 475 3297 61
515 3262 575 3297 alii
603 3264 795 3298 existimant
828 3266 998 3300 Christum
1127 3265 1168 3306 (5)
1189 3264 1270 3300 Cod.
1299 3264 1414 3300 Alean.
1442 3265 1567 3305 aliique
1598 3268 1633 3298 61
1650 3264 1732 3299 editi
1759 3270 1889 3300 veteres
1908 3290 1918 3299 .
1942 3267 1990 3300 Ιπ

96 3309 195 3344 fuisse
203 3315 378 3346 mortuum
394 3323 483 3345 anno
498 3312 669 3353 trigesimo
684 3320 804 3353 quarto
820 3314 1003 3357 inc-heato
1089 3317 1194 3348 terra
1206 3313 1266 3352 (vel
1283 3314 1399 3354 intra)
1412 3313 1592 3346 E-nachim
1605 3313 1701 3346 situs
1715 3317 1795 3347 erat
1806 3315 1898 3353 (item
1914 3313 1988 3354 651).

96 3357 155 3390 atii
175 3361 254 3393 vero
269 3359 390 3393 dicunt
406 3371 494 3393 anno
509 3372 575 3394 suae
591 3361 698 3394 aetatis
712 3361 755 3394 111
761 3372 814 3400 ges
801 3363 863 3395 sim
867 3374 886 3395 ο
899 3368 1000 3399 tertw

98 3404 254 3441 inchoato
271 3407 371 3442 fuisse
387 3419 519 3450 passum
534 3412 567 3443 et
584 3414 771 3444 moituum.
814 3419 818 3422 ·
