2170 3808
109 237 193 279 552
770 236 970 287 QUAEST.
1001 235 1122 290 LXV,
1154 236 1275 279 ART.
1305 236 1357 279 ΙΙ.

110 316 386 361 ordinentur
404 316 664 362 secundum
690 316 884 361 modum
908 316 1180 373 praedictum
1201 332 1213 372 ς
1243 322 1295 361 31
1316 318 1441 362 enim
1470 319 1717 376 Apostolus
1742 319 1853 364 dicit
1875 322 1922 375 (1.
1942 322 2026 365 Co-

109 377 251 421 rinth.
274 392 345 433 xv,
370 381 456 433 46),
475 380 605 434 prem
624 381 689 420 est
712 379 928 431 animale,
952 379 1117 421 deinde
1137 392 1194 434 qu
1206 380 1266 422 od
1290 381 1533 436 spirituale
1553 383 1628 436 (1).
1652 381 1735 426 Sed
1757 394 1840 438 per
1857 382 2016 427 matri—

109 439 318 484 monium
340 444 591 495 gene'ratur
611 439 750 484 homo
767 441 918 497 prima
937 441 1256 497 generatione,
1273 454 1379 497 quae
1398 447 1469 486 est
1483 444 1731 499 animalis,
1752 457 1834 499 per
1848 444 2021 500 baptis-

109 513 240 546 mum
257 508 411 544 autern
428 507 732 557 regeneratur
748 503 888 547 homo
900 504 1109 548 secunda
1121 505 1440 561 generatione,
1457 517 1561 562 quae
1578 513 1650 551 est
1668 507 1921 563 spiritualis
1939 509 2020 563 (2).

108 564 228 618 Ergo
246 563 597 607 matrimonium
617 564 755 609 debet
773 566 1036 621 praecedere
1055 567 1354 622 baptismum.

165 628 209 669 2.
245 627 485 670 Praeterea.
507 638 591 682 per
610 631 957 671 sacramentum
974 628 1152 672 ordinis
1172 628 1343 702 aliquis
1362 629 1536 686 accipit
1554 636 1830 688 potestatem
1849 631 2018 687 agendi

110 686 320 732 actiones
339 688 720 732 sacramentales.
754 689 840 734 Sed
862 701 1009 745 agens
1026 696 1097 734 est
1116 691 1240 746 prior
1265 693 1353 734 sua
1372 691 1573 736 actione.
1599 695 1720 749 Ergo
1738 693 1853 738 ordo
1880 693 2020 738 debet

110 748 372 805 praecedere
391 756 437 793 et
452 749 737 805 baptismum
759 756 805 795 et
827 751 916 794 alia
936 758 1244 796 sacramenta.

167 812 208 854 3.
240 812 478 867 Praeterea,
504 811 792 855 Eucharistia
811 816 883 856 est
901 812 1142 868 spirituale
1164 813 1529 871 nutrimentum·
1550 816 1841 861 confirmatio
1857 821 2016 862 autem

111 875 410 928 comparatur
438 877 707 928 augmento.
734 873 1077 918 Nutrimentum
1106 880 1264 919 autem
1291 881 1362 920 est
1392 888 1535 920 causa
1563 879 1828 937 augmenti,
1860 883 1907 923 et
1932 890 2017 935 per

111 945 407 991 consequens
427 936 556 990 prius
576 947 647 979 eo.
669 938 788 992 Ergo
805 937 1094 981 Eucharistia
1113 942 1186 981 est
1205 938 1330 994 prior
1354 938 1718 985 confirmatione.

164 1000 207 1042 4.
241 999 482 1053 Praeterea,
504 997 780 1054 poenitentia
797 1005 1026 1056 praeparat
1043 1000 1280 1044 hominem
1304 1001 1362 1045 ad
1376 1001 1725 1047 Eucharistiam.
1751 1003 1838 1048 Sed
1858 1003 2016 1060 dispo-

112 1057 218 1103 sitio
236 1059 456 1116 praecedit
487 1059 836 1116 perfectionem.
869 1063 988 1117 Ergo
1017 1062 1293 1118 poenitentia
1320 1062 1459 1108 debet
1482 1065 1746 1120 praecedere
1772 1065 2016 1110 Eucharis-

111 1121 240 1166 tiam.

168 1186 209 1228 5.
241 1186 480 1242 Praeterea,
499 1184 624 1240 quod
644 1189 715 1229 est
733 1185 1045 1242 propinquius
1069 1186 1151 1230 fini
1175 1186 1364 1243 ultimo,
1389 1192 1462 1232 est
1480 1189 1728 1245 posterius,
1761 1189 1849 1234 Sed
1869 1193 2016 1234 extre-

111 1257 189 1290 ma
204 1246 361 1291 unctio
379 1246 426 1290 in
435 1251 501 1290 ter
517 1247 675 1290 omnia
692 1254 985 1291 sacramenta
1006 1248 1310 1306 propinquior
1326 1254 1398 1294 est
1417 1250 1580 1295 ultimo
1597 1248 1677 1294 fini
1694 1251 2010 1297 beatitudinis.

111 1309 232 1364 Ergo
247 1308 386 1353 debet
402 1308 573 1353 habere
596 1309 814 1353 ultimum
831 1309 985 1353 locum
1005 1311 1125 1355 inter
1145 1317 1453 1356 sacramenta.

167 1372 217 1415 ln
237 1374 519 1415 contrarium
541 1371 755 1428 estquod
769 1373 1080 1417 communiter
1098 1372 1378 1417 ordinantur
1391 1373 1451 1418 ab
1465 1374 1687 1419 omnibus
1703 1379 2013 1432 sacramenta,

111 1432 234 1479 sicut
255 1433 384 1490 prius
408 1433 587 1477 dictum
606 1438 678 1478 est
698 1436 800 1486 (art.
823 1436 981 1490 praec.)
1001 1437 1071 1490 (3).

159 1502 456 1543 CONCLUSIO.
482 1523 531 1530 -
554 1502 665 1541 Inter
690 1506 944 1542 sacramenta
967 1502 1074 1543 Ordo
1093 1506 1133 1543 et
1152 1505 1470 1545 Matrimonium
1488 1505 1641 1544 ultimo
1659 1509 1902 1557 ponuntur:
1925 1507 2014 1547 Ρω-

113 1558 287 1598 nitentia
304 1557 395 1596 vero
413 1560 453 1596 et
472 1557 659 1597 Extrema
680 1557 829 1598 Unctio
855 1557 1073 1608 posteriora
1090 1563 1189 1599 sunt
1206 1560 1443 1610 Baptismo‚
1462 1560 1784 1601 Confirmatione
1800 1566 1838 1600 et
1854 1560 2013 1601 Eucha-

112 1604 251 1662 ristia‚
272 1612 467 1662 posterior
493 1614 630 1651 tamen
654 1615 714 1651 est
734 1613 925 1652 Extrema
950 1612 1097 1653 Unctio
1123 1614 1386 1663 Poenitentia‚
1407 1615 1608 1655 extribus
1633 1620 1772 1655 autem
1800 1615 1893 1655 aliis
1911 1616 2013 1667 Bap-

113 1667 264 1707 tismus
282 1667 645 1706 Confirmationem
667 1671 708 1707 et
730 1668 840 1707 Euch
846 1668 1033 1707 mistiam
1055 1668 1259 1719 pra-cedit.

167 1729 443 1786 Respondeo
464 1730 714 1775 dicendum
738 1731 864 1787 quod
885 1732 1002 1776 ratio
1019 1732 1197 1776 ordinis
1220 1737 1621 1778 sacramentorum
1649 1738 1841 1791 apparet
1861 1746 1917 1779 ex
1939 1734 2012 1780 his

111 1802 217 1849 quae
239 1804 382 1848 supra
405 1791 527 1836 dicta
547 1796 659 1836 sunt
679 1792 807 1846 (ibid.
813 1795 843 1847 ).
867 1795 980 1837 Nam
1004 1793 1129 1838 sicut
1149 1805 1300 1838 unum
1330 1798 1402 1839 est
1419 1794 1552 1851 prius
1573 1794 1716 1851 quam
1737 1795 2009 1853 multitudo,

111 1852 173 1898 ita
190 1858 482 1898 sacramenta
487 1866 607 1911 (1333
624 1853 899 1899 ordinantur
913 1854 969 1898 ad
987 1855 1320 1912 perfectionem
1339 1856 1482 1900 unius
1497 1869 1729 1912 personae,
1743 1857 2013 1903 naturaliter

111 1916 382 1973 praecedunt
406 1928 462 1960 ea
481 1928 586 1972 quae
609 1916 887 1961 ordinantur
907 1917 964 1962 ad
985 1918 1318 1974 perfectionem
1342 1918 1673 1964 multitudinis.
1701 1922 1754 1964 Et
1773 1919 1878 1965 ideo
1898 1920 2012 1965 ulti-

111 1977 189 2022 mo
207 1979 328 2023 inter
346 1983 638 2023 sacramenta
657 1984 899 2036 ponuntur
919 1980 1035 2025 ordo
1054 1985 1099 2025 et
1123 1980 1474 2026 matrimonium
1489 2015 1501 2036 ,
1526 1993 1632 2038 (1333
1660 1982 1936 2027 ordinantur
1951 1983 2012 2028 ad

111 2040 424 2085 multitudinis
453 2042 805 2098 perfectionem3
829 2042 1179 2087 matrimonium
1213 2047 1367 2088 tamen
1401 2048 1508 2100 post
1533 2044 1771 2100 ordinem,
1801 2045 1856 2090 eo
1886 2044 2012 2101 quod

110 2101 270 2147 minus
304 2103 546 2160 participat
578 2103 636 2148 de
663 2103 844 2148 ratione
870 2104 1128 2160 spiritualis
1155 2104 1278 2162 vitae,
1310 2104 1369 2149 ad
1396 2117 1539 2161 quam
1568 2106 1845 2151 ordinantur
1863 2119 2011 2151 sacra-

110 2171 283 2211 menta.
304 2169 425 2212 Inter
446 2179 499 2212 ea
516 2166 627 2211 vero
649 2179 755 2224 quae
779 2167 1055 2212 ordinantur
1074 2169 1131 2212 ad
1152 2167 1486 2224 perfectionem
1511 2169 1652 2212 unius
1682 2182 1910 2226 personae,
1931 2182 2011 2222 na-

112 2229 321 2273 turaliter
335 2233 448 2273 sunt
464 2229 619 2285 priora
639 2228 718 2273 1113
735 2241 842 2286 quae
859 2243 943 2286 per
961 2242 1013 2275 se
1032 2230 1311 2275 ordinantur
1329 2230 1388 2275 ad
1406 2230 1738 2287 perfectionem
1759 2231 2010 2287 spiritualis

111 2290 218 2334 vitae
241 2290 382 2347 quam
401 2290 480 2333 1113
502 2303 608 2347 (1333
626 2291 904 2336 ordinantur
929 2305 1012 2349 per
1036 2292 1270 2348 accidens,
1295 2292 1470 2337 scilicet
1495 2292 1554 2337 ad
1575 2293 1908 2337 removendum
1928 2305 2010 2337 ac—

111 2352 289 2409 cidens,
312 2353 531 2396 nocivum
556 2354 922 2411 superveniens,
947 2355 1084 2411 33133
1118 2355 1245 2400 modi
1280 2360 1390 2399 sunt
1413 2355 1688 2410 poenitentia
1724 2361 1770 2400 et
1802 2361 2010 2401 extrema

111 2415 293 2471 unctio,
319 2415 545 2472 posterior
568 2420 724 2459 tamen
756 2420 827 2460 est
848 2417 1120 2461 naturaliter
1151 2421 1359 2461 extrema
1378 2417 1563 2474 unctio,
1589 2430 1694 2474 quae
1715 2422 2010 2473 consummat

112 2478 430 2531 sanationem,
458 2478 757 2534 poenitentia,
789 2490 895 2535 quae
921 2479 1124 2523 inchoat.
1154 2481 1280 2523 'Inter
1315 2479 1406 2523 alia
1437 2479 1550 2524 vero
1587 2481 1672 2524 tria
1708 2481 2009 2524 manifestum

111 2540 332 2597 estquod
352 2541 629 2597 baptismus,
654 2540 733 2598 qui
755 2546 827 2585 est
849 2540 1105 2597 spiritualis
1137 2542 1456 2597 regeneratio,
1485 2545 1556 2586 est
1587 2543 1742 2600 prius,
1770 2549 1816 2587 et
1838 2541 2008 2587 deinde

110 2602 417 2659 confirmatio,
446 2614 552 2658 (1333
579 2602 820 2646 ordinatur
842 2602 900 2646 ad
932 2602 1174 2646 formalem
1201 2601 1536 2659 perfectionem
1563 2602 1777 2661 virtutis3
1803 2609 2008 2660 postmo-

111 2663 223 2709 dum
246 2663 560 2719 Eucharistia,
586 2675 692 2719 quae
712 2661 955 2707 ordinatur
977 2663 1036 2708 ad
1056 2663 1387 2720 perfectionem
1410 2664 1470 2720 (4)
1491 2664 1614 2708 finis.

165 2726 233 2771 Ad
265 2730 464 2783 primum
493 2737 606 2780 ergo
639 2726 909 2781 dicendum,
938 2726 1064 2782 qued
1090 2726 1467 2782 matrimonium,
1495 2727 1755 2772 secundum
1779 2728 1904 2784 quod
1929 2741 2008 2772 or-

109 2787 300 2836 dinatur
328 2788 387 2833 ad
410 2787 661 2831 animalem
697 2787 865 2846 vitam,
894 2793 966 2832 est
989 2792 1169 2832 naturae
1202 2788 1438 2845 officium3
1473 2788 1557 2832 sed
1590 2788 1849 2833 secundum
1882 2790 2008 2846 quod

108 2849 250 2895 habet
265 2849 440 2907 aliquid
459 2849 814 2906 spiritualitatis,
837 2855 909 2895 est
925 2855 1303 2907 sacramentum,
1329 2855 1375 2895 et
1396 2849 1506 2907 quia
1526 2850 1774 2895 minimum
1794 2851 1934 2896 habet
1948 2853 2006 2898 de

108 2913 449 2970 spiritualitate,
475 2911 641 2957 ultimo
660 2913 849 2968 ponitur
870 2914 992 2957 inter
1012 2918 1320 2959 sacramenta.

164 2974 231 3020 Ad
262 2977 507 3019 secu-ndum
526 2974 792 3030 dicendum,
812 2975 939 3032 quod
956 2975 1015 3019 ad
1034 2975 1121 3020 hoc
1141 2976 1267 3032 quod
1284 2975 1459 3032 aliquid
1475 2975 1535 3020 sit
1553 2988 1715 3032 agens,
1731 2987 2006 3032 praesuppo-

108 3037 237 3082 nitur
258 3037 383 3094 quod
406 3038 467 3081 sit
498 3037 546 3081 in
579 3050 630 3082 se
663 3038 938 3094 perfectum.
971 3040 1025 3082 Et
1054 3038 1157 3083 ideo
1180 3039 1334 3096 priora
1367 3044 1478 3082 sunt
1508 3045 1799 3083 sacramenta
1833 3038 2005 3095 quibus

108 3098 277 3156 anquis
299 3099 348 3142 in
373 3099 527 3155 seipso
545 3099 800 3155 perficitur,
820 3100 963 3156 quam
985 3107 1335 3148 sacramentum
1354 3100 1550 3161 ordinis,
1567 3113 1660 3158 quo
1679 3100 1847 3157 aliquis
1868 3113 2004 3145 cons-

108 3161 292 3206 tituitur
314 3162 542 3217 perfector
564 3161 778 3205 aliorum.

147 3263 351 3306 (uvaigata
371 3275 380 3297 ε
400 3263 472 3298 Sed
485 3274 561 3298 non
579 3264 687 3309 prius
703 3264 799 3308 quod
813 3265 1014 3310 spirituale
1142 3267 1186 3310 (5)
1201 3266 1373 3301 Nimirum
1392 3266 1442 3300 sic
1462 3265 1663 3307 Baptismus,
1684 3265 1917 3306 Confirmatio,
1937 3266 2003 3302 Eu·

108 3316 159 3349 est
172 3339 182 3353 ,
203 3313 267 3347 sed
286 3311 383 3356 quod
403 3312 588 3353 «mimate,-
609 3313 738 3346 deinde
753 3339 761 3352 ,
779 3318 846 3348 etc.
1101 3315 1259 3349 charistia
1274 3341 1283 3355 ,
1311 3314 1525 3355 Paenitentia,
1555 3314 1714 3348 Extrema
1734 3314 1853 3348 unctio
1866 3341 1874 3354 ‚
1897 3314 2001 3358 Ordo,

159 3360 191 3397 2>
210 3361 253 3395 Ut
270 3361 376 3402 (10311.
402 3368 457 3406 ¹¹¹2
473 3361 505 3400 5)
522 3362 672 3400 expresse
685 3361 855 3396 indicatur
873 3363 950 3396 cum
965 3362 1014 3398 sio
1099 3363 1357 3397 Matrimonium
1369 3390 1376 3401 ‚
1393 3362 1481 3396 sicut
1505 3374 1543 3395 ex
1573 3361 1717 3396 concilio
1745 3361 1944 3397 Florentino
1968 3367 2003 3398 et

107 3408 259 3450 loquitur
274 3407 426 3442 Christus
437 3408 618 3441 Nicodemo
632 3419 640 3440 :
656 3408 742 3442 Nisi.
754 3410 839 3452 quis
855 3414 1010 3445 renatus
1098 3411 1300 3446 Tridentino
1315 3410 1413 3452 paulo
1432 3421 1534 3451 supra
1553 3410 1741 3444 indicatum
1763 3416 1824 3444 est.

108 3457 222 3498 suerit
241 3467 288 3491 ex
306 3467 406 3500 aqua
422 3459 455 3491 et
477 3456 630 3498 Spiritu
650 3460 789 3497 sancto,
803 3468 878 3491 non
896 3462 1013 3502 potest
1141 3461 1185 3502 (4)
1204 3459 1269 3500 Al..
1286 3459 1335 3493 ad
1351 3459 1646 3494 consecutionem.

110 3506 268 3540 introire
280 3506 321 3540 in
340 3516 496 3548 reanum
512 3505 591 3540 Dei.
