2170 3808
133 266 218 309 102
763 264 963 316 QUAEST.
994 264 1047 316 X,
1077 263 1194 305 ΛΒΤ.
1227 262 1245 304 1
1273 262 1338 305 ET
1365 263 1418 306 n.

136 359 242 391 esse
279 346 543 402 personale,
566 348 733 388 natura
762 344 968 388 humana
993 342 1344 399 comprehendit
1365 342 1443 387 Dei
1470 341 1671 388 Verbum
1694 340 1792 385 sive
1821 346 2034 385 naturam

135 406 367 464 divinamz,
398 419 503 465 quae
525 405 742 463 quamvis
761 410 856 450 tota
874 404 1007 450 unita
1028 404 1167 449 fuerit
1194 405 1412 450 humanae
1435 409 1614 449 naturae
1645 403 1693 447 in
1719 414 1816 445 una
1835 414 2036 458 persona

133 469 249 525 Filii,
273 482 368 513 non
393 474 550 514 tamen
584 468 672 513 fuit
705 472 799 512 tota
828 468 978 512 virtus
1001 466 1256 511 divinitatis
1279 466 1338 511 ab
1360 466 1564 513 humana
1587 469 1754 510 natura
1784 463 1917 520 quasi
1945 464 2035 508 cir-

133 531 429 588 cumscripta.
465 531 592 576 Unde
624 531 912 587 Augustinus
943 530 1055 575 dicit
1076 529 1234 586 (Epist.
1259 528 1318 573 ad
1339 528 1638 573 Volusianum
1669 529 1768 582 136,
1801 525 1860 570 al.
1883 528 1926 577 3,
1950 526 2035 570 aliu

135 598 294 649 quant.
322 593 349 636 a
372 593 566 650 princ.):
595 612 614 631 «
645 593 767 637 Scire
798 597 842 638 te
873 592 994 649 volo,
1029 604 1123 635 non
1143 593 1231 636 hoc
1250 590 1548 636 christianam
1568 589 1738 635 habere
1761 587 2033 642 doctrinam,

134 654 259 711 quOd
281 654 344 698 ita
380 658 501 699 Deus
534 654 720 700 infusus
746 655 806 699 sit
828 653 974 710 carni,
1008 658 1062 698 ut
1095 666 1255 698 curam
1279 653 1596 710 gubernandae
1630 650 1942 696 universitatis
1961 651 2035 696 vel

135 715 408 774 deseruerit,
425 717 499 762 vel
523 717 745 772 amiserit,
766 716 843 761 vel
857 717 914 760 ad
934 716 1049 761 illud
1071 715 1403 773 corpusculum
1422 715 1555 772 quasi
1577 719 1860 759 contractam
1874 712 2034 757 collec-

135 783 324 836 tamque
347 780 653 825 transtulerit.
669 798 689 818 »
712 782 765 823 Et
782 778 994 823 similiter
1008 778 1166 822 anima
1182 776 1348 822 Christi
1363 781 1504 822 totam
1526 777 1602 822 Dei
1626 776 1875 821 essentiam
1894 774 2034 830 videt,

135 853 231 885 non
254 847 408 886 tamen
434 854 537 886 eam
553 840 931 898 comprehendit3
952 841 1062 898 quia
1089 852 1184 885 non
1204 840 1404 885 totaliter
1425 852 1528 884 eam
1544 838 1688 896 videt,
1707 837 1755 883 id
1771 842 1842 881 est
1860 849 1953 881 non
1972 837 2036 883 ita

135 904 338 961 perrecte
374 905 496 950 sicut
524 905 723 950 visibilis
750 909 836 961 est,
866 909 920 949 ut
947 904 995 949 in
1025 905 1174 961 prima
1202 908 1334 961 parte
1355 903 1617 961 expositum
1650 908 1723 947 est
1750 904 1930 959 (quaest.
1961 915 2032 947 xu.

134 970 222 1011 art.
250 970 308 1023 7).
1250 981 1255 989 ²

189 1030 257 1075 Ad
277 1035 464 1076 tertium
478 1030 748 1083 dicendum,
767 1028 894 1086 quod
911 1029 1108 1075 verbum
1125 1029 1241 1075 illud
1257 1028 1499 1086 Augustini
1520 1035 1592 1073 est
1608 1026 1962 1082 intelligendum
1979 1027 2036 1072 de

136 1091 287 1147 gratia
303 1094 511 1148 unionis,
528 1092 788 1138 secundum
807 1103 947 1148 quam
963 1092 1121 1136 omnia
1133 1104 1237 1150 quae
1253 1092 1473 1136 dicuntur
1490 1091 1547 1136 de
1562 1090 1671 1135 Filio
1687 1089 1760 1134 Dei
1776 1081 2033 1134 secundum

134 1153 340 1199 divinam
383 1161 614 1211 naturam,
647 1154 786 1198 etiam
821 1153 1041 1199 dicuntur
1072 1153 1131 1199 de
1165 1154 1260 1198 filio
1291 1153 1494 1198 hominis
1523 1157 1712 1210 propter
1749 1151 2034 1196 identitatem

134 1216 378 1274 suppositi.
403 1220 454 1262 Et
483 1216 742 1263 secundum
765 1217 853 1260 hoc
874 1217 982 1261 vere
1003 1221 1157 1273 potest
1174 1216 1265 1261 dici
1295 1216 1420 1273 quod
1445 1215 1569 1259 filius
1588 1211 1789 1259 hominis
1813 1217 1886 1257 est
1905 1225 2036 1258 com-

135 1279 390 1334 prehensor
403 1279 574 1325 divinae
593 1277 827 1334 essentiae,
845 1290 938 1322 non
956 1278 1145 1335 quidem
1167 1277 1427 1322 secundum
1444 1277 1666 1331 animam,
1682 1274 1765 1320 sed
1777 1275 2034 1319 secundum

135 1339 340 1386 divinam
364 1347 605 1386 naturam:
627 1353 712 1398 per
733 1352 873 1397 quem
896 1340 1037 1384 etiam
1059 1339 1251 1385 modum
1268 1344 1421 1397 potest
1438 1339 1527 1383 dici
1548 1338 1672 1396 qued
1692 1336 1816 1381 filius
1835 1337 2035 1382 hominis

135 1406 206 1446 est
235 1407 431 1447 creator.

191 1474 538 1517 ARTICULUS
568 1476 627 1517 11.
660 1497 714 1505 —
740 1485 879 1516 urnuu
911 1485 1036 1515 Arum
1065 1484 1225 1515 cnmsrr
1248 1485 1288 1514 m
1310 1484 1446 1515 venno
1469 1483 1730 1515 cocuovamr
1753 1482 1879 1513 ouum
1903 1471 1978 1523 (1).

137 1539 185 1575 De
210 1540 263 1575 his
286 1542 389 1576 etiam
417 1543 510 1577 Sent.
534 1549 588 1582 m,
619 1539 696 1576 dist.
717 1541 771 1582 ⁴2,
785 1544 904 1583 quaest.
925 1549 951 1582 1,
969 1546 1033 1576 art.
1049 1538 1083 1580 2,
1103 1545 1138 1576 et
1158 1544 1225 1575 art.
1245 1541 1267 1575 4
1284 1539 1324 1574 ad
1340 1540 1362 1575 5
1385 1543 1421 1574 et
1437 1541 1470 1581 4.
1491 1544 1524 1575 et
1544 1540 1592 1574 De
1610 1550 1681 1575 ver.
1702 1542 1817 1580 quaest.
1838 1546 1916 1577 vni.
1929 1540 1995 1572 art.
2012 1537 2035 1573 4

176 1601 271 1631 corp.
285 1594 321 1624 et
334 1596 452 1631 quaest.
467 1599 522 1632 xx,
539 1594 607 1626 art.
625 1591 645 1625 4
660 1593 695 1625 et
706 1591 739 1630 5.
763 1594 797 1624 et
806 1588 922 1632 quodl.
940 1597 993 1630 111,
1011 1593 1127 1630 quaest.
1146 1597 1185 1629 Π,
1201 1593 1266 1624 art.
1287 1589 1301 1623 1
1319 1600 1412 1630 corp.
1425 1593 1459 1622 et
1477 1588 1602 1630 Opusc.
1618 1596 1657 1627 n.
1673 1599 1746 1629 cap.
1764 1587 1842 1628 216,
1858 1590 1894 1621 et
1912 1587 2033 1627 opusc.

176 1645 225 1679 1¹,
243 1645 358 1679 quest.
375 1647 489 1674 Lxxn.

189 1699 255 1743 Ad
274 1700 532 1745 secundum
554 1700 623 1744 sic
637 1699 917 1756 proceditur.
935 1702 978 1744 1.
998 1698 1185 1743 Videtur
1200 1698 1326 1756 quod
1341 1698 1497 1742 anima
1514 1697 1679 1742 Christi
1699 1697 1749 1741 in
1769 1696 1921 1742 Verbo
1939 1709 2033 1741 non
2107 1697 2111 1701 ’

135 1767 388 1818 cognoscat
407 1762 579 1807 omnia.
598 1762 769 1806 Dicitur
785 1761 908 1806 enim
932 1761 1081 1815 (Marci
1101 1775 1189 1815 xm,
1213 1763 1312 1815 32ss
1335 1765 1403 1804 De
1419 1762 1494 1804 die
1513 1765 1669 1803 autem
1688 1760 1771 1803 illa
1790 1772 1919 1808 nemo
1934 1762 2033 1816 scit,

135 1836 275 1880 neque
290 1825 443 1881 anqelz·
455 1827 503 1868 in
519 1825 645 1880 coelo,
667 1837 806 1880 neque
822 1825 989 1876 Filius,
1006 1826 1094 1867 πίει·
1112 1828 1267 1867 Pater.
1286 1825 1381 1867 Non
1399 1835 1511 1879 ergo
1525 1822 1681 1866 omnia
1697 1821 1787 1866 scit
1803 1821 1850 1865 in
1870 1821 2030 1866 Verbo.

190 1889 230 1931 2.
267 1889 506 1939 Praeterea,
541 1886 713 1943 quanto
746 1886 913 1943 aliquis
950 1886 1200 1943 perfectius
1238 1885 1478 1943 cognoscit
1519 1884 1705 1941 aliquod
1738 1883 2033 1944 principium,

137 1948 266 1993 tanto
285 1949 419 2006 plura
440 1949 489 1993 in
509 1948 587 1992 illo
610 1948 838 2006 principio
866 1948 1121 2004 cognoscit.
1140 1948 1226 1992 Sed
1243 1951 1364 1993 Deus
1381 1948 1631 2005 perfectius
1644 1946 1771 1992 videt
1783 1947 2034 1992 essentiam

135 2022 268 2055 suam
304 2011 445 2068 quam
469 2010 624 2055 anima
657 2011 836 2055 Christi.
861 2013 979 2067 Ergo
1012 2010 1145 2067 plura
1178 2011 1417 2067 cognoscit
1449 2009 1495 2053 in
1533 2009 1680 2054 Verbo
1702 2008 1844 2066 quam
1877 2008 2034 2053 anima

134 2073 315 2117 Christi.
347 2076 443 2117 Non
468 2084 580 2129 ergo
604 2072 760 2117 anima
782 2073 945 2117 Christi
971 2073 1017 2117 in
1042 2073 1188 2117 Verbo
1206 2073 1446 2130 cognoscit
1470 2072 1641 2117 omnia.

189 2137 233 2179 3.
260 2137 497 2192 Praeterea,
524 2135 759 2190 quantitas
783 2135 991 2179 scientiae
1009 2135 1265 2180 attenditur
1285 2135 1544 2180 secundum
1568 2134 1873 2191 quantitatem
1892 2133 2034 2178 scibi-

133 2197 265 2242 lium.
291 2197 334 2241 Si
356 2209 468 2254 ergo
486 2197 643 2241 anima
663 2197 823 2241 Christi
846 2197 985 2242 sciret
1000 2198 1045 2241 in
1064 2198 1212 2242 Verbo
1226 2198 1383 2242 omnia
1398 2209 1502 2254 quae
1524 2196 1612 2241 scit
1629 2195 1844 2252 Verbum,
1863 2208 2034 2253 seque-

135 2262 263 2303 retur
297 2259 423 2315 quod
453 2258 648 2303 scientia
683 2259 850 2302 animae
879 2259 1042 2303 Christi
1076 2264 1339 2316 aequaretur
1369 2258 1575 2304 scientiae
1607 2258 1790 2313 divinae,
1826 2265 2032 2303 creatum

134 2319 346 2365 videlicet
369 2321 597 2364 increato:
624 2320 751 2377 quod
773 2325 845 2364 est
872 2320 1171 2377 impossibile.

189 2382 275 2427 Sed
297 2385 459 2425 contra
478 2385 548 2426 est
567 2382 693 2439 quod
715 2394 857 2439 super
876 2382 988 2427 iilud
1011 2383 1212 2440 (Apocal.
1229 2385 1296 2437 v):
1321 2387 1495 2440 Diqmcs
1518 2386 1586 2427 est
1601 2396 1744 2439 aquus
1767 2385 1842 2438 qui
1863 2387 2033 2427 occisus

134 2447 217 2498 est,
241 2447 444 2500 accipere
467 2444 756 2487 divinitatem
773 2448 815 2488 et
841 2447 1134 2502 sapientiam,
1163 2444 1322 2490 Glossa
1338 2445 1438 2491 ord.
1465 2445 1591 2502 dicit,
1621 2462 1641 2483 α
1662 2444 1710 2490 id
1731 2449 1804 2490 est
1822 2445 2031 2490 omnium

133 2505 464 2562 cognitionem.
485 2526 505 2545 »
803 2508 806 2511 ’

180 2574 472 2614 CONCLUSIO.
490 2595 538 2603 -
563 2574 713 2614 Anima
737 2573 891 2614 Christi
910 2575 1055 2616 omnia
1083 2575 1199 2617 novit
1224 2577 1268 2616 in
1296 2574 1424 2616 Verbo
1446 2576 1634 2628 proprio,
1661 2587 1754 2628 quae
1773 2587 2032 2629 quocumque

133 2628 257 2668 modo
279 2632 392 2676 sunt,
413 2628 606 2678 fuerunt,
630 2629 694 2668 vel
713 2632 859 2679 erunt,
889 2634 928 2669 et
946 2642 1215 2682 quaecumque
1234 2634 1335 2671 sunt
1354 2633 1398 2671 in
1420 2632 1603 2683 potentia
1621 2635 1838 2680 creaturae3
1865 2642 1948 2672 non
1970 2636 2030 2672 ta—

132 2694 225 2724 men
249 2684 391 2723 omnia
414 2685 457 2723 in
477 2695 523 2724 eo
545 2683 751 2735 cognovit,
770 2696 862 2736 quae
881 2689 1042 2725 suntin
1063 2686 1244 2736 potentia
1261 2686 1333 2726 Dei
1351 2688 1529 2727 creantis
1547 2701 1557 2727 :
1579 2687 1656 2727 hoc
1671 2686 1782 2726 enim
1800 2689 1904 2726 esset
1920 2698 2030 2727 com-

66 2747 68 2749 ’
132 2738 377 2790 prehendere
394 2739 584 2779 divinam
607 2739 803 2779 virtutem
820 2746 942 2792 atque
957 2742 1191 2781 essentiam.

186 2801 460 2856 Respondeo
475 2801 723 2846 dicendum
748 2802 872 2859 quOd
901 2803 1009 2847 cum
1032 2803 1256 2860 quaeritur
1279 2817 1340 2848 an
1361 2804 1569 2861 Christus
1588 2808 1842 2860 cognoscat
1873 2804 2031 2849 omnia

132 2862 179 2908 in
195 2864 358 2918 Verbo,
377 2863 425 2921 ly
442 2868 593 2907 omnia
614 2868 768 2921 potest
790 2864 1035 2922 dupliciter
1057 2865 1203 2923 accipi
1230 2878 1243 2910 :
1275 2878 1371 2911 uno
1393 2866 1533 2911 modo
1557 2866 1758 2924 proprie,
1792 2871 1846 2911 ut
1876 2866 2030 2912 distri-

133 2924 245 2971 buat
267 2939 349 2983 pro
369 2927 589 2972 omnibus
614 2939 721 2985 quae
741 2940 1041 2986 quocumque
1061 2929 1199 2974 modo
1220 2935 1348 2987 sunt,
1365 2930 1438 2975 vel
1460 2935 1615 2987 erunt,
1644 2930 1718 2975 vel
1734 2930 1940 2986 fuerunt,
1957 2931 2029 2976 vel

133 2989 267 3041 facta,
294 2989 365 3033 vel
382 2989 520 3043 dicta,
553 2989 628 3034 vel
662 2990 863 3046 cogitata
884 2990 912 3035 a
929 3003 1246 3049 quocumque,
1270 2992 1530 3037 secundum
1561 2991 1888 3049 quodcumque
1910 2996 2029 3036 tem-

132 3062 238 3105 pus,
259 3052 312 3094 Et
342 3051 409 3095 sic
439 3052 692 3096 dicendum
720 3056 793 3097 est
828 3053 953 3110 quod
978 3054 1134 3098 anima
1164 3054 1329 3099 Christi
1351 3055 1397 3099 in
1429 3054 1574 3099 Verbo
1593 3054 1833 3111 cognoscit
1855 3055 2026 3099 omnia.

136 3111 461 3168 Unusquisque
481 3112 606 3157 enim
623 3113 888 3159 intellectus
903 3120 1088 3160 creatus
1105 3116 1152 3159 in
1170 3116 1316 3160 Verbo
1335 3117 1590 3173 cognoscit,
1610 3129 1700 3160 non
1723 3116 1911 3173 quidem
1929 3129 2029 3160 om·

132 3173 210 3216 uia
229 3173 514 3231 simpliciter,
550 3175 631 3219 sed
676 3176 803 3220 tanto
842 3176 992 3234 plura,
1018 3177 1191 3234 quanto
1224 3179 1474 3234 perfectius
1510 3178 1636 3223 videt
1665 3178 1878 3223 Verbum.
1910 3178 2027 3223 Nulli

132 3240 288 3279 tamen
304 3234 557 3279 intellectui
579 3235 715 3281 beato
734 3238 866 3282 deest
881 3239 994 3295 quin
1013 3245 1266 3295 cognoscat
1282 3241 1328 3285 in
1342 3241 1489 3286 Verbo
1504 3239 1662 3285 omnia
1677 3252 1781 3296 quae
1797 3241 1855 3285 ad
1876 3240 2025 3297 ipsum

132 3301 357 3353 spectant.
382 3297 448 3341 Ad
471 3298 702 3342 Christum
727 3304 884 3344 autem
907 3305 954 3345 et
969 3301 1027 3346 ad
1044 3302 1146 3360 eJus
1165 3302 1438 3359 dignitatem
1458 3306 1669 3360 spectant
1687 3302 2026 3359 quodammodo

170 3423 210 3463 (Ι)
230 3423 277 3456 De
290 3421 359 3456 fide
374 3427 424 3456 est
441 3421 612 3456 Christum
628 3424 742 3457 omnia
753 3425 944 3464 cognovisse
955 3438 1034 3460 con·
1121 3428 1389 3471 Nicephor.(iib.
1414 3437 1512 3469 xvm,
1526 3439 1596 3469 cap.
1623 3428 1688 3470 50),
1710 3428 1765 3462 vel
1792 3433 1894 3463 etiam
1909 3440 2025 3463 secun·

132 3476 185 3505 tra
224 3470 376 3504 haeresim
404 3476 625 3510 agnoetarum
648 3471 781 3506 Christo
808 3472 1034 3508 tribuentium
1121 3476 1201 3510 dum
1233 3477 1447 3511 divinitatem
1462 3503 1470 3517 ‚
1504 3479 1541 3509 ut
1573 3475 1631 3510 alii
1671 3475 1790 3510 volunt
1826 3488 1865 3511 ex
1898 3477 2027 3512 Isidoro

131 3516 355 3555 ignorantiam
394 3519 578 3553 secundum
598 3519 860 3553 humanitatem.
877 3524 914 3553 ut
929 3519 1037 3552 reffert
1121 3521 1246 3558 (Eum.
1264 3524 1326 3559 lib.
1344 3532 1420 3564 vm.
1438 3535 1509 3564 cap.
1525 3526 1569 3562 9).
