2170 3808
196 208 279 253 338
647 190 649 194 '
861 200 1060 252 QUAEST.
1091 201 1176 254 XL,
1206 201 1323 243 ART.
1354 201 1424 243 111.

198 287 542 335 ARTICULUS
564 287 648 328 111.
669 307 724 315 -
743 295 883 326 uranu
911 293 1106 325 cnmsros
1128 294 1169 323 m
1200 293 1280 325 noc
1309 295 1452 340 'mosao
1485 294 1688 324 nseunmr
1722 294 1940 324 numnam
1961 294 2083 326 virm

1018 356 1178 386 nuez-nr:
1199 345 1274 398 (1).
2046 365 2048 372 ν

304 419 352 452 De
368 417 422 451 his
436 417 540 450 etiam
557 416 656 450 Cont.
668 418 768 454 lgent.
785 412 847 447 lib.
870 421 919 454 lv,
935 424 1007 454 cap.
1022 414 1076 454 55,
1091 418 1126 446 et
1143 412 1264 453 Opuse.
1285 419 1388 453 xvm,
1406 422 1479 453 cap.
1497 412 1550 452 45.
1570 416 1604 447 et
1622 413 1745 453 opusc.
1764 420 1820 453 xx,
1838 422 1910 454 cap.
1926 412 1980 447 ⁴5.
2041 409 2047 461 's

251 471 318 517 Ad
337 471 524 516 tertium
548 469 616 514 sic
634 467 915 525 proceditur.
940 471 983 512 1.
1004 467 1191 511 Videtur
1220 465 1346 522 quod
1373 466 1580 511 Christus
1601 466 1649 511 in
1680 466 1767 510 hoc
1789 466 1966 511 mundo
1988 468 2078 514 noh

197 534 410 580 debuerit
439 543 690 589 pauperem
712 531 855 575 vitam
892 530 1079 575 ducere.
1116 528 1324 574 Christus
1352 528 1478 573 enim
1512 528 1672 574 debuit
1701 528 2081 586 eligib'ilissimam

198 595 340 640 vitam
363 607 619 639 assumere.
656 593 743 638 Sed
767 593 1102 649 eligibilissima
1118 591 1214 635 vita
1233 596 1324 647 est,
1342 602 1447 647 quae
1465 595 1536 635 est
1556 591 1799 636 mediocris
1826 591 1947 635 inter
1964 590 2080 636 divi-

197 657 285 702 tias
305 661 352 701 et
366 660 688 714 paupertatem
713 670 725 699 ε
750 654 918 698 dicitur
936 653 1063 698 enim
1085 653 1234 708 (Prov.
1261 666 1359 710 xxx,
1381 654 1424 707 8)
1444 655 1814 696 :Mendicitatem
1831 658 1876 697 et
1897 656 2078 700 divitias

195 732 251 762 ne
278 720 459 764 dederis
493 719 633 772 milii5
664 716 808 760 tribue
829 716 1006 759 tantiam
1039 717 1178 758 victui
1202 727 1298 757 meo
1323 717 1591 759 necessaria.
1611 718 1729 772 Ergo
1753 715 1961 761 Christus
1986 729 2076 762 non

194 781 356 828 debuit
376 793 624 838 pauperem
648 779 792 822 vitam
812 778 1000 836 ducere,
1023 777 1108 822 sed
1124 777 1426 821 moderatam.

251 847 293 888 2.
316 847 557 896 Praeterea,
579 841 831 885 exteriores
858 840 1028 884 divitiae
1057 840 1117 884 ad
1147 851 1288 884 usum
1321 837 1527 895 corporIs
1562 839 1835 884 ordinantur
1856 843 2078 897 quantum

195 906 254 950 ad
276 905 451 950 victum
473 909 519 949 et
545 902 781 948 vestitum.
806 903 895 947 Sed
917 902 1124 947 Christus
1148 901 1195 946 in
1216 901 1342 946 victu
1360 905 1409 946 et
1426 900 1597 946 vestitu
1618 914 1915 948 communem
1937 903 2079 952 vitam

196 966 328 1013 duxit
349 966 606 1011 secundum
631 965 822 1008 modum
848 963 1045 1007 aliorum
1073 962 1246 1020 quibus
1274 962 1569 1007 convivebat.
1598 965 1715 1019 Ergo
1744 965 1928 1010 videtur
1958 966 2082 1023 quod

195 1029 242 1073 in
266 1028 439 1073 divitiis
470 1032 517 1072 et
543 1030 811 1084 paupertate
829 1037 1129 1070 communem
1151 1025 1342 1070 modum
1363 1024 1549 1069 vivendi
1584 1037 1770 1071 servare
1787 1027 2016 1086 debuerit,
2035 1032 2083 1074 et

197 1102 287 1134 non
312 1089 378 1133 uti
406 1091 609 1133 maxima
629 1092 917 1145 paupertate.

249 1154 292 1196 3.
324 1154 562 1204 Praeterea,
584 1150 790 1194 Christus
817 1148 1020 1193 maxime
1052 1149 1263 1193 homines
1287 1147 1498 1192 invitavit
1526 1148 1586 1192 ad
1603 1150 1867 1206 exemplum
1895 1151 2083 1197 humili-

197 1214 329 1270 tatis,
341 1213 601 1258 Secundum
626 1212 739 1256 illud
756 1213 925 1266 (Matth.
946 1225 1003 1268 x1,
1023 1214 1093 1264 29)
1111 1227 1122 1255 z
1152 1214 1320 1254 Discite
1337 1211 1367 1253 ὰ
1384 1222 1468 1268 me,
1491 1213 1598 1265 quia
1618 1214 1740 1255 mitis
1759 1225 1857 1255 sum
1873 1216 1918 1257 et
1934 1215 2084 1258 humi-

195 1276 253 1320 lis
274 1276 426 1319 corde.
448 1276 535 1319 Sed
557 1273 793 1318 humilitas
821 1273 1024 1317 maxime
1054 1272 1406 1317 commendatur
1429 1272 1475 1315 in
1497 1271 1716 1317 divitibus
1739 1286 1753 1318 :
1773 1274 1900 1319 unde
1917 1275 2084 1321 dicitur

194 1340 244 1393 (1.
265 1337 460 1382 Timoth.
477 1337 558 1381 ult.
584 1340 655 1390 17)
674 1350 683 1378 :
706 1335 924 1379 Divitibus
946 1335 1079 1390 liuJus
1097 1334 1249 1378 saeculi
1268 1336 1478 1391 praecipe,
1506 1346 1597 1377 nori
1617 1335 1763 1378 altum
1776 1349 1953 1393 sapere.
1965 1339 2083 1395 Ergo

195 1398 379 1444 videtur
392 1398 518 1454 quod
539 1398 745 1442 Christus
766 1409 859 1440 non
889 1396 1103 1441 debuerit
1125 1397 1295 1440 ducere
1316 1406 1566 1452 pauperem
1588 1396 1747 1441 vitam.

251 1461 338 1506 Sed
362 1465 522 1504 contra
559 1465 629 1503 est
657 1458 783 1516 quod
815 1458 983 1503 dicitur
1013 1458 1181 1512 (Matth.
1201 1471 1291 1510 vni,
1312 1459 1385 1510 20)
1404 1472 1415 1501 z
1432 1458 1582 1501 Filius
1615 1459 1812 1502 hominis
1831 1473 1923 1504 mm
1950 1460 2083 1507 habet

195 1523 270 1567 ubi
286 1526 422 1579 caput
444 1521 632 1564 reclinet
649 1536 663 1562 .·
679 1521 812 1576 quasi
835 1520 975 1577 dicat,
988 1520 1247 1564 secundum
1264 1519 1594 1576 Hieronymum
1612 1520 1678 1574 (in
1694 1520 1808 1565 illud
1825 1522 1978 1568 Matth.
1990 1536 2079 1569 vm:

195 1585 427 1628 Ace-ederis
443 1596 557 1626 auras
575 1583 742 1637 scriba)
756 1595 768 1626 ε
786 1583 875 1626 Cur
896 1593 971 1626 me
992 1585 1179 1638 propter
1193 1580 1378 1625 divitias
1390 1585 1436 1625 et
1454 1581 1612 1625 saeculi
1631 1581 1762 1626 lucra
1778 1583 1913 1640 cupis
1931 1586 2079 1643 sequi,

195 1646 304 1691 cum
328 1648 471 1688 tantae
495 1644 583 1688 sim
605 1643 904 1701 paupertatis,
929 1647 984 1688 ut
1006 1655 1092 1688 nec
1114 1642 1414 1699 hospitiolum
1435 1643 1623 1700 quidem
1654 1643 1866 1699 habeam,
1884 1651 1930 1691 et
1961 1651 2083 1693 tecto

194 1711 300 1753 utar
327 1718 421 1750 non
452 1708 581 1750 meo?
605 1724 627 1745 »
650 1708 703 1750 Et
724 1718 865 1762 super
892 1706 1007 1751 illud
1038 1706 1206 1761 (Matth.
1227 1707 1330 1759 xvn)
1357 1719 1369 1749 ε
1409 1707 1467 1749 Ut
1496 1718 1587 1749 mm
1614 1707 1972 1752 scandalizemus
1992 1722 2080 1769 eos,

195 1769 312 1813 vade
341 1770 406 1812 ad
434 1781 576 1824 mare,
601 1766 711 1813 dicit
735 1768 1043 1825 Hieronymus
1066 1781 1078 1810 t
1101 1780 1124 1805 'a
1148 1770 1242 1811 Hoc
1277 1767 1547 1823 simpliciter
1568 1767 1852 1814 intellectum
1887 1767 2082 1818 aedificat
2157 1796 2167 1810 ε

194 1831 468 1886 auditorem,
495 1830 607 1875 dum
625 1830 756 1875 audit
775 1834 850 1874 tan
858 1834 916 1874 tae
937 1830 1182 1875 Dominum
1202 1829 1346 1875 fuisse
1374 1831 1674 1888 paupertatis,
1692 1835 1746 1876 ut
1766 1832 1894 1878 unde
1910 1832 2083 1880 tributa

194 1908 280 1954 pro
299 1907 365 1951 se,
391 1899 436 1938 et
456 1893 672 1950 Apostolo
690 1894 921 1950 redderet,
941 1906 1036 1939 non
1056 1893 1285 1938 habuerit.
1312 1913 1333 1932 υ
2080 1937 2083 1940 .
2159 1941 2164 1946 ,

244 1963 534 2004 CONCLUSIO.
557 1985 606 1991 —
634 1963 858 2014 Pauperem
890 1962 937 2002 in
969 1962 1047 2003 hoc
1067 1962 1226 2003 mundo
1243 1962 1375 2003 vitam
1403 1962 1594 2004 Christus
1611 1963 1754 2013 duxit,
1775 1966 1868 2004 tum
1889 1967 1987 2017 quia
2007 1966 2083 2008 hoe

194 2018 498 2072 praedicationis
516 2018 650 2065 officio
665 2017 946 2067 conveniebat,
967 2023 1060 2058 tum
1077 2021 1124 2058 ut
1146 2018 1381 2071 spirituales
1394 2018 1564 2059 divitias
1586 2018 1704 2059 nobis
1720 2019 1970 2073 elargiretur,
1991 2025 2082 2064 tum

192 2074 372 2125 denique
392 2085 442 2112 ne
456 2073 545 2124 ejus
565 2072 797 2122 praedicatio
814 2073 1031 2124 cupiditati
1049 2073 1356 2114 adscriberetur.

248 2134 520 2190 Respondeo
537 2134 787 2179 dicendum
806 2134 930 2191 quod
951 2135 1180 2179 Christum
1204 2135 1357 2179 decuit
1378 2134 1426 2179 in
1438 2133 1527 2180 hoc
1543 2134 1719 2180 mundo
1738 2147 1990 2194 pauperem
2009 2139 2082 2185 vi-
2145 2143 2163 2194 f

194 2201 289 2242 tam
310 2197 497 2241 ducere.
519 2196 667 2240 Primo
688 2196 893 2253 quidem,
919 2197 1029 2254 quia
1046 2197 1135 2240 hoc
1150 2201 1251 2242 erat
1268 2208 1527 2253 congruum
1552 2197 1889 2253 praedicationis
1909 2201 2078 2260 offici0,

194 2265 381 2316 propter
402 2258 526 2314 quod
542 2258 727 2302 venisse
745 2271 797 2303 se
821 2258 931 2303 dicit
944 2258 1090 2311 <Marci
1118 2272 1147 2313 1,
1166 2261 1238 2311 38)
1259 2262 1456 2303 :Eamus
1471 2262 1519 2301 ⁴in
1533 2262 1763 2315 proximos
1776 2265 1895 2305 vicos
1908 2266 1955 2307 et
1971 2267 2080 2309 civi—
2148 2290 2151 2291 ν

195 2324 327 2376 tates,
348 2323 397 2363 ui
424 2323 467 2363 et
485 2321 546 2363 ibi
558 2320 833 2377 praedicem5
854 2321 919 2364 ad
950 2321 1034 2364 lioc
1064 2325 1182 2364 enim
1209 2323 1326 2365 veni.
1351 2323 1537 2376 Oportet
1564 2328 1720 2367 autem
1758 2324 2081 2380 praedicatores

194 2382 324 2427 verbi
355 2381 448 2434 Dei,
466 2388 519 2425 ut
548 2381 740 2426 omnino
774 2387 942 2427 vacent
975 2383 1307 2439 praedicationi,
1337 2384 1528 2428 omnino
1551 2384 1579 2427 a
1609 2384 1901 2431 saecularium
1924 2400 2079 2436 rerum

194 2458 307 2490 cura
337 2455 442 2489 esse
474 2443 713 2487 absolutos
739 2458 751 2487 ι
781 2445 907 2501 quod
942 2445 1095 2489 facere
1131 2457 1225 2489 non
1258 2449 1457 2501 possunt
1493 2445 1573 2502 qui
1609 2446 1792 2492 divitias
1823 2449 2078 2505 possident.
2151 2502 2153 2504 ,

195 2506 322 2551 Unde
336 2510 383 2550 et
393 2505 492 2562 ipse
511 2506 733 2549 Dominus
748 2505 981 2561 apostolos
997 2506 1056 2550 ad
1073 2506 1421 2562 praedicandum
1435 2506 1639 2562 mittenS,
1652 2508 1764 2553 dicit
1777 2509 1845 2555 eis
1855 2513 2023 2566 (Matth.
2036 2527 2078 2573 x,
2148 2552 2150 2557 ,

194 2570 239 2624 9)
255 2583 266 2613 :
282 2569 435 2613 Nolite
446 2568 676 2624 possidere
696 2568 878 2623 aarum,
894 2581 1032 2623 neque
1052 2571 1313 2624 amentum:
1329 2573 1376 2614 et
1388 2567 1477 2625 ipsi
1489 2569 1684 2625 apostoli
1697 2570 1859 2616 dicunt
1873 2574 1984 2626 (Act.
1997 2575 2079 2631 vn:
2138 2611 2140 2614 >

194 2633 294 2674 Non
316 2632 381 2673 est
398 2640 573 2684 aequum
589 2641 670 2671 rios
702 2629 960 2684 relinquere
982 2629 1160 2672 verbum
1184 2632 1270 2673 Dei
1294 2634 1337 2674 et
1365 2633 1628 2674 ministrare
1646 2635 1825 2677 mensis.
1850 2635 2078 2694 Secundo,

193 2690 304 2747 quia
321 2689 442 2734 sicut
467 2695 662 2734 mortem
691 2690 977 2747 corporalem
996 2691 1266 2748 assumpsit,
1281 2696 1334 2736 ut
1351 2691 1485 2737 nobis
1504 2692 1647 2737 vitam
1675 2693 1922 2750 largiretur
1942 2697 2079 2754 spiri-

193 2752 390 2807 tualem3
412 2751 475 2796 ita
494 2751 779 2809 corporalem
794 2756 1111 2809 paupertatem
1125 2754 1362 2811 sustinuit,
1382 2758 1435 2799 ut
1456 2753 1592 2800 nobis
1619 2753 1802 2801 divitias
1819 2757 2079 2813 spirituales

192 2814 456 2871 largiretur,
474 2813 729 2859 secundum
747 2813 862 2858 illud
884 2817 951 2869 (ΙΙ.
964 2814 1165 2859 Corinth.
1179 2829 1271 2871 vin,
1285 2819 1326 2870 9)
1344 2818 1503 2860 :Scitis
1521 2820 1725 2874 qratiam
1738 2822 1920 2863 Domini
1933 2825 2079 2867 nostri

191 2879 297 2920 Jesu
313 2876 505 2932 Christi,
527 2879 739 2932 quoniam
755 2881 948 2934 propter
963 2890 1040 2920 vos
1061 2890 1222 2934 eyenus
1234 2881 1386 2933 lactus
1413 2882 1495 2937 est,
1512 2883 1564 2924 ut
1589 2880 1715 2924 illius
1733 2884 1888 2938 inopia
1913 2896 1989 2927 vos
2003 2885 2078 2929 di-

192 2940 304 2982 vites
321 2941 489 2982 essetis.
511 2938 674 2994 Tertio,
691 2950 752 2983 ne
771 2939 811 2983 si
829 2938 1012 2984 divitias
1028 2939 1220 2984 haberet
1247 2940 1286 2998 ej
1294 2952 1349 2984 us
1368 2941 1606 2998 cupiditati
1627 2942 1888 2999 praedicatio
1908 2944 2076 2991 adscri-

192 2998 532 3045 beretur.Unde
547 3000 855 3059 Hieronymus
875 3001 986 3047 dicit
1004 3003 1167 3059 (Super
1182 3003 1335 3047 Matth.
1359 3003 1407 3047 in
1428 3003 1542 3049 illud
1554 3001 1657 3061 cap.
1684 3007 1739 3050 10
1761 3019 1773 3050 z
1797 3007 1952 3051 Nolite
1978 3019 2076 3065 pos-

192 3061 341 3104 sidere
361 3064 543 3116 aarum)
570 3061 696 3119 qued
718 3079 739 3101 «
759 3062 799 3108 si
818 3063 1032 3121 d1scipuli
1064 3064 1167 3121 eJ'us
1188 3064 1371 3110 divitias
1394 3065 1681 3124 habuissent,
1699 3066 1967 3113 viderentur
1983 3080 2074 3114 nou

192 3125 336 3167 causa
355 3124 519 3168 salutis
538 3124 892 3181 hominum,sed
909 3128 1051 3171 causa
1070 3126 1187 3171 lucri
1207 3129 1481 3185 praedicare3
1497 3147 1517 3168 ι»
1540 3133 1587 3173 et
1603 3128 1766 3174 eadem
1789 3130 1906 3174 ratio
1925 3134 1996 3175 est
2015 3130 2072 3176 de

195 3183 388 3228 Christo,
406 3187 590 3242 Quarto,
612 3191 665 3231 ut
683 3187 810 3232 tanto
828 3188 918 3245 maj
926 3201 978 3232 or
995 3189 1144 3233 virtus
1159 3189 1304 3233 Divini
1312 3190 1415 3235 tatis
1431 3191 1534 3246 ers
1551 3190 1887 3249 ostenderetur,
1901 3191 2071 3248 quanto

234 3295 279 3337 (i)
301 3294 620 3331 Praenuntiaverunt
649 3297 826 3338 Prophetae
848 3298 1020 3333 Christum
1044 3298 1093 3332 vi·
1178 3299 1399 3334 Persei-utus
1424 3302 1476 3334 est
1503 3299 1683 3334 hominem
1706 3299 1851 3342 inopem
1882 3303 1916 3335 et
1942 3300 2072 3336 mendi·

193 3345 263 3378 tam
282 3353 463 3383 pauperem
479 3354 546 3376 esse
570 3343 762 3379 ducturum·
791 3347 857 3385 (Ps.
883 3350 974 3387 Lxrx)
995 3347 1095 3390 :Epo
1180 3358 1275 3382 cum.
1294 3347 1398 3389 (Hier.
1425 3347 1552 3381 Thren.
1577 3358 1647 3387 cap.
1666 3349 1715 3384 111)
1734 3358 1741 3380 :
1761 3347 1966 3384 Recordare
1986 3359 2071 3394 pato-

192 3391 275 3425 vero
292 3401 424 3433 egenus
443 3395 476 3426 el
490 3402 635 3436 pauper
657 3403 750 3428 sum.
771 3395 834 3433 (Ps.
849 3395 967 3434 xxxix)
988 3409 996 3431 ι
1021 3397 1096 3438 Eyo
1179 3396 1336 3438 pertalis
1351 3404 1450 3436 meoe,
1468 3393 1645 3429 absinthii
1660 3397 1694 3428 et
1706 3393 1822 3436 sellis.

194 3442 316 3475 aulem
335 3440 522 3475 mendicus
540 3450 621 3476 sum
647 3444 681 3475 ec
702 3451 859 3485 pauper.
883 3444 949 3486 (Ps.
971 3445 1068 3484 cvm)
1087 3455 1096 3477 :
