2170 3808
114 169 201 214 302
751 168 952 220 QUAEST.
977 167 1160 221 xxxvl,
1187 168 1308 213 ΛΒΤ.
1338 169 1388 214 V.

166 265 458 306 CONCLUSIO.
478 286 526 294 —
544 264 649 305 Cum
665 262 941 303 manifestatio
962 273 1031 313 per
1045 263 1162 313 signa
1177 261 1398 304 familiaria
1412 262 1497 303 fieri
1514 262 1712 312 debuerit,
1727 265 2014 308 convenienter

114 317 268 358 Christi
293 320 488 358 nativitas
503 318 630 370 justis
647 330 718 371 per
734 318 1070 368 inspirationem,
1094 316 1347 368 pastoribus,
1366 318 1465 370 quia
1487 318 1619 359 Judaei
1637 321 1776 367 erant,
1800 329 1872 370 per
1889 331 2011 372 ange-

114 373 192 424 los,
208 379 246 415 et
262 375 394 424 magis
408 378 548 425 utpote
562 375 606 413 in
622 385 839 426 corporum
856 373 1083 413 coelestium
1102 373 1445 425 contemplatione
1459 374 1644 424 assuetis,
1663 385 1732 425 per
1747 374 1910 414 stellam
1924 387 2009 416 ma-

115 429 305 470 nifestata
319 432 393 469 est.

170 492 443 548 Respondeo
463 492 594 537 dicen
602 492 712 537 dum
737 492 863 549 quod
881 491 1002 536 sicut
1018 490 1331 536 manifestatio
1348 491 1633 549 syllogistica
1653 493 1705 536 fit
1735 504 1820 549 per
1836 504 1893 538 ea
1906 505 2011 551 quae

113 560 227 600 sunt
246 554 397 610 magis
414 560 523 598 nota
545 555 585 599 ei
610 554 686 598 cui
708 559 781 599 est
796 554 970 612 aliquid
986 553 1398 610 manifestandum,
1417 553 1481 598 ita
1499 555 1809 599 manifestatio
1833 567 1939 612 quae
1958 555 2011 601 nt

114 628 200 673 per
221 616 369 672 signa,
395 615 533 661 debet
551 613 653 660 fieri
668 628 752 673 per
769 628 824 660 ea
847 627 951 672 quae
971 620 1083 660 sunt
1101 614 1344 659 familiaria
1370 614 1462 660 illis
1482 616 1653 674 quibus
1669 617 2007 663 manifestatur.

112 677 403 722 Manifestum
421 683 494 723 est
512 682 667 723 autem
684 677 809 735 quod
827 678 941 722 viris
954 677 1097 734 justis
1108 682 1184 722 est
1201 677 1426 722 familiare
1439 682 1491 722 et
1502 684 1780 724 consuetum
1803 679 2008 724 interiori

115 738 311 795 Spiritus
329 740 478 785 sancti
494 740 719 784 instinctu
732 739 931 795 edoceri,
949 739 1127 796 absque
1139 739 1383 795 signorum
1416 740 1709 785 sensibilium
1724 741 2008 786 demonstra-

115 801 256 856 tione,
282 803 458 847 scilicet
480 815 563 859 per
587 801 800 859 spiritum
833 802 1103 859 prophetiae.
1132 802 1215 847 Alii
1239 803 1351 846 vero
1374 803 1691 860 corporalibus
1710 804 1853 848 rebus
1866 803 2006 849 dediti

118 874 199 920 per
215 865 454 909 sensibilia
473 865 531 909 ad
549 863 858 921 intelligibilia
877 864 1189 909 adducuntur.
1208 863 1352 909 Judaei
1371 869 1527 909 autem
1547 867 1758 911 consueti
1785 871 1918 911 erant
1932 867 2006 912 di-

114 925 223 971 vina
246 941 469 985 responsa
492 940 575 985 per
594 927 787 984 angelos
803 927 1029 984 accipere,
1047 940 1130 984 per
1151 939 1271 984 quos
1288 927 1427 973 etiam
1446 928 1599 985 legem
1615 933 1907 986 acceperant,
1932 941 2007 975 se-

113 989 321 1034 cuudum
354 989 467 1035 illud
491 991 603 1043 (Act.
630 986 707 1047 vu,
730 991 802 1045 53)
828 1003 841 1033 ε
871 992 1120 1046 Accepistis
1145 989 1285 1047 leqem
1319 992 1367 1033 in
1402 990 1693 1047 dispositione
1723 991 2004 1048 anyelorum.

114 1051 315 1097 Gentiles
326 1051 452 1107 vero,
468 1058 513 1097 et
525 1051 728 1096 maxime
745 1052 965 1109 astrologi
982 1052 1191 1097 consueti
1204 1057 1315 1096 sunt
1330 1052 1567 1098 stellarum
1582 1065 1748 1098 cursus
1758 1053 2004 1110 inspicere.

111 1114 168 1157 Et
185 1113 290 1159 ideo
316 1114 473 1172 justis,
496 1114 672 1160 scilicet
705 1115 902 1159 Simeoni
932 1120 979 1159 et
1000 1118 1160 1171 Annae,
1185 1115 1479 1160 manifestata
1504 1119 1576 1160 est
1599 1115 1762 1160 Christi
1788 1116 2006 1161 nativitas

112 1185 197 1232 per
212 1175 476 1233 interiorem
493 1177 766 1221 instinctum
783 1176 978 1233 Spiritus
997 1177 1165 1232 sancti,
1181 1176 1439 1222 secundum
1459 1177 1574 1222 illud
1590 1179 1713 1232 (Luc.
1729 1189 1775 1232 u,
1789 1180 1859 1232 26)
1876 1191 1888 1222 τ
1905 1183 2008 1223 Res-

108 1250 299 1292 ponsum
315 1242 488 1295 accepit
505 1239 536 1282 ὰ
557 1241 734 1295 Spiritu
755 1242 932 1295 sanctu,
948 1252 1038 1282 non
1062 1242 1263 1282 visurum
1286 1252 1332 1283 se
1350 1242 1556 1296 mortem,
1580 1242 1670 1282 nisi
1686 1240 1816 1296 prius
1833 1240 2006 1285 videret

112 1301 349 1345 Christum
373 1305 568 1347 Domini.
588 1302 853 1347 pastoribus
869 1307 1025 1346 autem
1049 1306 1095 1346 et
1115 1302 1267 1358 magis
1283 1306 1506 1358 tanquam
1527 1301 1670 1347 rebus
1689 1302 2004 1359 corporalibus

109 1361 297 1421 deditis,
321 1365 617 1410 manifestata
636 1369 710 1410 est
729 1365 893 1410 Christi
910 1365 1129 1410 nativitas
1149 1377 1232 1422 per
1251 1364 1459 1410 visibiles
1478 1365 1806 1422 apparitiones.
1823 1367 1876 1410 Et
1895 1365 2004 1423 quia

110 1426 328 1472 nativitas
347 1440 439 1472 non
467 1432 568 1472 erat
584 1427 701 1484 pure
718 1432 918 1483 terrena,
936 1427 1017 1472 sed
1042 1428 1386 1485 quodammodo
1401 1427 1621 1483 coelestis,
1643 1427 1746 1472 ideo
1767 1440 1851 1484 per
1867 1429 2003 1486 signa

108 1488 318 1533 coelestia
337 1490 548 1546 utrisque
579 1488 743 1533 Christi
773 1488 992 1533 nativitas
1010 1489 1260 1534 revelatur.
1279 1491 1334 1534 Ut
1356 1489 1481 1534 enim
1496 1489 1783 1544 Augustinus
1804 1489 1915 1535 dicit
1937 1490 2001 1546 (in

107 1561 250 1595 serm.
272 1551 329 1596 de
346 1551 508 1608 Epiph.
526 1550 857 1607 aequivalenter
868 1563 1010 1595 serm.
1025 1553 1085 1595 66.
1097 1554 1159 1596 De
1172 1550 1384 1604 diversis,
1398 1550 1509 1596 circ.
1520 1551 1706 1608 princ.),
1725 1568 1747 1590 α
1760 1551 1904 1597 coelos
1919 1564 2002 1597 an-

109 1611 201 1667 geli
224 1611 436 1657 habitant
458 1618 506 1657 et
525 1613 679 1658 sidera
699 1618 893 1668 ornant3
913 1613 1126 1670 utrisque
1147 1624 1259 1669 ergo
1277 1613 1381 1657 coeli
1401 1618 1620 1658 enarrant
1649 1613 1844 1670 gloriam
1865 1613 1961 1659 Dei.
1978 1633 2000 1653 ι·

106 1674 456 1720 Rationabiliter
490 1681 647 1720 autem
683 1675 965 1732 pastoribus,
992 1681 1215 1733 tauquam
1233 1675 1420 1733 Judaeis,
1457 1675 1582 1733 apud
1600 1687 1718 1732 quos
1738 1675 2003 1734 frequenter

105 1737 241 1782 factae
263 1743 375 1782 sunt
389 1738 702 1795 apparitiones
720 1737 1014 1794 angelorum,
1033 1738 1236 1783 revelata
1257 1743 1327 1783 est
1345 1738 1563 1783 nativitas
1580 1738 1743 1783 Christi
1757 1751 1839 1795 per
1853 1751 2002 1797 >ange-

105 1797 177 1843 los
188 1813 200 1855 3
212 1799 361 1857 magis
373 1806 527 1844 autem
538 1799 736 1845 assuetis
745 1799 793 1843 in
801 1799 1172 1846 consideratione
1184 1800 1442 1846 coelestium
1455 1813 1700 1858 corporum
1709 1800 2002 1847 manifestata

105 1866 179 1906 est
198 1874 281 1918 per
303 1862 491 1919 signum
515 1862 663 1907 stellae
686 1877 698 1906 ι
737 1863 865 1919 quia,
887 1867 939 1907 ut
981 1863 1341 1921 Chrysostomus
1364 1862 1475 1908 dicit
1508 1863 1648 1915 (hom.
1680 1876 1723 1907 vx
1758 1862 1806 1907 in
1844 1864 1998 1910 Matth.

105 1922 331 1981 aliquant.
354 1930 463 1969 ante
497 1924 657 1981 med.),
684 1936 802 1981 «per
830 1929 1056 1970 consueta
1076 1936 1157 1969 eos
1180 1925 1403 1970 Dominus
1424 1936 1593 1970 vocare
1615 1923 1778 1982 voluit,
1799 1923 1867 1970 eis
1885 1938 2001 1971 con-

106 1985 445 2032 descendens.»
469 1989 549 2032 Est
568 1993 725 2032 autem
748 1986 838 2031 alia
857 1987 975 2032 ratio
1014 2002 1026 2032 ι
1060 1987 1186 2045 quia,
1211 1992 1265 2032 ut
1287 1987 1533 2044 Gregorius
1569 1986 1680 2032 dicit
1705 1987 1846 2043 (hom.
1885 2002 1912 2032 x
1950 1988 1999 2034 in

105 2048 279 2106 Evang.
303 2049 424 2094 circa
442 2049 625 2107 princ),
648 2067 668 2087 «
681 2049 853 2094 Judaeis
868 2054 1092 2107 tanquam
1115 2051 1292 2095 ratione
1311 2049 1551 2095 utentibus
1568 2049 1787 2095 rationale
1807 2050 1997 2108 animal,

103 2110 154 2156 id
173 2117 246 2156 est
264 2112 477 2168 angelus,
497 2113 748 2169 praedicare
762 2112 944 2169 debuit,
964 2112 1159 2169 gentiles
1172 2112 1301 2170 vero,
1320 2113 1430 2170 quia
1445 2113 1509 2157 uti
1535 2112 1710 2157 ratione
1729 2112 1998 2159 nesciebant

104 2174 165 2220 ad
187 2175 564 2231 cognoscendum
575 2175 840 2231 Dominum,
861 2188 952 2220 non
973 2188 1057 2233 per
1078 2187 1258 2232 vocem,
1277 2175 1361 2220 sed
1384 2187 1467 2232 per
1488 2175 1624 2232 signa
1641 2175 1962 2232 perducuntur
1982 2191 1994 2222 z

103 2239 152 2282 et
168 2236 289 2281 sicut
303 2237 551 2281 Dominum
562 2238 661 2294 Jam
686 2238 956 2295 loquentem
979 2239 1377 2282 annuntiaverunt
1398 2238 1652 2295 gentilibus
1673 2238 1999 2295 praedicatores

102 2298 366 2356 loquentes,
399 2299 463 2344 ita
499 2312 607 2344 eum
630 2301 842 2345 nondum
867 2301 1135 2357 loquentem
1160 2301 1389 2346 elementa
1417 2305 1547 2346 muta
1567 2301 1956 2358 praedicaverunt.
1972 2321 1993 2342 υ

102 2363 182 2406 Est
202 2362 340 2407 etiam
361 2367 408 2407 et
443 2362 533 2407 alia
551 2363 695 2419 ratic,
715 2362 841 2420 quia,
866 2369 917 2407 ut
949 2363 1235 2418 Augustinus
1259 2363 1396 2417 (alius
1421 2367 1597 2419 auctor)
1620 2363 1731 2409 dicit
1758 2364 1822 2419 (in
1852 2377 1994 2412 serm.

101 2425 361 2482 Epiphan.),
389 2425 615 2469 «Abrahae
643 2425 997 2470 innumerabilis
1016 2426 1167 2471 fuerat
1202 2426 1432 2482 promissa
1449 2426 1700 2484 successio,
1722 2438 1816 2471 non
1841 2428 1995 2474 carnis

102 2487 297 2542 semine,
313 2488 395 2533 sed
414 2488 520 2532 fidei
539 2487 823 2532 fecunditate
835 2487 1128 2545 generanda,
1145 2506 1165 2527 υ
1185 2488 1346 2533 etideo
1362 2488 1603 2534 stellarum
1623 2488 1908 2534 multitudini
1924 2496 1995 2537 est

100 2559 382 2607 comparata,
404 2556 456 2595 ut
474 2550 679 2595 coelestis
700 2551 949 2608 progenies
964 2554 1242 2608 speraret-ur.
1266 2552 1319 2595 Et
1340 2550 1445 2596 ideo
1473 2551 1673 2608 gentiles
1688 2550 1742 2595 -in
1762 2551 1994 2600 sideribus

101 2613 349 2670 designati,
364 2618 469 2658 ortu
480 2613 586 2657 novi
603 2613 766 2658 sideris
777 2613 1056 2670 excitantur,
1073 2617 1127 2658 ut
1138 2613 1411 2671 perveniant
1422 2613 1739 2671 ad,Christum,
1756 2626 1839 2671 per
1853 2628 1992 2673 quem
2034 2617 2037 2620 ’

99 2673 368 2720 efficiuntur
389 2688 550 2720 semen
572 2675 782 2720 Abrahae.

149 2737 216 2782 Ad
230 2740 434 2794 primum
448 2749 560 2793 ergo
573 2737 840 2795 dicendum,
859 2736 985 2795 quod
1007 2737 1122 2783 illud
1141 2737 1513 2783 manifestatione
1526 2737 1704 2794 indiget
1725 2738 1850 2795 quod
1868 2738 1927 2784 de
1940 2751 1993 2786 se

97 2803 169 2844 est
190 2799 442 2854 occultum,
467 2813 561 2844 non
584 2804 740 2845 autem
761 2799 876 2845 illud
887 2800 1012 2858 quod
1027 2800 1085 2845 de
1102 2812 1152 2845 se
1168 2805 1239 2844 est
1254 2800 1570 2846 manifestum.
1596 2801 1708 2844 Caro
1721 2806 1877 2844 autem
1889 2800 1993 2859 ejus

96 2861 177 2918 qui
199 2863 492 2918 nascebatur,
515 2866 614 2907 erat
641 2862 905 2920 manifesta,
938 2864 1020 2908 sed
1038 2861 1261 2907 Div1nitas
1283 2867 1381 2908 erat
1397 2863 1595 2907 occulta.
1616 2865 1669 2907 Et
1700 2862 1804 2907 ideo
1825 2876 1991 2910 conve-

97 2923 279 2970 nienter
299 2925 594 2970 manifestata
625 2929 697 2970 est
730 2924 809 2969 illa
833 2924 1051 2970 nativitas
1078 2938 1162 2983 per
1181 2925 1390 2983 angelos,
1423 2925 1502 2982 qui
1527 2930 1639 2970 sunt
1656 2925 1734 2971 Dei
1754 2925 1954 2972 ministri
1975 2941 1988 2971 ι

97 2985 222 3030 unde
244 2991 414 3032 etcum
431 2987 640 3032 claritate
659 2988 856 3044 angelus
876 2988 1106 3045 apparuit,
1125 2993 1179 3033 ut
1198 2988 1522 3034 ostenderetur
1541 2987 1665 3045 quod
1684 2987 1762 3033 ille
1783 2987 1863 3046 qui
1883 3000 1988 3034 nas-

93 3047 306 3104 cebatur,
322 3054 421 3092 erat
443 3049 663 3106 splendor
680 3055 887 3107 paternae
897 3050 1070 3106 gloriae.

147 3109 217 3154 Ad
243 3111 486 3153 secundum
505 3111 773 3168 dicendum,
797 3111 921 3169 quod
949 3112 1064 3170 Justi
1089 3125 1183 3157 non
1206 3112 1478 3170 indigebant
1509 3111 1678 3157 visibili
1700 3111 1989 3169 apparitione

94 3170 367 3228 angelorum
385 3172 495 3227 ,sed
519 3172 587 3217 eis
615 3173 877 3219 sufficiebat
903 3174 1095 3219 interior
1121 3174 1369 3220 instInctus
1393 3175 1588 3232 Spiritus
1609 3174 1774 3232 sancti,
1800 3179 1988 3232 propter

92 3245 254 3277 eorum
278 3233 623 3290 perfectionem.

148 3295 214 3340 Ad
235 3298 415 3339 tertium
433 3295 699 3351 dicendum,
716 3298 842 3354 quod
853 3299 987 3344 stella
1004 3298 1290 3344 nativitatem
1304 3299 1468 3344 Christi
1482 3298 1787 3343 manifestans
1800 3311 1985 3344 omnem

92 3357 383 3401 occasionem
408 3357 576 3402 erroris
608 3357 852 3403 subtraxit.
883 3362 938 3404 Ut
960 3360 1084 3404 enim
1117 3360 1405 3416 Augustinus
1440 3360 1551 3406 dicit
1582 3367 1745 3405 contra
1766 3363 1984 3406 Faustum

93 3418 187 3467 (lib.
213 3433 261 3472 11,
281 3431 381 3476 cap.
406 3423 449 3473 5,
475 3419 501 3463 a
524 3420 685 3476 med.),
712 3421 862 3464 «nulli
887 3422 1105 3476 astrologi
1129 3422 1192 3466 ita
1220 3423 1561 3469 constituerunt
1583 3422 1877 3468 nascentium
1897 3423 1984 3467 ho-
