2170 3808
743 219 941 271 QUAEsr.
974 218 1146 274 vam,
1174 218 1292 261 ART.
1323 218 1372 261 v.
1905 218 1986 258 593

36 289 37 293 ¹
100 302 279 345 Cuncta
296 314 390 358 quae
411 303 527 355 fiunt
551 299 749 342 adducet
767 303 887 343 Deus
914 300 1217 355 injudictum.
1234 297 1321 342 Sed
1349 309 1490 353 opera
1508 293 1815 341 satisfactoria
1835 291 1987 351 impo-

102 367 275 407 nuntur
307 361 630 420 peccatoribus
666 361 715 405 in
748 373 937 417 poenam
969 359 1306 417 praeteritorum
1338 357 1647 415 peccatorum}
1669 361 1787 414 Ergo
1805 356 1987 402 videtur

105 423 223 480 quod
242 423 563 481 peccatoribus
584 422 826 479 baptizatis
849 423 943 466 sint
957 434 1097 477 opera
1113 421 1418 465 satisfactoria
1437 419 1736 477 imponenda.

159 488 197 530 2.
218 489 457 542 Praeterea,
481 497 566 542 per
584 497 724 541 opera
743 484 1048 529 satisfactoria
1063 483 1376 527 exercitantur
1391 487 1657 540 peccatores
1671 482 1730 527 de
1744 493 1865 526 novo
1878 493 1987 526 con-

105 547 218 591 versi
242 548 301 592 ad
315 547 560 605 =iustitiam,
582 550 628 591 et
648 546 988 591 subtrahuntur
1005 545 1073 590 eis
1095 544 1367 588 occasiones
1385 544 1636 601 peccandi:
1668 555 1774 587 nam
1808 542 1987 588 satisfa-

102 619 208 652 cere
231 614 303 654 est
331 615 626 666 peccatorum
648 620 815 652 causas
846 606 1074 661 excidere,
1111 610 1157 650 et
1179 606 1384 662 peccatis
1405 605 1584 650 aditum
1608 618 1701 650 non
1722 604 1981 661 indulgere.

102 668 190 712 Sed
208 669 292 713 hoc
314 668 512 714 maxime
528 673 599 713 est
621 668 935 713 necessarium
948 679 1096 724 nuper
1117 666 1376 723 baptizatis.
1389 669 1508 722 Ergo
1529 666 1713 711 videtur
1731 665 1856 723 quod
1870 666 1985 724 bap-

100 729 247 773 tizatis
263 730 356 775 sint
376 743 516 787 opera
529 731 831 775 satisfactoria
849 728 1154 786 injungenda.

156 793 198 836 3.
226 794 463 849 Praeterea,
492 805 585 838 non
619 793 776 837 minus
808 791 1014 837 debitum
1052 799 1124 836 est
1157 794 1210 835 ut
1248 790 1388 835 homo
1426 793 1518 835 Deo
1555 789 1809 834 satisfaciat
1844 788 1985 845 quam

101 855 325 908 proximo.
350 854 435 899 Sed
460 867 606 911 nuper
627 853 867 911 baptizatis
892 851 1232 910 injungendum
1255 857 1328 897 est
1357 856 1409 896 ut
1433 851 1719 896 satisfaciant
1743 851 1982 908 proximis,

101 912 140 957 si
162 926 240 959 eos
279 915 496 960 laeserint.
520 918 638 971 Ergo
658 919 730 960 est
750 914 890 960 etiam
916 915 985 959 eis
1017 913 1360 971 injungendum
1394 917 1448 956 ut
1470 916 1561 957 Deo
1593 912 1882 957 satisfaciant
1903 924 1986 969 per

99 987 240 1032 opera
256 977 554 1034 poenitentiae.

156 1037 242 1082 Sed
267 1043 425 1083 contra
452 1045 523 1084 est
546 1039 671 1095 quod
691 1039 961 1083 Ambrosius
979 1036 1116 1090 (alius
1136 1039 1314 1091 auctor)
1343 1048 1485 1092 super
1499 1037 1615 1080 illud
1633 1039 1763 1080 Rom.
1781 1048 1854 1079 x1:
1879 1037 1986 1079 Sine

99 1102 360 1154 paenitentia
381 1105 486 1146 sunt
508 1103 629 1144 dona
652 1104 695 1144 et
729 1104 904 1144 vocatio
930 1103 1031 1156 Dei,
1052 1098 1162 1143 dicit
1191 1113 1203 1142 ε
1232 1117 1253 1136 «
1278 1098 1430 1142 Gratia
1461 1099 1537 1142 Dei
1567 1098 1615 1141 in
1636 1097 1867 1154 baptismo
1889 1108 1984 1141 non

99 1161 292 1217 requirit
304 1162 543 1218 gemitum,
561 1174 710 1218 neque
723 1162 961 1218 planctum
972 1160 1044 1204 vel
1058 1158 1196 1203 etiam
1210 1171 1329 1215 opus
1349 1159 1552 1215 aliquod,
1567 1159 1651 1204 sed
1664 1159 1809 1203 solam
1825 1159 1981 1214 fidem,

99 1226 148 1267 et
163 1224 319 1267 omnia
341 1224 484 1280 gratis
502 1225 750 1268 condonat.
773 1242 792 1260 n

146 1290 437 1332 CONCLUSIO.
461 1313 508 1322 —
534 1291 582 1331 Ei
599 1291 674 1341 qui
697 1289 943 1342 baptizatur,
960 1287 1128 1327 nullum
1150 1291 1210 1328 cst
1228 1287 1521 1327 satisfactionis
1537 1299 1642 1338 opus
1663 1288 1982 1339 injungendum,

98 1342 195 1384 cum
218 1347 350 1396 passio
372 1350 412 1386 et
435 1356 546 1385 mors
570 1345 738 1394 Christi,
763 1345 831 1385 cui
861 1355 932 1395 per
958 1342 1216 1394 baptismum
1239 1343 1362 1382 homo
1382 1344 1668 1394 incorporatur
1685 1372 1696 1392 ,
1716 1355 1789 1394 pro
1811 1344 1985 1395 peccatis

97 1399 291 1438 omnium
308 1399 428 1451 plane
446 1399 696 1440 satisfecerit.

152 1462 424 1517 Respondeo
445 1462 695 1507 dicendum
712 1459 854 1518 quod,
872 1461 994 1504 sicut
1006 1460 1253 1517 Apostolus
1268 1460 1378 1505 dicit
1397 1462 1542 1514 (Rom.
1563 1474 1622 1515 vi,
1645 1463 1702 1515 3),
1722 1462 1985 1517 quicumque

99 1523 320 1578 baptizati
350 1523 502 1566 samias
525 1527 574 1566 in
607 1523 803 1575 Christo,
830 1525 879 1565 in
911 1525 1056 1565 morte
1087 1525 1230 1578 ipsias
1274 1522 1501 1578 baptizati
1528 1535 1714 1578 sumas3
1735 1523 1986 1578 consepulti

99 1586 216 1626 enim
237 1597 388 1627 sumus
419 1586 461 1627 ei
478 1597 560 1639 per
594 1584 865 1639 baptismum
884 1587 933 1626 in
959 1586 1163 1639 mortem,
1188 1583 1250 1626 ita
1271 1583 1447 1627 scilicet
1468 1583 1594 1639 quod
1615 1583 1752 1627 homo
1766 1595 1850 1639 per
1870 1583 1984 1640 bap-

98 1645 290 1689 tismum
316 1646 638 1700 incorporatur
657 1645 747 1701 ipsi
778 1645 915 1689 morti
940 1645 1120 1689 Christi.
1150 1645 1439 1689 Manifestum
1469 1649 1542 1689 est
1569 1649 1724 1689 autem
1751 1657 1810 1689 ex
1841 1658 1989 1702 supra,

100 1707 233 1752 dictis
255 1711 438 1763 (quaest.
456 1722 582 1751 xtvui
602 1713 649 1752 et
662 1710 791 1763 xmx),
810 1707 933 1763 quod
951 1719 1075 1751 mors
1096 1707 1257 1751 Christi
1275 1706 1579 1751 satisfactoria
1600 1707 1687 1750 fuit
1701 1705 1985 1753 sufficienter

98 1780 183 1824 pro
206 1770 424 1827 peccatis,
444 1783 534 1812 non
551 1769 694 1812 solam
716 1772 896 1825 nostris,
916 1770 997 1811 sed
1013 1772 1152 1811 etiam
1173 1771 1310 1811 totius
1331 1769 1511 1820 viandi,
1527 1772 1581 1811 ut
1603 1767 1836 1822 dicitur(1.
1849 1771 1980 1814 Joan.

99 1843 146 1885 n,
168 1833 226 1884 5).
243 1833 296 1874 Et
310 1831 412 1875 ideo
431 1831 472 1875 ei
505 1831 586 1888 qui
607 1831 882 1888 baptizatur,
903 1843 987 1886 pro
1006 1830 1381 1887 quibuscumque
1399 1829 1603 1886 peccatis
1626 1842 1720 1873 non
1743 1830 1982 1888 estaIIqua

101 1892 352 1937 satisfactio
389 1893 703 1950 injUngenda3
731 1894 818 1937 hoc
854 1893 978 1937 enim
1002 1896 1126 1937 esset
1146 1892 1364 1948 injuriam
1395 1893 1548 1936 facere
1565 1892 1770 1948 passioni
1784 1898 1828 1937 et
1845 1895 1981 1938 morti

101 1954 281 2010 Christi,
311 1955 444 2011 quasi
476 1955 579 2010 ipsa
614 1967 708 1998 non
738 1959 864 1999 esset
884 1954 1123 1999 sufficiens
1150 1953 1210 1998 ad
1243 1953 1497 2010 plenariam
1516 1953 1878 1998 satisfactionem
1898 1967 1981 2011 pro

62 2044 74 2049 s>
99 2015 298 2073 peccatis
317 2016 666 2073 baptizatorum.

152 2076 219 2122 Ad
238 2081 436 2134 primum
465 2091 577 2135 ergo
598 2077 862 2134 dicendum,
884 2077 1009 2134 quod
1026 2110 1038 2131 ,
1060 2077 1181 2122 sicut
1203 2077 1491 2132 Augustinus
1513 2077 1624 2121 dicit
1648 2078 1724 2131 (De
1747 2077 1979 2133 baptismo

98 2138 415 2194 parvulorum,
439 2139 519 2184 lib.
541 2154 571 2195 ι,
607 2152 691 2184 seu
712 2143 774 2184 De
800 2145 975 2196 peccat.
1006 2139 1160 2182 merit.
1184 2144 1231 2183 et
1261 2139 1441 2182 remiss.
1467 2151 1568 2194 cap.
1593 2141 1662 2193 26,
1690 2139 1716 2182 a
1738 2139 1899 2193 med.),
1920 2139 1980 2186 ad

99 2200 189 2244 hoc
202 2200 460 2257 baptismus
473 2201 631 2246 valet«
651 2206 705 2246 ut
722 2201 938 2257 baptizati
956 2201 1131 2245 Christo
1146 2200 1516 2257 incorporentur,
1534 2205 1587 2244 ut
1604 2201 1813 2245 membra
1831 2202 1976 2257 ejus.»

101 2261 230 2307 Unde
250 2261 352 2318 ipsa
367 2275 508 2319 poena
528 2263 693 2307 Christi
716 2263 804 2306 fuit
829 2262 1134 2306 satisfactoria
1155 2274 1239 2318 pro
1265 2261 1466 2318 peccatis
1488 2261 1839 2319 baptizatorum,
1860 2263 1981 2308 sicut

100 2327 147 2367 et
165 2335 304 2380 poena
325 2325 467 2368 unius
482 2324 678 2368 membri
702 2328 853 2380 potest
877 2336 980 2368 esse
999 2323 1303 2368 satisfactoria
1326 2336 1410 2379 pro
1427 2328 1613 2379 peccato
1629 2323 1818 2368 alterius
1836 2336 1982 2369 mem-

99 2383 189 2430 bri.
209 2385 338 2430 Unde
362 2388 464 2438 (lsa.
490 2399 578 2442 mu,
601 2389 645 2440 4)
665 2385 833 2431 dicitur
853 2399 866 2428 ε
892 2386 1007 2429 Vere
1034 2387 1276 2442 lanquores
1299 2389 1477 2428 nostros
1494 2388 1588 2439 ipse
1605 2387 1724 2444 tulit,
1744 2390 1789 2428 et
1804 2386 1981 2430 dolores

99 2450 275 2490 nostros
297 2450 392 2502 ipse
412 2450 633 2503 portavit.

152 2507 218 2552 Ad
230 2509 473 2551 secundum
491 2509 756 2564 dicendum,
781 2508 905 2564 quod
926 2520 1076 2564 nuper
1092 2508 1310 2564 baptizati
1333 2507 1618 2553 exercitandi
1640 2513 1753 2553 sunt
1771 2507 1828 2553 ad
1839 2508 1981 2566 111311-

98 2569 226 2624 tiam,
248 2581 342 2614 non
367 2582 450 2627 per
470 2583 611 2628 opera
628 2571 830 2628 poenalia
849 2573 927 2626 (1),
952 2570 1035 2615 sed
1050 2582 1132 2626 per
1153 2583 1293 2627 opera
1315 2570 1483 2626 facilia,
1513 2588 1532 2608 «
1552 2574 1606 2614 ut
1627 2569 1760 2626 quasi
1779 2571 1980 2626 quodam

97 2630 217 2676 lacte
234 2631 382 2676 facilis
396 2634 601 2676 exercitii
615 2637 976 2690 promoveantur
990 2633 1048 2676 ad
1061 2632 1350 2688 perfectiora,
1369 2650 1389 2670 »
1409 2636 1459 2676 ut
1475 2632 1633 2675 Glossa
1649 2631 1766 2686 (ord.
1789 2632 1979 2688 implic.)

99 2692 211 2736 dicit
230 2705 371 2749 super
389 2693 502 2738 illud
523 2695 639 2738 Psal.
669 2708 778 2739 cxxx
795 2711 806 2739 z
824 2697 949 2739 Sicut
971 2695 1224 2737 ablactatus
1246 2698 1311 2737 est
1333 2706 1467 2749 super
1485 2697 1635 2737 matre
1660 2696 1759 2738 sua.
1785 2694 1914 2739 Unde
1933 2698 1981 2739 et

99 2753 317 2799 Dominus
337 2755 590 2810 discipulos
614 2768 726 2800 suos
748 2757 806 2801 de
830 2768 952 2800 novo
982 2768 1235 2800 conversos
1255 2754 1283 2798 a
1298 2755 1477 2812 Jernio
1509 2754 1762 2810 excusavit,
1782 2759 1836 2799 111
1855 2760 1980 2810 patet

108 2812 270 2870 (Matth.
296 2818 368 2871 ix).
386 2819 440 2860 Et
456 2818 543 2860 1106
562 2821 633 2861 631
648 2818 774 2874 quod
795 2818 965 2863 dicitur
990 2820 1038 2871 (1.
1062 2817 1182 2862 Petri
1206 2831 1251 2873 11,
1268 2820 1311 2871 2)
1332 2833 1343 2861 :
1368 2819 1493 2860 Sicut
1513 2817 1644 2860 moda
1663 2819 1803 2872 qeniti
1822 2819 1980 2871 insan—

103 2879 166 2921 tes
187 2878 261 2920 lac
277 2880 582 2934 concupiscite,
603 2882 652 2922 ut
670 2881 719 2921 in
739 2891 789 2922 eo
804 2881 1021 2922 crescatis
1039 2882 1090 2922 ir*
1108 2879 1318 2922 salutem.

153 2938 219 2982 Ad
249 2942 431 2982 tertiam
446 2939 709 2997 dIcendum,
724 2940 849 2996 quod
877 2941 1119 2985 restituere
1143 2940 1264 2984 male
1282 2939 1435 2984 ablata
1459 2939 1699 2996 proximis,
1718 2943 1767 2985 et
1794 2938 1980 2984 satisfa-

102 3010 204 3043 cere
222 3000 291 3044 eis
311 3000 369 3044 de
406 3000 589 3056 injuriis
612 3001 773 3058 illatis,
793 3007 866 3047 est
894 3014 1078 3047 cessare
1105 3002 1132 3046 a
1155 3000 1415 3058 peccando,
1435 3000 1545 3057 quia
1567 3001 1655 3045 hoc
1678 3000 1833 3056 ipsum
1854 3002 1980 3057 quod

99 3065 170 3104 est
192 3060 397 3106 detincre
429 3062 596 3117 aliena,
617 3067 664 3107 et
682 3063 946 3118 proximum
979 3064 1144 3108 laesum
1167 3076 1261 3107 non
1288 3062 1490 3119 placare,
1525 3067 1597 3107 est
1628 3068 1888 3118 peccatum.
1926 3066 1980 3108 Et

99 3121 202 3166 ideo
223 3124 543 3179 peccatoribus
559 3124 800 3180 baptizatis
822 3124 1163 3182 injungendum
1182 3124 1398 3181 estquod
1426 3123 1712 3168 satisfaciant
1738 3124 1975 3181 proximis,

99 3183 220 3227 316111
244 3189 290 3228 61
308 3184 430 3239 quod
460 3185 685 3229 desistant
704 3186 731 3228 a
754 3191 971 3242 peccato3
999 3199 1091 3230 non
1116 3192 1185 3230 631
1215 3192 1370 3229 autem
1392 3185 1460 3230 eis
1482 3184 1825 3242 injungendum
1856 3185 1980 3242 quod

98 3256 183 3300 pro
205 3246 405 3301 peccatis
427 3246 670 3301 praeteritis
687 3245 887 3302 aliquam
909 3260 1096 3303 poe-«iam
1119 3247 1372 3303 patiantur.

143 3394 186 3434 (1)
209 3394 302 3436 Quod
329 3395 586 3435 intelligendum
615 3400 678 3438 est,
704 3397 753 3431 ait
781 3396 924 3438 Sylvius,
954 3398 994 3431 de
1081 3398 1267 3432 ordinarie.
1301 3399 1386 3432 Nam
1419 3411 1458 3433 ex
1488 3400 1593 3433 causis
1624 3402 1662 3432 ut
1691 3397 1731 3431 ad
1764 3397 1979 3436 corrigendos

98 3439 256 3483 operibus
270 3441 520 3478 difficilioribus
536 3449 569 3479 et
588 3443 627 3479 de
642 3456 680 3480 eo
695 3444 784 3486 quod
803 3445 877 3479 fieri
898 3444 997 3480 dcl-st
1081 3457 1200 3487 pravos
1223 3457 1336 3481 mores
1360 3450 1393 3480 et
1418 3446 1573 3484 affectus,
1597 3446 1639 3482 ad
1654 3445 1861 3481 excitandam
1882 3444 1980 3481 devo-
