<?xml version="1.0" encoding="UTF-8"?>
<!DOCTYPE html PUBLIC "-//W3C//DTD XHTML 1.0 Transitional//EN"
    "http://www.w3.org/TR/xhtml1/DTD/xhtml1-transitional.dtd">
<html xmlns="http://www.w3.org/1999/xhtml" xml:lang="en" lang="en">
 <head>
  <title>
</title>
<meta http-equiv="Content-Type" content="text/html;charset=utf-8" />
  <meta name='ocr-system' content='tesseract 3.04.00' />
  <meta name='ocr-capabilities' content='ocr_page ocr_carea ocr_par ocr_line ocrx_word'/>
</head>
<body>
  <div class='ocr_page' id='page_1' title='image "./summatheologica06thomuoft_0512.png"; bbox 0 0 2170 3808; ppageno 0'>
   <div class='ocr_carea' id='block_1_1' title="bbox 236 179 1356 232">
    <p class='ocr_par' dir='ltr' id='par_1_1' title="bbox 236 179 1356 232">
     <span class='ocr_line' id='line_1_1' title="bbox 236 179 1356 232; baseline -0.004 -5"><span class='ocrx_word' id='word_1_1' title='bbox 236 184 320 227; x_wconf 66' lang='lat'>476</span> <span class='ocrx_word' id='word_1_2' title='bbox 1007 180 1207 232; x_wconf 84' lang='lat' dir='ltr'>QUAEST.</span> <span class='ocrx_word' id='word_1_3' title='bbox 1239 179 1356 223; x_wconf 87' lang='lat' dir='ltr'>Lvn.</span> 
     </span>
    </p>
   </div>
   <div class='ocr_carea' id='block_1_2' title="bbox 224 257 2170 2649">
    <p class='ocr_par' dir='ltr' id='par_1_2' title="bbox 237 257 2123 313">
     <span class='ocr_line' id='line_1_2' title="bbox 237 257 2123 313; baseline 0 -10"><span class='ocrx_word' id='word_1_4' title='bbox 237 262 542 303; x_wconf 80' lang='lat' dir='ltr'>resurrectionis</span> <span class='ocrx_word' id='word_1_5' title='bbox 568 269 797 311; x_wconf 82' lang='lat' dir='ltr'>corporum,</span> <span class='ocrx_word' id='word_1_6' title='bbox 830 257 900 299; x_wconf 80' lang='lat' dir='ltr'>sed</span> <span class='ocrx_word' id='word_1_7' title='bbox 929 257 1055 299; x_wconf 80' lang='lat' dir='ltr'>etiam</span> <span class='ocrx_word' id='word_1_8' title='bbox 1094 260 1333 300; x_wconf 68' lang='lat' dir='ltr'>animarum·</span> <span class='ocrx_word' id='word_1_9' title='bbox 1363 272 1485 301; x_wconf 83' lang='lat' dir='ltr'>causa</span> <span class='ocrx_word' id='word_1_10' title='bbox 1511 262 1694 302; x_wconf 80' lang='lat' dir='ltr'>effectiva</span> <span class='ocrx_word' id='word_1_11' title='bbox 1727 264 1767 301; x_wconf 85' lang='lat' dir='ltr'>et</span> <span class='ocrx_word' id='word_1_12' title='bbox 1789 261 2032 313; x_wconf 85' lang='lat' dir='ltr'>exemplaris</span> <span class='ocrx_word' id='word_1_13' title='bbox 2049 264 2123 303; x_wconf 81' lang='lat' dir='ltr'>est.</span> 
     </span>
    </p>

    <p class='ocr_par' dir='ltr' id='par_1_3' title="bbox 232 321 2129 1064">
     <span class='ocr_line' id='line_1_3' title="bbox 291 321 2125 381; baseline -0.001 -11"><span class='ocrx_word' id='word_1_14' title='bbox 291 324 564 381; x_wconf 90' lang='lat' dir='ltr'>Respondeo</span> <span class='ocrx_word' id='word_1_15' title='bbox 585 322 838 367; x_wconf 88' lang='lat' dir='ltr'>dicendum</span> <span class='ocrx_word' id='word_1_16' title='bbox 862 321 1005 379; x_wconf 83' lang='lat' dir='ltr'>quod,</span> <span class='ocrx_word' id='word_1_17' title='bbox 1027 322 1149 367; x_wconf 86' lang='lat' dir='ltr'>sicut</span> <span class='ocrx_word' id='word_1_18' title='bbox 1168 322 1343 367; x_wconf 87' lang='lat' dir='ltr'>dictum</span> <span class='ocrx_word' id='word_1_19' title='bbox 1363 327 1435 368; x_wconf 89' lang='lat' dir='ltr'>est</span> <span class='ocrx_word' id='word_1_20' title='bbox 1449 326 1551 378; x_wconf 87' lang='lat' dir='ltr'>(art.</span> <span class='ocrx_word' id='word_1_21' title='bbox 1572 337 1711 381; x_wconf 82' lang='lat' dir='ltr'>praec.</span> <span class='ocrx_word' id='word_1_22' title='bbox 1734 324 1791 369; x_wconf 88' lang='lat' dir='ltr'>ad</span> <span class='ocrx_word' id='word_1_23' title='bbox 1810 326 1868 379; x_wconf 89' lang='lat'>3),</span> <span class='ocrx_word' id='word_1_24' title='bbox 1889 335 2125 369; x_wconf 88' lang='lat' dir='ltr'>resurrec-</span> 
     </span>
     <span class='ocr_line' id='line_1_4' title="bbox 239 382 2126 440; baseline -0.001 -8"><span class='ocrx_word' id='word_1_25' title='bbox 239 388 301 432; x_wconf 89' lang='lat' dir='ltr'>tio</span> <span class='ocrx_word' id='word_1_26' title='bbox 336 384 497 430; x_wconf 85' lang='lat' dir='ltr'>Christi</span> <span class='ocrx_word' id='word_1_27' title='bbox 537 383 632 440; x_wconf 87' lang='lat' dir='ltr'>agit</span> <span class='ocrx_word' id='word_1_28' title='bbox 650 383 699 428; x_wconf 92' lang='lat' dir='ltr'>in</span> <span class='ocrx_word' id='word_1_29' title='bbox 718 382 889 429; x_wconf 80' lang='lat' dir='ltr'>virtute</span> <span class='ocrx_word' id='word_1_30' title='bbox 913 383 1199 439; x_wconf 78' lang='lat' dir='ltr'>divinitatis;</span> <span class='ocrx_word' id='word_1_31' title='bbox 1225 396 1331 440; x_wconf 87' lang='lat' dir='ltr'>quae</span> <span class='ocrx_word' id='word_1_32' title='bbox 1349 385 1536 440; x_wconf 90' lang='lat' dir='ltr'>quidem</span> <span class='ocrx_word' id='word_1_33' title='bbox 1559 398 1610 431; x_wconf 90' lang='lat' dir='ltr'>se</span> <span class='ocrx_word' id='word_1_34' title='bbox 1629 386 1840 431; x_wconf 88' lang='lat' dir='ltr'>extendit</span> <span class='ocrx_word' id='word_1_35' title='bbox 1856 398 1948 429; x_wconf 91' lang='lat' dir='ltr'>non</span> <span class='ocrx_word' id='word_1_36' title='bbox 1974 385 2126 430; x_wconf 79' lang='lat' dir='ltr'>solum</span> 
     </span>
     <span class='ocr_line' id='line_1_5' title="bbox 234 445 2126 503; baseline -0.001 -11"><span class='ocrx_word' id='word_1_37' title='bbox 234 447 295 492; x_wconf 88' lang='lat' dir='ltr'>ad</span> <span class='ocrx_word' id='word_1_38' title='bbox 318 445 705 491; x_wconf 83' lang='lat' dir='ltr'>resurrectionem</span> <span class='ocrx_word' id='word_1_39' title='bbox 726 457 990 503; x_wconf 87' lang='lat' dir='ltr'>corporum,</span> <span class='ocrx_word' id='word_1_40' title='bbox 1015 446 1095 491; x_wconf 90' lang='lat' dir='ltr'>sed</span> <span class='ocrx_word' id='word_1_41' title='bbox 1130 446 1270 491; x_wconf 87' lang='lat' dir='ltr'>etiam</span> <span class='ocrx_word' id='word_1_42' title='bbox 1297 445 1357 490; x_wconf 92' lang='lat' dir='ltr'>ad</span> <span class='ocrx_word' id='word_1_43' title='bbox 1378 447 1763 492; x_wconf 85' lang='lat' dir='ltr'>resurrectionem</span> <span class='ocrx_word' id='word_1_44' title='bbox 1788 446 2078 503; x_wconf 76' lang='lat' dir='ltr'>animarum3</span> <span class='ocrx_word' id='word_1_45' title='bbox 2097 447 2126 491; x_wconf 74' lang='lat' dir='ltr'>a</span> 
     </span>
     <span class='ocr_line' id='line_1_6' title="bbox 235 506 2127 566; baseline 0 -13"><span class='ocrx_word' id='word_1_46' title='bbox 235 510 327 553; x_wconf 94' lang='lat' dir='ltr'>Deo</span> <span class='ocrx_word' id='word_1_47' title='bbox 355 506 481 551; x_wconf 90' lang='lat' dir='ltr'>enim</span> <span class='ocrx_word' id='word_1_48' title='bbox 500 513 572 552; x_wconf 88' lang='lat' dir='ltr'>est</span> <span class='ocrx_word' id='word_1_49' title='bbox 593 511 640 552; x_wconf 89' lang='lat' dir='ltr'>et</span> <span class='ocrx_word' id='word_1_50' title='bbox 672 507 798 564; x_wconf 83' lang='lat' dir='ltr'>quod</span> <span class='ocrx_word' id='word_1_51' title='bbox 829 507 982 551; x_wconf 81' lang='lat' dir='ltr'>anima</span> <span class='ocrx_word' id='word_1_52' title='bbox 1000 507 1126 552; x_wconf 84' lang='lat' dir='ltr'>vivat</span> <span class='ocrx_word' id='word_1_53' title='bbox 1146 520 1228 565; x_wconf 89' lang='lat' dir='ltr'>per</span> <span class='ocrx_word' id='word_1_54' title='bbox 1256 506 1470 564; x_wconf 82' lang='lat' dir='ltr'>gratiam,</span> <span class='ocrx_word' id='word_1_55' title='bbox 1489 513 1536 554; x_wconf 88' lang='lat' dir='ltr'>et</span> <span class='ocrx_word' id='word_1_56' title='bbox 1561 509 1687 566; x_wconf 86' lang='lat' dir='ltr'>quod</span> <span class='ocrx_word' id='word_1_57' title='bbox 1714 520 1885 565; x_wconf 89' lang='lat' dir='ltr'>corpus</span> <span class='ocrx_word' id='word_1_58' title='bbox 1902 508 2028 551; x_wconf 87' lang='lat' dir='ltr'>vivat</span> <span class='ocrx_word' id='word_1_59' title='bbox 2043 520 2127 564; x_wconf 90' lang='lat' dir='ltr'>per</span> 
     </span>
     <span class='ocr_line' id='line_1_7' title="bbox 237 568 2128 617; baseline 0.001 -4"><span class='ocrx_word' id='word_1_60' title='bbox 237 568 525 614; x_wconf 83' lang='lat' dir='ltr'>animam.Et</span> <span class='ocrx_word' id='word_1_61' title='bbox 537 569 640 615; x_wconf 83' lang='lat' dir='ltr'>ideo</span> <span class='ocrx_word' id='word_1_62' title='bbox 670 570 947 615; x_wconf 85' lang='lat' dir='ltr'>resurrectio</span> <span class='ocrx_word' id='word_1_63' title='bbox 978 570 1139 615; x_wconf 82' lang='lat' dir='ltr'>Christi</span> <span class='ocrx_word' id='word_1_64' title='bbox 1158 569 1298 615; x_wconf 89' lang='lat' dir='ltr'>habet</span> <span class='ocrx_word' id='word_1_65' title='bbox 1317 570 1729 617; x_wconf 79' lang='lat' dir='ltr'>instrumentaliter</span> <span class='ocrx_word' id='word_1_66' title='bbox 1746 571 1965 615; x_wconf 86' lang='lat' dir='ltr'>virtutem</span> <span class='ocrx_word' id='word_1_67' title='bbox 1988 570 2128 615; x_wconf 86' lang='lat' dir='ltr'>effec-</span> 
     </span>
     <span class='ocr_line' id='line_1_8' title="bbox 235 632 2128 691; baseline 0.001 -13"><span class='ocrx_word' id='word_1_68' title='bbox 235 632 396 691; x_wconf 85' lang='lat' dir='ltr'>tivam,</span> <span class='ocrx_word' id='word_1_69' title='bbox 416 645 511 678; x_wconf 88' lang='lat' dir='ltr'>non</span> <span class='ocrx_word' id='word_1_70' title='bbox 544 632 698 677; x_wconf 75' lang='lat' dir='ltr'>solum</span> <span class='ocrx_word' id='word_1_71' title='bbox 725 636 943 690; x_wconf 86' lang='lat' dir='ltr'>respectu</span> <span class='ocrx_word' id='word_1_72' title='bbox 964 633 1320 678; x_wconf 79' lang='lat' dir='ltr'>resurrectionis</span> <span class='ocrx_word' id='word_1_73' title='bbox 1353 645 1614 691; x_wconf 90' lang='lat' dir='ltr'>corporum,</span> <span class='ocrx_word' id='word_1_74' title='bbox 1638 634 1722 679; x_wconf 89' lang='lat' dir='ltr'>sed</span> <span class='ocrx_word' id='word_1_75' title='bbox 1753 633 1890 678; x_wconf 89' lang='lat' dir='ltr'>etiam</span> <span class='ocrx_word' id='word_1_76' title='bbox 1912 637 2128 689; x_wconf 88' lang='lat' dir='ltr'>respectu</span> 
     </span>
     <span class='ocr_line' id='line_1_9' title="bbox 234 693 2128 751; baseline 0.001 -12"><span class='ocrx_word' id='word_1_77' title='bbox 234 695 588 741; x_wconf 86' lang='lat' dir='ltr'>resurrectionis</span> <span class='ocrx_word' id='word_1_78' title='bbox 621 694 903 740; x_wconf 88' lang='lat' dir='ltr'>animarum.</span> <span class='ocrx_word' id='word_1_79' title='bbox 924 694 1140 740; x_wconf 88' lang='lat' dir='ltr'>Similiter</span> <span class='ocrx_word' id='word_1_80' title='bbox 1168 695 1309 740; x_wconf 88' lang='lat' dir='ltr'>etiam</span> <span class='ocrx_word' id='word_1_81' title='bbox 1330 695 1470 740; x_wconf 88' lang='lat' dir='ltr'>habet</span> <span class='ocrx_word' id='word_1_82' title='bbox 1500 697 1729 741; x_wconf 90' lang='lat' dir='ltr'>rationem</span> <span class='ocrx_word' id='word_1_83' title='bbox 1762 693 2128 751; x_wconf 81' lang='lat' dir='ltr'>exemplaritatis</span> 
     </span>
     <span class='ocr_line' id='line_1_10' title="bbox 233 755 2128 816; baseline -0.001 -14"><span class='ocrx_word' id='word_1_84' title='bbox 233 763 450 815; x_wconf 87' lang='lat' dir='ltr'>respectu</span> <span class='ocrx_word' id='word_1_85' title='bbox 467 756 821 803; x_wconf 86' lang='lat' dir='ltr'>resurrectionis</span> <span class='ocrx_word' id='word_1_86' title='bbox 841 757 1120 814; x_wconf 88' lang='lat' dir='ltr'>animarum,</span> <span class='ocrx_word' id='word_1_87' title='bbox 1137 757 1247 815; x_wconf 90' lang='lat' dir='ltr'>quia</span> <span class='ocrx_word' id='word_1_88' title='bbox 1269 757 1447 802; x_wconf 87' lang='lat' dir='ltr'>Christo</span> <span class='ocrx_word' id='word_1_89' title='bbox 1466 759 1723 816; x_wconf 83' lang='lat' dir='ltr'>resurgenti</span> <span class='ocrx_word' id='word_1_90' title='bbox 1747 757 1974 803; x_wconf 91' lang='lat' dir='ltr'>debemus</span> <span class='ocrx_word' id='word_1_91' title='bbox 1989 755 2128 801; x_wconf 87' lang='lat' dir='ltr'>etiam</span> 
     </span>
     <span class='ocr_line' id='line_1_11' title="bbox 234 819 2126 879; baseline 0 -15"><span class='ocrx_word' id='word_1_92' title='bbox 234 821 493 864; x_wconf 80' lang='lat' dir='ltr'>secundum</span> <span class='ocrx_word' id='word_1_93' title='bbox 524 819 729 863; x_wconf 89' lang='lat' dir='ltr'>animam</span> <span class='ocrx_word' id='word_1_94' title='bbox 754 819 1048 873; x_wconf 86' lang='lat' dir='ltr'>conformari,</span> <span class='ocrx_word' id='word_1_95' title='bbox 1074 838 1094 858; x_wconf 89' lang='lat'>«</span> <span class='ocrx_word' id='word_1_96' title='bbox 1122 825 1177 864; x_wconf 88' lang='lat' dir='ltr'>ut</span> <span class='ocrx_word' id='word_1_97' title='bbox 1194 820 1332 879; x_wconf 85' lang='lat' dir='ltr'>sicut,</span> <span class='ocrx_word' id='word_1_98' title='bbox 1359 838 1379 857; x_wconf 88' lang='lat'>»</span> <span class='ocrx_word' id='word_1_99' title='bbox 1401 821 1660 878; x_wconf 78' lang='lat' dir='ltr'>secundum</span> <span class='ocrx_word' id='word_1_100' title='bbox 1681 819 1950 877; x_wconf 86' lang='lat' dir='ltr'>Apostolum</span> <span class='ocrx_word' id='word_1_101' title='bbox 1980 821 2126 872; x_wconf 84' lang='lat' dir='ltr'>(Rom.</span> 
     </span>
     <span class='ocr_line' id='line_1_12' title="bbox 234 881 2129 940; baseline 0.001 -17"><span class='ocrx_word' id='word_1_102' title='bbox 234 893 294 938; x_wconf 88' lang='lat' dir='ltr'>v1,</span> <span class='ocrx_word' id='word_1_103' title='bbox 319 884 362 936; x_wconf 72' lang='lat'>4&gt;</span> <span class='ocrx_word' id='word_1_104' title='bbox 384 894 394 924; x_wconf 91' lang='lat'><strong>:</strong></span> <span class='ocrx_word' id='word_1_105' title='bbox 421 881 631 924; x_wconf 76' lang='lat' dir='ltr'>Christus</span> <span class='ocrx_word' id='word_1_106' title='bbox 653 884 858 925; x_wconf 74' lang='lat' dir='ltr'>surrexit</span> <span class='ocrx_word' id='word_1_107' title='bbox 877 883 906 925; x_wconf 89' lang='grc' dir='ltr'><em>ὰ</em></span> <span class='ocrx_word' id='word_1_108' title='bbox 931 885 1119 926; x_wconf 81' lang='lat' dir='ltr'>mortuis</span> <span class='ocrx_word' id='word_1_109' title='bbox 1136 896 1219 939; x_wconf 86' lang='lat' dir='ltr'>per</span> <span class='ocrx_word' id='word_1_110' title='bbox 1237 882 1432 940; x_wconf 75' lang='lat' dir='ltr'>qloriam</span> <span class='ocrx_word' id='word_1_111' title='bbox 1452 885 1641 940; x_wconf 83' lang='lat' dir='ltr'>Patris‚·</span> <span class='ocrx_word' id='word_1_112' title='bbox 1669 886 1739 927; x_wconf 84' lang='lat' dir='ltr'>ita</span> <span class='ocrx_word' id='word_1_113' title='bbox 1764 886 1806 926; x_wconf 71' lang='lat' dir='ltr'>et</span> <span class='ocrx_word' id='word_1_114' title='bbox 1828 895 1906 926; x_wconf 79' lang='lat' dir='ltr'>nos</span> <span class='ocrx_word' id='word_1_115' title='bbox 1935 883 1983 925; x_wconf 81' lang='lat' dir='ltr'>iu</span> <span class='ocrx_word' id='word_1_116' title='bbox 2000 883 2129 925; x_wconf 83' lang='lat' dir='ltr'>novi·</span> 
     </span>
     <span class='ocr_line' id='line_1_13' title="bbox 234 943 2129 1019; baseline -0.001 -31"><span class='ocrx_word' id='word_1_117' title='bbox 234 946 326 988; x_wconf 81' lang='lat' dir='ltr'>tate</span> <span class='ocrx_word' id='word_1_118' title='bbox 342 946 442 987; x_wconf 81' lang='lat' dir='ltr'>vitae</span> <span class='ocrx_word' id='word_1_119' title='bbox 467 943 768 999; x_wconf 77' lang='lat' dir='ltr'>ambulemu8‚</span> <span class='ocrx_word' id='word_1_120' title='bbox 761 957 772 968; x_wconf 92' lang='lat'><strong>·</strong></span> <span class='ocrx_word' id='word_1_121' title='bbox 793 946 837 987; x_wconf 81' lang='lat' dir='ltr'>et</span> <span class='ocrx_word' id='word_1_122' title='bbox 853 946 969 988; x_wconf 79' lang='lat' dir='ltr'>sicut</span> <span class='ocrx_word' id='word_1_123' title='bbox 985 947 1080 1001; x_wconf 83' lang='lat' dir='ltr'>ipse</span> <span class='ocrx_word' id='word_1_124' title='bbox 1099 958 1338 1002; x_wconf 71' lang='lat' dir='ltr'>resurqeus</span> <span class='ocrx_word' id='word_1_125' title='bbox 1353 958 1411 988; x_wconf 75' lang='lat' dir='ltr'>ex</span> <span class='ocrx_word' id='word_1_126' title='bbox 1422 947 1610 989; x_wconf 77' lang='lat' dir='ltr'>mortuis</span> <span class='ocrx_word' id='word_1_127' title='bbox 1619 946 1724 1001; x_wconf 83' lang='lat' dir='ltr'>jam</span> <span class='ocrx_word' id='word_1_128' title='bbox 1739 958 1827 987; x_wconf 79' lang='lat' dir='ltr'>uon</span> <span class='ocrx_word' id='word_1_129' title='bbox 1839 947 2046 1019; x_wconf 73' lang='lat' dir='ltr'>moritur,</span> <span class='ocrx_word' id='word_1_130' title='bbox 2060 945 2129 986; x_wconf 72' lang='lat' dir='ltr'>ita</span> 
     </span>
     <span class='ocr_line' id='line_1_14' title="bbox 232 1005 2094 1064; baseline 0 -16"><span class='ocrx_word' id='word_1_131' title='bbox 232 1009 277 1048; x_wconf 75' lang='lat' dir='ltr'>ei</span> <span class='ocrx_word' id='word_1_132' title='bbox 300 1019 379 1048; x_wconf 78' lang='lat' dir='ltr'>uos</span> <span class='ocrx_word' id='word_1_133' title='bbox 395 1008 700 1049; x_wconf 76' lang='lat' dir='ltr'>existimemus</span> <span class='ocrx_word' id='word_1_134' title='bbox 728 1019 807 1048; x_wconf 77' lang='lat' dir='ltr'>nos</span> <span class='ocrx_word' id='word_1_135' title='bbox 827 1011 1023 1050; x_wconf 83' lang='lat' dir='ltr'>mortuos</span> <span class='ocrx_word' id='word_1_136' title='bbox 1045 1020 1138 1050; x_wconf 88' lang='lat' dir='ltr'>esse</span> <span class='ocrx_word' id='word_1_137' title='bbox 1150 1011 1353 1064; x_wconf 78' lang='lat' dir='ltr'>peccato,</span> <span class='ocrx_word' id='word_1_138' title='bbox 1369 1010 1419 1051; x_wconf 81' lang='lat' dir='ltr'>ut</span> <span class='ocrx_word' id='word_1_139' title='bbox 1440 1007 1603 1051; x_wconf 78' lang='lat' dir='ltr'>iterum</span> <span class='ocrx_word' id='word_1_140' title='bbox 1624 1010 1825 1050; x_wconf 84' lang='lat' dir='ltr'>vivamus</span> <span class='ocrx_word' id='word_1_141' title='bbox 1841 1009 1890 1049; x_wconf 84' lang='lat' dir='ltr'>in</span> <span class='ocrx_word' id='word_1_142' title='bbox 1911 1005 1992 1049; x_wconf 87' lang='lat' dir='ltr'>illo</span> <span class='ocrx_word' id='word_1_143' title='bbox 2016 1006 2094 1059; x_wconf 82' lang='lat'>(1).</span> 
     </span>
    </p>

    <p class='ocr_par' dir='ltr' id='par_1_4' title="bbox 228 1065 2170 1498">
     <span class='ocr_line' id='line_1_15' title="bbox 286 1065 2162 1139; baseline 0.002 -29"><span class='ocrx_word' id='word_1_144' title='bbox 286 1067 353 1110; x_wconf 90' lang='lat' dir='ltr'>Ad</span> <span class='ocrx_word' id='word_1_145' title='bbox 370 1069 568 1123; x_wconf 77' lang='lat' dir='ltr'>primum</span> <span class='ocrx_word' id='word_1_146' title='bbox 594 1079 706 1123; x_wconf 86' lang='lat' dir='ltr'>ergo</span> <span class='ocrx_word' id='word_1_147' title='bbox 730 1067 994 1126; x_wconf 88' lang='lat' dir='ltr'>dicendum,</span> <span class='ocrx_word' id='word_1_148' title='bbox 1021 1068 1144 1125; x_wconf 84' lang='lat' dir='ltr'>quod</span> <span class='ocrx_word' id='word_1_149' title='bbox 1166 1068 1455 1125; x_wconf 84' lang='lat' dir='ltr'>Augustinus</span> <span class='ocrx_word' id='word_1_150' title='bbox 1475 1068 1585 1114; x_wconf 88' lang='lat' dir='ltr'>dicit</span> <span class='ocrx_word' id='word_1_151' title='bbox 1602 1067 1991 1139; x_wconf 65' lang='lat' dir='ltr'>resurrectionem</span> <span class='ocrx_word' id='word_1_152' title='bbox 2027 1065 2130 1110; x_wconf 85' lang='lat' dir='ltr'>ani·</span> <span class='ocrx_word' id='word_1_153' title='bbox 2159 1111 2162 1113; x_wconf 72' lang='grc'><strong>,</strong></span> 
     </span>
     <span class='ocr_line' id='line_1_16' title="bbox 231 1128 2170 1188; baseline 0 -16"><span class='ocrx_word' id='word_1_154' title='bbox 231 1138 415 1172; x_wconf 90' lang='lat' dir='ltr'>marum</span> <span class='ocrx_word' id='word_1_155' title='bbox 435 1129 532 1173; x_wconf 88' lang='lat' dir='ltr'>fieri</span> <span class='ocrx_word' id='word_1_156' title='bbox 557 1142 638 1185; x_wconf 89' lang='lat' dir='ltr'>per</span> <span class='ocrx_word' id='word_1_157' title='bbox 655 1129 730 1174; x_wconf 92' lang='lat' dir='ltr'>Dei</span> <span class='ocrx_word' id='word_1_158' title='bbox 748 1130 1078 1187; x_wconf 79' lang='lat' dir='ltr'>substantiam,</span> <span class='ocrx_word' id='word_1_159' title='bbox 1103 1133 1331 1188; x_wconf 84' lang='lat' dir='ltr'>quantum</span> <span class='ocrx_word' id='word_1_160' title='bbox 1353 1131 1411 1175; x_wconf 91' lang='lat' dir='ltr'>ad</span> <span class='ocrx_word' id='word_1_161' title='bbox 1431 1130 1849 1188; x_wconf 87' lang='lat' dir='ltr'>participationem,</span> <span class='ocrx_word' id='word_1_162' title='bbox 1872 1129 1982 1187; x_wconf 87' lang='lat' dir='ltr'>quia</span> <span class='ocrx_word' id='word_1_163' title='bbox 2005 1128 2130 1173; x_wconf 90' lang='lat' dir='ltr'>scili-</span> <span class='ocrx_word' id='word_1_164' title='bbox 2168 1155 2170 1157; x_wconf 95' lang='lat'>-</span> 
     </span>
     <span class='ocr_line' id='line_1_17' title="bbox 231 1190 2127 1248; baseline 0.001 -14"><span class='ocrx_word' id='word_1_165' title='bbox 231 1193 304 1234; x_wconf 85' lang='lat' dir='ltr'>cet</span> <span class='ocrx_word' id='word_1_166' title='bbox 332 1190 649 1248; x_wconf 84' lang='lat' dir='ltr'>participando</span> <span class='ocrx_word' id='word_1_167' title='bbox 668 1191 873 1236; x_wconf 88' lang='lat' dir='ltr'>divinam</span> <span class='ocrx_word' id='word_1_168' title='bbox 898 1193 1153 1238; x_wconf 86' lang='lat' dir='ltr'>bonitatem</span> <span class='ocrx_word' id='word_1_169' title='bbox 1178 1194 1345 1237; x_wconf 87' lang='lat' dir='ltr'>animae</span> <span class='ocrx_word' id='word_1_170' title='bbox 1367 1194 1486 1238; x_wconf 90' lang='lat' dir='ltr'>fiunt</span> <span class='ocrx_word' id='word_1_171' title='bbox 1522 1192 1657 1237; x_wconf 79' lang='lat' dir='ltr'>bonae</span> <span class='ocrx_word' id='word_1_172' title='bbox 1679 1197 1725 1236; x_wconf 90' lang='lat' dir='ltr'>et</span> <span class='ocrx_word' id='word_1_173' title='bbox 1749 1193 1905 1247; x_wconf 83' lang='lat' dir='ltr'>justae,</span> <span class='ocrx_word' id='word_1_174' title='bbox 1931 1203 2025 1235; x_wconf 90' lang='lat' dir='ltr'>non</span> <span class='ocrx_word' id='word_1_175' title='bbox 2046 1203 2127 1235; x_wconf 87' lang='lat' dir='ltr'>au-</span> 
     </span>
     <span class='ocr_line' id='line_1_18' title="bbox 230 1254 2167 1312; baseline 0 -14"><span class='ocrx_word' id='word_1_176' title='bbox 230 1257 324 1298; x_wconf 83' lang='lat' dir='ltr'>tem</span> <span class='ocrx_word' id='word_1_177' title='bbox 345 1255 666 1312; x_wconf 83' lang='lat' dir='ltr'>participando</span> <span class='ocrx_word' id='word_1_178' title='bbox 697 1267 1042 1312; x_wconf 86' lang='lat' dir='ltr'>quamcumque</span> <span class='ocrx_word' id='word_1_179' title='bbox 1075 1261 1350 1301; x_wconf 86' lang='lat' dir='ltr'>creaturam.</span> <span class='ocrx_word' id='word_1_180' title='bbox 1380 1256 1509 1300; x_wconf 88' lang='lat' dir='ltr'>Unde</span> <span class='ocrx_word' id='word_1_181' title='bbox 1538 1256 1646 1300; x_wconf 80' lang='lat' dir='ltr'>cum</span> <span class='ocrx_word' id='word_1_182' title='bbox 1661 1255 1887 1300; x_wconf 82' lang='lat' dir='ltr'>dixisset:</span> <span class='ocrx_word' id='word_1_183' title='bbox 1913 1272 1933 1292; x_wconf 90' lang='lat'><strong><em>«</em></strong></span> <span class='ocrx_word' id='word_1_184' title='bbox 1955 1254 2129 1299; x_wconf 82' lang='lat' dir='ltr'>Animae</span> <span class='ocrx_word' id='word_1_185' title='bbox 2166 1295 2167 1298; x_wconf 75' lang='grc'>,</span> 
     </span>
     <span class='ocr_line' id='line_1_19' title="bbox 229 1315 2129 1374; baseline 0 -15"><span class='ocrx_word' id='word_1_186' title='bbox 229 1321 482 1372; x_wconf 90' lang='lat' dir='ltr'>resurgunt</span> <span class='ocrx_word' id='word_1_187' title='bbox 512 1329 595 1372; x_wconf 90' lang='lat' dir='ltr'>per</span> <span class='ocrx_word' id='word_1_188' title='bbox 612 1315 923 1361; x_wconf 86' lang='lat' dir='ltr'>substantiam</span> <span class='ocrx_word' id='word_1_189' title='bbox 952 1317 1048 1373; x_wconf 89' lang='lat' dir='ltr'>Dei,</span> <span class='ocrx_word' id='word_1_190' title='bbox 1073 1318 1231 1362; x_wconf 88' lang='lat' dir='ltr'>subdit</span> <span class='ocrx_word' id='word_1_191' title='bbox 1257 1333 1267 1362; x_wconf 94' lang='lat'>:</span> <span class='ocrx_word' id='word_1_192' title='bbox 1288 1317 1641 1374; x_wconf 86' lang='lat' dir='ltr'>Participatione</span> <span class='ocrx_word' id='word_1_193' title='bbox 1660 1318 1786 1362; x_wconf 89' lang='lat' dir='ltr'>enim</span> <span class='ocrx_word' id='word_1_194' title='bbox 1807 1317 1884 1361; x_wconf 88' lang='lat' dir='ltr'>Dei</span> <span class='ocrx_word' id='word_1_195' title='bbox 1903 1316 1956 1361; x_wconf 88' lang='lat' dir='ltr'>fit</span> <span class='ocrx_word' id='word_1_196' title='bbox 1974 1315 2129 1360; x_wconf 88' lang='lat' dir='ltr'>anima</span> 
     </span>
     <span class='ocr_line' id='line_1_20' title="bbox 228 1375 2170 1436; baseline 0.001 -15"><span class='ocrx_word' id='word_1_197' title='bbox 228 1376 381 1433; x_wconf 86' lang='lat' dir='ltr'>beata,</span> <span class='ocrx_word' id='word_1_198' title='bbox 406 1390 500 1422; x_wconf 89' lang='lat' dir='ltr'>non</span> <span class='ocrx_word' id='word_1_199' title='bbox 521 1377 872 1434; x_wconf 86' lang='lat' dir='ltr'>participatione</span> <span class='ocrx_word' id='word_1_200' title='bbox 896 1379 1064 1424; x_wconf 88' lang='lat' dir='ltr'>animae</span> <span class='ocrx_word' id='word_1_201' title='bbox 1087 1385 1276 1424; x_wconf 82' lang='lat' dir='ltr'>sanctae.</span> <span class='ocrx_word' id='word_1_202' title='bbox 1300 1398 1319 1419; x_wconf 74' lang='grc' dir='ltr'><strong>υ</strong></span> <span class='ocrx_word' id='word_1_203' title='bbox 1356 1379 1443 1424; x_wconf 89' lang='lat' dir='ltr'>Sed</span> <span class='ocrx_word' id='word_1_204' title='bbox 1465 1379 1785 1436; x_wconf 85' lang='lat' dir='ltr'>participando</span> <span class='ocrx_word' id='word_1_205' title='bbox 1809 1378 2002 1436; x_wconf 83' lang='lat' dir='ltr'>gloriam</span> <span class='ocrx_word' id='word_1_206' title='bbox 2022 1390 2127 1423; x_wconf 89' lang='lat' dir='ltr'>cor·</span> <span class='ocrx_word' id='word_1_207' title='bbox 2160 1375 2170 1434; x_wconf 67' lang='lat' dir='ltr'>j</span> 
     </span>
     <span class='ocr_line' id='line_1_21' title="bbox 228 1438 1484 1498; baseline 0.002 -15"><span class='ocrx_word' id='word_1_208' title='bbox 228 1438 355 1493; x_wconf 88' lang='lat' dir='ltr'>poris</span> <span class='ocrx_word' id='word_1_209' title='bbox 377 1439 559 1495; x_wconf 87' lang='lat' dir='ltr'>Christi,</span> <span class='ocrx_word' id='word_1_210' title='bbox 582 1439 847 1484; x_wconf 88' lang='lat' dir='ltr'>efficiuntur</span> <span class='ocrx_word' id='word_1_211' title='bbox 868 1453 1061 1498; x_wconf 90' lang='lat' dir='ltr'>corpora</span> <span class='ocrx_word' id='word_1_212' title='bbox 1086 1447 1247 1486; x_wconf 89' lang='lat' dir='ltr'>nostra</span> <span class='ocrx_word' id='word_1_213' title='bbox 1269 1441 1484 1498; x_wconf 85' lang='lat' dir='ltr'>gloriosa.</span> 
     </span>
    </p>

    <p class='ocr_par' dir='ltr' id='par_1_5' title="bbox 226 1501 2129 1685">
     <span class='ocr_line' id='line_1_22' title="bbox 284 1501 2128 1574; baseline 0.002 -30"><span class='ocrx_word' id='word_1_214' title='bbox 284 1501 351 1545; x_wconf 91' lang='lat' dir='ltr'>Ad</span> <span class='ocrx_word' id='word_1_215' title='bbox 384 1503 631 1546; x_wconf 79' lang='lat' dir='ltr'>seeundum</span> <span class='ocrx_word' id='word_1_216' title='bbox 649 1501 916 1574; x_wconf 81' lang='lat' dir='ltr'>dicendum,</span> <span class='ocrx_word' id='word_1_217' title='bbox 939 1503 1064 1560; x_wconf 78' lang='lat' dir='ltr'>quod</span> <span class='ocrx_word' id='word_1_218' title='bbox 1082 1504 1332 1548; x_wconf 88' lang='lat' dir='ltr'>efficientia</span> <span class='ocrx_word' id='word_1_219' title='bbox 1350 1503 1704 1548; x_wconf 86' lang='lat' dir='ltr'>resurrectionis</span> <span class='ocrx_word' id='word_1_220' title='bbox 1727 1503 1890 1549; x_wconf 86' lang='lat' dir='ltr'>Christi</span> <span class='ocrx_word' id='word_1_221' title='bbox 1907 1502 2128 1561; x_wconf 83' lang='lat' dir='ltr'>pertingit</span> 
     </span>
     <span class='ocr_line' id='line_1_23' title="bbox 228 1561 2129 1623; baseline 0.003 -17"><span class='ocrx_word' id='word_1_222' title='bbox 228 1561 288 1606; x_wconf 89' lang='lat' dir='ltr'>ad</span> <span class='ocrx_word' id='word_1_223' title='bbox 305 1563 498 1620; x_wconf 86' lang='lat' dir='ltr'>animas,</span> <span class='ocrx_word' id='word_1_224' title='bbox 526 1576 621 1608; x_wconf 93' lang='lat' dir='ltr'>non</span> <span class='ocrx_word' id='word_1_225' title='bbox 637 1576 722 1620; x_wconf 91' lang='lat' dir='ltr'>per</span> <span class='ocrx_word' id='word_1_226' title='bbox 740 1577 880 1621; x_wconf 78' lang='lat' dir='ltr'>propi</span> <span class='ocrx_word' id='word_1_227' title='bbox 882 1565 975 1609; x_wconf 89' lang='lat' dir='ltr'>iam</span> <span class='ocrx_word' id='word_1_228' title='bbox 997 1565 1217 1610; x_wconf 89' lang='lat' dir='ltr'>virtutem</span> <span class='ocrx_word' id='word_1_229' title='bbox 1237 1566 1386 1623; x_wconf 89' lang='lat' dir='ltr'>ipsius</span> <span class='ocrx_word' id='word_1_230' title='bbox 1397 1565 1605 1622; x_wconf 90' lang='lat' dir='ltr'>corporis</span> <span class='ocrx_word' id='word_1_231' title='bbox 1619 1566 1925 1621; x_wconf 86' lang='lat' dir='ltr'>resurgentis,</span> <span class='ocrx_word' id='word_1_232' title='bbox 1947 1565 2031 1611; x_wconf 90' lang='lat' dir='ltr'>sed</span> <span class='ocrx_word' id='word_1_233' title='bbox 2045 1577 2129 1623; x_wconf 87' lang='lat' dir='ltr'>per</span> 
     </span>
     <span class='ocr_line' id='line_1_24' title="bbox 226 1622 1362 1685; baseline 0.005 -18"><span class='ocrx_word' id='word_1_234' title='bbox 226 1622 445 1669; x_wconf 81' lang='lat' dir='ltr'>virtutem</span> <span class='ocrx_word' id='word_1_235' title='bbox 465 1624 736 1685; x_wconf 84' lang='lat' dir='ltr'>divinitatis,</span> <span class='ocrx_word' id='word_1_236' title='bbox 761 1626 835 1670; x_wconf 91' lang='lat' dir='ltr'>cui</span> <span class='ocrx_word' id='word_1_237' title='bbox 854 1627 1163 1683; x_wconf 87' lang='lat' dir='ltr'>personaliter</span> <span class='ocrx_word' id='word_1_238' title='bbox 1185 1628 1362 1672; x_wconf 86' lang='lat' dir='ltr'>unitur.</span> 
     </span>
    </p>

    <p class='ocr_par' dir='ltr' id='par_1_6' title="bbox 226 1686 2170 1995">
     <span class='ocr_line' id='line_1_25' title="bbox 282 1686 2130 1746; baseline 0.002 -16"><span class='ocrx_word' id='word_1_239' title='bbox 282 1686 349 1730; x_wconf 88' lang='lat' dir='ltr'>Ad</span> <span class='ocrx_word' id='word_1_240' title='bbox 380 1690 564 1730; x_wconf 80' lang='lat' dir='ltr'>tertium</span> <span class='ocrx_word' id='word_1_241' title='bbox 584 1687 851 1743; x_wconf 89' lang='lat' dir='ltr'>dicendum,</span> <span class='ocrx_word' id='word_1_242' title='bbox 873 1689 999 1745; x_wconf 80' lang='lat' dir='ltr'>quod</span> <span class='ocrx_word' id='word_1_243' title='bbox 1017 1690 1298 1735; x_wconf 87' lang='lat' dir='ltr'>resurrectio</span> <span class='ocrx_word' id='word_1_244' title='bbox 1320 1689 1585 1735; x_wconf 87' lang='lat' dir='ltr'>animarum</span> <span class='ocrx_word' id='word_1_245' title='bbox 1602 1689 1803 1746; x_wconf 86' lang='lat' dir='ltr'>pertinet</span> <span class='ocrx_word' id='word_1_246' title='bbox 1820 1688 1879 1734; x_wconf 89' lang='lat' dir='ltr'>ad</span> <span class='ocrx_word' id='word_1_247' title='bbox 1892 1687 2130 1743; x_wconf 66' lang='lat' dir='ltr'>meritum,</span> 
     </span>
     <span class='ocr_line' id='line_1_26' title="bbox 227 1748 2163 1809; baseline 0.004 -18"><span class='ocrx_word' id='word_1_248' title='bbox 227 1748 354 1804; x_wconf 84' lang='lat' dir='ltr'>quod</span> <span class='ocrx_word' id='word_1_249' title='bbox 386 1753 457 1794; x_wconf 84' lang='lat' dir='ltr'>est</span> <span class='ocrx_word' id='word_1_250' title='bbox 490 1749 682 1794; x_wconf 84' lang='lat' dir='ltr'>effectus</span> <span class='ocrx_word' id='word_1_251' title='bbox 705 1749 1078 1808; x_wconf 77' lang='lat' dir='ltr'>Justificationis3</span> <span class='ocrx_word' id='word_1_252' title='bbox 1109 1751 1192 1796; x_wconf 91' lang='lat' dir='ltr'>sed</span> <span class='ocrx_word' id='word_1_253' title='bbox 1221 1751 1497 1796; x_wconf 86' lang='lat' dir='ltr'>resurrectio</span> <span class='ocrx_word' id='word_1_254' title='bbox 1529 1763 1777 1809; x_wconf 89' lang='lat' dir='ltr'>corporum</span> <span class='ocrx_word' id='word_1_255' title='bbox 1807 1750 2048 1796; x_wconf 86' lang='lat' dir='ltr'>ordinatur</span> <span class='ocrx_word' id='word_1_256' title='bbox 2067 1752 2123 1796; x_wconf 85' lang='lat' dir='ltr'>ad</span> <span class='ocrx_word' id='word_1_257' title='bbox 2159 1792 2163 1798; x_wconf 83' lang='grc'><em>,</em></span> 
     </span>
     <span class='ocr_line' id='line_1_27' title="bbox 226 1812 2165 1870; baseline 0.001 -16"><span class='ocrx_word' id='word_1_258' title='bbox 226 1821 416 1866; x_wconf 87' lang='lat' dir='ltr'>poenam</span> <span class='ocrx_word' id='word_1_259' title='bbox 446 1812 520 1856; x_wconf 88' lang='lat' dir='ltr'>vel</span> <span class='ocrx_word' id='word_1_260' title='bbox 540 1812 800 1869; x_wconf 84' lang='lat' dir='ltr'>praemium,</span> <span class='ocrx_word' id='word_1_261' title='bbox 826 1826 930 1870; x_wconf 85' lang='lat' dir='ltr'>quae</span> <span class='ocrx_word' id='word_1_262' title='bbox 953 1818 1065 1858; x_wconf 88' lang='lat' dir='ltr'>sunt</span> <span class='ocrx_word' id='word_1_263' title='bbox 1098 1814 1288 1858; x_wconf 85' lang='lat' dir='ltr'>effectus</span> <span class='ocrx_word' id='word_1_264' title='bbox 1313 1813 1583 1870; x_wconf 88' lang='lat' dir='ltr'>J&#39;udicantis.</span> <span class='ocrx_word' id='word_1_265' title='bbox 1614 1813 1682 1859; x_wconf 89' lang='lat' dir='ltr'>Ad</span> <span class='ocrx_word' id='word_1_266' title='bbox 1717 1813 1948 1858; x_wconf 87' lang='lat' dir='ltr'>Christum</span> <span class='ocrx_word' id='word_1_267' title='bbox 1969 1817 2122 1857; x_wconf 87' lang='lat' dir='ltr'>autem</span> <span class='ocrx_word' id='word_1_268' title='bbox 2163 1833 2165 1842; x_wconf 39' lang='grc' dir='ltr'><strong><em>ι</em></strong></span> 
     </span>
     <span class='ocr_line' id='line_1_28' title="bbox 226 1873 2166 1948; baseline 0.002 -32"><span class='ocrx_word' id='word_1_269' title='bbox 226 1885 319 1917; x_wconf 88' lang='lat' dir='ltr'>non</span> <span class='ocrx_word' id='word_1_270' title='bbox 340 1886 422 1929; x_wconf 77' lang='lat' dir='ltr'>pei</span> <span class='ocrx_word' id='word_1_271' title='bbox 425 1873 540 1919; x_wconf 89' lang='lat' dir='ltr'>tinet</span> <span class='ocrx_word' id='word_1_272' title='bbox 555 1874 813 1931; x_wconf 86' lang='lat' dir='ltr'>justificare</span> <span class='ocrx_word' id='word_1_273' title='bbox 828 1888 1010 1935; x_wconf 81' lang='lat' dir='ltr'>omneS,</span> <span class='ocrx_word' id='word_1_274' title='bbox 1027 1877 1111 1921; x_wconf 90' lang='lat' dir='ltr'>sed</span> <span class='ocrx_word' id='word_1_275' title='bbox 1123 1877 1348 1948; x_wconf 79' lang='lat' dir='ltr'>Judicare,</span> <span class='ocrx_word' id='word_1_276' title='bbox 1365 1881 1412 1922; x_wconf 91' lang='lat' dir='ltr'>et</span> <span class='ocrx_word' id='word_1_277' title='bbox 1429 1889 1594 1937; x_wconf 80' lang='lat' dir='ltr'>omnes</span> <span class='ocrx_word' id='word_1_278' title='bbox 1605 1876 1853 1922; x_wconf 88' lang='lat' dir='ltr'>resuscitat</span> <span class='ocrx_word' id='word_1_279' title='bbox 1867 1875 2127 1920; x_wconf 78' lang='lat' dir='ltr'>secundum</span> <span class='ocrx_word' id='word_1_280' title='bbox 2163 1902 2166 1908; x_wconf 71' lang='lat'>,</span> 
     </span>
     <span class='ocr_line' id='line_1_29' title="bbox 226 1936 2170 1995; baseline 0.004 -16"><span class='ocrx_word' id='word_1_281' title='bbox 226 1946 412 1992; x_wconf 87' lang='lat' dir='ltr'>corpus,</span> <span class='ocrx_word' id='word_1_282' title='bbox 436 1936 517 1981; x_wconf 89' lang='lat' dir='ltr'>sed</span> <span class='ocrx_word' id='word_1_283' title='bbox 539 1950 631 1981; x_wconf 89' lang='lat' dir='ltr'>non</span> <span class='ocrx_word' id='word_1_284' title='bbox 653 1950 818 1982; x_wconf 90' lang='lat' dir='ltr'>omnes</span> <span class='ocrx_word' id='word_1_285' title='bbox 836 1940 1097 1984; x_wconf 82' lang='lat' dir='ltr'>secundum</span> <span class='ocrx_word' id='word_1_286' title='bbox 1120 1939 1325 1984; x_wconf 84' lang='lat' dir='ltr'>animam</span> <span class='ocrx_word' id='word_1_287' title='bbox 1345 1942 1419 1995; x_wconf 74' lang='lat'>(2).</span> <span class='ocrx_word' id='word_1_288' title='bbox 2164 1951 2170 1985; x_wconf 69' lang='grc' dir='ltr'>ς-</span> 
     </span>
    </p>

    <p class='ocr_par' dir='ltr' id='par_1_7' title="bbox 224 1998 2170 2649">
     <span class='ocr_line' id='line_1_30' title="bbox 282 1998 2124 2059; baseline 0.002 -18"><span class='ocrx_word' id='word_1_289' title='bbox 282 1998 350 2043; x_wconf 90' lang='lat' dir='ltr'>Ad</span> <span class='ocrx_word' id='word_1_290' title='bbox 371 2012 487 2054; x_wconf 82' lang='lat' dir='ltr'>quar</span> <span class='ocrx_word' id='word_1_291' title='bbox 491 2003 585 2043; x_wconf 79' lang='lat' dir='ltr'>tum</span> <span class='ocrx_word' id='word_1_292' title='bbox 606 2000 872 2057; x_wconf 88' lang='lat' dir='ltr'>dicendum,</span> <span class='ocrx_word' id='word_1_293' title='bbox 886 2001 1037 2058; x_wconf 80' lang='lat' dir='ltr'>quod</span> <span class='ocrx_word' id='word_1_294' title='bbox 1027 2015 1074 2046; x_wconf 93' lang='lat' dir='ltr'>1n</span> <span class='ocrx_word' id='word_1_295' title='bbox 1087 2001 1420 2059; x_wconf 78' lang='lat' dir='ltr'>Justificatione</span> <span class='ocrx_word' id='word_1_296' title='bbox 1434 2001 1697 2046; x_wconf 87' lang='lat' dir='ltr'>animarum</span> <span class='ocrx_word' id='word_1_297' title='bbox 1713 2002 1806 2046; x_wconf 92' lang='lat' dir='ltr'>duo</span> <span class='ocrx_word' id='word_1_298' title='bbox 1823 2003 2124 2058; x_wconf 88' lang='lat' dir='ltr'>concurrunt,</span> 
     </span>
     <span class='ocr_line' id='line_1_31' title="bbox 226 2060 2167 2122; baseline 0.001 -18"><span class='ocrx_word' id='word_1_299' title='bbox 226 2060 400 2105; x_wconf 90' lang='lat' dir='ltr'>scilicet</span> <span class='ocrx_word' id='word_1_300' title='bbox 418 2062 630 2107; x_wconf 83' lang='lat' dir='ltr'>remissio</span> <span class='ocrx_word' id='word_1_301' title='bbox 653 2064 817 2122; x_wconf 85' lang='lat' dir='ltr'>culpae,</span> <span class='ocrx_word' id='word_1_302' title='bbox 848 2068 894 2108; x_wconf 86' lang='lat' dir='ltr'>et</span> <span class='ocrx_word' id='word_1_303' title='bbox 916 2064 1098 2109; x_wconf 87' lang='lat' dir='ltr'>novitas</span> <span class='ocrx_word' id='word_1_304' title='bbox 1121 2064 1229 2109; x_wconf 84' lang='lat' dir='ltr'>vitae</span> <span class='ocrx_word' id='word_1_305' title='bbox 1256 2077 1338 2122; x_wconf 87' lang='lat' dir='ltr'>per</span> <span class='ocrx_word' id='word_1_306' title='bbox 1358 2065 1569 2121; x_wconf 86' lang='lat' dir='ltr'>gratiam.</span> <span class='ocrx_word' id='word_1_307' title='bbox 1593 2066 1828 2117; x_wconf 81' lang='lat' dir='ltr'>Quantum</span> <span class='ocrx_word' id='word_1_308' title='bbox 1850 2074 1959 2118; x_wconf 86' lang='lat' dir='ltr'>ergo</span> <span class='ocrx_word' id='word_1_309' title='bbox 1978 2062 2038 2107; x_wconf 89' lang='lat' dir='ltr'>ad</span> <span class='ocrx_word' id='word_1_310' title='bbox 2054 2062 2127 2107; x_wconf 84' lang='lat' dir='ltr'>ef-</span> <span class='ocrx_word' id='word_1_311' title='bbox 2163 2060 2167 2067; x_wconf 80' lang='grc'><strong>”</strong></span> 
     </span>
     <span class='ocr_line' id='line_1_32' title="bbox 225 2121 2164 2184; baseline 0.002 -19"><span class='ocrx_word' id='word_1_312' title='bbox 225 2121 492 2181; x_wconf 87' lang='lat' dir='ltr'>ficientiam,</span> <span class='ocrx_word' id='word_1_313' title='bbox 517 2137 623 2182; x_wconf 85' lang='lat' dir='ltr'>quae</span> <span class='ocrx_word' id='word_1_314' title='bbox 642 2130 712 2170; x_wconf 90' lang='lat' dir='ltr'>est</span> <span class='ocrx_word' id='word_1_315' title='bbox 728 2138 811 2182; x_wconf 87' lang='lat' dir='ltr'>per</span> <span class='ocrx_word' id='word_1_316' title='bbox 831 2126 1051 2172; x_wconf 87' lang='lat' dir='ltr'>virtutem</span> <span class='ocrx_word' id='word_1_317' title='bbox 1073 2127 1297 2183; x_wconf 89' lang='lat' dir='ltr'>divinam,</span> <span class='ocrx_word' id='word_1_318' title='bbox 1322 2133 1417 2172; x_wconf 88' lang='lat' dir='ltr'>tam</span> <span class='ocrx_word' id='word_1_319' title='bbox 1448 2127 1603 2184; x_wconf 88' lang='lat' dir='ltr'>passio</span> <span class='ocrx_word' id='word_1_320' title='bbox 1622 2126 1787 2172; x_wconf 87' lang='lat' dir='ltr'>Christi</span> <span class='ocrx_word' id='word_1_321' title='bbox 1807 2125 1947 2182; x_wconf 78' lang='lat' dir='ltr'>quam</span> <span class='ocrx_word' id='word_1_322' title='bbox 1971 2137 2127 2170; x_wconf 89' lang='lat' dir='ltr'>resur·</span> <span class='ocrx_word' id='word_1_323' title='bbox 2162 2175 2164 2178; x_wconf 13' lang='lat' dir='ltr'>y</span> 
     </span>
     <span class='ocr_line' id='line_1_33' title="bbox 229 2185 2127 2246; baseline 0.001 -18"><span class='ocrx_word' id='word_1_324' title='bbox 229 2185 370 2229; x_wconf 87' lang='lat' dir='ltr'>rectio</span> <span class='ocrx_word' id='word_1_325' title='bbox 389 2193 457 2230; x_wconf 88' lang='lat' dir='ltr'>est</span> <span class='ocrx_word' id='word_1_326' title='bbox 479 2199 622 2231; x_wconf 87' lang='lat' dir='ltr'>causa</span> <span class='ocrx_word' id='word_1_327' title='bbox 636 2187 984 2244; x_wconf 85' lang='lat' dir='ltr'>J&#39;ustificationis</span> <span class='ocrx_word' id='word_1_328' title='bbox 1010 2190 1164 2246; x_wconf 89' lang='lat' dir='ltr'>quoad</span> <span class='ocrx_word' id='word_1_329' title='bbox 1184 2195 1455 2246; x_wconf 88' lang='lat' dir='ltr'>utrumque.</span> <span class='ocrx_word' id='word_1_330' title='bbox 1477 2188 1563 2234; x_wconf 90' lang='lat' dir='ltr'>Sed</span> <span class='ocrx_word' id='word_1_331' title='bbox 1578 2192 1806 2245; x_wconf 83' lang='lat' dir='ltr'>quantum</span> <span class='ocrx_word' id='word_1_332' title='bbox 1822 2188 1879 2232; x_wconf 88' lang='lat' dir='ltr'>ad</span> <span class='ocrx_word' id='word_1_333' title='bbox 1895 2187 2127 2244; x_wconf 87' lang='lat' dir='ltr'>exempla·</span> 
     </span>
     <span class='ocr_line' id='line_1_34' title="bbox 225 2244 2170 2305; baseline 0.002 -17"><span class='ocrx_word' id='word_1_334' title='bbox 225 2244 330 2289; x_wconf 79' lang='lat' dir='ltr'>rita</span> <span class='ocrx_word' id='word_1_335' title='bbox 323 2259 407 2290; x_wconf 90' lang='lat' dir='ltr'>em</span> <span class='ocrx_word' id='word_1_336' title='bbox 438 2248 622 2304; x_wconf 84' lang='lat' dir='ltr'>proprie</span> <span class='ocrx_word' id='word_1_337' title='bbox 644 2249 802 2305; x_wconf 88' lang='lat' dir='ltr'>passio</span> <span class='ocrx_word' id='word_1_338' title='bbox 831 2255 878 2295; x_wconf 92' lang='lat' dir='ltr'>et</span> <span class='ocrx_word' id='word_1_339' title='bbox 901 2262 1028 2295; x_wconf 91' lang='lat' dir='ltr'>mors</span> <span class='ocrx_word' id='word_1_340' title='bbox 1062 2251 1228 2295; x_wconf 83' lang='lat' dir='ltr'>Christi</span> <span class='ocrx_word' id='word_1_341' title='bbox 1252 2254 1323 2295; x_wconf 89' lang='lat' dir='ltr'>est</span> <span class='ocrx_word' id='word_1_342' title='bbox 1353 2263 1496 2295; x_wconf 84' lang='lat' dir='ltr'>causa</span> <span class='ocrx_word' id='word_1_343' title='bbox 1525 2249 1814 2294; x_wconf 86' lang='lat' dir='ltr'>remissionis</span> <span class='ocrx_word' id='word_1_344' title='bbox 1846 2248 2014 2305; x_wconf 86' lang='lat' dir='ltr'>culpae,</span> <span class='ocrx_word' id='word_1_345' title='bbox 2042 2255 2170 2305; x_wconf 54' lang='lat' dir='ltr'>perv*</span> 
     </span>
     <span class='ocr_line' id='line_1_35' title="bbox 226 2309 2150 2367; baseline 0.003 -16"><span class='ocrx_word' id='word_1_346' title='bbox 226 2319 367 2363; x_wconf 91' lang='lat' dir='ltr'>quam</span> <span class='ocrx_word' id='word_1_347' title='bbox 403 2309 629 2354; x_wconf 87' lang='lat' dir='ltr'>morimur</span> <span class='ocrx_word' id='word_1_348' title='bbox 653 2315 866 2367; x_wconf 77' lang='lat' dir='ltr'>peccat03</span> <span class='ocrx_word' id='word_1_349' title='bbox 900 2314 1178 2358; x_wconf 87' lang='lat' dir='ltr'>resurrectio</span> <span class='ocrx_word' id='word_1_350' title='bbox 1212 2318 1368 2358; x_wconf 88' lang='lat' dir='ltr'>autem</span> <span class='ocrx_word' id='word_1_351' title='bbox 1401 2311 1566 2357; x_wconf 82' lang='lat' dir='ltr'>Christi</span> <span class='ocrx_word' id='word_1_352' title='bbox 1599 2316 1669 2356; x_wconf 89' lang='lat' dir='ltr'>est</span> <span class='ocrx_word' id='word_1_353' title='bbox 1699 2323 1841 2356; x_wconf 87' lang='lat' dir='ltr'>causa</span> <span class='ocrx_word' id='word_1_354' title='bbox 1870 2310 2150 2356; x_wconf 73' lang='lat' dir='ltr'>nativitatis</span> 
     </span>
     <span class='ocr_line' id='line_1_36' title="bbox 224 2369 2167 2433; baseline 0.002 -19"><span class='ocrx_word' id='word_1_355' title='bbox 224 2369 346 2427; x_wconf 79' lang='lat' dir='ltr'>vitae,</span> <span class='ocrx_word' id='word_1_356' title='bbox 369 2383 475 2427; x_wconf 63' lang='lat' dir='ltr'>quae</span> <span class='ocrx_word' id='word_1_357' title='bbox 496 2376 567 2415; x_wconf 91' lang='lat' dir='ltr'>est</span> <span class='ocrx_word' id='word_1_358' title='bbox 587 2384 671 2428; x_wconf 88' lang='lat' dir='ltr'>per</span> <span class='ocrx_word' id='word_1_359' title='bbox 689 2375 904 2429; x_wconf 85' lang='lat' dir='ltr'>gratiam,</span> <span class='ocrx_word' id='word_1_360' title='bbox 923 2375 1021 2420; x_wconf 86' lang='lat' dir='ltr'>sive</span> <span class='ocrx_word' id='word_1_361' title='bbox 1039 2376 1296 2433; x_wconf 76' lang='lat' dir='ltr'>justinam</span> <span class='ocrx_word' id='word_1_362' title='bbox 1316 2380 1361 2420; x_wconf 88' lang='lat' dir='ltr'>et</span> <span class='ocrx_word' id='word_1_363' title='bbox 1382 2375 1486 2421; x_wconf 80' lang='lat' dir='ltr'>ideo</span> <span class='ocrx_word' id='word_1_364' title='bbox 1504 2373 1750 2431; x_wconf 85' lang='lat' dir='ltr'>Apostolus</span> <span class='ocrx_word' id='word_1_365' title='bbox 1770 2373 1881 2420; x_wconf 90' lang='lat' dir='ltr'>dicit</span> <span class='ocrx_word' id='word_1_366' title='bbox 1901 2376 2042 2428; x_wconf 86' lang='lat' dir='ltr'>(Rom.</span> <span class='ocrx_word' id='word_1_367' title='bbox 2065 2387 2130 2429; x_wconf 74' lang='lat' dir='ltr'>iv,</span> <span class='ocrx_word' id='word_1_368' title='bbox 2166 2410 2167 2413; x_wconf 59' lang='grc'>,</span> 
     </span>
     <span class='ocr_line' id='line_1_37' title="bbox 225 2433 2149 2497; baseline 0.003 -22"><span class='ocrx_word' id='word_1_369' title='bbox 225 2433 309 2485; x_wconf 71' lang='lat'>⁶25)</span> <span class='ocrx_word' id='word_1_370' title='bbox 338 2433 463 2489; x_wconf 83' lang='lat' dir='ltr'>quod</span> <span class='ocrx_word' id='word_1_371' title='bbox 481 2434 678 2477; x_wconf 78' lang='lat' dir='ltr'>traditus</span> <span class='ocrx_word' id='word_1_372' title='bbox 695 2438 779 2493; x_wconf 82' lang='lat' dir='ltr'>est,</span> <span class='ocrx_word' id='word_1_373' title='bbox 803 2436 977 2481; x_wconf 72' lang='lat' dir='ltr'>scincet</span> <span class='ocrx_word' id='word_1_374' title='bbox 1009 2436 1057 2480; x_wconf 90' lang='lat' dir='ltr'>in</span> <span class='ocrx_word' id='word_1_375' title='bbox 1090 2443 1302 2491; x_wconf 87' lang='lat' dir='ltr'>mortem,</span> <span class='ocrx_word' id='word_1_376' title='bbox 1328 2441 1519 2493; x_wconf 79' lang='lat' dir='ltr'>propter</span> <span class='ocrx_word' id='word_1_377' title='bbox 1553 2437 1725 2480; x_wconf 75' lang='lat' dir='ltr'>delicta</span> <span class='ocrx_word' id='word_1_378' title='bbox 1754 2439 1926 2494; x_wconf 78' lang='lat' dir='ltr'>nostra,</span> <span class='ocrx_word' id='word_1_379' title='bbox 1950 2434 2149 2497; x_wconf 72' lang='lat' dir='ltr'>scilicet!</span> 
     </span>
     <span class='ocr_line' id='line_1_38' title="bbox 227 2478 2165 2560; baseline 0.003 -23"><span class='ocrx_word' id='word_1_380' title='bbox 227 2494 457 2551; x_wconf 74' lang='lat' dir='ltr'>tollenda3</span> <span class='ocrx_word' id='word_1_381' title='bbox 482 2499 526 2539; x_wconf 80' lang='lat' dir='ltr'>et</span> <span class='ocrx_word' id='word_1_382' title='bbox 547 2500 802 2540; x_wconf 76' lang='lat' dir='ltr'>resurrexit</span> <span class='ocrx_word' id='word_1_383' title='bbox 825 2501 1018 2555; x_wconf 84' lang='lat' dir='ltr'>propter</span> <span class='ocrx_word' id='word_1_384' title='bbox 1028 2500 1402 2554; x_wconf 76' lang='lat' dir='ltr'>justificationem</span> <span class='ocrx_word' id='word_1_385' title='bbox 1430 2501 1654 2542; x_wconf 81' lang='lat' dir='ltr'>nostram.</span> <span class='ocrx_word' id='word_1_386' title='bbox 1676 2497 1764 2543; x_wconf 91' lang='lat' dir='ltr'>Sed</span> <span class='ocrx_word' id='word_1_387' title='bbox 1783 2497 1941 2554; x_wconf 86' lang='lat' dir='ltr'>passio</span> <span class='ocrx_word' id='word_1_388' title='bbox 1960 2478 2165 2560; x_wconf 55' lang='lat' dir='ltr'>Christig</span> 
     </span>
     <span class='ocr_line' id='line_1_39' title="bbox 225 2557 2165 2649; baseline 0.003 -50"><span class='ocrx_word' id='word_1_389' title='bbox 225 2562 296 2600; x_wconf 80' lang='lat' dir='ltr'>est</span> <span class='ocrx_word' id='word_1_390' title='bbox 311 2557 449 2601; x_wconf 88' lang='lat' dir='ltr'>etiam</span> <span class='ocrx_word' id='word_1_391' title='bbox 471 2570 614 2602; x_wconf 89' lang='lat' dir='ltr'>causa</span> <span class='ocrx_word' id='word_1_392' title='bbox 632 2558 883 2618; x_wconf 88' lang='lat' dir='ltr'>meritoria,</span> <span class='ocrx_word' id='word_1_393' title='bbox 905 2563 959 2604; x_wconf 88' lang='lat' dir='ltr'>ut</span> <span class='ocrx_word' id='word_1_394' title='bbox 979 2560 1153 2606; x_wconf 89' lang='lat' dir='ltr'>dictum</span> <span class='ocrx_word' id='word_1_395' title='bbox 1172 2565 1244 2605; x_wconf 88' lang='lat' dir='ltr'>est</span> <span class='ocrx_word' id='word_1_396' title='bbox 1267 2564 1370 2615; x_wconf 89' lang='lat' dir='ltr'>(art.</span> <span class='ocrx_word' id='word_1_397' title='bbox 1386 2572 1526 2617; x_wconf 90' lang='lat' dir='ltr'>praec.</span> <span class='ocrx_word' id='word_1_398' title='bbox 1547 2559 1608 2604; x_wconf 88' lang='lat' dir='ltr'>ad</span> <span class='ocrx_word' id='word_1_399' title='bbox 1619 2560 1676 2614; x_wconf 77' lang='lat'>4).</span> <span class='ocrx_word' id='word_1_400' title='bbox 2139 2590 2165 2649; x_wconf 55' lang='lat' dir='ltr'>tl,</span> 
     </span>
    </p>
   </div>
   <div class='ocr_carea' id='block_1_3' title="bbox 924 2650 2166 2791">
    <p class='ocr_par' dir='ltr' id='par_1_8' title="bbox 924 2650 2166 2791">
     <span class='ocr_line' id='line_1_40' title="bbox 924 2650 2166 2791; baseline 0.002 -10"><span class='ocrx_word' id='word_1_401' title='bbox 924 2714 1230 2791; x_wconf 85' lang='lat' dir='ltr'>QUAESTIO</span> <span class='ocrx_word' id='word_1_402' title='bbox 1267 2727 1419 2782; x_wconf 84' lang='lat' dir='ltr'>Lvn.</span> <span class='ocrx_word' id='word_1_403' title='bbox 2134 2650 2166 2728; x_wconf 42' lang='lat'>³?</span> 
     </span>
    </p>
   </div>
   <div class='ocr_carea' id='block_1_4' title="bbox 514 2878 1837 2928">
    <p class='ocr_par' dir='ltr' id='par_1_9' title="bbox 514 2878 1837 2928">
     <span class='ocr_line' id='line_1_41' title="bbox 514 2878 1837 2928; baseline 0.002 -15"><span class='ocrx_word' id='word_1_404' title='bbox 514 2879 576 2914; x_wconf 73' lang='lat' dir='ltr'>mi:</span> <span class='ocrx_word' id='word_1_405' title='bbox 610 2879 903 2915; x_wconf 82' lang='lat' dir='ltr'>ASCENSIONE</span> <span class='ocrx_word' id='word_1_406' title='bbox 936 2878 1141 2928; x_wconf 79' lang='lat' dir='ltr'>CHRISTI,</span> <span class='ocrx_word' id='word_1_407' title='bbox 1175 2879 1226 2915; x_wconf 88' lang='lat' dir='ltr'>IN</span> <span class='ocrx_word' id='word_1_408' title='bbox 1258 2878 1350 2914; x_wconf 88' lang='lat' dir='ltr'>SEX</span> <span class='ocrx_word' id='word_1_409' title='bbox 1381 2878 1642 2915; x_wconf 83' lang='lat' dir='ltr'>ARTICULOS</span> <span class='ocrx_word' id='word_1_410' title='bbox 1669 2879 1837 2916; x_wconf 81' lang='lat' dir='ltr'>DIVISA.</span> 
     </span>
    </p>
   </div>
   <div class='ocr_carea' id='block_1_5' title="bbox 221 3008 2119 3272">
    <p class='ocr_par' dir='ltr' id='par_1_10' title="bbox 221 3008 2119 3272">
     <span class='ocr_line' id='line_1_42' title="bbox 271 3008 2116 3062; baseline 0.004 -15"><span class='ocrx_word' id='word_1_411' title='bbox 271 3008 426 3055; x_wconf 75' lang='lat' dir='ltr'>Deinde</span> <span class='ocrx_word' id='word_1_412' title='bbox 446 3010 794 3051; x_wconf 87' lang='lat' dir='ltr'>considerandum</span> <span class='ocrx_word' id='word_1_413' title='bbox 822 3013 884 3050; x_wconf 83' lang='lat' dir='ltr'>est</span> <span class='ocrx_word' id='word_1_414' title='bbox 912 3009 962 3049; x_wconf 92' lang='lat' dir='ltr'>de</span> <span class='ocrx_word' id='word_1_415' title='bbox 984 3010 1219 3050; x_wconf 86' lang='lat' dir='ltr'>ascensione</span> <span class='ocrx_word' id='word_1_416' title='bbox 1248 3009 1423 3060; x_wconf 85' lang='lat' dir='ltr'>Christi;</span> <span class='ocrx_word' id='word_1_417' title='bbox 1450 3013 1492 3050; x_wconf 85' lang='lat' dir='ltr'>et</span> <span class='ocrx_word' id='word_1_418' title='bbox 1515 3013 1622 3050; x_wconf 84' lang='lat' dir='ltr'>circa</span> <span class='ocrx_word' id='word_1_419' title='bbox 1650 3008 1728 3050; x_wconf 89' lang='lat' dir='ltr'>hoc</span> <span class='ocrx_word' id='word_1_420' title='bbox 1744 3012 1991 3062; x_wconf 85' lang='lat' dir='ltr'>quaeruntur</span> <span class='ocrx_word' id='word_1_421' title='bbox 2011 3020 2080 3052; x_wconf 79' lang='lat' dir='ltr'>sex</span> <span class='ocrx_word' id='word_1_422' title='bbox 2100 3018 2116 3054; x_wconf 70' lang='grc' dir='ltr'><strong>ἓ</strong></span> 
     </span>
     <span class='ocr_line' id='line_1_43' title="bbox 227 3064 2119 3118; baseline 0.003 -15"><span class='ocrx_word' id='word_1_423' title='bbox 227 3069 263 3103; x_wconf 85' lang='grc'>10</span> <span class='ocrx_word' id='word_1_424' title='bbox 285 3064 434 3104; x_wconf 79' lang='lat' dir='ltr'>Utrum</span> <span class='ocrx_word' id='word_1_425' title='bbox 462 3066 582 3105; x_wconf 76' lang='lat' dir='ltr'>fuerit</span> <span class='ocrx_word' id='word_1_426' title='bbox 601 3066 850 3106; x_wconf 88' lang='lat' dir='ltr'>conveniens</span> <span class='ocrx_word' id='word_1_427' title='bbox 870 3065 1083 3106; x_wconf 88' lang='lat' dir='ltr'>Christum</span> <span class='ocrx_word' id='word_1_428' title='bbox 1103 3065 1332 3106; x_wconf 88' lang='lat' dir='ltr'>ascendere.</span> <span class='ocrx_word' id='word_1_429' title='bbox 1355 3088 1404 3095; x_wconf 91' lang='lat'>—</span> <span class='ocrx_word' id='word_1_430' title='bbox 1427 3073 1465 3106; x_wconf 83' lang='lat'>2⁰</span> <span class='ocrx_word' id='word_1_431' title='bbox 1488 3066 1635 3107; x_wconf 76' lang='lat' dir='ltr'>Utrum</span> <span class='ocrx_word' id='word_1_432' title='bbox 1652 3065 1881 3106; x_wconf 79' lang='lat' dir='ltr'>secundum</span> <span class='ocrx_word' id='word_1_433' title='bbox 1902 3077 2030 3118; x_wconf 88' lang='lat' dir='ltr'>quam</span> <span class='ocrx_word' id='word_1_434' title='bbox 2047 3076 2119 3108; x_wconf 73' lang='lat' dir='ltr'>na·</span> 
     </span>
     <span class='ocr_line' id='line_1_44' title="bbox 221 3120 2118 3174; baseline 0.003 -17"><span class='ocrx_word' id='word_1_435' title='bbox 221 3121 360 3158; x_wconf 85' lang='lat' dir='ltr'>turam</span> <span class='ocrx_word' id='word_1_436' title='bbox 380 3122 596 3161; x_wconf 85' lang='lat' dir='ltr'>conveniat</span> <span class='ocrx_word' id='word_1_437' title='bbox 613 3121 692 3161; x_wconf 89' lang='lat' dir='ltr'>sibi</span> <span class='ocrx_word' id='word_1_438' title='bbox 710 3121 905 3161; x_wconf 86' lang='lat' dir='ltr'>ascensio.</span> <span class='ocrx_word' id='word_1_439' title='bbox 930 3143 976 3150; x_wconf 89' lang='lat'>—</span> <span class='ocrx_word' id='word_1_440' title='bbox 1002 3125 1040 3160; x_wconf 86' lang='lat'>3⁰</span> <span class='ocrx_word' id='word_1_441' title='bbox 1059 3120 1210 3161; x_wconf 81' lang='lat' dir='ltr'>Utrum</span> <span class='ocrx_word' id='word_1_442' title='bbox 1229 3120 1394 3174; x_wconf 89' lang='lat' dir='ltr'>propria</span> <span class='ocrx_word' id='word_1_443' title='bbox 1415 3121 1571 3161; x_wconf 84' lang='lat' dir='ltr'>virtute</span> <span class='ocrx_word' id='word_1_444' title='bbox 1589 3121 1827 3160; x_wconf 84' lang='lat' dir='ltr'>ascenderit.</span> <span class='ocrx_word' id='word_1_445' title='bbox 1849 3142 1895 3150; x_wconf 89' lang='lat'>-</span> <span class='ocrx_word' id='word_1_446' title='bbox 1915 3126 1955 3160; x_wconf 84' lang='lat'>4⁰</span> <span class='ocrx_word' id='word_1_447' title='bbox 1973 3120 2118 3162; x_wconf 73' lang='lat' dir='ltr'>Utrum</span> 
     </span>
     <span class='ocr_line' id='line_1_45' title="bbox 225 3174 2118 3229; baseline 0.002 -17"><span class='ocrx_word' id='word_1_448' title='bbox 225 3174 451 3214; x_wconf 88' lang='lat' dir='ltr'>ascenderit</span> <span class='ocrx_word' id='word_1_449' title='bbox 479 3187 600 3227; x_wconf 88' lang='lat' dir='ltr'>super</span> <span class='ocrx_word' id='word_1_450' title='bbox 621 3187 764 3217; x_wconf 89' lang='lat' dir='ltr'>omnes</span> <span class='ocrx_word' id='word_1_451' title='bbox 782 3177 903 3217; x_wconf 89' lang='lat' dir='ltr'>coelos</span> <span class='ocrx_word' id='word_1_452' title='bbox 922 3187 1142 3226; x_wconf 89' lang='lat' dir='ltr'>corporeos.</span> <span class='ocrx_word' id='word_1_453' title='bbox 1169 3199 1215 3207; x_wconf 92' lang='lat'>-</span> <span class='ocrx_word' id='word_1_454' title='bbox 1242 3183 1280 3217; x_wconf 88' lang='lat'>5⁰</span> <span class='ocrx_word' id='word_1_455' title='bbox 1301 3177 1451 3218; x_wconf 81' lang='lat' dir='ltr'>Utrum</span> <span class='ocrx_word' id='word_1_456' title='bbox 1472 3176 1696 3217; x_wconf 85' lang='lat' dir='ltr'>ascenderit</span> <span class='ocrx_word' id='word_1_457' title='bbox 1724 3187 1861 3227; x_wconf 89' lang='lat' dir='ltr'>super</span> <span class='ocrx_word' id='word_1_458' title='bbox 1868 3186 2009 3217; x_wconf 90' lang='lat' dir='ltr'>omnes</span> <span class='ocrx_word' id='word_1_459' title='bbox 2032 3179 2118 3229; x_wconf 80' lang='lat' dir='ltr'>spl-</span> 
     </span>
     <span class='ocr_line' id='line_1_46' title="bbox 222 3227 1280 3272; baseline 0.006 -6"><span class='ocrx_word' id='word_1_460' title='bbox 222 3227 390 3267; x_wconf 84' lang='lat' dir='ltr'>rituales</span> <span class='ocrx_word' id='word_1_461' title='bbox 409 3234 626 3271; x_wconf 74' lang='lat' dir='ltr'>creaturas.</span> <span class='ocrx_word' id='word_1_462' title='bbox 646 3253 695 3260; x_wconf 90' lang='lat'>-</span> <span class='ocrx_word' id='word_1_463' title='bbox 722 3238 761 3270; x_wconf 83' lang='lat'>6⁰</span> <span class='ocrx_word' id='word_1_464' title='bbox 781 3233 838 3271; x_wconf 90' lang='lat' dir='ltr'>De</span> <span class='ocrx_word' id='word_1_465' title='bbox 857 3231 1001 3272; x_wconf 85' lang='lat' dir='ltr'>effectu</span> <span class='ocrx_word' id='word_1_466' title='bbox 1016 3232 1280 3272; x_wconf 83' lang='lat' dir='ltr'>ascensionis.</span> 
     </span>
    </p>
   </div>
   <div class='ocr_carea' id='block_1_6' title="bbox 2164 3070 2170 3157">
    <p class='ocr_par' dir='ltr' id='par_1_11' title="bbox 2164 3070 2170 3157">
     <span class='ocr_line' id='line_1_47' title="bbox 2164 3070 2170 3157; baseline 0 651"><span class='ocrx_word' id='word_1_467' title='bbox 2164 3070 2170 3157; x_wconf 95' lang='lat' dir='ltr'> </span> 
     </span>
    </p>
   </div>
   <div class='ocr_carea' id='block_1_7' title="bbox 225 3366 2116 3464">
    <p class='ocr_par' dir='ltr' id='par_1_12' title="bbox 225 3366 2116 3464">
     <span class='ocr_line' id='line_1_48' title="bbox 263 3366 2116 3414; baseline 0.003 -15"><span class='ocrx_word' id='word_1_468' title='bbox 263 3366 389 3408; x_wconf 74' lang='grc' dir='ltr'>(4)Α1.,</span> <span class='ocrx_word' id='word_1_469' title='bbox 407 3377 487 3401; x_wconf 79' lang='lat' dir='ltr'>cum</span> <span class='ocrx_word' id='word_1_470' title='bbox 503 3368 586 3402; x_wconf 82' lang='lat' dir='ltr'>illo.</span> <span class='ocrx_word' id='word_1_471' title='bbox 601 3369 680 3403; x_wconf 80' lang='lat' dir='ltr'>naec</span> <span class='ocrx_word' id='word_1_472' title='bbox 696 3370 865 3410; x_wconf 79' lang='lat' dir='ltr'>posterior</span> <span class='ocrx_word' id='word_1_473' title='bbox 884 3370 1050 3412; x_wconf 83' lang='lat' dir='ltr'>appendix</span> <span class='ocrx_word' id='word_1_474' title='bbox 1065 3370 1131 3404; x_wconf 89' lang='lat' dir='ltr'>im·</span> <span class='ocrx_word' id='word_1_475' title='bbox 1259 3370 1301 3412; x_wconf 83' lang='lat'>(2)</span> <span class='ocrx_word' id='word_1_476' title='bbox 1331 3370 1418 3404; x_wconf 86' lang='lat' dir='ltr'>Hinc</span> <span class='ocrx_word' id='word_1_477' title='bbox 1445 3369 1571 3404; x_wconf 86' lang='lat' dir='ltr'>dicitur</span> <span class='ocrx_word' id='word_1_478' title='bbox 1592 3383 1600 3403; x_wconf 75' lang='grc' dir='ltr'><strong><em>ε</em></strong></span> <span class='ocrx_word' id='word_1_479' title='bbox 1623 3370 1752 3406; x_wconf 83' lang='lat' dir='ltr'>Omnes</span> <span class='ocrx_word' id='word_1_480' title='bbox 1780 3369 1925 3414; x_wconf 80' lang='lat' dir='ltr'>quidem</span> <span class='ocrx_word' id='word_1_481' title='bbox 1943 3377 2116 3410; x_wconf 67' lang='lat' dir='ltr'>resurae-</span> 
     </span>
     <span class='ocr_line' id='line_1_49' title="bbox 225 3413 1930 3464; baseline 0.002 -17"><span class='ocrx_word' id='word_1_482' title='bbox 225 3413 342 3454; x_wconf 73' lang='lat' dir='ltr'>plicite</span> <span class='ocrx_word' id='word_1_483' title='bbox 360 3415 464 3449; x_wconf 84' lang='lat' dir='ltr'>variis</span> <span class='ocrx_word' id='word_1_484' title='bbox 482 3416 634 3457; x_wconf 85' lang='lat' dir='ltr'>Apostoli</span> <span class='ocrx_word' id='word_1_485' title='bbox 654 3417 736 3451; x_wconf 82' lang='lat' dir='ltr'>locis</span> <span class='ocrx_word' id='word_1_486' title='bbox 750 3418 958 3452; x_wconf 83' lang='lat' dir='ltr'>continetur.</span> <span class='ocrx_word' id='word_1_487' title='bbox 1217 3429 1308 3457; x_wconf 85' lang='lat' dir='ltr'>mus,</span> <span class='ocrx_word' id='word_1_488' title='bbox 1327 3417 1390 3453; x_wconf 80' lang='lat' dir='ltr'>sed</span> <span class='ocrx_word' id='word_1_489' title='bbox 1406 3428 1486 3464; x_wconf 55' lang='lat' dir='ltr'>‘nou⁴</span> <span class='ocrx_word' id='word_1_490' title='bbox 1502 3428 1625 3453; x_wconf 76' lang='lat' dir='ltr'>omues</span> <span class='ocrx_word' id='word_1_491' title='bbox 1640 3419 1930 3453; x_wconf 80' lang='lat' dir='ltr'>immutabimur.</span> 
     </span>
    </p>
   </div>
   <div class='ocr_carea' id='block_1_8' title="bbox 2154 3210 2168 3661">
    <p class='ocr_par' dir='ltr' id='par_1_13' title="bbox 2154 3210 2168 3661">
     <span class='ocr_line' id='line_1_50' title="bbox 2154 3210 2168 3271; baseline 0 -10"><span class='ocrx_word' id='word_1_492' title='bbox 2154 3210 2168 3271; x_wconf 72' lang='lat'>1</span> 
     </span>
     <span class='ocr_line' id='line_1_51' title="bbox 2158 3397 2164 3515; baseline 0 0"><span class='ocrx_word' id='word_1_493' title='bbox 2158 3397 2164 3515; x_wconf 69' lang='lat' dir='ltr'>i</span> 
     </span>
     <span class='ocr_line' id='line_1_52' title="bbox 2155 3589 2159 3661; baseline 0 0"><span class='ocrx_word' id='word_1_494' title='bbox 2155 3589 2159 3661; x_wconf 68' lang='lat' dir='ltr'>t</span> 
     </span>
    </p>
   </div>
   <div class='ocr_carea' id='block_1_9' title="bbox 2153 3443 2170 3808">
    <p class='ocr_par' dir='ltr' id='par_1_14' title="bbox 2153 3443 2170 3808">
     <span class='ocr_line' id='line_1_53' title="bbox 2153 3443 2170 3808; baseline 0 0"><span class='ocrx_word' id='word_1_495' title='bbox 2153 3443 2155 3808; x_wconf 95' lang='lat' dir='ltr'> </span> <span class='ocrx_word' id='word_1_496' title='bbox 2168 3443 2170 3808; x_wconf 95' lang='lat' dir='ltr'> </span> 
     </span>
    </p>
   </div>
  </div>
 </body>
</html>
