2170 3808
659 258 855 310 QUAEST.
885 258 969 311 Lu,
995 234 1112 300 m.
1142 257 1159 299 1
1188 257 1251 298 ET
1281 255 1331 299 11.
1849 251 1931 294 439

114 342 180 388 Ad
216 344 398 386 tertium
442 337 704 393 dicendum,
749 338 872 394 quod
905 337 1057 381 anima
1092 335 1255 380 Christi
1280 347 1373 379 non
1397 332 1634 379 descendit
1669 331 1727 377 ad
1761 330 1932 375 inferos

63 416 117 450 eo
139 415 308 460 genere
331 404 486 447 motus
517 411 610 457 quo
632 399 782 454 angeli
808 401 1066 452 moventur⁷
1091 396 1210 441 sicut
1242 393 1286 439 i'n
1310 396 1458 452 prima
1480 399 1609 453 parte
1630 392 1838 438 habitum
1861 394 1933 436 est

64 467 243 523 (quaest.
269 466 367 519 mu).

65 535 400 579 ARTICULUS
442 534 500 576 11.
537 555 589 562 -
627 543 762 574 υτιωκ
795 541 988 573 οιικιετυε
1018 540 1297 570 nnscsunnmr
1318 539 1377 568 nn
1409 539 1616 569 iurantium
1643 536 1930 569 munnonum.

124 603 171 637 De
190 602 242 637 his
257 602 358 637 etiam
375 602 466 635 Sent.
487 607 540 642 ΙΙΙ,
557 597 635 634 dist.
647 598 701 639 22,
716 603 828 638 quaest.
851 606 890 638 ιι,
910 601 974 632 art.
990 596 1025 639 Ἰ,
1043 599 1159 638 quoest.
1179 604 1216 638 ιι,
1235 598 1269 630 et
1287 595 1481 635 opusc-mx.
1500 604 1571 634 cap.
1590 593 1628 629 21
1650 619 1658 634 ‚
1671 594 1762 629 circa
1779 592 1871 628 med.

114 663 182 708 Ad
214 662 471 707 secundum
513 659 583 704 sic
621 658 900 715 proceditur.
940 661 983 702 1.
1019 657 1202 702 Videtur
1237 654 1363 712 quod
1406 654 1610 700 Christus
1645 652 1933 701 descenderit

62 725 199 771 etiam
235 722 295 768 ad
329 723 562 767 infernum
580 720 919 765 damnatorum.
944 719 1116 764 Dicitur
1148 719 1275 763 enim
1298 730 1355 762 ex
1386 729 1466 762 ore
1493 715 1663 761 divinae
1694 715 1936 772 Sapientiae

64 785 200 841 (Eccl.
236 797 351 840 xxiv,
371 785 440 837 45)
465 797 476 824 ε
501 781 749 826 Penetrabo
782 794 930 825 omnes
962 782 1196 836 inferiores
1226 782 1381 837 partes
1402 782 1548 823 terrae.
1571 775 1657 822 Sed
1681 776 1802 821 inter
1828 789 1936 833 par-

64 850 132 891 tes
161 845 400 891 inferiores
443 848 577 888 terrae
624 847 916 899 computatur
952 842 1091 887 etiam
1134 841 1346 886 infernus
1382 840 1730 892 damnatorum,
1765 849 1938 882 secun-

63 907 174 953 dum
213 906 326 951 illud
359 905 492 961 (Psal.
528 918 632 960 mxu,
667 906 736 958 10)
761 919 771 947 :
799 904 1054 947 Introibunt
1082 905 1130 946 in
1152 905 1376 958 inferiora
1395 905 1544 946 terrae.
1574 903 1693 956 Ergo
1714 898 1935 956 Christus,

63 967 142 1026 qui
176 972 248 1013 est
285 966 360 1011 Dei
399 965 654 1023 sapient1a‚
695 964 833 1009 etiam
874 976 1023 1021 usque
1070 964 1128 1009 ad
1179 964 1412 1008 infernum
1459 963 1785 1007 damnatorum
1829 960 1939 1006 des-

63 1029 229 1075 cendit.

116 1090 159 1135 2.
186 1092 410 1134 Praeterea
433 1091 543 1142 (Act.
575 1101 620 1141 11,
651 1091 738 1143 24),
770 1088 879 1133 dicit
902 1089 1063 1133 Petrus
1099 1086 1222 1143 quod
1266 1091 1385 1130 Deus
1422 1087 1654 1129 Christum
1685 1085 1935 1141 suscitavit,

62 1152 218 1196 solutis
241 1150 469 1195 doloribus
501 1151 685 1205 inferni,
708 1151 851 1205 Juoeta
882 1150 1001 1204 quod
1034 1148 1304 1203 impossibile
1327 1151 1430 1191 erat
1467 1149 1612 1190 teneri
1631 1146 1760 1190 illum
1792 1146 1850 1190 ab
1871 1159 1938 1190 eo.

63 1213 150 1260 Sed
180 1212 363 1259 dolores
384 1223 475 1255 non
505 1215 615 1256 sunt
647 1211 693 1254 in
723 1210 904 1254 inferno
940 1214 1140 1266 patrum,
1178 1221 1328 1265 neque
1361 1209 1498 1253 etiam
1534 1207 1583 1252 in
1620 1207 1800 1252 inferno
1831 1220 1941 1263 pue·

63 1286 238 1331 rorum,
261 1273 458 1331 quinon
490 1271 752 1329 puniuntur
774 1273 916 1327 poena
952 1274 1118 1316 sensus
1148 1275 1334 1328 propter
1368 1273 1609 1327 peccatum
1646 1268 1838 1324 actuale,
1859 1268 1943 1315 sed

61 1335 210 1380 solum
247 1335 386 1391 poena
413 1332 571 1378 damni
594 1335 780 1389 propter
802 1337 1042 1389 peccatum
1077 1332 1318 1389 originale.
1339 1335 1457 1388 Ergo
1481 1331 1686 1376 Christus
1706 1329 1943 1375 descendit

0 1410 1 1414 ¹
61 1395 106 1440 in
143 1396 379 1441 infernum
415 1393 740 1439 damnatorum
757 1426 770 1452 ‚
794 1393 869 1438 vel
904 1394 1042 1438 etiam
1082 1395 1126 1438 in
1151 1395 1469 1452 purgatorium
1486 1427 1497 1448 ,
1519 1393 1601 1438 ubi
1623 1391 1835 1437 homines
1854 1403 1942 1448 pu-

61 1457 251 1503 niuntur
287 1456 429 1514 poena
473 1458 641 1500 sensus
682 1467 766 1512 pro
807 1455 1011 1512 peccatis
1047 1457 1322 1502 actualibus

113 1521 156 1564 3.
187 1520 411 1563 Praeterea
431 1519 478 1570 (1.
503 1519 596 1561 Pet.
623 1530 682 1573 111,
707 1519 795 1571 19),
815 1517 984 1562 dicitur
1003 1518 1128 1575 quod
1151 1520 1364 1562 Christus
1389 1518 1459 1560 his
1480 1519 1615 1572 quiin
1636 1527 1817 1558 carcere
1835 1528 1942 1558 con-

61 1579 178 1623 clusi
198 1584 347 1635 erant,
368 1581 535 1635 spiritu
550 1582 728 1622 veniens
742 1580 1011 1634 praedicavit
1028 1581 1105 1635 (1),
1125 1583 1202 1635 qai
1217 1580 1443 1624 increduli
1463 1581 1644 1633 fuerunt
1666 1577 1941 1632 aliquando.-

59 1640 201 1697 quod,
231 1639 352 1684 sicut
373 1639 649 1684 Athanasius
670 1639 781 1683 dicit
808 1640 854 1684 in
877 1640 1070 1697 epistola
1090 1641 1149 1686 ad
1168 1641 1423 1698 Epictetum
1438 1639 1575 1693 (circa
1597 1637 1740 1691 med„
1760 1641 1805 1681 et
1824 1636 1943 1681 inci-

59 1702 159 1758 pit:
189 1701 628 1758 Erqosarbitrabor),
651 1701 925 1758 intelligitur
956 1702 1014 1748 de
1051 1703 1280 1748 descensu
1309 1702 1472 1747 Christi
1511 1700 1570 1745 ad
1605 1699 1791 1743 inferos.
1828 1698 1944 1744 Dicit

61 1761 187 1807 enim
217 1761 343 1819 quod
361 1774 530 1818 corpus
549 1760 714 1806 Christi
738 1762 824 1807 fuit
844 1763 890 1807 in
913 1764 1127 1820 sepulcro
1148 1764 1368 1821 positum,
1389 1761 1578 1819 quando
1615 1760 1714 1816 ipse
1743 1759 1943 1816 perrexit

62 1824 318 1882 praedicare
337 1823 411 1868 his
432 1824 512 1881 qui
537 1824 583 1868 in
605 1824 815 1869 custodia
832 1830 965 1869 erant
988 1826 1226 1882 spiritibus
1245 1858 1256 1882 ,
1276 1826 1397 1871 sicut
1421 1823 1534 1869 dixit
1561 1825 1736 1867 Petrus.
1757 1823 1944 1867 Constat

61 1889 219 1930 autem
242 1884 367 1942 quod
389 1884 614 1929 increduli
637 1889 769 1928 crant
790 1884 838 1928 in
862 1886 1042 1930 inferno
1065 1886 1404 1931 damnatorum.
1426 1887 1545 1940 Ergo
1562 1882 1768 1927 Christus
1790 1882 1849 1927 ad
1869 1882 1943 1926 in-

61 1945 246 1991 fernum
270 1945 594 1991 damnatorum
617 1946 865 1991 descendit.

63 2066 65 2070 ι
111 2008 411 2064 4.Praete1·ea,
434 2008 717 2063 Augustinus
737 2008 844 2053 dicit
864 2010 927 2063 (in
942 2010 1133 2066 epistola
1155 2010 1213 2055 ad
1229 2008 1368 2054 Evod.
1394 2022 1533 2061 chiv,
1549 2007 1606 2051 al.
1632 2010 1701 2059 99,
1717 2005 1940 2062 aliquant.

62 2071 169 2114 unte
187 2067 332 2122 med.)
351 2084 362 2112 z
390 2086 410 2106 α
434 2068 477 2113 Si
499 2069 546 2112 in
565 2069 756 2113 Abrahae
776 2070 931 2115 sinum
951 2071 1181 2116 Christum
1195 2071 1380 2115 venisse
1399 2082 1533 2114 sacra
1552 2067 1785 2124 Scriptura
1805 2067 1944 2112 dixis-

61 2133 146 2185 set,
161 2140 256 2173 non
275 2128 510 2173 nominato
529 2129 710 2174 inferno
729 2130 923 2188 ejusque
944 2131 1197 2187 doloribus,
1215 2131 1356 2175 miror
1378 2129 1416 2174 si
1433 2130 1679 2186 quisquam
1694 2127 1753 2172 ad
1773 2127 1944 2178 inferos

61 2201 169 2235 eum
191 2189 491 2244 descendisse
512 2203 718 2236 asserere
741 2192 946 2237 auderet.
971 2193 1059 2238 Sed
1089 2193 1198 2249 quia
1232 2192 1463 2238 evidentIa
1497 2189 1759 2236 testimonia
1790 2194 1836 2235 et
1868 2189 1944 2234 in-

61 2251 247 2296 fernum
271 2258 653 2308 commemorant,
676 2258 722 2297 et
741 2253 940 2312 dolores,
967 2255 1096 2299 nulla
1118 2267 1260 2300 causa
1278 2254 1479 2299 occurrit
1504 2265 1588 2298 cur
1619 2250 1696 2296 illo
1730 2250 1945 2296 credatur

63 2311 245 2358 venisse
268 2313 488 2370 Salvator,
513 2314 601 2359 nisi
627 2318 676 2358 ut
705 2314 763 2358 ab
785 2315 958 2361 eisdem
983 2315 1219 2361 doloribus
1255 2315 1409 2360 salvos
1442 2315 1630 2359 faceret.
1659 2331 1679 2352 ιι
1706 2312 1794 2358 Sed
1813 2313 1945 2359 locus

63 2374 276 2480 dolorgm
298 2374 600 2480 estdinfernus
622 2376 963 2422 damnatorum.
995 2381 1112 2434 Ergo
1134 2377 1344 2422 Christus
1365 2376 1418 2420 in
1446 2376 1677 2421 infernum
1705 2374 1945 2420 damnato-

61 2447 164 2480 rum
225 2447 362 2480 escen
399 2436 449 2481 it.

83 2556 93 2565 .
117 2499 159 2540 5.
183 2498 424 2553 Praeterea,
447 2497 566 2542 sicut
586 2498 872 2553 Augustinus
904 2500 1014 2546 dicit
1034 2501 1098 2556 (in
1131 2500 1335 2557 quodam
1366 2511 1580 2544 sermone
1610 2498 1667 2544 de
1699 2499 1945 2543 Resurrec-

64 2562 200 2614 hone,
221 2560 266 2614 2,
287 2557 316 2602 a
335 2558 518 2616 priua),
541 2577 562 2598 «
579 2559 787 2604 Christus
805 2561 864 2606 ad
886 2560 1121 2607 infernum
1156 2561 1462 2616 descendens,
1484 2572 1646 2605 omnes
1663 2560 1832 2616 justos,
1863 2560 1943 2616 qui

65 2617 276 2675 originali
294 2624 485 2676 peccato
506 2620 711 2666 adstricti
729 2622 1018 2683 tenebantur,
1043 2623 1256 2670 absolvit.
1275 2641 1296 2663 »
1319 2623 1406 2668 Sed
1423 2622 1543 2667 inter
1565 2622 1670 2666 illos
1688 2624 1786 2665 erat
1804 2620 1943 2665 etiam

64 2679 146 2723 iob
164 2680 245 2736 qui
267 2680 327 2726 de
348 2694 399 2726 se
420 2682 521 2738 ipso
549 2682 660 2727 dicit
678 2683 792 2741 (soh,
812 2698 914 2740 xvn,
943 2689 1012 2740 16)
1035 2701 1045 2730 :
1065 2691 1118 2730 In
1153 2686 1561 2742 profundissimum
1582 2686 1810 2738 internum
1841 2684 1943 2727 des-

66 2742 256 2847 cendesst
277 2747 428 2849 omuga
451 2757 566 2789 mea.
585 2746 703 2800 Ergo
725 2746 930 2790 Christus
952 2748 1089 2793 etiam
1114 2758 1263 2803 usque
1291 2746 1348 2791 ad
1371 2744 1783 2802 profundissimum
1805 2743 1941 2790 infer-

67 2813 182 2847 num
239 2814 377 2849 escen
411 2805 462 2849 it.

123 2863 211 2909 Sed
236 2868 398 2908 contra
421 2870 493 2910 est
516 2866 641 2923 quod
659 2867 717 2912 de
738 2867 919 2914 inferno
938 2869 1260 2914 damnatorum
1288 2868 1456 2913 dicitur
1475 2868 1590 2925 (lob,
1616 2881 1658 2923 x,
1681 2871 1750 2922 21)
1770 2885 1780 2911 ε
1805 2871 1943 2912 Ante-

67 2925 203 2980 quam
228 2926 412 2982 vadam,
443 2931 487 2970 et
514 2941 603 2971 non
638 2933 845 2973 revertar
872 2931 936 2974 ad
965 2934 1137 2975 terram
1167 2931 1449 2975 tenebrosam
1482 2933 1526 2973 et
1550 2933 1756 2985 opertam
1783 2931 1944 2974 mortis

69 2987 278 3043 caliqz‘ne,
291 2988 368 3031 ‘ubi
389 2988 540 3032 nullus
561 2990 689 3047 ordo,
703 2992 782 3035 sed
796 2995 1090 3049 sempiternus
1105 2994 1270 3038 horror
1287 2993 1531 3036 inhabitat.
1553 2991 1684 3035 Nulla
1701 2996 1855 3036 autem
1873 2994 1944 3037 est

69 3048 314 3093 conventio
338 3049 454 3095 lucis
475 3050 532 3095 ad
554 3050 787 3108 tenebras,
810 3058 864 3098 ut
885 3054 1053 3099 dicitur
1074 3056 1141 3110 (ΙΙ.
1160 3054 1360 3099 Corinth.
1386 3055 1462 3108 v1).
1480 3055 1598 3110 Ergo
1620 3052 1842 3108 Christus,
1861 3051 1943 3110 qui

69 3111 141 3153 est
162 3107 261 3165 lux,
282 3109 342 3155 ad
358 3109 487 3155 illum
507 3110 740 3156 infernum
762 3112 1082 3160 damnatorum
1103 3127 1197 3160 non
1217 3114 1470 3161 descendit.

117 3176 408 3240 CONCLUSIO.
429 3201 474 3209 —
493 3179 677 3221 Christus
690 3180 914 3221 secundnm
930 3183 1118 3222 effectum
1136 3183 1179 3222 in
1199 3193 1367 3223 omnem
1384 3182 1536 3222 inferni
1548 3181 1685 3222 locum
1705 3180 1939 3224 descendit:

69 3230 297 3271 secundum
318 3233 412 3273 vero
430 3234 741 3275 substantialem
756 3237 1026 3286 praesentiam,
1045 3248 1127 3276 non
1157 3237 1241 3277 nisi
1267 3236 1319 3277 ad
1343 3236 1479 3277 locum
1500 3236 1708 3277 descendit
1721 3236 1941 3288 justorum.

124 3294 396 3349 Respondeo
417 3295 664 3341 dicendum
687 3296 812 3353 quod
843 3297 1083 3353 dupliciter
1105 3298 1270 3343 dicitur
1304 3310 1408 3343 esse
1431 3298 1604 3355 aliquid
1625 3297 1821 3343 alicubi:
1846 3307 1943 3341 uno

111 3428 154 3468 (⁴)
184 3430 326 3470 Vulgata
359 3444 367 3467 :
403 3432 639 3470 Christus.....
662 3435 853 3477 vivificam
876 3437 993 3469 autem
1014 3434 1182 3479 spiritu,-
1208 3435 1249 3468 in
1271 3444 1342 3479 quo
1364 3437 1398 3468 et
1430 3435 1487 3469 his
1505 3437 1568 3477 qui
1597 3436 1638 3468 in
1657 3443 1802 3468 carcero
1832 3440 1951 3469 erant

73 3476 265 3520 spiritibus
284 3480 430 3515 veniam
447 3482 675 3524 proedieacit,
688 3486 752 3516 eto.
