2170 3808
158 285 212 325 74
731 279 928 329 QUAEST.
960 278 1054 333 Vll,
1085 278 1203 319 ΛΒΤ.
1235 279 1284 320 Vl
1315 278 1378 319 ET
1408 279 1491 320 VII.

162 364 325 419 timor3
352 362 436 408 sed
454 359 706 407 eminentia
729 359 853 404 illius
876 358 1005 415 boni,
1042 358 1217 403 scilicet
1246 357 1408 413 divini,
1443 358 1579 415 cuius
1602 360 1829 415 potestate
1865 355 2052 414 aliquod

163 425 340 470 malum
371 424 517 479 infligi
541 426 710 479 potest.
743 420 832 466 Sed
851 433 976 478 spes,
1008 420 1265 466 secundum
1298 419 1423 477 quod
1446 420 1598 464 virtus
1618 425 1706 476 est,
1736 417 1926 475 respicit
1958 430 2054 463 non

152 487 313 532 solum
333 491 569 530 auctorem
589 484 718 539 boni,
742 483 826 528 sed
849 483 986 527 etiam
1010 482 1165 539 ipsum
1186 482 1378 538 bonum,
1400 482 1680 538 inquantum
1702 484 1773 525 est
1805 492 1900 524 non
1921 478 2056 524 habi-

160 553 278 593 tum.
298 551 352 591 Et
370 548 473 591 ideo
495 547 688 603 Christo,
712 546 792 603 qui
813 545 911 602 jam
930 545 1130 589 habebat
1146 544 1401 601 perfectum
1424 543 1724 589 beatitudinis
1742 542 1938 599 bonum,
1958 553 2055 587 non

161 609 430 654 attribuitur
451 609 599 653 virtus
620 608 737 666 spei,
761 608 843 653 sed
865 608 1040 653 donum
1065 605 1255 651 timoriS.

215 670 281 715 Ad
313 673 560 715 secundum
580 671 850 726 dicendum,
874 669 1001 727 quod
1031 669 1149 713 ratio
1173 669 1250 712 illa
1270 666 1475 725 procedit
1496 667 1554 713 de
1588 667 1767 721 timore,
1793 665 2055 711 secundum

158 731 285 788 quod
303 731 491 788 respicit
514 732 749 789 objectum
768 731 895 788 quod
909 735 981 775 est
1000 730 1195 775 malum.

223 795 293 840 Ad
318 798 503 839 tertium
523 796 790 850 dicendum,
813 794 940 852 quod
959 793 1163 850 perfecta
1185 791 1387 837 charitas
1405 790 1530 836 foras
1558 790 1699 836 mittit
1720 791 1931 836 timorem
1954 803 2055 836 ser-

157 856 313 914 vilem,
359 857 439 914 qui
473 858 662 915 respicit
693 855 1009 914 principaliter
1046 866 1252 912 poenam.
1295 853 1368 898 Sic
1410 857 1565 899 autem
1599 853 1736 898 timor
1764 865 1858 898 non
1890 852 1978 898 fuit
2006 852 2056 898 in

160 918 355 964 Christo.

239 983 584 1026 ARTICULUS
612 983 716 1025 Vll.
740 1005 795 1012 -
815 992 953 1022 ursum
986 992 1027 1022 m
1058 991 1232 1022 cnms'ro
1263 991 1440 1021 Fusium
1470 990 1630 1021 cumn:
1660 989 1807 1020 onnus
1837 989 1968 1021 ωτι.

159 1049 208 1085 De
229 1049 282 1084 his
307 1049 410 1085 etiam
426 1052 524 1085 Cont.
551 1053 641 1090 gent.
661 1049 723 1084 lib.
740 1057 796 1089 111,
817 1043 888 1089 cap.
907 1047 968 1082 1¹54
987 1047 1047 1082 fin.
1064 1050 1097 1081 et
1116 1048 1162 1082 De
1188 1058 1258 1081 ver.
1283 1051 1400 1088 quaest.
1431 1055 1541 1088 xxvn,
1567 1050 1635 1080 art.
1652 1046 1668 1081 4
1687 1057 1781 1086 corp.
1797 1049 1830 1079 et
1851 1046 1974 1087 Opusc.
1997 1053 2052 1088 111,

672 1109 745 1138 cap.
761 1097 836 1136 2⁴5,
854 1100 886 1129 et
902 1095 998 1130 Rom.
1014 1104 1040 1135 1,
1056 1094 1134 1130 lect.
1148 1096 1181 1133 5.
1198 1099 1231 1129 et
1246 1095 1366 1136 Ephes.
1385 1103 1409 1134 1,
1430 1093 1507 1128 lect.
1520 1094 1554 1130 2.

211 1147 278 1197 Ad
299 1153 550 1209 septimum
585 1152 653 1197 sic
689 1151 971 1208 proceditur.
1003 1154 1046 1195 1.
1080 1149 1268 1194 Videtur
1298 1149 1423 1206 quod
1459 1149 1508 1193 in
1531 1148 1710 1193 Christo
1748 1160 1841 1192 non
1879 1148 2055 1194 fuerint

159 1214 320 1270 gratiae
343 1214 488 1271 gratis
516 1214 656 1259 datae.
694 1213 741 1258 Ei
777 1213 902 1257 enim
926 1212 1007 1270 qui
1031 1211 1168 1257 habet
1201 1211 1375 1269 aliquid
1408 1211 1668 1257 secundum
1704 1210 2055 1270 plenitudinem,

158 1288 253 1320 non
275 1277 495 1334 competit
520 1276 634 1321 illud
651 1275 823 1320 habere
842 1274 1102 1320 secundum
1120 1274 1537 1331 participationem.
1559 1273 1649 1319 Sed
1668 1272 1874 1318 Christus
1894 1272 2058 1319 habuit

159 1338 355 1395 gratiam
384 1338 645 1382 secundum
680 1336 1037 1394 plenitudinem,
1055 1336 1314 1380 secundum
1346 1335 1462 1381 illud
1496 1337 1642 1391 (Joan.
1661 1349 1691 1392 1,
1724 1337 1830 1390 14):
1866 1335 2058 1379 Plenam

158 1403 341 1456 qratiae,
368 1403 410 1443 et
432 1402 655 1442 veritatis.
683 1399 845 1442 Gratiae
869 1403 1026 1442 autem
1049 1397 1195 1453 gratis
1219 1397 1339 1443 datae
1359 1397 1576 1442 videntur
1599 1409 1702 1442 esse
1724 1396 1937 1453 quoedam
1952 1409 2058 1454 par-

161 1460 449 1518 ticipationes
468 1460 653 1514 divitiae.
676 1460 864 1505 divisim
883 1466 929 1504 et
953 1459 1293 1516 particulariter
1309 1458 1506 1504 diversis
1529 1457 1778 1514 attributas,
1798 1458 2059 1504 secundum

158 1522 273 1567 illud
298 1524 346 1575 (Ι.
368 1522 570 1567 Corinth.
593 1536 667 1578 xn,
694 1525 735 1573 4)
761 1537 770 1563 z
796 1524 1049 1565 Divisiones
1068 1523 1330 1577 qratiarum
1349 1523 1474 1564 sunt.
1506 1522 1629 1577 Ergo
1649 1519 1833 1565 videtur
1853 1518 1981 1578 quod
2009 1519 2059 1564 in

70 1587 71 1590 ’
160 1584 337 1629 Christo
356 1597 451 1629 non
471 1584 643 1629 fuerint
667 1584 828 1642 gratiae
850 1584 994 1640 gratis
1011 1583 1146 1628 datae.

213 1649 255 1691 2.
286 1649 528 1704 Praeterea‚
552 1647 677 1704 quod
697 1647 892 1692 debetur
915 1645 1071 1702 alicui,
1096 1657 1191 1690 non
1214 1646 1398 1691 videtur
1416 1657 1520 1691 esse
1539 1645 1683 1703 gratis
1706 1645 1749 1690 ei
1769 1645 1946 1690 datum.
1970 1646 2059 1691 Sed

159 1707 368 1754 debitum
387 1716 486 1753 erat
503 1708 680 1752 homini
706 1709 900 1764 ChristO,
917 1707 1043 1765 quod
1064 1719 1281 1753 sermone
1297 1707 1537 1764 sapientiae
1560 1711 1607 1752 et
1625 1706 1830 1752 scientiae
1850 1707 2059 1752 abunda-

159 1775 245 1824 ret,
269 1775 316 1815 et
335 1775 503 1828 potens
527 1776 652 1816 esset
683 1770 730 1814 in
754 1769 1007 1814 virtutibus
1025 1769 1253 1814 faciendis
1272 1770 1345 1826 (1),
1370 1773 1417 1814 et
1439 1768 1487 1813 in
1509 1768 1612 1813 aliis
1644 1768 1935 1826 hujusmodi,
1955 1780 2061 1826 quae

159 1832 393 1888 pertinent
415 1833 474 1878 ad
497 1833 672 1889 gratias
694 1833 837 1889 gratis
860 1833 1018 1889 datas3
1038 1832 1265 1889 cumipse
1288 1831 1350 1876 sit
1367 1834 1449 1875 Dei
1467 1834 1632 1888 virtus,
1651 1836 1696 1876 et
1714 1834 1798 1874 Dei
1815 1834 2059 1894 sapientia,

159 1899 210 1938 ut
231 1894 403 1939 dicitur
419 1897 469 1950 (Ι.
485 1897 586 1939 Cor.
613 1898 657 1949 1).
679 1896 795 1952 Ergo
817 1894 995 1939 Christo
1016 1907 1111 1940 non
1129 1895 1217 1940 fuit
1236 1893 1521 1939 conveniens
1535 1893 1707 1938 habere
1726 1893 1899 1950 gratias
1917 1895 2062 1951 gratis

159 1956 306 2001 datas.
892 1955 896 1959 ”

211 2019 255 2062 3.
287 2020 532 2072 Praeterea,
557 2020 720 2076 gratiae
755 2020 898 2076 gratis
935 2020 1056 2064 datae
1088 2019 1363 2065 ordinantur
1385 2019 1443 2064 ad
1467 2018 1712 2063 utilitatem
1730 2017 1937 2064 fidelium
1954 2053 1968 2075 ,
1988 2031 2061 2064 se-

158 2079 366 2124 cundum
390 2080 505 2125 illud
529 2083 577 2135 (l.
607 2083 706 2125 Cor.
730 2096 804 2136 xn,
829 2086 870 2135 7)
889 2095 901 2126 2
929 2084 1177 2137 Unicuique
1192 2083 1336 2126 datur
1353 2083 1664 2135 manifestatio
1685 2083 1870 2137 spiritns
1889 2082 1955 2125 ad
1974 2084 2059 2126 uti·

160 2140 354 2184 litatem.
386 2143 486 2186 Non
517 2145 673 2186 autem
694 2142 877 2186 videtur
909 2142 969 2187 ad
1003 2142 1250 2186 utilitatem
1273 2141 1470 2186 aliorum
1492 2142 1725 2198 pertinere
1762 2141 1949 2186 habitus
1980 2147 2061 2189 aut

158 2213 469 2259 quaecumque
496 2203 754 2259 dispositio,
771 2203 811 2248 si
831 2204 970 2248 homo
994 2216 1089 2247 non
1112 2207 1286 2258 utatur,
1303 2204 1562 2248 secundum
1585 2203 1700 2248 illud
1719 2202 1855 2257 (Eccl.
1877 2217 1947 2259 xx,
1962 2206 2057 2260 32):

158 2266 396 2319 Sapientia
415 2265 704 2322 abscondita,
730 2269 774 2309 et
794 2266 1037 2309 thesaurus
1052 2268 1239 2322 invisus,
1257 2277 1353 2322 quae
1370 2266 1550 2309 utilitas
1568 2269 1616 2308 in
1635 2268 1836 2321 utrisque
1851 2267 1874 2310 t
1910 2266 2061 2312 Chris-

159 2330 235 2370 tus
261 2331 418 2371 autem
434 2338 527 2370 non
554 2327 726 2383 legitur
747 2340 861 2372 usus
883 2327 1103 2372 omnibus
1119 2327 1279 2384 gratiis
1302 2328 1447 2384 gratis
1471 2326 1606 2382 datis,
1632 2327 1888 2385 praesertim
1911 2340 2059 2386 quan-

159 2387 259 2431 tnm
283 2388 345 2443 ad
363 2400 537 2445 genera
557 2388 844 2444 linguarum.
860 2392 957 2434 Non
973 2401 1085 2445 ergo
1106 2389 1155 2433 in
1180 2389 1356 2434 Christo
1377 2389 1567 2434 fuerunt
1585 2401 1750 2435 omnes
1768 2389 1928 2447 gratiae
1951 2403 2060 2448 gra-

159 2448 219 2492 tis
240 2449 377 2494 datae.

215 2511 304 2557 Sed
319 2516 481 2556 contra
499 2518 569 2558 est
583 2514 709 2570 quod
730 2514 1019 2568 Augustinus
1037 2515 1149 2559 dicit
1170 2515 1234 2570 (in
1255 2514 1391 2572 epist.
1411 2515 1471 2561 ad
1491 2515 1757 2561 Dardanum
1772 2518 1871 2574 287,
1889 2515 1949 2562 al.
1969 2518 2058 2574 57),

158 2573 286 2630 quod
319 2591 339 2612 «
364 2574 486 2620 sicut
516 2575 563 2618 in
586 2575 735 2632 capite
764 2580 876 2621 sunt
897 2589 1062 2621 omnes
1087 2589 1286 2633 sensus3
1311 2577 1375 2621 ita
1408 2577 1455 2621 in
1475 2576 1652 2622 Christo
1683 2578 1874 2624 fuerunt
1897 2590 2060 2626 omnes

161 2634 322 2691 gratiae
344 2638 418 2692 (2).
439 2655 461 2675 η

211 2704 505 2746 CONCLUSIO.
529 2729 578 2735 —
605 2706 711 2747 Gum
740 2706 928 2747 Christus
950 2707 1072 2748 fuerit
1105 2708 1265 2760 primus
1290 2710 1331 2749 et
1362 2708 1603 2761 principalis
1630 2709 1727 2751 fidei
1753 2711 1915 2762 doctor,
1939 2711 1985 2752 in
2014 2723 2061 2753 eo

164 2759 346 2810 oportuit
370 2771 513 2801 omnes
532 2762 684 2812 gratias
706 2763 833 2814 gratis
846 2763 961 2803 datas
984 2762 1123 2804 fuisse.

219 2823 494 2879 Respondeo
520 2823 771 2870 dicendum
794 2824 919 2882 quod
937 2858 950 2883 ‚
976 2826 1095 2871 sicut
1131 2826 1181 2871 in
1204 2827 1413 2872 secunda
1442 2832 1575 2885 parte
1607 2828 1818 2875 habitum
1851 2835 1922 2876 est
1955 2834 1991 2887 (1
2014 2834 2057 2889 2,

165 2888 332 2939 quaest.
354 2896 436 2938 οη,
454 2889 541 2929 art.
565 2888 585 2930 1
609 2890 657 2931 et
674 2889 734 2944 4),
755 2887 915 2943 gratiae
934 2888 1079 2944 gratis
1102 2887 1222 2933 datae
1240 2889 1516 2934 ordinantur
1538 2890 1598 2935 ad
1618 2890 1726 2936 fidei
1745 2896 1791 2937 et
1807 2892 2062 2950 spiritualis

165 2944 389 2989 doctrinae
409 2946 846 2993 manifestationem.
863 2951 1050 3007 Oportet
1071 2950 1196 2996 enim
1218 2963 1326 2996 eum
1344 2951 1425 3009 qui
1445 2952 1581 2998 docet
1595 2953 1766 2999 habere
1785 2967 1839 2999 ea
1857 2968 1941 3013 per
1955 2968 2062 3014 quae

166 3018 254 3052 sua
265 3007 476 3052 doctrina
487 3010 809 3056 manifestetur
820 3026 830 3054 z
844 3012 960 3057 alias
971 3013 1074 3070 ejus
1082 3013 1293 3059 doctrina
1301 3019 1426 3060 esset
1437 3015 1893 3074 inutilis.Spiritualis
1904 3022 2061 3066 autem

165 3068 388 3115 doctrinae
410 3075 458 3116 et
481 3069 588 3116 fidei
604 3073 784 3130 primus
802 3080 849 3120 et
869 3075 1138 3134 principalis
1158 3078 1318 3123 doctor
1331 3082 1404 3124 est
1421 3078 1644 3136 Christus,
1665 3082 1925 3127 secundum
1945 3081 2060 3127 iliud

167 3130 295 3185 (neb.
317 3145 365 3189 ιι,
389 3133 435 3187 3)
453 3146 464 3174 :
490 3134 604 3177 Ciam
628 3138 812 3179 initium
833 3141 1080 3195 accepisset
1098 3142 1318 3184 enarrari
1331 3154 1416 3197 per
1436 3143 1696 3198 Dominum,
1715 3141 1773 3185 ab
1794 3145 1858 3186 eis
1877 3145 1955 3198 qui
1971 3155 2058 3186 au—

166 3192 367 3248 dierunt,
389 3194 438 3265 in
457 3206 535 3236 nos
568 3198 841 3251 confirmata
861 3203 928 3242 est
943 3214 962 3255 ,·
982 3204 1260 3246 contestante
1279 3206 1372 3246 Deo
1395 3204 1537 3259 siqnis
1567 3206 1610 3247 et
1633 3206 1872 3261 portentis,
1890 3207 1979 3250 etc.
2004 3227 2061 3239 --

164 3254 293 3326 Unde
310 3255 608 3327 manifestum
627 3262 698 3303 est
713 3260 837 3316 quod
852 3261 899 3305 in
923 3262 1098 3308 Christo
1113 3264 1501 3310 excellentissime
1519 3265 1710 3310 fuerunt
1722 3278 1887 3312 omnes
1900 3266 2060 3324 gratiae

163 3321 308 3372 graus
333 3317 469 3375 datae,
497 3323 618 3363 sicut
639 3319 687 3364 in
707 3321 857 3377 primo
877 3327 923 3368 et
944 3325 1189 3382 principali
1212 3325 1318 3371 fidei
1340 3327 1542 3372 doctore.

202 3427 247 3469 (i)
270 3428 325 3462 Sic
345 3429 387 3463 de
414 3428 472 3463 illo
492 3429 619 3464 dicitur
643 3432 735 3471 (Luc.
762 3441 855 3474 xxiv,
882 3434 933 3472 ⁴9>
952 3446 959 3468 ε
989 3436 1063 3478 Qui
1147 3445 1229 3470 xxix
1252 3437 1286 3470 in
1305 3438 1427 3477 Joan.),
1443 3436 1592 3471 Anselm.
1617 3437 1653 3471 in
1682 3448 1783 3480 cap.1
1807 3438 1849 3473 ad
1878 3439 2003 3474 Coloss.
2019 3449 2054 3475 et

164 3475 235 3517 suit
249 3481 377 3520 potens
398 3488 505 3521 opere
522 3482 555 3513 et
571 3489 749 3515 sermone.
1147 3484 1312 3519 Scholast.
1333 3485 1440 3525 (Sent.
1458 3492 1511 3525 m,
1531 3483 1610 3519 dist.
1632 3485 1682 3519 {5³

202 3524 246 3565 (2)
268 3525 362 3560 Idem
393 3526 510 3562 haberi
546 3533 653 3567 potest
685 3541 722 3563 ex
750 3529 917 3569 Chrysost.
948 3530 1058 3566 (hom.
