2170 3808
57 244 71 302 'i

801 218 1001 271 QUAEST.
1029 216 1083 275 V,
1110 215 1229 259 ART.
1258 215 1292 258 1.
1935 208 1991 254 53

156 303 496 348 ARTICULUS
517 303 554 345 1.
568 323 625 332 -
642 311 779 343 imum
802 310 871 341 nm
893 310 1027 341 rmus
1050 309 1260 349 nanuum-r
1282 308 1496 340 Assnmssnn
1522 306 1662 337 VERUM
1685 304 1843 336 conrus
1858 292 1936 347 (1).

90 358 156 427 {De
181 373 233 408 his
250 373 353 409 ctiam
374 370 480 413 infra,
496 371 561 405 art.
576 367 600 403 2
615 379 707 410 corp.
727 369 762 402 et
791 370 907 409 quaest.
928 374 1001 407 xlv,
1024 369 1090 400 art.
1114 365 1130 399 4
1161 376 1254 406 corp.
1274 368 1308 399 et
1324 365 1418 399 Sent.
1445 372 1498 405 111,
1525 362 1601 398 dist.
1618 361 1651 405 52,
1672 363 1789 404 quaest.
1813 369 1839 403 1,
1864 361 1932 396 art.
1954 359 1989 401 5,·

148 424 264 463 quaest.
291 430 317 464 ι,
332 423 367 456 et
384 422 498 463 quest.
516 426 544 453 11
561 428 654 459 corp.
671 419 705 451 et
734 417 831 451 nont.
850 417 941 457 gent.
961 413 1024 449 lib.
1040 421 1089 454 lv,
1107 425 1178 455 cap.
1192 413 1246 453 29.
1265 414 1309 448 50
1322 418 1357 447 et
1384 413 1425 448 54
1453 412 1563 453 princ.
1582 415 1616 446 et
1639 410 1681 446 55
1698 409 1760 445 fin.
1786 412 1820 444 et
1847 408 1895 443 De
1918 410 1989 450 pot.

150 473 264 511 quaest.
277 477 328 512 vr,
341 471 407 505 art.
420 466 443 503 7
461 477 556 508 corp.
574 469 608 500 et
623 465 747 506 opusc.
764 472 804 506 11,
824 475 897 506 cap.
914 462 978 498 207
996 465 1030 496 et
1047 461 1124 497 208.

162 523 227 569 Ad
247 523 448 581 primum
466 520 534 565 sic
557 518 838 577 proceditur.
860 521 902 562 1.
929 516 1119 562 Videtur
1144 515 1270 572 quod
1298 514 1438 558 Filius
1463 514 1542 559 Dei
1570 525 1663 558 non
1689 510 1994 569 assumpserit

108 597 268 631 verum
290 595 474 641 corpus.
502 580 676 626 Dicitur
693 579 819 625 enim
837 577 1049 635 (Philipp.
1074 578 1139 632 11),
1165 575 1291 633 quod
1320 578 1369 618 in
1399 575 1744 619 similitudinem
1765 574 1993 616 hominum

107 650 255 701 factus
280 649 362 690 est.
393 643 481 690 Sed
503 641 629 701 quod
651 646 724 687 est
742 640 1003 687 secundum
1023 638 1283 692 veritatem,
1303 649 1398 682 non
1419 636 1586 681 dicitur
1606 648 1710 681 esse
1731 634 1993 680 secundum

109 708 471 754 similitudinem.
496 708 615 761 Ergo
633 704 775 749 Filius
795 703 875 748 Dei
896 715 992 748 non
1012 701 1268 758 assumpsit
1285 711 1451 745 verum
1469 710 1655 754 corpus.

164 775 208 817 2.
234 774 473 824 Praeterea,
498 766 757 823 assumptio
779 765 987 823 corporis
1006 766 1066 819 (2)
1089 763 1138 807 in
1160 763 1292 807 nullo
1317 760 1558 817 derogavit
1587 759 1800 816 dignitati
1826 758 1994 803 Divini-

108 834 238 887 tatis3
263 831 374 876 dicit
394 829 520 876 enim
538 831 628 873 Leo
650 840 771 885 papa
789 827 855 882 (in
876 838 1017 872 serm.
1039 829 1102 870 De
1124 825 1271 870 nativ.
1295 828 1339 879 1,
1359 823 1387 867 a
1407 822 1569 880 med),
1590 820 1712 878 quod
1737 837 1758 858 «
1773 831 1861 864 nec
1880 820 1995 865 infe-

106 894 275 939 riorem
298 897 515 938 naturam
535 890 827 946 consumpsit
851 887 1122 946 glorificatio
1137 923 1149 942 ‚
1181 899 1269 931 nec
1298 884 1585 942 superiorem
1616 882 1784 927 minuit
1812 893 1995 926 assum-

107 957 219 1012 ptio.
240 974 261 996 u
302 953 391 1000 Sed
420 954 509 999 hoc
541 953 602 998 ad
631 952 904 1008 dignitatem
935 950 1014 995 Dei
1052 948 1276 1006 pertinet,
1307 946 1430 1004 qued
1458 946 1518 991 sit
1538 945 1730 989 omnino
1752 943 1779 986 a
1800 955 1992 999 corpore

108 1021 365 1074 separatus.
388 1018 507 1073 Ergo
528 1014 714 1059 videtur
737 1012 864 1071 quod
887 1024 972 1070 per
993 1010 1363 1067 assumptionem
1388 1020 1483 1052 non
1508 1007 1646 1052 fuerit
1670 1009 1791 1050 Deus
1811 1005 1992 1060 corpori

108 1079 284 1124 unitus.

162 1143 204 1184 3.
235 1142 476 1195 Praeterea,
499 1138 636 1194 signa
657 1136 829 1182 debent
850 1134 1133 1192 respondere
1153 1133 1365 1190 signatis.
1390 1131 1479 1176 Sed
1495 1128 1807 1186 apparitiones
1824 1129 1994 1173 veteris

106 1201 399 1257 Testamenti,
420 1212 526 1258 quae
538 1199 732 1243 fuerunt
746 1197 881 1254 signa
900 1195 1201 1252 apparitionis
1219 1192 1399 1249 Christi,
1415 1205 1510 1236 non
1526 1192 1716 1235 fuerunt
1734 1189 1993 1234 secundum

110 1264 316 1320 corporis
350 1262 618 1317 veritatem,
655 1259 739 1305 sed
772 1258 1033 1304 secundum
1070 1256 1393 1313 imaginariam
1426 1255 1677 1309 visionem,
1714 1252 1835 1297 sicut
1866 1258 1993 1308 patet

107 1326 206 1380 (lsa.
232 1339 290 1380 vi,
309 1326 383 1380 1):
410 1324 518 1380 Vidi
540 1325 781 1366 Dominum
800 1322 1044 1377 sedentem,
1066 1325 1153 1364 ete.
1184 1322 1303 1375 Ergo
1330 1318 1515 1362 videtur
1538 1315 1662 1372 quod
1685 1314 1825 1359 etiam
1847 1326 1993 1370 appa-

108 1385 211 1430 ritio
225 1386 322 1430 Filii
340 1386 418 1430 Dei
435 1385 484 1429 in
506 1384 683 1429 mundo
698 1395 793 1428 non
807 1382 948 1427 fuerit
962 1380 1222 1426 secundum
1238 1379 1445 1436 corporis
1463 1378 1724 1431 veritatem,
1742 1375 1824 1420 sed
1839 1375 1993 1420 solum

109 1449 366 1494 secundum
387 1447 785 1505 imaginationem.
1050 1485 1053 1488 .
1314 1480 1316 1482 .

165 1511 252 1556 Sed
286 1515 446 1555 contra
466 1515 537 1555 est
557 1509 679 1567 quod
706 1508 818 1554 dicit
845 1507 1135 1564 Augustinus
1153 1508 1340 1561 (Quaest.
1360 1504 1440 1548 lib.
1463 1516 1635 1557 Lxxxm„
1653 1505 1820 1558 quaest.
1841 1503 1917 1557 13,
1943 1502 1993 1545 in

107 1571 235 1627 fin.):
263 1589 284 1610 κ
304 1572 347 1616 Si
369 1572 645 1628 phantasma
668 1570 758 1615 fuit
778 1581 948 1626 corpus
967 1568 1150 1623 Christi,
1168 1567 1333 1612 fefellit
1352 1565 1583 1617 Christus3
1602 1562 1701 1607 etsi
1720 1561 1893 1618 fefellit,
1913 1574 1993 1606 ve-

108 1634 220 1679 ritas
241 1647 335 1679 non
360 1640 446 1679 est.
463 1637 541 1679 Est
561 1639 718 1678 autem
737 1632 910 1677 veritas
931 1631 1155 1676 Christus.
1172 1633 1290 1685 Ergo
1311 1641 1403 1672 non
1426 1627 1514 1671 fuit
1530 1627 1804 1683 phantasma
1822 1636 1994 1680 corpus

109 1695 227 1752 ejus.
244 1715 264 1735 ιι
287 1698 339 1741 Et
357 1696 424 1740 sic
442 1701 568 1753 patet
587 1695 712 1752 quod
727 1705 891 1739 verum
910 1705 1081 1749 corpus
1103 1691 1374 1747 assumpsit.

157 1764 441 1804 CONCLUSIO.
468 1786 515 1792 -
537 1764 640 1804 Cum
666 1762 853 1803 Christus
881 1762 1005 1801 fuerit
1025 1762 1115 1800 vere
1146 1760 1270 1800 homo
1292 1770 1366 1810 pro
1387 1755 1607 1797 hominum
1629 1755 1760 1794 salute
1777 1757 1966 1794 mortuus
1979 1783 1994 1805 ,

109 1821 150 1857 ct
169 1818 193 1857 a
214 1819 292 1857 Deo
314 1819 338 1857 a
360 1820 492 1871 morte
507 1822 729 1865 revocatus,
750 1827 999 1868 consequens
1015 1820 1075 1856 est
1089 1815 1200 1867 quod
1221 1824 1365 1855 verum
1384 1823 1530 1862 corpus
1547 1809 1827 1862 assumpserit.

94 1898 98 1902 ·
166 1879 435 1936 Respondeo
468 1879 716 1924 dicendum
751 1879 894 1936 quod,
917 1878 1039 1923 sicut
1070 1877 1238 1922 dicitur
1257 1876 1353 1931 (lib.
1384 1878 1446 1919 De
1473 1873 1731 1918 ecclesiast.
1761 1868 1995 1926 dogmati-

111 1940 201 1985 bus
222 1943 299 1998 (3),
319 1953 422 1998 cap.
443 1944 487 1997 2,
504 1941 532 1985 a
549 1940 708 1996 med.).,
736 1958 756 1978 «
772 1945 912 1984 natus
934 1945 1005 1984 est
1025 1939 1104 1984 Dei
1126 1939 1266 1982 Filius
1290 1950 1384 1981 non
1406 1934 1637 1993 putative,
1668 1934 1803 1991 quasi
1829 1932 1995 1987 imagi-

111 2006 273 2046 natum
296 2014 465 2059 corpus
487 2001 682 2057 habens,
705 2000 789 2046 sed
817 2012 988 2056 corpus
1017 2011 1198 2043 verum.
1218 2017 1238 2037 »
1264 2001 1317 2042 Et
1345 1997 1485 2054 huJ'us
1515 1997 1632 2041 ratio
1654 2000 1806 2052 potest
1826 1993 1995 2051 triplex

111 2064 365 2119 assignari:
388 2076 587 2120 quarum
605 2063 755 2119 prima
776 2067 924 2107 estex
944 2062 1122 2106 ratione
1144 2061 1363 2105 humanae
1386 2065 1580 2114 naturae,
1603 2058 1662 2103 ad
1683 2067 1827 2114 quam
1848 2058 1994 2112 perti—-

110 2129 191 2169 net
204 2136 368 2168 verum
391 2136 560 2181 corpus
578 2124 766 2168 habere.
788 2123 1032 2180 supposito
1047 2122 1189 2179 igitur
1202 2134 1261 2166 ex
1279 2120 1532 2178 praemissis
1549 2121 1730 2176 (quaest.
1745 2130 1884 2175 praec.
1903 2127 1991 2161 art.

110 2188 152 2241 1)
166 2221 178 2242 ,
196 2186 319 2243 quod
342 2186 626 2231 conveniens
649 2186 788 2230 fuerit
810 2185 973 2230 Filium
995 2185 1073 2229 Dei
1096 2195 1335 2228 assumere
1355 2183 1609 2226 humanam
1629 2187 1861 2237 naturam,
1877 2192 1995 2225 con-

113 2260 315 2305 sequens
334 2253 406 2293 est
428 2248 553 2306 quod
582 2259 746 2292 verum
767 2259 937 2304 corpus
959 2246 1280 2301 assumpserit.
1307 2245 1517 2290 Secunda
1545 2243 1662 2288 ratio
1691 2243 1813 2288 sumi
1840 2245 1993 2300 potest

112 2322 170 2354 ex
192 2309 264 2354 his
293 2321 398 2367 quae
426 2310 475 2353 in
503 2308 726 2367 mysterio
744 2307 1078 2353 incarnationis
1096 2312 1208 2351 sunt
1228 2312 1344 2351 acta.
1372 2307 1415 2350 Si
1443 2306 1568 2351 enim
1597 2317 1693 2349 non
1718 2305 1805 2348 fuit
1828 2315 1994 2349 verum

111 2383 279 2428 corpus
297 2371 415 2429 ejus,
436 2372 519 2417 sed
541 2371 910 2429 phantasticum3
932 2381 1044 2427 ergo
1062 2382 1150 2414 nec
1162 2381 1321 2414 veram
1340 2375 1535 2413 mortem
1552 2367 1790 2423 sustinuit,
1809 2379 1895 2412 nec
1909 2368 1993 2411 ali-

113 2434 224 2490 quid
247 2445 407 2478 eorum
427 2445 531 2490 quae
554 2432 858 2490 Evangelistae
879 2432 937 2477 de
958 2443 1014 2475 eo
1038 2436 1245 2484 narrant,
1271 2430 1530 2475 secundum
1557 2429 1796 2474 veritatem
1820 2428 1990 2484 gessit,

112 2494 194 2538 sed
225 2493 376 2538 solum
405 2494 665 2539 secundum
698 2494 1018 2551 apparentiam
1054 2493 1336 2550 quamdam:
1371 2497 1416 2537 et
1448 2492 1516 2536 sic
1550 2491 1689 2536 etiam
1721 2495 1994 2547 sequeretur

113 2554 237 2611 quod
266 2567 359 2599 non
394 2554 532 2600 fuerit
562 2567 673 2600 vera
702 2555 830 2600 salus
860 2554 1064 2599 hominis
1092 2554 1370 2610 subsecuta3
1405 2558 1587 2611 oportet
1617 2553 1743 2598 enim
1776 2552 1994 2597 effoetum

56 2647 59 2651 Α
113 2627 264 2661 causae
291 2617 642 2674 proportionari.
666 2617 812 2661 Tertia
840 2617 956 2661 ratio
985 2620 1139 2672 potest
1169 2615 1291 2659 sumi
1324 2628 1382 2660 ex
1412 2615 1516 2672 ipsa
1538 2614 1762 2672 dignitate
1780 2626 1994 2671 personae

115 2678 413 2734 assumentis3
431 2691 537 2735 quae
557 2678 665 2723 cum
685 2678 746 2723 sit
766 2678 954 2734 veritas,
975 2690 1070 2721 non
1090 2677 1248 2722 decuit
1268 2682 1322 2722 ut
1339 2677 1388 2721 in
1408 2677 1511 2734 ers
1535 2689 1675 2733 opere
1698 2676 1853 2732 aliqua
1869 2676 1993 2721 fictio

111 2745 250 2784 esset.
274 2740 402 2785 Unde
425 2746 471 2785 et
490 2741 714 2785 Dominus
733 2742 858 2785 hunc
876 2751 1081 2785 errorem
1099 2751 1183 2796 per
1197 2739 1406 2796 seipsum
1422 2738 1668 2784 excludere
1686 2738 1904 2794 dignatus
1921 2747 1994 2784 est

113 2801 235 2854 (Luc.
257 2800 343 2846 ult.
366 2804 457 2858 39),
480 2802 586 2847 cum
613 2802 827 2860 discipuli
850 2801 1115 2847 conturbati
1136 2806 1182 2846 et
1203 2801 1438 2846 conterriti
1459 2801 1687 2858 putabant
1707 2813 1758 2845 se
1779 2800 1992 2857 spiritum

116 2860 284 2914 videre,
306 2867 352 2907 et
376 2875 471 2907 non
492 2875 657 2909 verum
679 2876 850 2921 corpus
871 2878 884 2908 ε
908 2868 956 2908 et
976 2862 1082 2908 ideo
1103 2874 1154 2906 se
1174 2862 1243 2907 cis
1262 2863 1551 2920 palpandum
1568 2861 1782 2919 praebuit,
1802 2861 1991 2907 dicens:

115 2923 327 3038 gagpate(
347 2926 394 2967 et
413 2925 577 2982 videte,
601 2929 708 2981 quia
730 2929 918 2983 spiritus
940 2937 1126 2969 carnem
1142 2926 1186 2968 et
1201 2937 1304 2968 ossa
1323 2938 1413 2969 non
1434 2925 1586 2981 habet,
1607 2928 1725 2968 sicut
1744 2937 1814 2967 me
1832 2925 1994 2968 videtis

149 2997 177 3026 a
207 2996 279 3027 ere
315 2987 376 3038 4).

168 3045 235 3089 Ad
254 3047 450 3100 primum
470 3056 581 3102 ergo
598 3046 862 3103 dicendum,
883 3047 1005 3105 quod
1031 3046 1286 3092 similitudo
1304 3047 1382 3091 illa
1399 3047 1619 3103 exprimit
1635 3048 1878 3093 veritatem
1899 3047 1992 3091 hu—

154 3167 199 3209 (4)
222 3166 402 3208 Responsio
430 3167 631 3202 affirmativa
651 3169 691 3202 ‹le
709 3169 775 3205 fide
800 3175 849 3204 est
875 3174 908 3205 et
935 3170 1005 3204 haec
1132 3169 1173 3207 (2)
1191 3170 1242 3204 Ita
1261 3170 1483 3204 communias.
1504 3171 1573 3211 Al„
1593 3170 1851 3206 humanitatis.

112 3214 419 3268 doctrina-definita
441 3215 508 3250 fuit
525 3214 560 3249 in
576 3216 695 3250 concil.
718 3216 1004 3258 Nicen.Ephesin.
1131 3217 1175 3258 (5)
1203 3217 1293 3258 Opus
1327 3217 1411 3252 illud
1443 3217 1608 3252 Gennadii
1634 3222 1706 3259 est,
1732 3222 1827 3258 cujus
1854 3216 1992 3251 nomine

113 3261 425 3315 Cpnstantmopolit.
449 3267 482 3296 et
498 3261 763 3298 Chalcedonens.
787 3269 904 3299 contra
916 3276 1007 3299 mar·
1090 3263 1189 3298 illum
1204 3265 1286 3299 c‘itat
1299 3265 1335 3299 in
1350 3266 1466 3301 Caten.
1483 3277 1584 3301 aurea
1599 3266 1788 3300 &Thomas
1806 3264 1942 3307 (Matth.
1964 3266 1987 3304 ι)

113 3313 255 3342 cionitas
270 3314 303 3342 ct
320 3309 518 3345 manichaeos
538 3311 598 3351 qui
623 3309 754 3345 Christo
770 3323 890 3352 corpus
905 3312 1007 3352 phan-
1090 3323 1191 3352 super
1213 3311 1298 3346 illud
1318 3326 1327 3346 z
1347 3314 1481 3348 Gemuit
1496 3314 1633 3357 Joseph
1646 3315 1771 3348 virum
1788 3313 1935 3347 Marioe.

112 3354 266 3408 tastiqum
285 3355 493 3397 tribuebant,
513 3357 663 3399 itemque
682 3363 799 3393 contra
813 3359 984 3394 Simonem
997 3385 1007 3400 ‚
1133 3361 1175 3401 (4)
1193 3360 1295 3395 Plura
1320 3361 1360 3396 de
1379 3361 1433 3396 his
1450 3361 1558 3397 videri
1579 3368 1717 3404 possunt
1730 3361 1767 3396 in
1784 3360 1877 3396 hom.
1899 3364 1992 3394 cont·

111 3401 302 3443 Basilidem,
337 3404 559 3438 Saturninum
583 3410 617 3439 et
649 3405 814 3446 gnosticos
845 3406 902 3448 qui
920 3405 1010 3441 hunc
1093 3407 1260 3450 Gentiles,
1274 3408 1336 3444 lib.
1356 3418 1404 3451 lv,
1425 3421 1498 3451 cap.
1520 3409 1577 3445 29.

113 3459 260 3484 errorem
278 3458 499 3486 asseruerunt.
