<?xml version="1.0" encoding="UTF-8"?>
<!DOCTYPE html PUBLIC "-//W3C//DTD XHTML 1.0 Transitional//EN"
    "http://www.w3.org/TR/xhtml1/DTD/xhtml1-transitional.dtd">
<html xmlns="http://www.w3.org/1999/xhtml" xml:lang="en" lang="en">
 <head>
  <title>
</title>
<meta http-equiv="Content-Type" content="text/html;charset=utf-8" />
  <meta name='ocr-system' content='tesseract 3.04.00' />
  <meta name='ocr-capabilities' content='ocr_page ocr_carea ocr_par ocr_line ocrx_word'/>
</head>
<body>
  <div class='ocr_page' id='page_1' title='image "./summatheologica06thomuoft_0202.png"; bbox 0 0 2170 3808; ppageno 0'>
   <div class='ocr_carea' id='block_1_1' title="bbox 2022 0 2170 171">
    <p class='ocr_par' dir='ltr' id='par_1_1' title="bbox 2022 0 2170 171">
     <span class='ocr_line' id='line_1_1' title="bbox 2022 0 2170 171; baseline 0 3637"><span class='ocrx_word' id='word_1_1' title='bbox 2022 0 2170 171; x_wconf 95' lang='lat' dir='ltr'> </span> 
     </span>
    </p>
   </div>
   <div class='ocr_carea' id='block_1_2' title="bbox 132 208 1383 272">
    <p class='ocr_par' dir='ltr' id='par_1_2' title="bbox 132 208 1383 272">
     <span class='ocr_line' id='line_1_2' title="bbox 132 208 1383 272; baseline 0 -14"><span class='ocrx_word' id='word_1_2' title='bbox 132 216 215 259; x_wconf 78' lang='lat' dir='ltr'>16ss</span> <span class='ocrx_word' id='word_1_3' title='bbox 797 208 999 266; x_wconf 78' lang='lat' dir='ltr'>QUAEST.</span> <span class='ocrx_word' id='word_1_4' title='bbox 1028 213 1170 272; x_wconf 77' lang='lat' dir='ltr'>xvtn,</span> <span class='ocrx_word' id='word_1_5' title='bbox 1200 215 1302 258; x_wconf 76' lang='lat' dir='ltr'>Am·</span> <span class='ocrx_word' id='word_1_6' title='bbox 1348 214 1383 259; x_wconf 85' lang='lat'>1.</span> 
     </span>
    </p>
   </div>
   <div class='ocr_carea' id='block_1_3' title="bbox 104 295 2037 663">
    <p class='ocr_par' dir='ltr' id='par_1_3' title="bbox 104 295 2037 663">
     <span class='ocr_line' id='line_1_3' title="bbox 133 295 2028 353; baseline 0.001 -12"><span class='ocrx_word' id='word_1_7' title='bbox 133 296 241 341; x_wconf 83' lang='lat' dir='ltr'>dam</span> <span class='ocrx_word' id='word_1_8' title='bbox 272 296 332 342; x_wconf 89' lang='lat' dir='ltr'>ad</span> <span class='ocrx_word' id='word_1_9' title='bbox 369 296 664 353; x_wconf 80' lang='lat' dir='ltr'>huJ&#39;usmodi3</span> <span class='ocrx_word' id='word_1_10' title='bbox 703 296 814 353; x_wconf 87' lang='lat' dir='ltr'>quia</span> <span class='ocrx_word' id='word_1_11' title='bbox 841 295 1017 340; x_wconf 88' lang='lat' dir='ltr'>scilicet</span> <span class='ocrx_word' id='word_1_12' title='bbox 1046 296 1277 341; x_wconf 80' lang='lat' dir='ltr'><strong>diceretur</strong></span> <span class='ocrx_word' id='word_1_13' title='bbox 1305 308 1410 342; x_wconf 88' lang='lat' dir='ltr'>esse</span> <span class='ocrx_word' id='word_1_14' title='bbox 1440 309 1535 341; x_wconf 92' lang='lat' dir='ltr'>non</span> <span class='ocrx_word' id='word_1_15' title='bbox 1574 296 1723 341; x_wconf 80' lang='lat' dir='ltr'>solum</span> <span class='ocrx_word' id='word_1_16' title='bbox 1766 297 2028 349; x_wconf 68' lang='lat' dir='ltr'>secundnm</span> 
     </span>
     <span class='ocr_line' id='line_1_4' title="bbox 134 357 2036 416; baseline 0.001 -14"><span class='ocrx_word' id='word_1_17' title='bbox 134 370 190 402; x_wconf 88' lang='lat' dir='ltr'>ea</span> <span class='ocrx_word' id='word_1_18' title='bbox 217 371 320 415; x_wconf 86' lang='lat' dir='ltr'>quae</span> <span class='ocrx_word' id='word_1_19' title='bbox 348 358 478 415; x_wconf 81' lang='lat' dir='ltr'>prius</span> <span class='ocrx_word' id='word_1_20' title='bbox 505 358 723 413; x_wconf 72' lang='lat' dir='ltr'>habebat,</span> <span class='ocrx_word' id='word_1_21' title='bbox 751 358 835 403; x_wconf 89' lang='lat' dir='ltr'>sed</span> <span class='ocrx_word' id='word_1_22' title='bbox 856 357 997 402; x_wconf 88' lang='lat' dir='ltr'>etiam</span> <span class='ocrx_word' id='word_1_23' title='bbox 1024 358 1286 403; x_wconf 80' lang='lat' dir='ltr'>secundum</span> <span class='ocrx_word' id='word_1_24' title='bbox 1310 370 1367 403; x_wconf 87' lang='lat' dir='ltr'>ea</span> <span class='ocrx_word' id='word_1_25' title='bbox 1388 370 1494 416; x_wconf 88' lang='lat' dir='ltr'>quae</span> <span class='ocrx_word' id='word_1_26' title='bbox 1519 358 1607 403; x_wconf 86' lang='lat' dir='ltr'>sibi</span> <span class='ocrx_word' id='word_1_27' title='bbox 1629 358 1928 414; x_wconf 81' lang='lat' dir='ltr'>postmodum</span> <span class='ocrx_word' id='word_1_28' title='bbox 1959 361 2036 405; x_wconf 91' lang='lat' dir='ltr'>ad-</span> 
     </span>
     <span class='ocr_line' id='line_1_5' title="bbox 133 419 2035 479; baseline 0.002 -16"><span class='ocrx_word' id='word_1_29' title='bbox 133 424 380 464; x_wconf 84' lang='lat' dir='ltr'>venerunt.</span> <span class='ocrx_word' id='word_1_30' title='bbox 415 419 487 463; x_wconf 88' lang='lat' dir='ltr'>Sic</span> <span class='ocrx_word' id='word_1_31' title='bbox 514 420 657 475; x_wconf 83' lang='lat' dir='ltr'>igitur</span> <span class='ocrx_word' id='word_1_32' title='bbox 682 421 791 465; x_wconf 78' lang='lat' dir='ltr'>cum</span> <span class='ocrx_word' id='word_1_33' title='bbox 832 421 1039 464; x_wconf 89' lang='lat' dir='ltr'>humana</span> <span class='ocrx_word' id='word_1_34' title='bbox 1068 426 1234 465; x_wconf 88' lang='lat' dir='ltr'>natura</span> <span class='ocrx_word' id='word_1_35' title='bbox 1265 420 1579 477; x_wconf 86' lang='lat' dir='ltr'>conjungatur</span> <span class='ocrx_word' id='word_1_36' title='bbox 1616 421 1726 464; x_wconf 83' lang='lat' dir='ltr'>Filio</span> <span class='ocrx_word' id='word_1_37' title='bbox 1755 420 1834 465; x_wconf 89' lang='lat' dir='ltr'>Dei</span> <span class='ocrx_word' id='word_1_38' title='bbox 1870 422 2035 479; x_wconf 85' lang='lat' dir='ltr'>hypos-</span> 
     </span>
     <span class='ocr_line' id='line_1_6' title="bbox 104 482 2034 541; baseline 0.002 -16"><span class='ocrx_word' id='word_1_39' title='bbox 104 504 107 506; x_wconf 90' lang='lat'><em>-</em></span> <span class='ocrx_word' id='word_1_40' title='bbox 136 482 273 526; x_wconf 77' lang='lat' dir='ltr'>tatice</span> <span class='ocrx_word' id='word_1_41' title='bbox 293 482 363 525; x_wconf 86' lang='lat' dir='ltr'>vel</span> <span class='ocrx_word' id='word_1_42' title='bbox 389 482 711 538; x_wconf 75' lang='lat' dir='ltr'>personaliter,</span> <span class='ocrx_word' id='word_1_43' title='bbox 733 487 949 539; x_wconf 87' lang='lat' dir='ltr'>utsupra</span> <span class='ocrx_word' id='word_1_44' title='bbox 968 482 1147 527; x_wconf 89' lang='lat' dir='ltr'>dictum</span> <span class='ocrx_word' id='word_1_45' title='bbox 1167 487 1238 527; x_wconf 89' lang='lat' dir='ltr'>est</span> <span class='ocrx_word' id='word_1_46' title='bbox 1266 485 1451 539; x_wconf 84' lang='lat' dir='ltr'>(quaest.</span> <span class='ocrx_word' id='word_1_47' title='bbox 1476 497 1522 541; x_wconf 74' lang='grc' dir='ltr'>ιι,</span> <span class='ocrx_word' id='word_1_48' title='bbox 1546 488 1633 527; x_wconf 83' lang='lat' dir='ltr'>art.</span> <span class='ocrx_word' id='word_1_49' title='bbox 1658 486 1685 527; x_wconf 79' lang='lat'>5</span> <span class='ocrx_word' id='word_1_50' title='bbox 1704 487 1750 526; x_wconf 89' lang='lat' dir='ltr'>et</span> <span class='ocrx_word' id='word_1_51' title='bbox 1772 485 1842 538; x_wconf 83' lang='grc'>6),</span> <span class='ocrx_word' id='word_1_52' title='bbox 1868 487 1917 528; x_wconf 92' lang='lat' dir='ltr'>et</span> <span class='ocrx_word' id='word_1_53' title='bbox 1944 496 2034 529; x_wconf 87' lang='lat' dir='ltr'>non</span> 
     </span>
     <span class='ocr_line' id='line_1_7' title="bbox 135 543 2035 602; baseline 0.002 -14"><span class='ocrx_word' id='word_1_54' title='bbox 135 543 500 600; x_wconf 79' lang='lat' dir='ltr'>accidentaliter3</span> <span class='ocrx_word' id='word_1_55' title='bbox 527 557 823 602; x_wconf 85' lang='lat' dir='ltr'>consequens</span> <span class='ocrx_word' id='word_1_56' title='bbox 853 546 1073 602; x_wconf 80' lang='lat' dir='ltr'>estquod</span> <span class='ocrx_word' id='word_1_57' title='bbox 1109 544 1372 590; x_wconf 84' lang='lat' dir='ltr'>secundum</span> <span class='ocrx_word' id='word_1_58' title='bbox 1406 546 1660 590; x_wconf 83' lang='lat' dir='ltr'>humanam</span> <span class='ocrx_word' id='word_1_59' title='bbox 1695 550 1910 589; x_wconf 87' lang='lat' dir='ltr'>naturam</span> <span class='ocrx_word' id='word_1_60' title='bbox 1945 559 2035 592; x_wconf 90' lang='lat' dir='ltr'>non</span> 
     </span>
     <span class='ocr_line' id='line_1_8' title="bbox 135 605 2037 663; baseline 0.002 -15"><span class='ocrx_word' id='word_1_61' title='bbox 135 605 355 649; x_wconf 85' lang='lat' dir='ltr'>adveniat</span> <span class='ocrx_word' id='word_1_62' title='bbox 382 605 421 649; x_wconf 92' lang='lat' dir='ltr'>ei</span> <span class='ocrx_word' id='word_1_63' title='bbox 448 618 622 650; x_wconf 90' lang='lat' dir='ltr'>novum</span> <span class='ocrx_word' id='word_1_64' title='bbox 646 619 751 651; x_wconf 87' lang='lat' dir='ltr'>esse</span> <span class='ocrx_word' id='word_1_65' title='bbox 774 607 1020 663; x_wconf 88' lang='lat' dir='ltr'>personale</span> <span class='ocrx_word' id='word_1_66' title='bbox 1035 641 1045 660; x_wconf 96' lang='lat'><em>‚</em></span> <span class='ocrx_word' id='word_1_67' title='bbox 1071 606 1156 651; x_wconf 91' lang='lat' dir='ltr'>sed</span> <span class='ocrx_word' id='word_1_68' title='bbox 1180 606 1331 650; x_wconf 81' lang='lat' dir='ltr'>solum</span> <span class='ocrx_word' id='word_1_69' title='bbox 1359 617 1480 650; x_wconf 90' lang='lat' dir='ltr'>nova</span> <span class='ocrx_word' id='word_1_70' title='bbox 1510 606 1733 651; x_wconf 88' lang='lat' dir='ltr'>habitudo</span> <span class='ocrx_word' id='word_1_71' title='bbox 1757 618 1862 651; x_wconf 89' lang='lat' dir='ltr'>esse</span> <span class='ocrx_word' id='word_1_72' title='bbox 1883 618 2037 663; x_wconf 83' lang='lat' dir='ltr'>perso-</span> 
     </span>
    </p>
   </div>
   <div class='ocr_carea' id='block_1_4' title="bbox 137 667 2117 726">
    <p class='ocr_par' dir='ltr' id='par_1_4' title="bbox 137 667 2117 726">
     <span class='ocr_line' id='line_1_9' title="bbox 137 667 2117 726; baseline 0.002 -16"><span class='ocrx_word' id='word_1_73' title='bbox 137 667 255 711; x_wconf 88' lang='lat' dir='ltr'>nalis</span> <span class='ocrx_word' id='word_1_74' title='bbox 277 668 617 724; x_wconf 80' lang='lat' dir='ltr'>praeexistentis</span> <span class='ocrx_word' id='word_1_75' title='bbox 638 669 697 714; x_wconf 86' lang='lat' dir='ltr'>ad</span> <span class='ocrx_word' id='word_1_76' title='bbox 726 674 938 713; x_wconf 86' lang='lat' dir='ltr'>naturam</span> <span class='ocrx_word' id='word_1_77' title='bbox 959 669 1239 725; x_wconf 76' lang='lat' dir='ltr'>humanamz,</span> <span class='ocrx_word' id='word_1_78' title='bbox 1266 672 1318 713; x_wconf 88' lang='lat' dir='ltr'>ut</span> <span class='ocrx_word' id='word_1_79' title='bbox 1340 667 1516 714; x_wconf 85' lang='lat' dir='ltr'>scilicet</span> <span class='ocrx_word' id='word_1_80' title='bbox 1534 681 1735 726; x_wconf 87' lang='lat' dir='ltr'>persona</span> <span class='ocrx_word' id='word_1_81' title='bbox 1758 667 1835 712; x_wconf 89' lang='lat' dir='ltr'>illa</span> <span class='ocrx_word' id='word_1_82' title='bbox 1853 669 1950 725; x_wconf 84' lang='lat' dir='ltr'>J‘am</span> <span class='ocrx_word' id='word_1_83' title='bbox 1967 670 2040 714; x_wconf 64' lang='lat' dir='ltr'>di&lt;</span> <span class='ocrx_word' id='word_1_84' title='bbox 2114 686 2117 688; x_wconf 62' lang='grc'>’</span> 
     </span>
    </p>
   </div>
   <div class='ocr_carea' id='block_1_5' title="bbox 72 729 2041 2155">
    <p class='ocr_par' dir='ltr' id='par_1_5' title="bbox 135 729 2038 837">
     <span class='ocr_line' id='line_1_10' title="bbox 135 729 2038 787; baseline 0.002 -15"><span class='ocrx_word' id='word_1_85' title='bbox 135 735 268 773; x_wconf 82' lang='lat' dir='ltr'>catur</span> <span class='ocrx_word' id='word_1_86' title='bbox 286 729 542 775; x_wconf 81' lang='lat' dir='ltr'>subsistere</span> <span class='ocrx_word' id='word_1_87' title='bbox 566 743 659 774; x_wconf 91' lang='lat' dir='ltr'>non</span> <span class='ocrx_word' id='word_1_88' title='bbox 685 732 837 775; x_wconf 84' lang='lat' dir='ltr'>solum</span> <span class='ocrx_word' id='word_1_89' title='bbox 857 731 1116 776; x_wconf 80' lang='lat' dir='ltr'>secundum</span> <span class='ocrx_word' id='word_1_90' title='bbox 1135 730 1344 776; x_wconf 88' lang='lat' dir='ltr'>divinam</span> <span class='ocrx_word' id='word_1_91' title='bbox 1360 735 1592 787; x_wconf 86' lang='lat' dir='ltr'>naturam,</span> <span class='ocrx_word' id='word_1_92' title='bbox 1612 730 1696 776; x_wconf 92' lang='lat' dir='ltr'>sed</span> <span class='ocrx_word' id='word_1_93' title='bbox 1714 731 1854 775; x_wconf 89' lang='lat' dir='ltr'>etiam</span> <span class='ocrx_word' id='word_1_94' title='bbox 1871 743 2038 776; x_wconf 87' lang='lat' dir='ltr'>secun-</span> 
     </span>
     <span class='ocr_line' id='line_1_11' title="bbox 137 790 547 837; baseline 0.005 -2"><span class='ocrx_word' id='word_1_95' title='bbox 137 790 249 835; x_wconf 79' lang='lat' dir='ltr'>dum</span> <span class='ocrx_word' id='word_1_96' title='bbox 274 792 547 837; x_wconf 87' lang='lat' dir='ltr'>humanam.</span> 
     </span>
    </p>

    <p class='ocr_par' dir='ltr' id='par_1_6' title="bbox 135 853 2040 1146">
     <span class='ocr_line' id='line_1_12' title="bbox 191 853 2038 912; baseline 0.002 -16"><span class='ocrx_word' id='word_1_97' title='bbox 191 854 256 898; x_wconf 85' lang='lat' dir='ltr'>Ad</span> <span class='ocrx_word' id='word_1_98' title='bbox 274 857 472 911; x_wconf 80' lang='lat' dir='ltr'>primum</span> <span class='ocrx_word' id='word_1_99' title='bbox 491 867 604 911; x_wconf 86' lang='lat' dir='ltr'>ergo</span> <span class='ocrx_word' id='word_1_100' title='bbox 623 855 897 912; x_wconf 77' lang='lat' dir='ltr'>dicendum,</span> <span class='ocrx_word' id='word_1_101' title='bbox 921 853 1047 912; x_wconf 80' lang='lat' dir='ltr'>quod</span> <span class='ocrx_word' id='word_1_102' title='bbox 1070 867 1174 899; x_wconf 88' lang='lat' dir='ltr'>esse</span> <span class='ocrx_word' id='word_1_103' title='bbox 1197 854 1504 911; x_wconf 71' lang='lat' dir='ltr'>consequitur</span> <span class='ocrx_word' id='word_1_104' title='bbox 1531 858 1774 909; x_wconf 73' lang='lat' dir='ltr'>naturam,</span> <span class='ocrx_word' id='word_1_105' title='bbox 1798 867 1894 899; x_wconf 91' lang='lat' dir='ltr'>non</span> <span class='ocrx_word' id='word_1_106' title='bbox 1918 854 2038 900; x_wconf 83' lang='lat' dir='ltr'>sicut</span> 
     </span>
     <span class='ocr_line' id='line_1_13' title="bbox 135 915 2040 985; baseline 0.001 -27"><span class='ocrx_word' id='word_1_107' title='bbox 135 915 384 960; x_wconf 82' lang='lat' dir='ltr'>habentem</span> <span class='ocrx_word' id='word_1_108' title='bbox 405 927 525 985; x_wconf 59' lang='lat' dir='ltr'>esse²</span> <span class='ocrx_word' id='word_1_109' title='bbox 550 917 635 962; x_wconf 92' lang='lat' dir='ltr'>sed</span> <span class='ocrx_word' id='word_1_110' title='bbox 655 917 777 962; x_wconf 84' lang='lat' dir='ltr'>sicut</span> <span class='ocrx_word' id='word_1_111' title='bbox 800 919 893 974; x_wconf 80' lang='lat' dir='ltr'>qua</span> <span class='ocrx_word' id='word_1_112' title='bbox 912 917 1088 974; x_wconf 87' lang='lat' dir='ltr'>aliquid</span> <span class='ocrx_word' id='word_1_113' title='bbox 1113 920 1208 972; x_wconf 77' lang='lat' dir='ltr'>est3</span> <span class='ocrx_word' id='word_1_114' title='bbox 1233 928 1486 974; x_wconf 84' lang='lat' dir='ltr'>personam</span> <span class='ocrx_word' id='word_1_115' title='bbox 1505 922 1679 972; x_wconf 71' lang='lat' dir='ltr'>autem,</span> <span class='ocrx_word' id='word_1_116' title='bbox 1704 917 1803 962; x_wconf 89' lang='lat' dir='ltr'>sive</span> <span class='ocrx_word' id='word_1_117' title='bbox 1822 917 2040 973; x_wconf 55' lang='lat' dir='ltr'>hypostae</span> 
     </span>
     <span class='ocr_line' id='line_1_14' title="bbox 136 976 2038 1035; baseline 0.002 -15"><span class='ocrx_word' id='word_1_118' title='bbox 136 976 224 1021; x_wconf 91' lang='lat' dir='ltr'>sim</span> <span class='ocrx_word' id='word_1_119' title='bbox 244 979 563 1035; x_wconf 77' lang='lat' dir='ltr'>consequitur,</span> <span class='ocrx_word' id='word_1_120' title='bbox 593 979 715 1023; x_wconf 89' lang='lat' dir='ltr'>sicut</span> <span class='ocrx_word' id='word_1_121' title='bbox 736 980 984 1024; x_wconf 81' lang='lat' dir='ltr'>habentem</span> <span class='ocrx_word' id='word_1_122' title='bbox 1008 990 1128 1024; x_wconf 89' lang='lat' dir='ltr'>esse.</span> <span class='ocrx_word' id='word_1_123' title='bbox 1151 981 1205 1023; x_wconf 87' lang='lat' dir='ltr'>Et</span> <span class='ocrx_word' id='word_1_124' title='bbox 1227 979 1332 1024; x_wconf 90' lang='lat' dir='ltr'>ideo</span> <span class='ocrx_word' id='word_1_125' title='bbox 1361 979 1513 1035; x_wconf 84' lang='lat' dir='ltr'>magis</span> <span class='ocrx_word' id='word_1_126' title='bbox 1538 979 1707 1024; x_wconf 86' lang='lat' dir='ltr'>retinet</span> <span class='ocrx_word' id='word_1_127' title='bbox 1728 981 1788 1031; x_wconf 66' lang='lat'>(1)</span> <span class='ocrx_word' id='word_1_128' title='bbox 1814 979 2038 1023; x_wconf 82' lang='lat' dir='ltr'>unitatem</span> 
     </span>
     <span class='ocr_line' id='line_1_15' title="bbox 136 1039 2039 1098; baseline 0.002 -17"><span class='ocrx_word' id='word_1_129' title='bbox 136 1039 397 1083; x_wconf 83' lang='lat' dir='ltr'>secundum</span> <span class='ocrx_word' id='word_1_130' title='bbox 420 1039 642 1085; x_wconf 86' lang='lat' dir='ltr'>unitatem</span> <span class='ocrx_word' id='word_1_131' title='bbox 666 1041 960 1097; x_wconf 84' lang='lat' dir='ltr'>hypostasis,</span> <span class='ocrx_word' id='word_1_132' title='bbox 981 1041 1121 1098; x_wconf 78' lang='lat' dir='ltr'>quam</span> <span class='ocrx_word' id='word_1_133' title='bbox 1145 1040 1313 1085; x_wconf 84' lang='lat' dir='ltr'>habeat</span> <span class='ocrx_word' id='word_1_134' title='bbox 1338 1040 1612 1085; x_wconf 81' lang='lat' dir='ltr'>dualitatem</span> <span class='ocrx_word' id='word_1_135' title='bbox 1641 1041 1901 1086; x_wconf 80' lang='lat' dir='ltr'>secundum</span> <span class='ocrx_word' id='word_1_136' title='bbox 1925 1040 2039 1086; x_wconf 87' lang='lat' dir='ltr'>dua-</span> 
     </span>
     <span class='ocr_line' id='line_1_16' title="bbox 135 1098 530 1146; baseline 0.01 -4"><span class='ocrx_word' id='word_1_137' title='bbox 135 1098 310 1144; x_wconf 85' lang='lat' dir='ltr'>litatem</span> <span class='ocrx_word' id='word_1_138' title='bbox 334 1106 530 1146; x_wconf 83' lang='lat' dir='ltr'>naturae.</span> 
     </span>
    </p>

    <p class='ocr_par' dir='ltr' id='par_1_7' title="bbox 136 1163 2040 1344">
     <span class='ocr_line' id='line_1_17' title="bbox 191 1163 2040 1222; baseline 0.002 -18"><span class='ocrx_word' id='word_1_139' title='bbox 191 1163 254 1205; x_wconf 81' lang='lat' dir='ltr'>Ad</span> <span class='ocrx_word' id='word_1_140' title='bbox 275 1163 522 1206; x_wconf 76' lang='lat' dir='ltr'>secundum</span> <span class='ocrx_word' id='word_1_141' title='bbox 542 1163 809 1222; x_wconf 78' lang='lat' dir='ltr'>dicendum,</span> <span class='ocrx_word' id='word_1_142' title='bbox 830 1163 956 1221; x_wconf 72' lang='lat' dir='ltr'>qued</span> <span class='ocrx_word' id='word_1_143' title='bbox 980 1163 1095 1209; x_wconf 91' lang='lat' dir='ltr'>illud</span> <span class='ocrx_word' id='word_1_144' title='bbox 1119 1175 1226 1209; x_wconf 90' lang='lat' dir='ltr'>esse</span> <span class='ocrx_word' id='word_1_145' title='bbox 1248 1169 1475 1209; x_wconf 86' lang='lat' dir='ltr'>aeternum</span> <span class='ocrx_word' id='word_1_146' title='bbox 1498 1164 1599 1208; x_wconf 89' lang='lat' dir='ltr'>Filii</span> <span class='ocrx_word' id='word_1_147' title='bbox 1625 1164 1721 1220; x_wconf 72' lang='lat' dir='ltr'>Dei,</span> <span class='ocrx_word' id='word_1_148' title='bbox 1745 1164 1871 1221; x_wconf 89' lang='lat' dir='ltr'>quod</span> <span class='ocrx_word' id='word_1_149' title='bbox 1890 1169 1962 1209; x_wconf 88' lang='lat' dir='ltr'>est</span> <span class='ocrx_word' id='word_1_150' title='bbox 1976 1164 2040 1210; x_wconf 88' lang='lat' dir='ltr'>di-</span> 
     </span>
     <span class='ocr_line' id='line_1_18' title="bbox 136 1222 2040 1283; baseline 0.003 -18"><span class='ocrx_word' id='word_1_151' title='bbox 136 1222 243 1266; x_wconf 76' lang='lat' dir='ltr'>vina</span> <span class='ocrx_word' id='word_1_152' title='bbox 268 1230 448 1278; x_wconf 86' lang='lat' dir='ltr'>natura,</span> <span class='ocrx_word' id='word_1_153' title='bbox 471 1226 518 1269; x_wconf 83' lang='lat' dir='ltr'>fit</span> <span class='ocrx_word' id='word_1_154' title='bbox 536 1238 640 1270; x_wconf 86' lang='lat' dir='ltr'>esse</span> <span class='ocrx_word' id='word_1_155' title='bbox 660 1226 877 1283; x_wconf 81' lang='lat' dir='ltr'>hominis,</span> <span class='ocrx_word' id='word_1_156' title='bbox 901 1225 1176 1283; x_wconf 85' lang='lat' dir='ltr'>inquantum</span> <span class='ocrx_word' id='word_1_157' title='bbox 1197 1227 1403 1271; x_wconf 91' lang='lat' dir='ltr'>humana</span> <span class='ocrx_word' id='word_1_158' title='bbox 1423 1231 1593 1271; x_wconf 88' lang='lat' dir='ltr'>natura</span> <span class='ocrx_word' id='word_1_159' title='bbox 1611 1227 1868 1271; x_wconf 80' lang='lat' dir='ltr'>assumitur</span> <span class='ocrx_word' id='word_1_160' title='bbox 1883 1226 1909 1270; x_wconf 71' lang='lat' dir='ltr'>a</span> <span class='ocrx_word' id='word_1_161' title='bbox 1929 1226 2040 1271; x_wconf 75' lang='lat' dir='ltr'>Filio</span> 
     </span>
     <span class='ocr_line' id='line_1_19' title="bbox 137 1284 779 1344; baseline 0.006 -17"><span class='ocrx_word' id='word_1_162' title='bbox 137 1284 212 1328; x_wconf 88' lang='lat' dir='ltr'>Dei</span> <span class='ocrx_word' id='word_1_163' title='bbox 236 1285 280 1328; x_wconf 91' lang='lat' dir='ltr'>in</span> <span class='ocrx_word' id='word_1_164' title='bbox 309 1286 532 1331; x_wconf 88' lang='lat' dir='ltr'>unitatem</span> <span class='ocrx_word' id='word_1_165' title='bbox 551 1299 779 1344; x_wconf 84' lang='lat' dir='ltr'>personae.</span> 
     </span>
    </p>

    <p class='ocr_par' dir='ltr' id='par_1_8' title="bbox 137 1347 2040 1654">
     <span class='ocr_line' id='line_1_20' title="bbox 200 1347 2036 1412; baseline 0.002 -21"><span class='ocrx_word' id='word_1_166' title='bbox 200 1347 267 1392; x_wconf 86' lang='lat' dir='ltr'>Ad</span> <span class='ocrx_word' id='word_1_167' title='bbox 291 1351 476 1392; x_wconf 74' lang='lat' dir='ltr'>tertium</span> <span class='ocrx_word' id='word_1_168' title='bbox 498 1350 765 1412; x_wconf 65' lang='lat' dir='ltr'>dicendum„</span> <span class='ocrx_word' id='word_1_169' title='bbox 782 1350 924 1406; x_wconf 66' lang='lat' dir='ltr'>quod,</span> <span class='ocrx_word' id='word_1_170' title='bbox 950 1349 1072 1394; x_wconf 82' lang='lat' dir='ltr'>sicut</span> <span class='ocrx_word' id='word_1_171' title='bbox 1087 1349 1303 1406; x_wconf 86' lang='lat' dir='ltr'>in·prima</span> <span class='ocrx_word' id='word_1_172' title='bbox 1322 1355 1452 1407; x_wconf 88' lang='lat' dir='ltr'>parte</span> <span class='ocrx_word' id='word_1_173' title='bbox 1475 1351 1650 1396; x_wconf 84' lang='lat' dir='ltr'>dictum</span> <span class='ocrx_word' id='word_1_174' title='bbox 1678 1355 1750 1396; x_wconf 87' lang='lat' dir='ltr'>est</span> <span class='ocrx_word' id='word_1_175' title='bbox 1771 1352 1950 1407; x_wconf 86' lang='lat' dir='ltr'>(quaest.</span> <span class='ocrx_word' id='word_1_176' title='bbox 1976 1364 2036 1406; x_wconf 79' lang='lat' dir='ltr'>m,</span> 
     </span>
     <span class='ocr_line' id='line_1_21' title="bbox 138 1412 2039 1470; baseline 0.002 -18"><span class='ocrx_word' id='word_1_177' title='bbox 138 1414 226 1453; x_wconf 75' lang='lat' dir='ltr'>art.</span> <span class='ocrx_word' id='word_1_178' title='bbox 248 1412 274 1454; x_wconf 89' lang='lat'><strong>3</strong></span> <span class='ocrx_word' id='word_1_179' title='bbox 295 1414 340 1454; x_wconf 87' lang='lat' dir='ltr'>et</span> <span class='ocrx_word' id='word_1_180' title='bbox 355 1413 400 1465; x_wconf 66' lang='lat'>4„</span> <span class='ocrx_word' id='word_1_181' title='bbox 424 1416 470 1456; x_wconf 89' lang='lat' dir='ltr'>et</span> <span class='ocrx_word' id='word_1_182' title='bbox 489 1418 656 1468; x_wconf 84' lang='lat' dir='ltr'>quaest.</span> <span class='ocrx_word' id='word_1_183' title='bbox 677 1425 818 1470; x_wconf 74' lang='lat' dir='ltr'>xxxix,</span> <span class='ocrx_word' id='word_1_184' title='bbox 844 1417 931 1456; x_wconf 88' lang='lat' dir='ltr'>art.</span> <span class='ocrx_word' id='word_1_185' title='bbox 960 1413 1018 1469; x_wconf 73' lang='lat'>1),</span> <span class='ocrx_word' id='word_1_186' title='bbox 1040 1413 1149 1469; x_wconf 88' lang='lat' dir='ltr'>quia</span> <span class='ocrx_word' id='word_1_187' title='bbox 1171 1424 1372 1468; x_wconf 84' lang='lat' dir='ltr'>persona</span> <span class='ocrx_word' id='word_1_188' title='bbox 1401 1413 1557 1458; x_wconf 83' lang='lat' dir='ltr'>divina</span> <span class='ocrx_word' id='word_1_189' title='bbox 1577 1417 1650 1457; x_wconf 87' lang='lat' dir='ltr'>est</span> <span class='ocrx_word' id='word_1_190' title='bbox 1675 1413 1796 1458; x_wconf 89' lang='lat' dir='ltr'>idem</span> <span class='ocrx_word' id='word_1_191' title='bbox 1819 1425 1927 1458; x_wconf 91' lang='lat' dir='ltr'>cum</span> <span class='ocrx_word' id='word_1_192' title='bbox 1954 1425 2039 1456; x_wconf 90' lang='lat' dir='ltr'>na-</span> 
     </span>
     <span class='ocr_line' id='line_1_22' title="bbox 139 1472 2038 1532; baseline 0.003 -18"><span class='ocrx_word' id='word_1_193' title='bbox 139 1477 257 1526; x_wconf 76' lang='lat' dir='ltr'>tura,</span> <span class='ocrx_word' id='word_1_194' title='bbox 278 1472 324 1516; x_wconf 92' lang='lat' dir='ltr'>in</span> <span class='ocrx_word' id='word_1_195' title='bbox 346 1474 561 1529; x_wconf 86' lang='lat' dir='ltr'>personis</span> <span class='ocrx_word' id='word_1_196' title='bbox 581 1475 750 1519; x_wconf 88' lang='lat' dir='ltr'>divinis</span> <span class='ocrx_word' id='word_1_197' title='bbox 772 1487 866 1519; x_wconf 88' lang='lat' dir='ltr'>non</span> <span class='ocrx_word' id='word_1_198' title='bbox 895 1480 967 1519; x_wconf 90' lang='lat' dir='ltr'>est</span> <span class='ocrx_word' id='word_1_199' title='bbox 991 1475 1117 1520; x_wconf 89' lang='lat' dir='ltr'>aliud</span> <span class='ocrx_word' id='word_1_200' title='bbox 1137 1487 1241 1519; x_wconf 88' lang='lat' dir='ltr'>esse</span> <span class='ocrx_word' id='word_1_201' title='bbox 1266 1488 1478 1532; x_wconf 85' lang='lat' dir='ltr'>personae</span> <span class='ocrx_word' id='word_1_202' title='bbox 1502 1481 1672 1532; x_wconf 84' lang='lat' dir='ltr'>praeter</span> <span class='ocrx_word' id='word_1_203' title='bbox 1694 1487 1800 1521; x_wconf 86' lang='lat' dir='ltr'>esse</span> <span class='ocrx_word' id='word_1_204' title='bbox 1831 1481 2038 1532; x_wconf 78' lang='lat' dir='ltr'>naturae3</span> 
     </span>
     <span class='ocr_line' id='line_1_23' title="bbox 138 1533 2040 1593; baseline 0.003 -17"><span class='ocrx_word' id='word_1_205' title='bbox 138 1540 183 1576; x_wconf 83' lang='lat' dir='ltr'>et</span> <span class='ocrx_word' id='word_1_206' title='bbox 206 1533 309 1577; x_wconf 92' lang='lat' dir='ltr'>ideo</span> <span class='ocrx_word' id='word_1_207' title='bbox 329 1538 422 1578; x_wconf 87' lang='lat' dir='ltr'>tres</span> <span class='ocrx_word' id='word_1_208' title='bbox 446 1547 661 1590; x_wconf 78' lang='lat' dir='ltr'>personae</span> <span class='ocrx_word' id='word_1_209' title='bbox 681 1548 773 1580; x_wconf 90' lang='lat' dir='ltr'>non</span> <span class='ocrx_word' id='word_1_210' title='bbox 796 1536 973 1581; x_wconf 87' lang='lat' dir='ltr'>habent</span> <span class='ocrx_word' id='word_1_211' title='bbox 999 1535 1086 1580; x_wconf 88' lang='lat' dir='ltr'>nisi</span> <span class='ocrx_word' id='word_1_212' title='bbox 1115 1549 1262 1580; x_wconf 88' lang='lat' dir='ltr'>unum</span> <span class='ocrx_word' id='word_1_213' title='bbox 1292 1549 1411 1582; x_wconf 91' lang='lat' dir='ltr'>esse.</span> <span class='ocrx_word' id='word_1_214' title='bbox 1443 1536 1673 1581; x_wconf 85' lang='lat' dir='ltr'>Haberent</span> <span class='ocrx_word' id='word_1_215' title='bbox 1694 1542 1850 1581; x_wconf 88' lang='lat' dir='ltr'>autem</span> <span class='ocrx_word' id='word_1_216' title='bbox 1875 1536 2040 1593; x_wconf 82' lang='lat' dir='ltr'>triplex</span> 
     </span>
     <span class='ocr_line' id='line_1_24' title="bbox 137 1595 1718 1654; baseline 0.004 -16"><span class='ocrx_word' id='word_1_217' title='bbox 137 1606 256 1649; x_wconf 74' lang='lat' dir='ltr'>esse,</span> <span class='ocrx_word' id='word_1_218' title='bbox 279 1595 319 1639; x_wconf 89' lang='lat' dir='ltr'>si</span> <span class='ocrx_word' id='word_1_219' title='bbox 342 1595 390 1639; x_wconf 92' lang='lat' dir='ltr'>in</span> <span class='ocrx_word' id='word_1_220' title='bbox 415 1595 483 1640; x_wconf 90' lang='lat' dir='ltr'>eis</span> <span class='ocrx_word' id='word_1_221' title='bbox 502 1603 626 1641; x_wconf 88' lang='lat' dir='ltr'>esset</span> <span class='ocrx_word' id='word_1_222' title='bbox 649 1597 776 1642; x_wconf 91' lang='lat' dir='ltr'>aliud</span> <span class='ocrx_word' id='word_1_223' title='bbox 799 1610 906 1642; x_wconf 92' lang='lat' dir='ltr'>esse</span> <span class='ocrx_word' id='word_1_224' title='bbox 923 1610 1152 1654; x_wconf 79' lang='lat' dir='ltr'>personae,</span> <span class='ocrx_word' id='word_1_225' title='bbox 1177 1602 1225 1642; x_wconf 87' lang='lat' dir='ltr'>et</span> <span class='ocrx_word' id='word_1_226' title='bbox 1240 1598 1368 1644; x_wconf 89' lang='lat' dir='ltr'>aliud</span> <span class='ocrx_word' id='word_1_227' title='bbox 1390 1611 1494 1644; x_wconf 89' lang='lat' dir='ltr'>esse</span> <span class='ocrx_word' id='word_1_228' title='bbox 1520 1604 1718 1644; x_wconf 87' lang='lat' dir='ltr'>naturae.</span> 
     </span>
    </p>

    <p class='ocr_par' dir='ltr' id='par_1_9' title="bbox 72 1657 2041 2155">
     <span class='ocr_line' id='line_1_25' title="bbox 193 1657 2041 1719; baseline 0.003 -19"><span class='ocrx_word' id='word_1_229' title='bbox 193 1657 257 1702; x_wconf 87' lang='lat' dir='ltr'>Ad</span> <span class='ocrx_word' id='word_1_230' title='bbox 282 1661 498 1714; x_wconf 78' lang='lat' dir='ltr'>quartum</span> <span class='ocrx_word' id='word_1_231' title='bbox 523 1658 790 1714; x_wconf 79' lang='lat' dir='ltr'>dicendum,</span> <span class='ocrx_word' id='word_1_232' title='bbox 813 1660 940 1716; x_wconf 74' lang='lat' dir='ltr'>quod</span> <span class='ocrx_word' id='word_1_233' title='bbox 956 1660 1113 1704; x_wconf 88' lang='lat' dir='ltr'>anima</span> <span class='ocrx_word' id='word_1_234' title='bbox 1129 1661 1175 1704; x_wconf 90' lang='lat' dir='ltr'>in</span> <span class='ocrx_word' id='word_1_235' title='bbox 1191 1660 1370 1706; x_wconf 85' lang='lat' dir='ltr'>Christo</span> <span class='ocrx_word' id='word_1_236' title='bbox 1388 1662 1470 1706; x_wconf 85' lang='lat' dir='ltr'>dat</span> <span class='ocrx_word' id='word_1_237' title='bbox 1485 1674 1593 1706; x_wconf 90' lang='lat' dir='ltr'>esse</span> <span class='ocrx_word' id='word_1_238' title='bbox 1617 1662 1815 1719; x_wconf 82' lang='lat' dir='ltr'>corpori,</span> <span class='ocrx_word' id='word_1_239' title='bbox 1844 1661 2041 1719; x_wconf 83' lang='lat' dir='ltr'>inquan-</span> 
     </span>
     <span class='ocr_line' id='line_1_26' title="bbox 138 1719 2040 1781; baseline 0.003 -19"><span class='ocrx_word' id='word_1_240' title='bbox 138 1724 236 1763; x_wconf 88' lang='lat' dir='ltr'>tum</span> <span class='ocrx_word' id='word_1_241' title='bbox 263 1719 369 1764; x_wconf 81' lang='lat' dir='ltr'>facit</span> <span class='ocrx_word' id='word_1_242' title='bbox 393 1719 547 1776; x_wconf 91' lang='lat' dir='ltr'>ipsum</span> <span class='ocrx_word' id='word_1_243' title='bbox 572 1727 679 1766; x_wconf 88' lang='lat' dir='ltr'>actu</span> <span class='ocrx_word' id='word_1_244' title='bbox 695 1723 984 1779; x_wconf 79' lang='lat' dir='ltr'>animatum3</span> <span class='ocrx_word' id='word_1_245' title='bbox 1016 1723 1142 1779; x_wconf 83' lang='lat' dir='ltr'>quod</span> <span class='ocrx_word' id='word_1_246' title='bbox 1161 1728 1232 1767; x_wconf 80' lang='lat' dir='ltr'>est</span> <span class='ocrx_word' id='word_1_247' title='bbox 1257 1723 1368 1768; x_wconf 87' lang='lat' dir='ltr'>dare</span> <span class='ocrx_word' id='word_1_248' title='bbox 1388 1723 1430 1768; x_wconf 91' lang='lat' dir='ltr'>ei</span> <span class='ocrx_word' id='word_1_249' title='bbox 1446 1724 1843 1781; x_wconf 87' lang='lat' dir='ltr'>complementum</span> <span class='ocrx_word' id='word_1_250' title='bbox 1860 1728 2040 1768; x_wconf 76' lang='lat' dir='ltr'>naturae</span> 
     </span>
     <span class='ocr_line' id='line_1_27' title="bbox 137 1781 2040 1842; baseline 0.003 -18"><span class='ocrx_word' id='word_1_251' title='bbox 137 1785 183 1824; x_wconf 90' lang='lat' dir='ltr'>et</span> <span class='ocrx_word' id='word_1_252' title='bbox 203 1781 388 1837; x_wconf 87' lang='lat' dir='ltr'>speciei.</span> <span class='ocrx_word' id='word_1_253' title='bbox 410 1782 498 1826; x_wconf 88' lang='lat' dir='ltr'>Sed</span> <span class='ocrx_word' id='word_1_254' title='bbox 517 1782 556 1826; x_wconf 89' lang='lat' dir='ltr'>si</span> <span class='ocrx_word' id='word_1_255' title='bbox 577 1783 863 1840; x_wconf 82' lang='lat' dir='ltr'>intelligatur</span> <span class='ocrx_word' id='word_1_256' title='bbox 878 1796 1049 1840; x_wconf 88' lang='lat' dir='ltr'>corpus</span> <span class='ocrx_word' id='word_1_257' title='bbox 1066 1785 1325 1841; x_wconf 80' lang='lat' dir='ltr'>perfectum</span> <span class='ocrx_word' id='word_1_258' title='bbox 1341 1797 1424 1841; x_wconf 88' lang='lat' dir='ltr'>per</span> <span class='ocrx_word' id='word_1_259' title='bbox 1438 1785 1641 1829; x_wconf 90' lang='lat' dir='ltr'>animam</span> <span class='ocrx_word' id='word_1_260' title='bbox 1665 1786 1844 1842; x_wconf 87' lang='lat' dir='ltr'>absque</span> <span class='ocrx_word' id='word_1_261' title='bbox 1864 1786 2040 1842; x_wconf 83' lang='lat' dir='ltr'>hypos-</span> 
     </span>
     <span class='ocr_line' id='line_1_28' title="bbox 137 1842 2041 1904; baseline 0.003 -19"><span class='ocrx_word' id='word_1_262' title='bbox 137 1842 225 1886; x_wconf 82' lang='lat' dir='ltr'>tasi</span> <span class='ocrx_word' id='word_1_263' title='bbox 246 1843 446 1888; x_wconf 84' lang='lat' dir='ltr'>habente</span> <span class='ocrx_word' id='word_1_264' title='bbox 462 1848 730 1902; x_wconf 83' lang='lat' dir='ltr'>utrumque‚</span> <span class='ocrx_word' id='word_1_265' title='bbox 754 1847 840 1890; x_wconf 90' lang='lat' dir='ltr'>hoc</span> <span class='ocrx_word' id='word_1_266' title='bbox 859 1850 1008 1890; x_wconf 85' lang='lat' dir='ltr'>totum</span> <span class='ocrx_word' id='word_1_267' title='bbox 1024 1846 1339 1903; x_wconf 78' lang='lat' dir='ltr'>compositum</span> <span class='ocrx_word' id='word_1_268' title='bbox 1357 1859 1417 1891; x_wconf 82' lang='lat' dir='ltr'>ex</span> <span class='ocrx_word' id='word_1_269' title='bbox 1435 1847 1592 1891; x_wconf 90' lang='lat' dir='ltr'>anima</span> <span class='ocrx_word' id='word_1_270' title='bbox 1607 1851 1656 1892; x_wconf 89' lang='lat' dir='ltr'>et</span> <span class='ocrx_word' id='word_1_271' title='bbox 1670 1852 1881 1904; x_wconf 79' lang='lat' dir='ltr'>corpore,</span> <span class='ocrx_word' id='word_1_272' title='bbox 1903 1853 2041 1904; x_wconf 87' lang='lat' dir='ltr'>prout</span> 
     </span>
     <span class='ocr_line' id='line_1_29' title="bbox 72 1904 2041 1966; baseline 0.003 -18"><span class='ocrx_word' id='word_1_273' title='bbox 72 1908 76 1913; x_wconf 83' lang='lat'>&#39;</span> <span class='ocrx_word' id='word_1_274' title='bbox 141 1904 432 1960; x_wconf 72' lang='lat' dir='ltr'>significatur</span> <span class='ocrx_word' id='word_1_275' title='bbox 449 1907 639 1952; x_wconf 90' lang='lat' dir='ltr'>nomine</span> <span class='ocrx_word' id='word_1_276' title='bbox 656 1908 982 1964; x_wconf 72' lang='lat' dir='ltr'>humanitatis,</span> <span class='ocrx_word' id='word_1_277' title='bbox 1003 1921 1095 1952; x_wconf 91' lang='lat' dir='ltr'>non</span> <span class='ocrx_word' id='word_1_278' title='bbox 1117 1904 1409 1966; x_wconf 84' lang='lat' dir='ltr'>significatur</span> <span class='ocrx_word' id='word_1_279' title='bbox 1432 1915 1486 1954; x_wconf 91' lang='lat' dir='ltr'>ut</span> <span class='ocrx_word' id='word_1_280' title='bbox 1512 1911 1635 1966; x_wconf 80' lang='lat' dir='ltr'>quod</span> <span class='ocrx_word' id='word_1_281' title='bbox 1656 1913 1747 1966; x_wconf 75' lang='lat' dir='ltr'>est,</span> <span class='ocrx_word' id='word_1_282' title='bbox 1769 1910 1855 1955; x_wconf 86' lang='lat' dir='ltr'>sed</span> <span class='ocrx_word' id='word_1_283' title='bbox 1878 1914 1932 1954; x_wconf 89' lang='lat' dir='ltr'>ut</span> <span class='ocrx_word' id='word_1_284' title='bbox 1955 1923 2041 1965; x_wconf 78' lang='lat' dir='ltr'>quo</span> 
     </span>
     <span class='ocr_line' id='line_1_30' title="bbox 138 1967 2040 2029; baseline 0.004 -20"><span class='ocrx_word' id='word_1_285' title='bbox 138 1967 319 2023; x_wconf 66' lang='lat' dir='ltr'>aliquid</span> <span class='ocrx_word' id='word_1_286' title='bbox 341 1972 421 2013; x_wconf 73' lang='lat' dir='ltr'>est.</span> <span class='ocrx_word' id='word_1_287' title='bbox 440 1971 492 2012; x_wconf 89' lang='lat' dir='ltr'>Et</span> <span class='ocrx_word' id='word_1_288' title='bbox 515 1969 619 2014; x_wconf 87' lang='lat' dir='ltr'>ideo</span> <span class='ocrx_word' id='word_1_289' title='bbox 643 1971 799 2025; x_wconf 87' lang='lat' dir='ltr'>ipsum</span> <span class='ocrx_word' id='word_1_290' title='bbox 821 1982 925 2016; x_wconf 86' lang='lat' dir='ltr'>esse</span> <span class='ocrx_word' id='word_1_291' title='bbox 942 1976 1013 2016; x_wconf 89' lang='lat' dir='ltr'>est</span> <span class='ocrx_word' id='word_1_292' title='bbox 1035 1984 1249 2028; x_wconf 82' lang='lat' dir='ltr'>personae</span> <span class='ocrx_word' id='word_1_293' title='bbox 1272 1973 1594 2029; x_wconf 75' lang='lat' dir='ltr'>subsistentis,</span> <span class='ocrx_word' id='word_1_294' title='bbox 1620 1972 1882 2017; x_wconf 76' lang='lat' dir='ltr'>secundum</span> <span class='ocrx_word' id='word_1_295' title='bbox 1917 1972 2040 2029; x_wconf 81' lang='lat' dir='ltr'>quod</span> 
     </span>
     <span class='ocr_line' id='line_1_31' title="bbox 138 2029 2040 2091; baseline 0.004 -19"><span class='ocrx_word' id='word_1_296' title='bbox 138 2029 279 2073; x_wconf 89' lang='lat' dir='ltr'>habet</span> <span class='ocrx_word' id='word_1_297' title='bbox 304 2030 625 2076; x_wconf 85' lang='lat' dir='ltr'>habitudinem</span> <span class='ocrx_word' id='word_1_298' title='bbox 643 2033 702 2077; x_wconf 89' lang='lat' dir='ltr'>ad</span> <span class='ocrx_word' id='word_1_299' title='bbox 723 2033 858 2077; x_wconf 89' lang='lat' dir='ltr'>talem</span> <span class='ocrx_word' id='word_1_300' title='bbox 879 2039 1092 2078; x_wconf 87' lang='lat' dir='ltr'>naturam</span> <span class='ocrx_word' id='word_1_301' title='bbox 1108 2048 1121 2090; x_wconf 87' lang='lat'>·,</span> <span class='ocrx_word' id='word_1_302' title='bbox 1139 2034 1277 2091; x_wconf 88' lang='lat' dir='ltr'>cujus</span> <span class='ocrx_word' id='word_1_303' title='bbox 1298 2035 1583 2080; x_wconf 88' lang='lat' dir='ltr'>habitudinis</span> <span class='ocrx_word' id='word_1_304' title='bbox 1607 2048 1751 2080; x_wconf 89' lang='lat' dir='ltr'>causa</span> <span class='ocrx_word' id='word_1_305' title='bbox 1767 2038 1840 2080; x_wconf 88' lang='lat' dir='ltr'>est</span> <span class='ocrx_word' id='word_1_306' title='bbox 1868 2034 2040 2080; x_wconf 86' lang='lat' dir='ltr'>anima.</span> 
     </span>
     <span class='ocr_line' id='line_1_32' title="bbox 137 2092 1642 2155; baseline 0.007 -21"><span class='ocrx_word' id='word_1_307' title='bbox 137 2092 417 2148; x_wconf 88' lang='lat' dir='ltr'>inquantum</span> <span class='ocrx_word' id='word_1_308' title='bbox 435 2094 614 2151; x_wconf 89' lang='lat' dir='ltr'>perficit</span> <span class='ocrx_word' id='word_1_309' title='bbox 627 2096 881 2140; x_wconf 89' lang='lat' dir='ltr'>humanam</span> <span class='ocrx_word' id='word_1_310' title='bbox 903 2101 1118 2141; x_wconf 86' lang='lat' dir='ltr'>naturam</span> <span class='ocrx_word' id='word_1_311' title='bbox 1138 2097 1434 2144; x_wconf 87' lang='lat' dir='ltr'>informando</span> <span class='ocrx_word' id='word_1_312' title='bbox 1454 2110 1642 2155; x_wconf 84' lang='lat' dir='ltr'>corpus.</span> 
     </span>
    </p>
   </div>
   <div class='ocr_carea' id='block_1_6' title="bbox 829 2187 1385 2286">
    <p class='ocr_par' dir='ltr' id='par_1_10' title="bbox 829 2187 1385 2286">
     <span class='ocr_line' id='line_1_33' title="bbox 829 2187 1385 2286; baseline -0.002 -9"><span class='ocrx_word' id='word_1_313' title='bbox 829 2223 1137 2286; x_wconf 77' lang='lat' dir='ltr'><strong>QUAESTIO</strong></span> <span class='ocrx_word' id='word_1_314' title='bbox 1177 2187 1385 2277; x_wconf 57' lang='lat' dir='ltr'>xvms</span> 
     </span>
    </p>
   </div>
   <div class='ocr_carea' id='block_1_7' title="bbox 140 2327 2037 2434">
    <p class='ocr_par' dir='ltr' id='par_1_11' title="bbox 140 2327 2037 2434">
     <span class='ocr_line' id='line_1_34' title="bbox 140 2327 2037 2387; baseline 0.006 -26"><span class='ocrx_word' id='word_1_315' title='bbox 140 2327 201 2362; x_wconf 87' lang='lat' dir='ltr'>DE</span> <span class='ocrx_word' id='word_1_316' title='bbox 234 2329 615 2368; x_wconf 83' lang='lat' dir='ltr'><strong>PERTINENTIBUS</strong></span> <span class='ocrx_word' id='word_1_317' title='bbox 647 2333 707 2368; x_wconf 77' lang='lat' dir='ltr'>AD</span> <span class='ocrx_word' id='word_1_318' title='bbox 741 2333 984 2368; x_wconf 75' lang='lat' dir='ltr'><strong>UMTATEM</strong></span> <span class='ocrx_word' id='word_1_319' title='bbox 1019 2335 1066 2370; x_wconf 75' lang='lat' dir='ltr'>IN</span> <span class='ocrx_word' id='word_1_320' title='bbox 1099 2335 1299 2371; x_wconf 78' lang='lat' dir='ltr'>CHRISTO</span> <span class='ocrx_word' id='word_1_321' title='bbox 1333 2336 1560 2378; x_wconf 70' lang='lat' dir='ltr'><strong>QUANTUM</strong></span> <span class='ocrx_word' id='word_1_322' title='bbox 1593 2336 1655 2371; x_wconf 77' lang='lat' dir='ltr'>An</span> <span class='ocrx_word' id='word_1_323' title='bbox 1686 2336 2037 2387; x_wconf 67' lang='lat' dir='ltr'>voumnmu,</span> 
     </span>
     <span class='ocr_line' id='line_1_35' title="bbox 754 2395 1417 2434; baseline 0.006 -4"><span class='ocrx_word' id='word_1_324' title='bbox 754 2395 801 2430; x_wconf 86' lang='lat' dir='ltr'>IN</span> <span class='ocrx_word' id='word_1_325' title='bbox 836 2396 927 2431; x_wconf 83' lang='lat' dir='ltr'>SEX</span> <span class='ocrx_word' id='word_1_326' title='bbox 958 2397 1217 2434; x_wconf 82' lang='lat' dir='ltr'><strong>ARTICULOS</strong></span> <span class='ocrx_word' id='word_1_327' title='bbox 1246 2398 1417 2434; x_wconf 74' lang='lat' dir='ltr'>DIVISA.</span> 
     </span>
    </p>
   </div>
   <div class='ocr_carea' id='block_1_8' title="bbox 134 2492 2041 2829">
    <p class='ocr_par' dir='ltr' id='par_1_12' title="bbox 134 2492 2041 2829">
     <span class='ocr_line' id='line_1_36' title="bbox 186 2492 2040 2555; baseline 0.006 -24"><span class='ocrx_word' id='word_1_328' title='bbox 186 2492 338 2533; x_wconf 85' lang='lat' dir='ltr'>Deinde</span> <span class='ocrx_word' id='word_1_329' title='bbox 352 2495 695 2536; x_wconf 84' lang='lat' dir='ltr'>considerandum</span> <span class='ocrx_word' id='word_1_330' title='bbox 714 2501 774 2537; x_wconf 83' lang='lat' dir='ltr'>est</span> <span class='ocrx_word' id='word_1_331' title='bbox 790 2498 838 2537; x_wconf 90' lang='lat' dir='ltr'>de</span> <span class='ocrx_word' id='word_1_332' title='bbox 853 2499 1013 2540; x_wconf 83' lang='lat' dir='ltr'>unitate</span> <span class='ocrx_word' id='word_1_333' title='bbox 1035 2501 1243 2552; x_wconf 79' lang='lat' dir='ltr'>quantum</span> <span class='ocrx_word' id='word_1_334' title='bbox 1267 2501 1318 2541; x_wconf 88' lang='lat' dir='ltr'>ad</span> <span class='ocrx_word' id='word_1_335' title='bbox 1344 2501 1624 2551; x_wconf 81' lang='lat' dir='ltr'>voluntatem3</span> <span class='ocrx_word' id='word_1_336' title='bbox 1646 2506 1685 2542; x_wconf 86' lang='lat' dir='ltr'>et</span> <span class='ocrx_word' id='word_1_337' title='bbox 1706 2503 1815 2543; x_wconf 86' lang='lat' dir='ltr'>circa</span> <span class='ocrx_word' id='word_1_338' title='bbox 1834 2502 1910 2544; x_wconf 88' lang='lat' dir='ltr'>hoc</span> <span class='ocrx_word' id='word_1_339' title='bbox 1931 2514 2040 2555; x_wconf 82' lang='lat' dir='ltr'>quae-</span> 
     </span>
     <span class='ocr_line' id='line_1_37' title="bbox 136 2550 2039 2598; baseline 0.005 -11"><span class='ocrx_word' id='word_1_340' title='bbox 136 2550 287 2588; x_wconf 84' lang='lat' dir='ltr'>runtur</span> <span class='ocrx_word' id='word_1_341' title='bbox 301 2560 369 2589; x_wconf 86' lang='lat' dir='ltr'>sex</span> <span class='ocrx_word' id='word_1_342' title='bbox 388 2563 399 2590; x_wconf 79' lang='lat' dir='ltr'>z</span> <span class='ocrx_word' id='word_1_343' title='bbox 422 2557 456 2590; x_wconf 80' lang='lat'>1⁰</span> <span class='ocrx_word' id='word_1_344' title='bbox 476 2552 623 2591; x_wconf 78' lang='lat' dir='ltr'>Utrum</span> <span class='ocrx_word' id='word_1_345' title='bbox 639 2552 681 2591; x_wconf 92' lang='lat' dir='ltr'>in</span> <span class='ocrx_word' id='word_1_346' title='bbox 699 2553 857 2593; x_wconf 87' lang='lat' dir='ltr'>Christo</span> <span class='ocrx_word' id='word_1_347' title='bbox 877 2554 931 2593; x_wconf 88' lang='lat' dir='ltr'>sit</span> <span class='ocrx_word' id='word_1_348' title='bbox 946 2553 1028 2594; x_wconf 87' lang='lat' dir='ltr'>alia</span> <span class='ocrx_word' id='word_1_349' title='bbox 1043 2555 1238 2596; x_wconf 88' lang='lat' dir='ltr'>voluntas</span> <span class='ocrx_word' id='word_1_350' title='bbox 1257 2556 1401 2597; x_wconf 84' lang='lat' dir='ltr'>divina</span> <span class='ocrx_word' id='word_1_351' title='bbox 1419 2560 1459 2596; x_wconf 84' lang='lat' dir='ltr'>et</span> <span class='ocrx_word' id='word_1_352' title='bbox 1470 2556 1549 2598; x_wconf 84' lang='lat' dir='ltr'>alia</span> <span class='ocrx_word' id='word_1_353' title='bbox 1567 2556 1761 2597; x_wconf 69' lang='lat' dir='ltr'>humana„</span> <span class='ocrx_word' id='word_1_354' title='bbox 1777 2579 1826 2587; x_wconf 92' lang='lat'><em>-</em></span> <span class='ocrx_word' id='word_1_355' title='bbox 1838 2564 1878 2597; x_wconf 82' lang='lat'>2·</span> <span class='ocrx_word' id='word_1_356' title='bbox 1892 2557 2039 2598; x_wconf 79' lang='lat' dir='ltr'>Utrum</span> 
     </span>
     <span class='ocr_line' id='line_1_38' title="bbox 137 2603 2039 2654; baseline 0.006 -13"><span class='ocrx_word' id='word_1_357' title='bbox 137 2603 179 2642; x_wconf 88' lang='lat' dir='ltr'>in</span> <span class='ocrx_word' id='word_1_358' title='bbox 197 2603 382 2644; x_wconf 83' lang='lat' dir='ltr'>humana</span> <span class='ocrx_word' id='word_1_359' title='bbox 402 2610 549 2645; x_wconf 87' lang='lat' dir='ltr'>natura</span> <span class='ocrx_word' id='word_1_360' title='bbox 561 2607 715 2647; x_wconf 82' lang='lat' dir='ltr'>Christi</span> <span class='ocrx_word' id='word_1_361' title='bbox 735 2608 789 2647; x_wconf 87' lang='lat' dir='ltr'>sit</span> <span class='ocrx_word' id='word_1_362' title='bbox 808 2608 890 2648; x_wconf 86' lang='lat' dir='ltr'>alia</span> <span class='ocrx_word' id='word_1_363' title='bbox 906 2608 1100 2650; x_wconf 85' lang='lat' dir='ltr'>voluntas</span> <span class='ocrx_word' id='word_1_364' title='bbox 1120 2611 1403 2652; x_wconf 82' lang='lat' dir='ltr'>sensualitatis</span> <span class='ocrx_word' id='word_1_365' title='bbox 1421 2616 1459 2652; x_wconf 87' lang='lat' dir='ltr'>et</span> <span class='ocrx_word' id='word_1_366' title='bbox 1475 2612 1557 2652; x_wconf 86' lang='lat' dir='ltr'>alia</span> <span class='ocrx_word' id='word_1_367' title='bbox 1572 2614 1757 2653; x_wconf 85' lang='lat' dir='ltr'>rationis.</span> <span class='ocrx_word' id='word_1_368' title='bbox 1774 2635 1820 2642; x_wconf 96' lang='lat'><strong>—</strong></span> <span class='ocrx_word' id='word_1_369' title='bbox 1837 2618 1877 2653; x_wconf 89' lang='lat'>3·</span> <span class='ocrx_word' id='word_1_370' title='bbox 1891 2614 2039 2654; x_wconf 80' lang='lat' dir='ltr'>Utrum</span> 
     </span>
     <span class='ocr_line' id='line_1_39' title="bbox 134 2661 2041 2716; baseline 0.006 -19"><span class='ocrx_word' id='word_1_371' title='bbox 134 2670 182 2697; x_wconf 84' lang='lat' dir='ltr'>ex</span> <span class='ocrx_word' id='word_1_372' title='bbox 204 2663 316 2709; x_wconf 83' lang='lat' dir='ltr'>parte</span> <span class='ocrx_word' id='word_1_373' title='bbox 334 2661 503 2700; x_wconf 85' lang='lat' dir='ltr'>rationis</span> <span class='ocrx_word' id='word_1_374' title='bbox 524 2662 681 2702; x_wconf 84' lang='lat' dir='ltr'>fuerint</span> <span class='ocrx_word' id='word_1_375' title='bbox 701 2663 745 2702; x_wconf 89' lang='lat' dir='ltr'>in</span> <span class='ocrx_word' id='word_1_376' title='bbox 769 2664 932 2704; x_wconf 82' lang='lat' dir='ltr'>Christo</span> <span class='ocrx_word' id='word_1_377' title='bbox 949 2664 1087 2716; x_wconf 87' lang='lat' dir='ltr'>plures</span> <span class='ocrx_word' id='word_1_378' title='bbox 1105 2665 1349 2707; x_wconf 79' lang='lat' dir='ltr'>voluntates.</span> <span class='ocrx_word' id='word_1_379' title='bbox 1373 2689 1421 2696; x_wconf 93' lang='lat'>—</span> <span class='ocrx_word' id='word_1_380' title='bbox 1440 2672 1480 2707; x_wconf 83' lang='lat'>4⁰</span> <span class='ocrx_word' id='word_1_381' title='bbox 1502 2668 1652 2708; x_wconf 82' lang='lat' dir='ltr'>Utrum</span> <span class='ocrx_word' id='word_1_382' title='bbox 1673 2668 1718 2707; x_wconf 87' lang='lat' dir='ltr'>in</span> <span class='ocrx_word' id='word_1_383' title='bbox 1735 2668 1898 2708; x_wconf 85' lang='lat' dir='ltr'>Christo</span> <span class='ocrx_word' id='word_1_384' title='bbox 1916 2669 2041 2708; x_wconf 77' lang='lat' dir='ltr'>fuerit</span> 
     </span>
     <span class='ocr_line' id='line_1_40' title="bbox 136 2713 2040 2763; baseline 0.006 -11"><span class='ocrx_word' id='word_1_385' title='bbox 136 2713 312 2754; x_wconf 80' lang='lat' dir='ltr'>liberum</span> <span class='ocrx_word' id='word_1_386' title='bbox 330 2715 565 2756; x_wconf 80' lang='lat' dir='ltr'>arbitrium.</span> <span class='ocrx_word' id='word_1_387' title='bbox 581 2738 632 2746; x_wconf 92' lang='lat'>—</span> <span class='ocrx_word' id='word_1_388' title='bbox 653 2724 692 2757; x_wconf 63' lang='grc' dir='ltr'>5ο</span> <span class='ocrx_word' id='word_1_389' title='bbox 711 2718 861 2758; x_wconf 73' lang='lat' dir='ltr'>Utrum</span> <span class='ocrx_word' id='word_1_390' title='bbox 880 2719 1073 2761; x_wconf 80' lang='lat' dir='ltr'>voluntas</span> <span class='ocrx_word' id='word_1_391' title='bbox 1097 2721 1282 2761; x_wconf 78' lang='lat' dir='ltr'>humana</span> <span class='ocrx_word' id='word_1_392' title='bbox 1299 2721 1450 2762; x_wconf 82' lang='lat' dir='ltr'>Christi</span> <span class='ocrx_word' id='word_1_393' title='bbox 1475 2723 1599 2762; x_wconf 85' lang='lat' dir='ltr'>fuerit</span> <span class='ocrx_word' id='word_1_394' title='bbox 1620 2723 1796 2763; x_wconf 86' lang='lat' dir='ltr'>omnino</span> <span class='ocrx_word' id='word_1_395' title='bbox 1817 2723 2040 2763; x_wconf 79' lang='lat' dir='ltr'>conformis</span> 
     </span>
     <span class='ocr_line' id='line_1_41' title="bbox 134 2767 2040 2829; baseline 0.005 -21"><span class='ocrx_word' id='word_1_396' title='bbox 134 2767 289 2809; x_wconf 84' lang='lat' dir='ltr'>divinae</span> <span class='ocrx_word' id='word_1_397' title='bbox 308 2771 514 2812; x_wconf 81' lang='lat' dir='ltr'>voluntati</span> <span class='ocrx_word' id='word_1_398' title='bbox 534 2772 578 2811; x_wconf 92' lang='lat' dir='ltr'>in</span> <span class='ocrx_word' id='word_1_399' title='bbox 601 2773 742 2814; x_wconf 85' lang='lat' dir='ltr'>volito.</span> <span class='ocrx_word' id='word_1_400' title='bbox 763 2795 813 2803; x_wconf 86' lang='lat'>-—</span> <span class='ocrx_word' id='word_1_401' title='bbox 832 2781 871 2814; x_wconf 72' lang='lat'>6·</span> <span class='ocrx_word' id='word_1_402' title='bbox 890 2775 1038 2815; x_wconf 73' lang='lat' dir='ltr'>Utrum</span> <span class='ocrx_word' id='word_1_403' title='bbox 1057 2776 1103 2815; x_wconf 90' lang='lat' dir='ltr'>in</span> <span class='ocrx_word' id='word_1_404' title='bbox 1122 2776 1285 2817; x_wconf 83' lang='lat' dir='ltr'>Christo</span> <span class='ocrx_word' id='word_1_405' title='bbox 1304 2777 1430 2817; x_wconf 83' lang='lat' dir='ltr'>fuerit</span> <span class='ocrx_word' id='word_1_406' title='bbox 1451 2778 1594 2829; x_wconf 83' lang='lat' dir='ltr'>aliqua</span> <span class='ocrx_word' id='word_1_407' title='bbox 1609 2779 1876 2818; x_wconf 74' lang='lat' dir='ltr'>contrarietas</span> <span class='ocrx_word' id='word_1_408' title='bbox 1893 2777 2040 2817; x_wconf 76' lang='lat' dir='ltr'>volun-</span> 
     </span>
    </p>
   </div>
   <div class='ocr_carea' id='block_1_9' title="bbox 136 2827 1880 2956">
    <p class='ocr_par' dir='ltr' id='par_1_13' title="bbox 136 2827 1880 2956">
     <span class='ocr_line' id='line_1_42' title="bbox 136 2827 285 2865; baseline 0.02 -3"><span class='ocrx_word' id='word_1_409' title='bbox 136 2827 285 2865; x_wconf 83' lang='lat' dir='ltr'>tatum.</span> 
     </span>
     <span class='ocr_line' id='line_1_43' title="bbox 287 2897 1880 2956; baseline 0.004 -18"><span class='ocrx_word' id='word_1_410' title='bbox 287 2897 634 2941; x_wconf 78' lang='lat' dir='ltr'>ARTtCULUs</span> <span class='ocrx_word' id='word_1_411' title='bbox 668 2900 707 2942; x_wconf 83' lang='lat'>1.</span> <span class='ocrx_word' id='word_1_412' title='bbox 741 2923 793 2930; x_wconf 89' lang='lat'><em>—</em></span> <span class='ocrx_word' id='word_1_413' title='bbox 822 2913 965 2943; x_wconf 69' lang='lat' dir='ltr'>ursum</span> <span class='ocrx_word' id='word_1_414' title='bbox 990 2914 1029 2943; x_wconf 78' lang='lat' dir='ltr'>{N</span> <span class='ocrx_word' id='word_1_415' title='bbox 1049 2913 1231 2944; x_wconf 74' lang='lat' dir='ltr'>cnmsro</span> <span class='ocrx_word' id='word_1_416' title='bbox 1263 2914 1353 2945; x_wconf 73' lang='lat' dir='ltr'>sim·</span> <span class='ocrx_word' id='word_1_417' title='bbox 1383 2915 1475 2945; x_wconf 71' lang='lat' dir='ltr'>1115AE</span> <span class='ocrx_word' id='word_1_418' title='bbox 1506 2915 1777 2945; x_wconf 64' lang='lat' dir='ltr'>voLns‘rers</span> <span class='ocrx_word' id='word_1_419' title='bbox 1799 2903 1880 2956; x_wconf 77' lang='lat'><strong>(2).</strong></span> 
     </span>
    </p>
   </div>
   <div class='ocr_carea' id='block_1_10' title="bbox 140 2962 2035 3060">
    <p class='ocr_par' dir='ltr' id='par_1_14' title="bbox 140 2962 2035 3060">
     <span class='ocr_line' id='line_1_44' title="bbox 140 2962 2035 3012; baseline 0.005 -16"><span class='ocrx_word' id='word_1_420' title='bbox 140 2963 187 2997; x_wconf 83' lang='lat' dir='ltr'>De</span> <span class='ocrx_word' id='word_1_421' title='bbox 213 2962 265 2996; x_wconf 79' lang='lat' dir='ltr'>his</span> <span class='ocrx_word' id='word_1_422' title='bbox 281 2965 384 2998; x_wconf 76' lang='lat' dir='ltr'>otiam</span> <span class='ocrx_word' id='word_1_423' title='bbox 409 2965 501 2999; x_wconf 79' lang='lat' dir='ltr'>Sent.</span> <span class='ocrx_word' id='word_1_424' title='bbox 532 2974 587 3008; x_wconf 76' lang='grc' dir='ltr'>ΠΙ,</span> <span class='ocrx_word' id='word_1_425' title='bbox 603 2965 685 3001; x_wconf 80' lang='lat' dir='ltr'>dist.</span> <span class='ocrx_word' id='word_1_426' title='bbox 708 2966 764 3008; x_wconf 67' lang='lat' dir='ltr'>M,</span> <span class='ocrx_word' id='word_1_427' title='bbox 787 2971 852 3002; x_wconf 66' lang='lat' dir='ltr'>avt.</span> <span class='ocrx_word' id='word_1_428' title='bbox 869 2967 883 3001; x_wconf 88' lang='grc' dir='ltr'>·Ι</span> <span class='ocrx_word' id='word_1_429' title='bbox 899 2994 908 3008; x_wconf 89' lang='grc'>,</span> <span class='ocrx_word' id='word_1_430' title='bbox 929 2975 1046 3008; x_wconf 71' lang='lat' dir='ltr'>quoest.</span> <span class='ocrx_word' id='word_1_431' title='bbox 1071 2977 1196 3010; x_wconf 78' lang='lat' dir='ltr'>loorp.</span> <span class='ocrx_word' id='word_1_432' title='bbox 1217 2972 1251 3003; x_wconf 83' lang='lat' dir='ltr'>et</span> <span class='ocrx_word' id='word_1_433' title='bbox 1273 2969 1352 3004; x_wconf 79' lang='lat' dir='ltr'>dist.</span> <span class='ocrx_word' id='word_1_434' title='bbox 1378 2971 1438 3010; x_wconf 72' lang='lat'>47,</span> <span class='ocrx_word' id='word_1_435' title='bbox 1453 2974 1520 3005; x_wconf 67' lang='lat' dir='ltr'>art.</span> <span class='ocrx_word' id='word_1_436' title='bbox 1545 2971 1578 3010; x_wconf 68' lang='lat' dir='ltr'>l,</span> <span class='ocrx_word' id='word_1_437' title='bbox 1594 2976 1712 3011; x_wconf 76' lang='lat' dir='ltr'>quoest.</span> <span class='ocrx_word' id='word_1_438' title='bbox 1731 2980 1756 3011; x_wconf 84' lang='grc' dir='ltr'>ι,</span> <span class='ocrx_word' id='word_1_439' title='bbox 1772 2974 1807 3005; x_wconf 80' lang='lat' dir='ltr'>et</span> <span class='ocrx_word' id='word_1_440' title='bbox 1824 2967 1921 3005; x_wconf 81' lang='lat' dir='ltr'>Cont&#39;.</span> <span class='ocrx_word' id='word_1_441' title='bbox 1942 2974 2035 3012; x_wconf 67' lang='lat' dir='ltr'>gent.</span> 
     </span>
     <span class='ocr_line' id='line_1_45' title="bbox 214 3010 1957 3060; baseline 0.006 -17"><span class='ocrx_word' id='word_1_442' title='bbox 214 3010 276 3044; x_wconf 88' lang='lat' dir='ltr'>lib.</span> <span class='ocrx_word' id='word_1_443' title='bbox 297 3020 343 3052; x_wconf 77' lang='lat' dir='ltr'>lv,</span> <span class='ocrx_word' id='word_1_444' title='bbox 361 3024 433 3054; x_wconf 81' lang='lat' dir='ltr'>cap.</span> <span class='ocrx_word' id='word_1_445' title='bbox 450 3013 504 3055; x_wconf 83' lang='lat'>56,</span> <span class='ocrx_word' id='word_1_446' title='bbox 527 3018 561 3047; x_wconf 83' lang='lat' dir='ltr'>et</span> <span class='ocrx_word' id='word_1_447' title='bbox 576 3014 626 3048; x_wconf 82' lang='lat' dir='ltr'>De</span> <span class='ocrx_word' id='word_1_448' title='bbox 644 3018 713 3054; x_wconf 79' lang='lat' dir='ltr'>pot.</span> <span class='ocrx_word' id='word_1_449' title='bbox 734 3020 851 3055; x_wconf 82' lang='lat' dir='ltr'>quoest.</span> <span class='ocrx_word' id='word_1_450' title='bbox 868 3023 901 3056; x_wconf 86' lang='lat' dir='ltr'>x,</span> <span class='ocrx_word' id='word_1_451' title='bbox 919 3019 983 3051; x_wconf 77' lang='lat' dir='ltr'>art.</span> <span class='ocrx_word' id='word_1_452' title='bbox 1001 3017 1020 3050; x_wconf 66' lang='lat'><strong><em>4</em></strong></span> <span class='ocrx_word' id='word_1_453' title='bbox 1036 3016 1075 3050; x_wconf 83' lang='lat' dir='ltr'>ad</span> <span class='ocrx_word' id='word_1_454' title='bbox 1094 3018 1142 3057; x_wconf 73' lang='lat'>15,</span> <span class='ocrx_word' id='word_1_455' title='bbox 1158 3021 1194 3052; x_wconf 81' lang='lat' dir='ltr'>et</span> <span class='ocrx_word' id='word_1_456' title='bbox 1213 3018 1336 3057; x_wconf 62' lang='lat' dir='ltr'>opusc„</span> <span class='ocrx_word' id='word_1_457' title='bbox 1356 3026 1392 3056; x_wconf 81' lang='grc'>11.</span> <span class='ocrx_word' id='word_1_458' title='bbox 1410 3030 1482 3060; x_wconf 77' lang='lat' dir='ltr'>cap.</span> <span class='ocrx_word' id='word_1_459' title='bbox 1500 3018 1573 3058; x_wconf 69' lang='grc'>102,</span> <span class='ocrx_word' id='word_1_460' title='bbox 1591 3026 1627 3053; x_wconf 81' lang='lat' dir='ltr'>et</span> <span class='ocrx_word' id='word_1_461' title='bbox 1639 3019 1740 3053; x_wconf 80' lang='lat' dir='ltr'>Joan.</span> <span class='ocrx_word' id='word_1_462' title='bbox 1757 3026 1812 3060; x_wconf 78' lang='grc' dir='ltr'>Ἡ,</span> <span class='ocrx_word' id='word_1_463' title='bbox 1829 3018 1906 3052; x_wconf 82' lang='lat' dir='ltr'>lect.</span> <span class='ocrx_word' id='word_1_464' title='bbox 1922 3019 1957 3053; x_wconf 63' lang='lat'>4.</span> 
     </span>
    </p>
   </div>
   <div class='ocr_carea' id='block_1_11' title="bbox 136 3071 2039 3318">
    <p class='ocr_par' dir='ltr' id='par_1_15' title="bbox 136 3071 2039 3318">
     <span class='ocr_line' id='line_1_46' title="bbox 188 3071 2039 3134; baseline 0.004 -19"><span class='ocrx_word' id='word_1_465' title='bbox 188 3071 257 3116; x_wconf 89' lang='lat' dir='ltr'>Ad</span> <span class='ocrx_word' id='word_1_466' title='bbox 272 3072 472 3127; x_wconf 89' lang='lat' dir='ltr'>primum</span> <span class='ocrx_word' id='word_1_467' title='bbox 489 3074 556 3118; x_wconf 88' lang='lat' dir='ltr'>sic</span> <span class='ocrx_word' id='word_1_468' title='bbox 567 3075 849 3131; x_wconf 82' lang='lat' dir='ltr'>proceditur.</span> <span class='ocrx_word' id='word_1_469' title='bbox 868 3079 909 3121; x_wconf 85' lang='lat'>1.</span> <span class='ocrx_word' id='word_1_470' title='bbox 927 3076 1111 3122; x_wconf 85' lang='lat' dir='ltr'>Videtur</span> <span class='ocrx_word' id='word_1_471' title='bbox 1127 3077 1253 3134; x_wconf 78' lang='lat' dir='ltr'>quod</span> <span class='ocrx_word' id='word_1_472' title='bbox 1269 3078 1315 3121; x_wconf 92' lang='lat' dir='ltr'>in</span> <span class='ocrx_word' id='word_1_473' title='bbox 1333 3079 1513 3123; x_wconf 88' lang='lat' dir='ltr'>Christo</span> <span class='ocrx_word' id='word_1_474' title='bbox 1528 3092 1621 3123; x_wconf 91' lang='lat' dir='ltr'>non</span> <span class='ocrx_word' id='word_1_475' title='bbox 1644 3079 1739 3124; x_wconf 88' lang='lat' dir='ltr'>sint</span> <span class='ocrx_word' id='word_1_476' title='bbox 1752 3079 1857 3124; x_wconf 84' lang='lat' dir='ltr'>duae</span> <span class='ocrx_word' id='word_1_477' title='bbox 1873 3079 2039 3123; x_wconf 85' lang='lat' dir='ltr'>volun-</span> 
     </span>
     <span class='ocr_line' id='line_1_47' title="bbox 141 3136 2038 3199; baseline 0.004 -23"><span class='ocrx_word' id='word_1_478' title='bbox 141 3140 274 3187; x_wconf 68' lang='lat' dir='ltr'>tateS,</span> <span class='ocrx_word' id='word_1_479' title='bbox 300 3147 394 3177; x_wconf 88' lang='lat' dir='ltr'>una</span> <span class='ocrx_word' id='word_1_480' title='bbox 419 3136 579 3180; x_wconf 85' lang='lat' dir='ltr'>divina</span> <span class='ocrx_word' id='word_1_481' title='bbox 603 3142 648 3182; x_wconf 88' lang='lat' dir='ltr'>et</span> <span class='ocrx_word' id='word_1_482' title='bbox 679 3138 769 3182; x_wconf 87' lang='lat' dir='ltr'>alia</span> <span class='ocrx_word' id='word_1_483' title='bbox 790 3140 1011 3184; x_wconf 90' lang='lat' dir='ltr'>humana.</span> <span class='ocrx_word' id='word_1_484' title='bbox 1035 3140 1257 3185; x_wconf 85' lang='lat' dir='ltr'>Voluntas</span> <span class='ocrx_word' id='word_1_485' title='bbox 1287 3141 1411 3185; x_wconf 89' lang='lat' dir='ltr'>enim</span> <span class='ocrx_word' id='word_1_486' title='bbox 1440 3146 1512 3186; x_wconf 88' lang='lat' dir='ltr'>est</span> <span class='ocrx_word' id='word_1_487' title='bbox 1539 3142 1742 3199; x_wconf 83' lang='lat' dir='ltr'>primum</span> <span class='ocrx_word' id='word_1_488' title='bbox 1773 3153 1968 3185; x_wconf 86' lang='lat' dir='ltr'>movens</span> <span class='ocrx_word' id='word_1_489' title='bbox 1990 3148 2038 3186; x_wconf 79' lang='lat' dir='ltr'>et</span> 
     </span>
     <span class='ocr_line' id='line_1_48' title="bbox 137 3194 2038 3260; baseline 0.005 -23"><span class='ocrx_word' id='word_1_490' title='bbox 137 3194 372 3251; x_wconf 88' lang='lat' dir='ltr'>imperans</span> <span class='ocrx_word' id='word_1_491' title='bbox 394 3197 437 3240; x_wconf 89' lang='lat' dir='ltr'>in</span> <span class='ocrx_word' id='word_1_492' title='bbox 459 3210 742 3255; x_wconf 85' lang='lat' dir='ltr'>unoquoque</span> <span class='ocrx_word' id='word_1_493' title='bbox 762 3201 962 3245; x_wconf 83' lang='lat' dir='ltr'>volente.</span> <span class='ocrx_word' id='word_1_494' title='bbox 990 3202 1077 3246; x_wconf 86' lang='lat' dir='ltr'>Sed</span> <span class='ocrx_word' id='word_1_495' title='bbox 1098 3203 1143 3245; x_wconf 90' lang='lat' dir='ltr'>in</span> <span class='ocrx_word' id='word_1_496' title='bbox 1169 3203 1347 3247; x_wconf 83' lang='lat' dir='ltr'>Christo</span> <span class='ocrx_word' id='word_1_497' title='bbox 1371 3203 1574 3260; x_wconf 89' lang='lat' dir='ltr'>primum</span> <span class='ocrx_word' id='word_1_498' title='bbox 1602 3215 1797 3247; x_wconf 89' lang='lat' dir='ltr'>movens</span> <span class='ocrx_word' id='word_1_499' title='bbox 1822 3208 1868 3247; x_wconf 89' lang='lat' dir='ltr'>et</span> <span class='ocrx_word' id='word_1_500' title='bbox 1890 3203 2038 3259; x_wconf 89' lang='lat' dir='ltr'>impe-</span> 
     </span>
     <span class='ocr_line' id='line_1_49' title="bbox 136 3257 2036 3318; baseline 0.004 -18"><span class='ocrx_word' id='word_1_501' title='bbox 136 3269 247 3301; x_wconf 88' lang='lat' dir='ltr'>rans</span> <span class='ocrx_word' id='word_1_502' title='bbox 262 3257 349 3301; x_wconf 86' lang='lat' dir='ltr'>fuit</span> <span class='ocrx_word' id='word_1_503' title='bbox 366 3259 584 3304; x_wconf 86' lang='lat' dir='ltr'>voluntas</span> <span class='ocrx_word' id='word_1_504' title='bbox 607 3261 766 3305; x_wconf 87' lang='lat' dir='ltr'>divina</span> <span class='ocrx_word' id='word_1_505' title='bbox 787 3276 799 3306; x_wconf 73' lang='grc' dir='ltr'>ε</span> <span class='ocrx_word' id='word_1_506' title='bbox 827 3263 937 3318; x_wconf 87' lang='lat' dir='ltr'>quia</span> <span class='ocrx_word' id='word_1_507' title='bbox 959 3264 1116 3307; x_wconf 90' lang='lat' dir='ltr'>omnia</span> <span class='ocrx_word' id='word_1_508' title='bbox 1139 3264 1346 3308; x_wconf 83' lang='lat' dir='ltr'>humana</span> <span class='ocrx_word' id='word_1_509' title='bbox 1365 3265 1411 3308; x_wconf 92' lang='lat' dir='ltr'>in</span> <span class='ocrx_word' id='word_1_510' title='bbox 1434 3265 1612 3309; x_wconf 88' lang='lat' dir='ltr'>Christo</span> <span class='ocrx_word' id='word_1_511' title='bbox 1640 3265 1948 3309; x_wconf 88' lang='lat' dir='ltr'>movebantur</span> <span class='ocrx_word' id='word_1_512' title='bbox 1967 3276 2036 3308; x_wconf 86' lang='lat' dir='ltr'>se-</span> 
     </span>
    </p>
   </div>
   <div class='ocr_carea' id='block_1_12' title="bbox 138 3367 2037 3505">
    <p class='ocr_par' dir='ltr' id='par_1_16' title="bbox 138 3367 2037 3505">
     <span class='ocr_line' id='line_1_50' title="bbox 179 3367 2037 3415; baseline 0.003 -14"><span class='ocrx_word' id='word_1_513' title='bbox 179 3368 221 3408; x_wconf 73' lang='grc'>(4)</span> <span class='ocrx_word' id='word_1_514' title='bbox 239 3367 376 3402; x_wconf 79' lang='lat' dir='ltr'>Scilicet</span> <span class='ocrx_word' id='word_1_515' title='bbox 391 3368 555 3403; x_wconf 78' lang='lat' dir='ltr'>Christus.</span> <span class='ocrx_word' id='word_1_516' title='bbox 1127 3372 1238 3413; x_wconf 82' lang='lat' dir='ltr'>ebeni,</span> <span class='ocrx_word' id='word_1_517' title='bbox 1273 3373 1352 3413; x_wconf 63' lang='lat' dir='ltr'>cyri</span> <span class='ocrx_word' id='word_1_518' title='bbox 1375 3372 1589 3408; x_wconf 70' lang='lat' dir='ltr'>Alexandrini</span> <span class='ocrx_word' id='word_1_519' title='bbox 1617 3378 1652 3408; x_wconf 85' lang='lat' dir='ltr'>et</span> <span class='ocrx_word' id='word_1_520' title='bbox 1678 3374 1824 3408; x_wconf 77' lang='lat' dir='ltr'>aliorum</span> <span class='ocrx_word' id='word_1_521' title='bbox 1846 3373 1908 3415; x_wconf 82' lang='lat' dir='ltr'>qui·</span> <span class='ocrx_word' id='word_1_522' title='bbox 1930 3374 1948 3406; x_wconf 72' lang='grc' dir='ltr'>ὲ</span> <span class='ocrx_word' id='word_1_523' title='bbox 1978 3383 2037 3406; x_wconf 73' lang='lat' dir='ltr'>sua</span> 
     </span>
     <span class='ocr_line' id='line_1_51' title="bbox 179 3415 1765 3457; baseline 0.004 -9"><span class='ocrx_word' id='word_1_524' title='bbox 179 3415 222 3457; x_wconf 84' lang='lat'>(2)</span> <span class='ocrx_word' id='word_1_525' title='bbox 242 3416 280 3449; x_wconf 92' lang='lat' dir='ltr'>In</span> <span class='ocrx_word' id='word_1_526' title='bbox 295 3416 357 3449; x_wconf 85' lang='lat' dir='ltr'>hoc</span> <span class='ocrx_word' id='word_1_527' title='bbox 379 3417 524 3450; x_wconf 79' lang='lat' dir='ltr'>articulo</span> <span class='ocrx_word' id='word_1_528' title='bbox 540 3415 667 3452; x_wconf 71' lang='lat' dir='ltr'>refellit</span> <span class='ocrx_word' id='word_1_529' title='bbox 682 3418 716 3451; x_wconf 90' lang='lat' dir='ltr'>S.</span> <span class='ocrx_word' id='word_1_530' title='bbox 743 3419 867 3452; x_wconf 76' lang='lat' dir='ltr'>Doctor</span> <span class='ocrx_word' id='word_1_531' title='bbox 891 3431 1044 3455; x_wconf 82' lang='lat' dir='ltr'>errorem</span> <span class='ocrx_word' id='word_1_532' title='bbox 1132 3421 1247 3455; x_wconf 81' lang='lat' dir='ltr'>haeresi</span> <span class='ocrx_word' id='word_1_533' title='bbox 1267 3421 1407 3455; x_wconf 81' lang='lat' dir='ltr'>suerunt</span> <span class='ocrx_word' id='word_1_534' title='bbox 1428 3421 1765 3456; x_wconf 70' lang='lat' dir='ltr'>‹tictimon‹=t11elitae.</span> 
     </span>
     <span class='ocr_line' id='line_1_52' title="bbox 138 3463 1294 3505; baseline 0.008 -10"><span class='ocrx_word' id='word_1_535' title='bbox 138 3463 246 3503; x_wconf 76' lang='lat' dir='ltr'>Sergii</span> <span class='ocrx_word' id='word_1_536' title='bbox 292 3464 684 3505; x_wconf 79' lang='lat' dir='ltr'>Constantinopolitani‚</span> <span class='ocrx_word' id='word_1_537' title='bbox 715 3465 881 3501; x_wconf 75' lang='lat' dir='ltr'>macharii</span> <span class='ocrx_word' id='word_1_538' title='bbox 929 3469 1045 3502; x_wconf 72' lang='lat' dir='ltr'>Antio·</span> <span class='ocrx_word' id='word_1_539' title='bbox 1291 3474 1294 3477; x_wconf 75' lang='grc'><strong>’</strong></span> 
     </span>
    </p>
   </div>
   <div class='ocr_carea' id='block_1_13' title="bbox 2120 822 2170 1401">
    <p class='ocr_par' dir='ltr' id='par_1_17' title="bbox 2120 822 2170 1401">
     <span class='ocr_line' id='line_1_53' title="bbox 2120 822 2170 1401; baseline 0 2407"><span class='ocrx_word' id='word_1_540' title='bbox 2120 822 2170 1401; x_wconf 95' lang='lat' dir='ltr'> </span> 
     </span>
    </p>
   </div>
  </div>
 </body>
</html>
