2170 3808
127 227 211 273 420
690 222 893 276 QUAEST.
920 223 1059 279 XLIX,
1090 223 1210 265 ΛΒΤ.
1237 224 1289 266 IV
1316 225 1381 267 ET
1407 225 1458 269 V.

182 306 250 353 Ad
270 305 515 351 secundum
546 302 796 349 dicendum
812 339 823 358 ‚
846 302 971 360 quod
999 302 1156 361 passio
1185 303 1347 350 Christi
1379 318 1471 350 non
1503 306 1674 351 dicitur
1702 308 1930 362 quantum
1959 306 2020 352 ad

128 369 219 416 hoc
239 380 328 414 nos
343 370 434 412 Deo
454 365 780 411 reconciliasse
803 365 927 422 quod
947 365 1004 411 de
1028 378 1149 410 novo
1173 378 1260 410 nos
1291 379 1448 413 amare
1468 367 1721 427 inciperet,
1746 370 1856 412 ciim
1874 367 2020 424 scrip-

132 436 234 478 tum
257 429 318 476 sit
331 431 515 484 (ierem.
534 441 651 483 xxxi,
670 430 716 484 3)
732 431 810 473 :In
828 428 1055 472 charitate
1072 431 1295 485 perpetua
1315 429 1459 474 dilexi
1478 433 1520 475 te
1531 445 1550 488 ,·
1571 430 1656 476 sed
1673 428 1784 486 quia
1805 441 1890 486 per
1909 441 2020 486 pas-

133 494 315 541 sionem
329 490 492 536 Christi
515 489 698 535 sublata
712 495 784 535 est
798 490 890 535 odii
908 502 1066 544 causa,
1087 494 1186 535 tum
1204 502 1286 546 per
1305 490 1584 538 ablationem
1600 491 1796 550 peccati,
1820 496 1917 536 tum
1935 502 2020 548 per

133 552 616 611 recompensationem
641 552 1008 609 acceptabilioris
1031 552 1142 596 boni
1163 555 1239 607 (1).

185 616 252 663 Ad
269 617 453 661 tertium
469 614 734 671 dicendum,
753 614 878 672 quod
908 614 1028 658 sicut
1046 613 1279 659 occisores
1299 613 1465 660 Christi
1485 615 1698 661 homiues
1715 614 1907 660 fuerunt
1921 647 1933 668 ,
1954 612 2019 659 ita

132 682 179 724 et
197 677 405 723 Christus
427 677 632 722 occisus,
657 675 796 733 Major
817 680 973 721 autem
1004 675 1091 721 fuit
1116 675 1317 721 charitas
1341 675 1505 723 Christi
1529 675 1747 736 patientis
1764 675 1908 735 quam
1930 674 2019 720 ini-

132 740 289 799 quitas
316 739 594 786 occisorum.
618 741 672 783 Et
700 737 802 783 ideo
830 737 987 796 passio
1008 738 1175 783 Christi
1199 737 1352 794 magis
1374 738 1519 786 valuit
1538 739 1599 786 ad
1618 737 2016 785 reconciliandum

126 806 272 849 Deum
294 802 378 847 toti
403 803 610 847 humano
630 800 790 857 generi
810 800 953 857 quam
973 799 1032 844 ad
1055 800 1402 857 provocandum
1424 800 1485 847 ad
1504 801 1640 846 iram.

185 870 530 915 ARTICULUS
557 870 618 912 V.
642 891 695 900 —
717 880 855 911 υτιιιιιι
878 879 1073 911 cnmsrus
1097 881 1172 911 ευρ.
1195 881 1388 912 mssxonn
1409 882 1642 913 Arsacem-r
1665 880 1785 913 nonis
1804 879 1962 912 uuum

965 940 1078 971 coi-:m
1108 930 1182 985 (2).

131 1009 180 1044 De
199 1008 252 1044 his
268 1007 371 1043 etiam
393 1008 488 1042 Sent.
513 1013 567 1047 ln,
583 1003 662 1039 dist.
678 1004 733 1044 48.
751 1007 817 1038 art.
835 1003 868 1044 6,
887 1008 1004 1044 quaest.
1024 1013 1051 1038 11
1074 1009 1106 1038 et
1133 1012 1187 1044 ιιι,
1211 1010 1246 1039 et
1264 1004 1342 1040 dist.
1354 1005 1411 1047 ⁴9,
1428 1009 1496 1039 art.
1516 1005 1550 1047 5,
1569 1008 1605 1041 et
1621 1014 1670 1049 lv,
1689 1005 1768 1042 dist.
1781 1006 1816 1049 4,
1838 1008 1954 1048 quest.
1974 1013 2014 1050 u,

577 1055 641 1087 art.
660 1050 694 1094 2,
714 1055 830 1093 quaest.
849 1058 896 1091 Vl,
917 1058 951 1085 et
966 1051 1013 1085 De
1031 1062 1102 1086 ver.
1123 1056 1238 1093 quaest.
1253 1060 1347 1093 xxu,
1362 1056 1426 1087 art.
1447 1052 1470 1086 7
1483 1051 1526 1087 ad
1536 1053 1570 1087 9.

181 1115 246 1163 Ad
273 1114 491 1173 quintum
513 1113 583 1158 sic
598 1111 879 1170 proceditur.
910 1116 955 1157 1.
981 1111 1166 1157 Videtur
1191 1111 1315 1170 quod
1338 1113 1547 1159 Christus
1576 1115 1662 1158 sua
1682 1113 1899 1171 passione
1922 1127 2015 1160 non

133 1179 315 1237 aperuit
335 1176 477 1222 nobis
494 1176 690 1233 januam
706 1174 828 1220 coeli.
850 1174 1023 1219 Dicitur
1045 1174 1169 1219 enim
1187 1175 1418 1230 (Provelh.
1443 1189 1502 1233 xi,
1523 1177 1632 1230 18)·
1655 1177 1909 1221 Seminanti
1916 1178 2017 1233 Jus-

130 1243 281 1286 iitiam
303 1252 515 1284 mercesz
486 1238 651 1294 fidelis.
675 1236 762 1282 Sed
780 1248 962 1281 merces
974 1236 1166 1294 Justitiae
1188 1242 1259 1282 est
1280 1237 1498 1282 introitus
1512 1237 1644 1294 regni
1660 1237 1880 1284 coelestis,
1886 1241 2019 1296 Ergo

127 1302 312 1348 videtur
339 1299 465 1358 quod
489 1298 638 1345 sancti
660 1303 833 1355 patres,
852 1298 933 1356 qui
957 1299 1132 1355 operati
1155 1304 1267 1344 sunt
1284 1311 1426 1356 opera
1443 1299 1651 1371 J‘ustitiae,
1672 1299 1764 1345 fide
1779 1300 2018 1346 consecuti

126 1368 284 1410 essent
306 1361 548 1407 introitum
571 1359 703 1417 regni
722 1359 953 1416 coelestiS,
974 1361 1115 1406 etiam
1138 1361 1330 1432 absque
1339 1362 1502 1406 Christi
1525 1361 1758 1418 passione.
1782 1364 1881 1408 Non
1904 1374 2017 1420 ergo

125 1425 282 1484 passio
304 1423 471 1468 Christi
492 1427 563 1468 est
584 1433 727 1467 causa
750 1421 1004 1478 apertionis
1021 1422 1180 1481 Januae
1200 1422 1331 1480 regni
1357 1423 1579 1468 coelestis.

183 1491 228 1533 2.
260 1489 502 1541 Praeterea,
526 1489 637 1529 ante
658 1483 927 1542 passionem
955 1485 1122 1530 Christi
1149 1485 1271 1530 Elias
1302 1491 1466 1541 raptus
1488 1486 1626 1530 estin
1660 1486 1832 1530 coelum
1853 1488 1937 1543 (3),
1964 1490 2018 1532 ut

128 1549 296 1597 dicitur
316 1550 397 1603 (IV.
432 1549 610 1617 Regum
631 1550 697 1601 ιι).
731 1545 820 1591 Sed
851 1546 1045 1591 effectus
1068 1559 1161 1591 non
1197 1546 1416 1603 praecedit
1447 1559 1654 1593 causam.
1686 1550 1806 1603 Ergo
1834 1546 2019 1594 videtur

126 1610 254 1670 quod
273 1609 447 1667 apertio
464 1609 623 1666 Januae
644 1606 851 1653 coelestis
868 1620 962 1652 non
987 1608 1049 1653 sit
1067 1609 1262 1654 effectus
1287 1608 1518 1665 passionis
1540 1609 1720 1655 Christi.

179 1676 221 1718 3.
252 1673 503 1726 Piaeterea‚
529 1670 649 1714 sicut
676 1668 848 1725 legitur
867 1669 1037 1723 (Matth.
1070 1672 1150 1726 111),
1184 1668 1366 1714 Christo
1394 1669 1644 1727 baptizatO,
1674 1669 1822 1726 aperti
1844 1675 1955 1716 sunt
1974 1670 2019 1716 ei

123 1734 248 1781 coeli.
269 1733 357 1778 Sed
374 1731 635 1789 baptismus
653 1729 894 1787 praecessit
912 1732 1196 1788 passionem.
1220 1734 1340 1788 Ergo
1359 1732 1535 1789 apertio
1555 1731 1661 1776 coeli
1683 1744 1777 1776 non
1799 1737 1873 1778 est
1886 1733 2019 1779 effec-

125 1804 205 1843 tus
222 1793 456 1854 passionis
477 1792 659 1838 Christi.

180 1863 224 1905 4.
256 1860 482 1903 Praeterea
504 1855 648 1910 (Mich.
672 1869 720 1914 11,
740 1857 837 1911 13),
857 1854 1028 1901 dicitur
1049 1856 1306 1901 ·.Ascendit
1336 1856 1416 1912 (4),
1435 1857 1646 1913 pandens
1672 1858 1764 1901 iter
1789 1860 1897 1902 anie
1926 1869 2014 1904 eos.

121 1921 211 1968 Sed
229 1919 344 1965 nihil
365 1918 493 1964 aliud
514 1918 700 1963 videtur
717 1929 824 1962 esse
845 1918 1052 1974 pandere
1073 1918 1162 1963 iter
1179 1917 1304 1971 coeli,
1325 1917 1469 1976 quam
1491 1918 1594 1977 ers
1607 1918 1803 1977 januam
1820 1919 2014 1977 aperire.

122 1986 241 2041 Ergo
257 1982 449 2028 videtui
456 1979 616 2053 quod·
599 1992 747 2037 Janua
764 1980 871 2025 coeli
895 1980 955 2024 sit
976 1980 1111 2024 nobis
1129 1985 1308 2040 aperta,
1328 1992 1423 2026 non
1443 1993 1528 2039 per
1547 1981 1814 2063 passionem
1834 1980 2014 2042 Christi,

122 2047 207 2093 sed
225 2059 308 2104 per
326 2043 651 2089 ascensionem
672 2042 791 2099 ejus.

179 2107 265 2152 Sed
297 2110 452 2150 contra
486 2112 558 2149 est
582 2104 708 2161 quod
739 2104 989 2160 Apostolus
1021 2103 1135 2149 dicit
1155 2103 1306 2159 (Hebr.
1328 2119 1355 2148 x
1369 2104 1516 2162 ,1;9)
1542 2106 1768 2150 Habemus
1795 2106 2016 2160 fiduciam

121 2173 171 2214 in
188 2171 384 2214 introitu
403 2169 682 2219 sanctorum,
707 2165 884 2210 scilicet
906 2165 1184 2222 coelestium,
1204 2170 1254 2210 in
1274 2168 1492 2225 sanquine
1513 2167 1706 2211 Christi.

171 2235 464 2278 CONCLUSIO.
495 2256 543 2264 -
569 2235 673 2273 Οίιιιι
695 2245 767 2285 per
784 2234 935 2274 Christi
957 2233 1190 2286 passionem
1215 2234 1376 2275 liberati
1395 2235 1500 2275 fueri
1502 2246 1619 2285 mus,
1643 2246 1726 2276 non
1743 2235 1897 2277 modo*
1883 2247 1909 2276 a
1929 2247 2017 2289 pec-

121 2297 211 2335 cato
229 2291 423 2342 originali
443 2290 659 2330 communi
684 2288 879 2330 humanae
909 2294 1082 2338 naturae,
1111 2289 1247 2342 quoad
1271 2292 1442 2342 culpam
1472 2294 1512 2331 et
1533 2302 1722 2354 poenam,
1745 2290 1816 2332 sed
1841 2290 1967 2333 etiam
1989 2305 2015 2334 a

120 2349 295 2401 peccatis
314 2346 487 2399 propriis
505 2345 781 2396 singulorum,
800 2356 871 2397 per
888 2355 979 2385 eam
999 2321 1117 2385 noh'is
1131 2350 1269 2397 aperta
1284 2350 1344 2386 est
1357 2346 1488 2399 Janua
1506 2346 1620 2397 regni
1642 2347 1853 2388 coelorum.

180 2409 456 2467 Respondeo
492 2407 744 2453 dicendum
780 2407 907 2464 quod
938 2408 1116 2452 clausio
1146 2408 1308 2465 januae
1343 2415 1414 2454 est
1449 2408 1743 2454 obstaculum
1779 2409 2013 2466 quoddam

123 2473 378 2532 prohibens
401 2470 616 2516 homines
639 2470 698 2514 ab
716 2469 952 2526 ingressu.
975 2470 1283 2515 Prohibentur
1303 2476 1462 2515 autem
1484 2471 1696 2516 homines
1718 2471 1777 2516 ab
1795 2471 2015 2528 ingressu

122 2534 257 2594 regni
276 2533 480 2579 coelestis
498 2536 686 2589 propter
708 2536 972 2589 peccatum,
992 2532 1117 2588 quia,
1143 2532 1266 2576 sicut
1287 2532 1576 2587 dicitur(1sa.
1598 2546 1724 2587 xxxv,
1742 2535 1785 2588 8)
1802 2548 1812 2575 :
1832 2536 1922 2578 Via
1935 2534 2014 2579 illa

122 2599 287 2642 sancta
305 2596 558 2651 vocabitur,
580 2598 626 2638 et
645 2607 735 2638 non
757 2594 970 2637 transibit
982 2607 1067 2650 per
1087 2607 1187 2638 eam
1204 2595 1420 2651 pollutus.
1440 2597 1519 2639 Est
1536 2602 1689 2639 autem
1709 2595 1883 2652 duplex
1903 2608 2015 2653 pec-

124 2663 280 2706 catum
314 2657 576 2714 impediens
605 2654 698 2700 ab
686 2666 903 2712 mgressu
936 2655 1066 2712 regni
1101 2656 1320 2701 coelestis
1355 2658 1506 2701 Unum
1540 2656 1728 2714 quidem
1762 2670 2012 2705 commune

124 2721 267 2767 totius
298 2721 518 2766 humanae
542 2722 750 2774 naturae,
781 2718 908 2775 quod
940 2723 1012 2763 est
1043 2723 1287 2790 peccatum
1316 2719 1453 2776 primi
1484 2720 1731 2777 parentis:
1755 2724 1802 2765 et
1821 2732 1907 2778 per
1923 2721 2013 2768 hoc

122 2787 370 2842 peccatum
394 2752 766 2839 praecludebatur
786 2780 961 2825 homini
980 2781 1134 2825 aditus
1150 2781 1283 2836 regni
1305 2781 1526 2826 coelestis.
1545 2782 1676 2827 Unde
1692 2781 1862 2838 legitur
1881 2784 2008 2837 (Gen.

119 2859 183 2904 ιιι,
208 2847 308 2901 24),
340 2843 468 2903 quod
491 2847 597 2900 post
617 2848 861 2900 peccatum
883 2843 1019 2901 primi
1043 2844 1249 2901 parentis
1280 2844 1521 2888 collocavit
1548 2849 1667 2888 Deus
1689 2844 1945 2902 Cherubin,
1964 2847 2013 2889 et

122 2911 384 2951 flammeum
404 2906 612 2963 qladium
644 2907 779 2961 atque
805 2906 1094 2959 versatilem,
1123 2906 1189 2949 ad
1225 2905 1571 2950 custodiendam
1594 2908 1717 2950 viam
1749 2906 1866 2964 liqni
1889 2878 2008 2952 vi'tae.

121 2969 255 3016 Aliud
279 2975 436 3013 autem
454 2973 525 3012 est
539 2973 782 3025 peccatum
800 2967 1000 3025 speciale
1025 2963 1397 3026 uniuscujusque
1408 2981 1637 3026 personae,
1657 2969 1784 3026 quod
1802 2981 1885 3026 per
1901 2981 2011 3027 pro-

122 3030 278 3087 prium
307 3034 463 3075 actum
490 3029 793 3074 committitur
810 3029 1179 3087 uniuscnjusque
1201 3030 1418 3074 hominis.
1448 3033 1534 3076 Per
1562 3031 1829 3087 passionem
1851 3035 2010 3077 autem

123 3091 289 3139 Christi
310 3092 491 3137 liberati
509 3103 691 3146 sumus,
716 3103 809 3135 non
830 3091 982 3136 solum
1002 3093 1029 3136 a
1052 3097 1242 3149 peccato
1260 3093 1497 3137 communi
1520 3093 1664 3137 totius
1685 3093 1904 3138 humanae
1925 3105 2008 3137 na·

121 3159 259 3210 turae,
278 3159 326 3199 et
343 3154 571 3211 quantum
591 3153 651 3199 ad
669 3155 873 3212 culpam,
898 3158 945 3200 et
959 3155 1188 3211 quantum
1208 3155 1268 3200 ad
1285 3161 1466 3200 reatum
1487 3167 1655 3212 poenae,
1676 3155 1778 3211 ipso
1797 3155 2008 3200 solvente

162 3279 211 3321 (1)
226 3276 483 3320 Al.,beneficii.
1106 3281 1449 3315 sermocinarentur
1468 3279 1567 3317 (Elias
1588 3284 1621 3313 et
1638 3279 1803 3320 Elizaeus),
1824 3289 1901 3314 ecce
1923 3287 2008 3314 cur«

163 3326 209 3369 (2)
228 3326 368 3368 Aperire
390 3325 463 3360 coeli
477 3330 613 3366 januam
632 3327 720 3361 nihil
739 3327 833 3362 aliud
854 3335 903 3363 est
920 3329 1019 3369 quam
1107 3338 1175 3361 rus
1203 3329 1332 3371 iqneus
1359 3331 1393 3362 et
1414 3329 1498 3370 equi
1516 3327 1619 3370 iqnei
1634 3326 1844 3360 diviserunt
1867 3328 2006 3361 uirum·

123 3374 232 3409 faeere
249 3374 436 3415 expeditam
461 3375 731 3409 consecutionem
761 3382 894 3411 oeternae
915 3376 1020 3410 beati·
1106 3386 1185 3419 que,
1204 3381 1236 3411 ei
1253 3375 1417 3410 ascendit
1433 3375 1540 3409 Elias
1573 3385 1641 3418 per
1660 3375 1841 3411 turbinem
1875 3374 1919 3410 in
1940 3382 2006 3407 σω·

123 3422 252 3457 tudinis
265 3428 300 3456 et
318 3420 521 3455 affirmative
535 3422 715 3463 respondet
728 3424 764 3456 S.
788 3425 925 3458 Doctor.
1106 3423 1195 3465 lum,
1213 3430 1279 3459 etc.

163 3470 207 3514 (5)
224 3470 281 3505 Sic
309 3469 400 3505 enim
420 3469 469 3503 ibi
502 3470 628 3504 dicitur
657 3482 665 3503 :
699 3469 789 3504 Ciam
810 3471 1018 3506 incedentes
1147 3472 1360 3513 (avulgata,
1377 3470 1557 3507 ascendet.
