2170 3808
666 230 865 282 QUAEST.
890 231 1031 286 XXXI,
1055 230 1172 272 ART.
1203 230 1237 272 V
1264 230 1328 272 ET
1355 230 1423 273 Vl.
1906 230 1988 273 26³

100 313 357 359 attrahitur.
381 311 466 357 Sed
488 312 576 356 hoc
597 310 646 354 in
668 311 968 368 conceptione
990 310 1150 354 Christi
1173 322 1268 354 non
1289 310 1401 366 fuit,
1430 309 1540 366 quia
1557 309 1822 366 operatione
1847 308 1986 365 Spiri-

99 376 217 421 ritus
237 374 383 419 sancti
407 373 511 418 talis
540 373 734 429 sanguis
769 373 817 416 in
850 377 982 417 utero
1015 372 1213 428 Virginis
1243 372 1478 416 adunatus
1506 375 1578 416 est
1606 376 1654 416 et
1681 371 1907 415 formatus
1939 371 1987 415 in

99 437 293 495 prolem.
309 439 362 480 Et
380 436 484 481 ideo
502 435 670 480 dicitur
690 447 860 491 corpus
879 433 1046 479 Christi
1065 445 1126 478 ex
1146 433 1419 485 castissimis
1441 438 1488 476 et
1505 433 1770 488 purissimis
1792 432 1987 489 sangui-

100 499 241 544 nibus
260 498 458 555 Virginis
472 496 738 541 formatum.

196 568 537 612 ARTICULUS
564 567 645 608 VI.
667 590 724 597 —
746 578 884 608 01111111
903 576 1061 608 conpos
1082 575 1239 606 cnmsri
1260 575 1301 604 m
1319 575 1509 611 1111101115
1531 576 1723 607 ruamus
1745 577 1893 607 matur

673 640 885 670 SECUNDUM
914 638 1078 675 Αιιρυιῐ)
1113 637 1311 667 SIGNATUM
1330 625 1389 677 (1)

592 697 639 731 De
662 696 716 730 his
731 695 834 730 etiam
853 696 945 730 Sent.
965 703 1019 736 111,
1037 694 1118 728 dist.
1129 694 1161 734 ὅ,
1182 698 1297 733 quaest.
1315 701 1364 733 lv,
1380 698 1445 727 art.
1464 692 1497 726 2.

154 751 224 797 Ad
248 755 430 797 sextum
450 750 520 795 510
538 750 820 807 proceditur.
843 752 887 794 1.
906 747 1095 794 Videtur
1113 746 1238 804 quod
1258 759 1431 803 corpus
1454 745 1619 791 Christi
1648 747 1790 792 fuerit
1817 760 1990 793 secun-

101 813 214 859 dum
226 812 399 870 aliquid
418 812 653 869 signatum
673 812 722 856 in
740 812 885 857 Adam
906 815 953 856 et
973 811 1023 855 in
1046 809 1150 855 aliis
1170 809 1396 866 patribus.
1415 809 1530 853 Dicit
1555 809 1680 854 enim
1703 811 1990 866 Augustinus

102 876 265 932 (Super
285 876 448 920 Genes.
469 874 530 919 ad
552 874 639 919 litt.
662 873 744 919 lib.
769 888 814 931 x,
837 885 939 930 cap.
962 875 1017 917 19
1037 876 1083 916 et
1103 874 1190 928 20),
1206 871 1332 928 quod
1350 883 1457 915 caro
1481 871 1644 916 Christi
1666 871 1756 916 fuit
1779 871 1827 915 in
1845 872 1989 916 Adam

101 941 149 981 et
162 936 390 982 Abraham
404 936 664 982 secundum
679 935 999 993 corpulentam
1014 933 1321 978 substantiam
1334 935 1411 987 (2).
1434 933 1522 978 Sed
1537 932 1799 978 substantia
1819 945 1989 989 corpu-

102 997 228 1043 lenta
251 1003 322 1043 est
336 1050 341 1057 ¹
355 998 577 1055 quiddam
596 999 850 1054 signatum.
872 999 993 1052 Ergo
1014 1008 1123 1040 caro
1149 994 1311 1039 Christi
1333 994 1422 1038 fuit
1449 994 1498 1038 in
1521 995 1665 1040 Adam
1686 1000 1735 1040 et
1760 995 1991 1040 Abraham

101 1064 149 1104 et
168 1059 270 1104 aliis
286 1059 497 1117 patribus
519 1060 779 1105 secundum
798 1057 974 1116 aliquid
992 1058 1248 1114 signatum.

161 1122 204 1166 2.
230 1122 458 1166 Praeterea
480 1124 627 1175 (Rom.
646 1135 677 1177 1,
705 1123 764 1176 3),
784 1119 953 1165 dicitur
972 1118 1099 1176 quod
1124 1119 1336 1162 Christus
1359 1120 1509 1172 factus
1530 1121 1596 1162 est
1616 1132 1676 1163 ex
1701 1123 1868 1163 semine
1890 1124 1991 1161 Da-

102 1182 182 1225 vid
201 1184 447 1228 secundam
464 1195 664 1227 carnem.
681 1182 769 1227 Sed
788 1193 949 1226 semen
965 1179 1109 1225 David
1123 1179 1210 1224 fuit
1223 1178 1398 1235 aliquid
1414 1178 1655 1235 signatum
1671 1179 1852 1237 inipso.
1871 1183 1991 1236 Ergo

102 1243 310 1289 Christus
341 1244 430 1290 fuit
458 1244 507 1289 in
539 1243 682 1289 David
713 1243 973 1289 secundum
995 1241 1170 1299 aliquid
1195 1240 1450 1298 signatum,
1473 1245 1520 1286 et
1543 1241 1707 1287 eadem
1728 1242 1905 1286 ratione
1941 1242 1991 1286 in

102 1304 206 1349 aliis
226 1305 452 1361 patribus,

157 1369 200 1412 3.
230 1369 472 1425 Praeterea,
492 1367 700 1413 Christus
721 1367 781 1412 ad
798 1368 1055 1412 humanum
1075 1378 1227 1422 genus
1249 1365 1520 1410 affinitatem
1544 1365 1698 1421 habet,
1714 1366 1991 1422 inquantum

102 1441 158 1474 ex
181 1430 387 1488 humano
407 1443 580 1485 genere
603 1441 793 1474 carnem
815 1427 1072 1486 assumpsit
1094 1430 1166 1483 (3).
1194 1428 1282 1473 Sed
1303 1429 1344 1472 si
1365 1440 1474 1471 earo
1495 1427 1574 1472 illa
1597 1439 1692 1471 non
1713 1427 1802 1472 fuit
1822 1440 1991 1473 secun-

103 1489 215 1535 dum
237 1491 409 1548 aliquid
430 1492 668 1548 signatum
686 1491 735 1535 in
758 1490 921 1547 Adam,
947 1489 1125 1534 nullam
1143 1489 1328 1533 videtur
1346 1488 1517 1533 habere
1536 1489 1810 1534 affinitatem
1830 1489 1890 1534 ad
1910 1491 1992 1535 hu-

102 1563 296 1598 manum
324 1565 493 1611 genus,
516 1554 647 1611 quod·
675 1566 735 1599 ex
763 1553 907 1598 Adam
933 1551 1184 1605 derivatur,
1216 1551 1299 1595 sed
1328 1551 1479 1607 magis
1510 1552 1571 1596 ad
1598 1551 1713 1596 alias
1741 1564 1832 1610 res,
1864 1552 1992 1599 unde

104 1615 296 1660 materia
317 1616 472 1660 carnis
490 1616 593 1673 eJus
611 1620 853 1672 assumpta
875 1620 960 1659 est.
983 1613 1172 1658 Videtur
1186 1624 1298 1669 ergo
1317 1612 1443 1669 quod
1462 1625 1569 1657 caro
1589 1613 1752 1657 Christi
1778 1613 1918 1658 fuerit
1942 1614 1991 1659 in

104 1677 247 1721 Adam
265 1678 378 1722 etin
402 1678 504 1722 aliis
520 1678 731 1735 patribus
751 1677 1011 1722 secundum
1031 1675 1206 1732 aliquid
1226 1676 1477 1731 signatum.

162 1738 248 1783 Sed
281 1744 439 1783 contra
472 1746 544 1785 est
575 1741 701 1797 quod
715 1739 1004 1797 Augustinus
1026 1739 1138 1784 dicit
1157 1740 1318 1795 (Super
1334 1740 1495 1782 GeneS.
1521 1737 1580 1781 ad
1598 1737 1685 1782 litt.
1710 1738 1790 1782 lib.
1814 1751 1867 1793 ις
1897 1739 1992 1783 col·

104 1799 263 1856 ligitur
280 1813 339 1846 ex
360 1814 462 1858 cap.
491 1804 547 1846 19
568 1806 616 1846 et
635 1803 706 1857 20)
735 1804 795 1856 (4)
815 1816 829 1845 t
851 1804 1153 1857 Quocumque
1175 1800 1314 1845 modo
1337 1800 1543 1844 Christus
1573 1798 1662 1843 fuit
1693 1800 1742 1843 in
1773 1798 1918 1844 Adam
1947 1805 1993 1846 et

104 1862 334 1907 Abraham
353 1867 398 1908 et
423 1863 525 1908 aliis
546 1864 773 1920 patribus,
806 1863 885 1908 alii
913 1863 1127 1907 homines
1157 1863 1296 1906 etiam
1320 1861 1383 1905 ibi
1411 1861 1618 1912 fuerunt,
1650 1861 1733 1905 sed
1759 1874 1855 1905 non
1877 1874 1993 1906 con·

105 1924 314 1969 vertitur.
334 1924 419 1970 Alii
439 1929 595 1969 autem
616 1925 829 1970 homines
852 1937 946 1969 non
971 1926 1160 1969 fuerunt
1178 1924 1227 1967 in
1248 1923 1390 1968 Adam
1421 1928 1467 1968 et
1484 1923 1713 1967 Abraham
1733 1923 1993 1968 secundum

106 1985 310 2043 aliquam
328 1987 570 2031 materiam
589 1987 839 2044 signatam,
854 1987 938 2032 sed
962 1987 1114 2031 solum
1132 1985 1391 2030 secundum
1420 1985 1663 2043 originem,
1685 1989 1739 2029 ut
1765 1985 1815 2029 in
1844 1986 1993 2042 prima

26 2098 28 2100 ,
105 2053 236 2104 parte
254 2048 464 2093 habitum
491 2053 562 2094 est
581 2051 762 2106 (quaest.
788 2054 836 2094 et
856 2053 943 2094 art.
971 2049 1055 2093 ult.
1084 2048 1145 2092 ad
1168 2049 1232 2103 4).
1262 2051 1382 2103 Ergo
1415 2059 1569 2103 neque
1591 2047 1799 2093 Christus
1830 2048 1918 2092 fuit
1943 2048 1990 2092 in

105 2111 249 2157 Adam
279 2115 325 2156 et
345 2110 574 2155 Abraham
596 2111 858 2156 secundum
879 2111 1051 2168 aliquid
1079 2110 1333 2167 signatum,
1357 2114 1403 2154 et
1434 2110 1597 2154 eadem
1619 2109 1798 2155 ratione
1827 2123 1914 2155 nec
1943 2110 1992 2154 in

106 2173 210 2218 aliis
227 2172 454 2229 patribus.

153 2240 441 2281 CONCLUSIO.
462 2261 509 2269 -
529 2240 633 2281 Gum
653 2239 807 2281 Christi
820 2252 968 2291 corpus
988 2240 1224 2280 relationem
1243 2239 1295 2278 ad
1313 2238 1446 2279 Adam
1463 2243 1503 2279 et
1518 2243 1680 2279 caeteros
1693 2242 1827 2290 patres
1842 2238 1993 2280 habue-

107 2300 181 2344 nt,
196 2293 401 2335 mediante
418 2295 563 2334 matris
591 2306 675 2334 suae
692 2306 869 2346 corpore,
890 2306 972 2334 non
995 2295 1076 2334 tuit
1097 2295 1141 2334 in
1171 2293 1257 2334 illis
1279 2293 1507 2334 secundum
1537 2293 1698 2346 aliquid
1722 2295 1934 2345 signatum
1952 2297 1993 2335 et

109 2348 437 2399 determinatum,
459 2347 529 2389 sed
546 2349 772 2389 secundum
790 2349 1005 2400 originem,
1021 2352 1128 2389 sicut
1145 2351 1184 2389 et
1205 2348 1382 2388 aliorum
1405 2348 1627 2389 hominum
1648 2360 1832 2401 corpora.

160 2412 433 2470 Respondeo
451 2411 700 2457 dicendum
731 2411 873 2469 qued,
899 2412 1020 2456 sicut
1038 2424 1181 2468 supra
1212 2412 1389 2456 dictum
1410 2416 1483 2456 est
1506 2413 1609 2465 (art.
1640 2413 1815 2468 praec),
1846 2416 1991 2457 mate-

107 2473 177 2518 ria
191 2473 397 2532 corporis
410 2473 576 2517 Christi
602 2485 698 2517 non
714 2473 803 2518 fuit
824 2485 933 2518 caro
955 2478 1002 2518 et
1017 2485 1071 2518 os
1091 2475 1141 2517 Β.
1164 2472 1379 2531 Virginis,
1405 2485 1492 2518 nec
1509 2472 1686 2530 aliquid
1711 2472 1837 2529 quod
1854 2472 1993 2519 fuerit

107 2539 216 2581 actu
235 2548 345 2593 pars
371 2534 577 2592 corporis
595 2535 714 2592 eJ‘us,
736 2535 821 2581 sed
841 2535 1052 2592 sanguis,
1088 2534 1168 2592 qui
1197 2538 1269 2579 est
1300 2534 1349 2578 in
1375 2535 1582 2591 potentia
1603 2547 1728 2579 caro.
1760 2534 1993 2591 Quidquid

108 2601 263 2642 autem
281 2597 369 2642 fuit
387 2597 435 2641 in
452 2599 502 2641 B.
522 2596 708 2653 Virgine
730 2597 757 2641 ὲ
776 2597 1047 2654 parentibus
1067 2605 1327 2653 acceptum,
1346 2595 1434 2640 fuit
1461 2600 1569 2640 actu
1587 2608 1696 2653 pars
1712 2597 1920 2653 corporis
1939 2599 1988 2641 Β.

109 2658 318 2716 Virginis.
341 2657 469 2703 Unde
496 2657 612 2704 illud
640 2658 766 2715 quod
787 2659 876 2703 fuit
903 2659 951 2702 in
982 2660 1030 2702 Β.
1047 2658 1231 2713 Virgine
1250 2657 1278 2700 a
1309 2657 1582 2713 parentibus
1613 2662 1870 2713 acceptum,
1896 2670 1994 2704 non

108 2719 196 2764 fuit
207 2720 400 2765 materia
416 2719 623 2777 corporis
642 2719 822 2765 Christi.
837 2722 891 2764 Et
908 2719 1013 2765 ideo
1028 2719 1279 2765 dicendum
1293 2725 1364 2763 est
1381 2718 1506 2775 quod
1523 2731 1694 2775 corpus
1715 2718 1877 2763 Christi
1896 2731 1993 2764 non

109 2779 197 2825 fuit
216 2779 265 2824 111
296 2781 441 2826 Adam
461 2785 508 2826 et
541 2780 645 2825 aliis
678 2780 890 2837 patribus
924 2781 1183 2826 secundum
1221 2779 1398 2836 aliquid
1431 2779 1683 2835 signatum,
1722 2779 1786 2823 ita
1816 2779 1992 2826 scilicet

110 2839 236 2896 quod
253 2840 408 2897 aliqua
430 2854 539 2897 pars
560 2843 765 2899 corporis
783 2843 892 2888 Adae
905 2843 980 2887 vel
999 2842 1196 2898 aliquus
1218 2841 1408 2885 alterius
1426 2846 1583 2898 posset·
1596 2841 1828 2896 designari
1841 2842 1988 2888 deter-

110 2901 299 2960 minate,
318 2907 371 2946 ut
391 2902 621 2948 diceretur
641 2904 765 2961 quod
790 2917 848 2949 ex
867 2906 954 2949 hac
977 2904 1171 2949 materia
1197 2903 1500 2948 determinate
1527 2903 1801 2947 formabitur
1822 2915 1991 2961 corpus

111 2963 304 3020 Christi,
328 2963 413 3008 sed
434 2963 521 3008 fuit
542 2963 606 3008 ibi
627 2966 885 3011 secundum
906 2965 1150 3022 originem,
1172 2965 1290 3010 sicut
1319 2968 1365 3009 et
1382 2976 1489 3008 caro
1514 2964 1709 3008 aliorum
1730 2964 1989 3012 hominum.

112 3027 284 3082 Corpus
305 3025 428 3069 enim
454 3023 617 3069 Christi
635 3025 774 3070 habet
800 3026 1073 3072 relationem
1097 3027 1156 3071 ad
1178 3026 1323 3071 Adam
1355 3030 1403 3070 et
1424 3025 1540 3070 alios
1567 3031 1723 3082 patres
1758 3026 1990 3073 mediante

111 3099 303 3143 corpore
321 3087 481 3131 matris
506 3085 623 3143 ers.
650 3088 778 3132 Unde
796 3088 925 3133 nullo
943 3089 1034 3134 alio
1062 3088 1200 3133 modo
1222 3087 1310 3131 fuit
1327 3087 1376 3130 in
1396 3087 1606 3143 patribus
1634 3100 1804 3145 corpus
1827 3089 1990 3133 Christi

110 3147 251 3204 quam
271 3160 440 3203 corpus
462 3148 624 3192 matris
647 3148 765 3204 eJus,
792 3150 918 3204 quod
940 3162 1031 3194 non
1056 3149 1142 3193 fuit
1164 3149 1211 3192 in
1242 3147 1451 3205 patribus
1474 3148 1729 3193 secundum
1748 3149 1989 3194 materiam

94 3273 96 3275 '
151 3271 195 3312 (l)
218 3270 256 3303 Id
275 3275 335 3310 est,
355 3270 538 3304 secuudum
560 3271 706 3311 aliquam
721 3270 912 3305 substantiae
934 3283 1008 3311 par-
1131 3271 1439 3313 <2)Ve1secundt1m
1461 3271 1679 3307 substantiam
1704 3273 1925 3314 corporalem.

113 3316 247 3351 ticulum
270 3328 342 3356 quae
363 3317 414 3351 vel
432 3316 468 3350 in
490 3317 621 3356 Adami,
641 3317 692 3353 vel
711 3317 747 3350 in
765 3316 905 3357 alicujus
927 3317 1006 3352 alte-
1133 3320 1176 3361 (5)
1192 3319 1278 3354 Hinc
1292 3331 1360 3354 non
1379 3319 1512 3354 dubitat
1523 3332 1584 3355 nos
1594 3332 1712 3355 vocare
1730 3321 1852 3355 fratres
1870 3320 1988 3361 (noim.
2041 3326 2043 3329 ’

114 3364 184 3398 rius
194 3363 386 3404 corporeim
402 3363 564 3404 designari
576 3369 684 3406 posset
695 3365 910 3398 utdicereiur
920 3365 1008 3405 quod
1091 3375 1130 3407 11,
1152 3366 1218 3407 42).

113 3422 148 3443 ex
174 3411 235 3446 hac
251 3411 395 3446 materia
432 3412 652 3446 determinata
681 3412 897 3446 forniandum
923 3418 1008 3447 esset
1133 3414 1177 3456 (4)
1193 3414 1448 3456 AEquivalenter
1474 3415 1582 3457 quoad
1599 3427 1745 3456 sensum,
1774 3414 1832 3449 sed
1853 3426 1921 3448 non
1939 3426 1989 3449 ex-

116 3470 230 3499 00111115
249 3459 384 3494 Christi.
1092 3462 1201 3503 presse
1220 3462 1328 3503 quoad
1348 3462 1460 3497 verba.
