2170 3808
790 318 989 370 QUAEST.
1020 319 1053 371 Ι,
1077 319 1195 362 ART.
1225 319 1292 361 ΠΙ.
1959 311 1986 360 7

155 405 198 447 5.
229 401 464 456 Praeteiea,
488 399 822 444 incarnationis
856 399 1133 457 mysterium
1155 404 1227 443 est
1251 398 1400 455 primo
1421 397 1597 442 homini
1634 395 1905 451 revelatum,
1934 399 1986 440 ut

103 468 229 521 patet
249 475 330 520 per
347 465 435 508 hoc
457 462 583 519 quod
600 461 716 507 dixit
733 462 912 517 (Genes.
946 474 992 518 11,
1015 463 1085 515 ΞΒ)
1107 473 1122 503 =
1145 464 1239 503 Hoc
1254 473 1371 504 nunc
1389 474 1436 503 os
1458 473 1516 503 ex
1534 459 1704 502 ossibus
1726 460 1854 514 meis,
1877 461 1983 515 etc.,

102 526 228 582 quod
248 524 495 582 Apostolus
516 523 626 569 dicit
647 536 750 569 esse
769 536 985 579 maynum
998 525 1337 566 sacramentum
1358 524 1405 564 in
1430 522 1618 564 Christo
1637 524 1680 564 et
1699 523 1747 563 in
1762 520 1983 575 Ecclesia,

101 590 154 631 ut
166 590 293 644 patet
317 586 496 641 (Ephes.
517 599 559 638 v,
578 585 667 639 22).
691 584 777 630 Sed
792 584 932 628 homo
952 595 1045 627 non
1067 582 1215 640 potuit
1230 594 1332 626 esse
1347 582 1568 638 praescius
1579 581 1651 625 sni
1671 583 1809 626 casus
1824 580 1986 625 eaden:

101 648 281 694 ratione
293 649 386 704 qua
406 659 492 691 nec
507 647 721 703 angelus,
737 651 790 691 ut
799 645 1087 702 Augustinus
1100 644 1263 701 probat
1284 647 1446 700 (Super
1468 645 1628 687 Genes.
1647 643 1707 688 ad
1724 643 1811 687 litt.
1832 642 1913 687 lib.
1926 656 1984 700 x1,

103 721 204 766 cap.
224 711 312 762 18).
337 711 455 763 Ergo
475 707 654 752 etiamsi
677 709 814 752 homo
835 719 930 751 non
952 712 1208 763 peccasset,
1232 708 1353 750 Deus
1374 705 1646 749 incarnatus
1667 704 1846 749 fuisset.

157 771 244 815 Sed
266 775 424 813 contra
457 777 527 814 est
551 769 676 826 quod
703 768 991 826 Augustinus
1028 768 1139 813 dicit
1159 768 1219 821 (in
1240 766 1320 811 lib.
1356 769 1416 810 De
1434 765 1590 809 verbis
1607 765 1819 821 Domini),
1844 777 1987 822 expo-

105 831 349 876 nensillud
372 831 494 886 quod
514 831 710 875 habetur
722 832 845 886 (Luc.
862 831 966 884 x1x):
988 832 1119 873 Venit
1142 830 1286 872 Filius
1306 829 1502 871 hominis
1519 839 1732 883 quaerere,
1754 831 1799 870 et
1812 827 1988 870 salvum

101 894 251 946 facere
273 893 391 947 quod
418 896 623 948 perierat
644 895 800 947 (serm.
832 895 903 947 36,
928 904 1029 948 cap.
1054 891 1158 945 ult.,
1190 890 1274 935 sed
1297 890 1563 946 expressius
1590 889 1639 931 in
1664 889 1758 955 lib..
1774 891 1835 932 De
1856 888 1986 937 verb.

103 957 258 1011 Apost.
282 967 418 998 serm.
441 957 483 1010 8,
502 967 602 1011 cap.
627 957 672 1011 2,
692 954 814 999 circa
835 954 1030 1010 princ.):
1053 955 1205 1008 «Ergo
1230 952 1269 996 si
1291 953 1428 996 homo
1451 964 1544 995 non
1570 954 1823 1008 peccasset,
1849 949 1988 995 Filius

104 1016 302 1061 hominis
323 1029 417 1060 non
434 1016 652 1061 venisset.
679 1037 698 1056 »
733 1019 786 1062 Et
804 1019 838 1060 Ι.
853 1015 1043 1059 Timoth.
1062 1029 1092 1070 1,
1114 1026 1256 1071 super
1273 1013 1387 1058 illud
1410 1029 1421 1057 τ
1444 1014 1652 1057 Christus
1669 1015 1853 1056 venitin
1870 1013 1990 1056 hunc

103 1079 336 1135 mundum,
358 1083 405 1121 zet
420 1083 675 1135 peccatores
697 1078 848 1122 salvos
865 1079 1056 1132 faceret,
1077 1076 1187 1120 dicit
1212 1075 1371 1119 Glossa
1391 1075 1509 1131 (ord.
1535 1078 1649 1130 Aug.
1671 1074 1749 1118 lib.
1777 1076 1839 1117 De
1859 1073 1986 1118 verb.

103 1142 257 1195 Apost.
283 1152 423 1184 serm.
446 1143 487 1196 9,
514 1140 622 1184 circ.
646 1141 814 1196 princ.)
835 1154 845 1183 :
872 1156 892 1176 α
909 1138 1041 1182 Nulla
1063 1149 1205 1181 causa
1226 1136 1439 1181 veniendi
1463 1136 1550 1180 fuit
1575 1136 1753 1179 Christo
1777 1134 1987 1191 Domino,

105 1201 192 1244 nisi
211 1207 471 1256 peccatores
494 1202 650 1246 salvos
664 1201 833 1246 facere.
849 1200 971 1244 Tolle
985 1200 1191 1257 morbos,
1219 1199 1327 1243 tolle
1352 1199 1562 1254 vulnera,
1585 1202 1632 1243 et
1653 1197 1782 1241 nulla
1799 1201 1871 1241 est
1888 1209 1989 1242 me-

104 1263 268 1307 dicinae
282 1275 439 1307 causa.
463 1282 483 1302 ι»

149 1337 437 1378 CONCLUSIO.
460 1359 509 1366 -
533 1338 780 1388 Quanquam
809 1337 914 1377 Deus
937 1339 1097 1388 peccato
1126 1347 1209 1375 non
1229 1335 1424 1376 existente
1443 1333 1620 1386 potuerit
1643 1334 1850 1373 incarnari
1865 1347 1876 1382 ;
1893 1344 1988 1373 con—

103 1393 334 1433 venientius
353 1397 489 1432 tamen
507 1392 671 1441 dicitur,
691 1392 801 1443 quod
817 1393 853 1432 si
874 1393 996 1432 homo
1015 1404 1098 1432 non
1121 1394 1332 1443 peccasset,
1353 1392 1459 1431 Deus
1480 1390 1718 1430 incarnatus
1734 1401 1814 1428 non
1833 1389 1988 1439 fuisset,

102 1449 196 1487 cum
214 1448 260 1487 in
278 1459 388 1488 sacra
413 1447 620 1499 Scriptura
639 1447 790 1499 ubique
814 1448 1111 1487 incarnationis
1140 1447 1244 1486 ratio
1269 1458 1316 1486 ex
1339 1447 1498 1497 peccato
1525 1445 1649 1496 primi
1678 1444 1858 1486 hominis
1884 1444 1989 1484 assi-

102 1507 264 1551 gnetur.

158 1571 427 1627 Respondeo
457 1571 704 1616 dicendum
749 1572 871 1628 quod
911 1571 1051 1628 aliqui
1088 1571 1211 1615 circa
1246 1571 1335 1614 hoc
1371 1568 1680 1614 diversimode
1722 1569 1988 1625 opinantur.

104 1634 298 1687 Quidam
318 1634 444 1678 enim
478 1634 635 1678 dicunt
665 1634 788 1690 qued
810 1634 990 1678 etiamsi
1014 1634 1151 1678 homo
1174 1645 1268 1677 non
1296 1636 1551 1689 peccasset,
1575 1632 1651 1677 Dei
1678 1631 1818 1675 Filius
1841 1631 1991 1676 incar-

104 1702 242 1739 natus
260 1694 423 1740 fuisset
439 1697 513 1750 (i).
537 1695 620 1739 Alii
642 1695 755 1740 vero
773 1697 1059 1740 contrarium
1079 1699 1326 1740 asserunt:
1346 1693 1547 1750 Quorum
1570 1694 1814 1738 assertioni
1840 1694 1990 1750 magis

105 1757 448 1801 assentiendum
469 1757 650 1801 videtur
669 1759 744 1812 (2).
761 1760 888 1801 —Ea
903 1757 1026 1801 enim
1043 1770 1148 1814 quae
1166 1769 1225 1801 ex
1241 1756 1339 1800 sola
1358 1755 1434 1799 Dei
1459 1755 1698 1799 voluntate
1711 1755 1991 1812 proveniunt

106 1829 245 1873 supra
271 1831 409 1862 omne
439 1819 647 1863 debitum
669 1823 909 1875 creaturae,
933 1819 1069 1863 nobis
1100 1820 1387 1863 innotescere
1411 1830 1505 1861 non
1523 1823 1737 1874 possunt,
1757 1817 1847 1862 nisi
1877 1830 1991 1875 qua-

32 1911 41 1914 »
109 1880 242 1923 tenus
261 1879 307 1922 in
330 1891 461 1922 sacra
485 1879 716 1936 Scriptura
738 1881 997 1937 traduntur,
1017 1893 1099 1936 per
1118 1892 1259 1936 quam
1279 1879 1434 1924 divina
1455 1879 1672 1923 voluntas
1695 1878 1830 1922 nobis
1854 1878 1989 1924 inno-

109 1940 255 1984 tescit.
280 1939 406 1984 Unde
426 1943 532 1983 cum
551 1941 596 1983 in
624 1952 754 1984 sacra
775 1940 1007 1996 Scriptura
1039 1941 1209 1996 ubique
1230 1939 1560 1983 incarnationis
1579 1940 1694 1982 ratio
1723 1951 1781 1983 ex
1803 1945 1990 1996 peccato

106 2001 242 2058 primi
260 2001 463 2045 hominis
486 2002 763 2058 assignetur,
795 2003 1148 2047 convenientius
1171 2002 1339 2046 dicitur
1360 2002 1690 2045 incarnationis
1714 2014 1833 2058 opus
1867 2002 1990 2047 ordi-

106 2067 266 2107 natum
291 2075 394 2107 esse
425 2062 452 2105 a
484 2066 575 2107 Deo
594 2064 641 2106 in
675 2064 931 2108 remedium
958 2069 1117 2108 contra
1147 2068 1411 2120 peccatum3
1438 2062 1499 2106 ita
1528 2063 1650 2119 qued
1675 2067 1864 2121 peccato
1896 2077 1991 2110 non

107 2124 346 2180 existente,
367 2123 624 2169 incarnatio
645 2137 739 2168 non
758 2125 932 2170 fuisset.
954 2126 1173 2178 Quamvis
1194 2125 1399 2182 potentia
1422 2126 1499 2170 Dei
1521 2125 1575 2169 ad
1594 2126 1681 2169 hoc
1705 2138 1797 2170 non
1818 2126 1989 2172 limite-

106 2183 202 2243 tur3
222 2186 447 2243 potuisset
468 2186 593 2230 enim
612 2187 750 2230 etiam
768 2192 957 2243 peccato
981 2199 1073 2231 non
1090 2188 1327 2245 existente,
1352 2189 1471 2231 Deus
1488 2187 1734 2231 incarnari.

158 2248 225 2293 Ad
244 2251 440 2304 primum
468 2260 578 2304 ergo
594 2249 857 2304 dicendum,
879 2249 1003 2305 quod
1019 2261 1182 2293 omnes
1196 2249 1297 2293 aliae
1315 2262 1469 2294 causae
1484 2261 1589 2305 quae
1607 2254 1717 2294 sunt
1741 2249 1990 2307 assignatae

107 2313 208 2366 (art.
232 2313 406 2367 praec.),
426 2310 658 2367 pertinent
681 2311 737 2355 ad
755 2311 1011 2355 remedium
1028 2311 1219 2368 peccati.
1249 2311 1431 2355 sienim
1451 2311 1588 2355 homo
1608 2324 1699 2355 non
1731 2318 1986 2371 peccasset,

106 2371 320 2428 perfusus
341 2372 504 2417 suisset
521 2372 697 2418 lumine
718 2373 887 2417 divinae
910 2374 1166 2430 sapientiae,
1190 2377 1234 2418 et
1251 2373 1442 2430 Justitiae
1462 2374 1739 2418 rectitudine
1757 2376 1990 2431 perfectus

107 2433 134 2477 a
154 2432 244 2478 Deo
257 2434 315 2479 ad
331 2434 486 2478 omnia
510 2435 770 2478 necessaria
790 2437 1116 2491 cognoscenda
1136 2441 1181 2480 et
1200 2435 1398 2492 agenda.
1412 2436 1500 2481 Sed
1517 2436 1626 2493 quia
1644 2436 1783 2480 homo
1806 2436 1988 2483 deserte

106 2496 194 2538 Deo
215 2494 447 2550 collapsus
463 2500 561 2539 erat
577 2495 636 2539 ad
658 2497 930 2552 corporaIIa‚
952 2497 1238 2542 conveniens
1259 2497 1345 2541 fuit
1363 2501 1415 2542 ut
1437 2501 1558 2542 Deus
1584 2510 1723 2542 carne
1750 2500 1990 2555 assumpta

106 2556 243 2601 etiam
277 2569 359 2613 per
391 2557 644 2613 corporalia
680 2557 723 2603 ei
758 2559 922 2604 salutis
952 2561 1209 2605 remedium
1232 2559 1483 2605 exhiberet.
1507 2560 1635 2605 Unde
1666 2560 1774 2605 dicit
1809 2564 1991 2618 Augus·

106 2616 232 2663 tinus
260 2619 414 2674 (super
446 2618 559 2662 illud
585 2621 715 2663 Joan.
740 2634 785 2664 1:
813 2621 1003 2664 Verbum
1028 2635 1135 2665 caro
1169 2624 1340 2676 sactum
1369 2626 1450 2678 est,
1485 2625 1619 2666 tract.
1645 2625 1687 2677 2,
1719 2622 1828 2666 circ.
1852 2622 1986 2677 fin.):

111 2697 130 2717 κ
149 2680 261 2724 Caro
280 2683 324 2724 te
347 2679 677 2737 obcaecaverat,
711 2695 819 2726 caro
845 2688 889 2728 te
913 2689 1049 2729 sanat
1070 2698 1081 2726 ε
1103 2684 1323 2742 quoniam
1352 2684 1420 2728 sic
1440 2684 1569 2728 venit
1602 2684 1824 2741 ChristuS,
1856 2690 1906 2729 ut
1932 2683 1990 2730 de

108 2751 261 2797 carne,
284 2741 437 2785 carnis
459 2741 568 2785 vitia
587 2742 892 2799 extingueret.
912 2764 932 2784 υ
1720 2749 1722 2751 ’

161 2801 227 2846 Ad
256 2803 495 2846 secundum
519 2804 784 2863 dicendum,
809 2808 933 2864 qued
958 2808 1003 2852 in
1029 2808 1131 2865 ipso
1153 2808 1292 2852 modo
1314 2808 1631 2864 productionis
1654 2821 1812 2853 rerum
1842 2821 1900 2853 ex
1919 2805 1988 2852 ni-

109 2861 200 2930 hilo
220 2862 375 2907 divina
395 2863 543 2909 virtus
561 2866 741 2910 infinita
758 2869 1041 2913 ostenditur:
1064 2870 1123 2914 ad
1141 2869 1468 2926 perfectionem
1481 2869 1620 2913 etiam
1639 2870 1844 2914 universi
1865 2871 1989 2918 suffl-

111 2925 172 2965 c1t
189 2922 312 2978 quod
330 2925 528 2968 naturali
547 2927 684 2971 modo
702 2933 911 2973 creatura
931 2930 1171 2974 ordinetur
1193 2930 1240 2973 in
1263 2933 1407 2974 Deum
1431 2929 1548 2974 sicut
1569 2930 1617 2973 in
1642 2931 1780 2974 tinem
1803 2932 1879 2986 (3).
1897 2935 1990 2979 Hoc

110 2987 264 3027 autem
280 2984 458 3029 excedit
471 2985 637 3032 limites
660 2989 954 3045 perfectionis
976 2996 1171 3049 naturae,
1193 2996 1245 3035 ut
1266 2996 1479 3035 creatura
1501 2991 1689 3035 uniatur
1710 2995 1801 3037 Deo
1819 2992 1867 3037 in
1884 3007 1988 3052 per-

108 3056 237 3089 sona.

162 3105 227 3151 Ad
246 3108 424 3150 tertium
446 3107 708 3166 dicendum,
729 3112 852 3167 qued
875 3113 1047 3171 duplex
1074 3113 1307 3170 capacitas
1330 3114 1504 3159 attendi
1528 3120 1678 3172 potest
1706 3115 1754 3160 in
1785 3116 1989 3163 humana

107 3171 306 3212 natura:
334 3181 430 3212 una
453 3169 640 3225 quidem
662 3174 918 3219 secundum
953 3176 1161 3220 ordinem
1194 3176 1410 3232 potentiae
1438 3178 1680 3234 naturalis,
1711 3191 1816 3234 quae
1838 3180 1866 3223 ὸ.
1897 3183 1988 3224 Deo

107 3241 288 3285 semper
310 3229 540 3286 impletur,
565 3232 644 3288 qui
667 3231 747 3277 dat
781 3236 1034 3294 unicuique
1057 3238 1121 3282 rei
1145 3239 1403 3283 secundum
1431 3251 1564 3283 suam
1588 3240 1890 3296 capacitatem
1911 3253 1987 3286 na-

140 3350 190 3405 ·(·4)
215 3350 266 3384 Ita
281 3351 431 3385 sentiunt
443 3352 604 3394 Scotistae,
629 3354 769 3395 Suarez,
785 3355 949 3391 Isambert
971 3362 1004 3393 et
1088 3360 1168 3394 dist.
1184 3361 1198 3395 l
1212 3388 1221 3402 ,
1238 3367 1355 3402 quaest.
1370 3371 1393 3402 1.
1411 3367 1476 3397 art.
1491 3364 1537 3404 5),
1558 3362 1616 3397 sed
1632 3338 1799 3405 ultimam,
1821 3375 1858 3398 re
1877 3365 1988 3399 matu-

105 3394 165 3431 flln
184 3396 343 3453 theologi,
374 3401 524 3445 quamvis
549 3412 616 3435 non
644 3401 762 3437 eodem
788 3403 887 3438 modo
916 3405 1002 3440 hane
1086 3408 1158 3442 rius
1185 3414 1335 3450 expensa,
1366 3416 1403 3445 ut
1431 3410 1697 3452 probabiliorem
1726 3412 1855 3452 hahuit,
1875 3415 1907 3445 et
1938 3411 1987 3446 ita

121 3447 305 3480 ontentiam
319 3450 494 3486 exponant.
1084 3456 1234 3491 sentiunt
1253 3458 1418 3492 thomistae
1433 3463 1467 3493 et
1488 3458 1644 3499 plerique
1661 3459 1820 3499 theologi.

147 3491 191 3534 (2)
220 3493 324 3526 Antea
352 3495 387 3527 S.
420 3495 563 3530 Thomas
591 3502 769 3540 utramque
799 3501 1000 3536 sententiam
1127 3505 1170 3544 (5)
1206 3506 1303 3548 Quod
1336 3507 1475 3540 omnini>
1504 3507 1699 3540 adversatur
1728 3505 1986 3541 Mallebranchii

110 3545 264 3582 tanquam
280 3543 372 3583 aequ'e
394 3542 604 3583 probabilem
627 3549 784 3581 tenuerat
808 3548 914 3587 (Sent.
942 3557 999 3585 111.
1083 3553 1254 3593 systemati
1267 3559 1301 3588 et
1314 3553 1414 3593 hujus
1428 3553 1619 3595 philosophi
1634 3553 1840 3594 optumismo.
