2170 3808
708 198 905 250 QUAEST.
935 199 1072 254 LVIII,
1096 199 1214 243 ART.
1243 198 1260 240 l
1288 198 1352 240 ET
1379 199 1430 240 ll.
1925 195 2007 239 487

130 274 419 341 potestatem,
443 292 583 338 quam
602 280 778 336 accepit
800 279 875 325 ille
898 280 1036 324 homo
1061 283 1306 336 susceptus
1331 280 1358 321 a
1388 282 1496 334 Deo,
1527 282 1579 322 ut
1602 277 1757 322 veniat
1774 275 2007 334 judicatu-

130 358 228 403 rus,
246 344 325 403 qui
347 345 475 402 prius
488 347 679 388 venerat
690 341 990 398 Judicandus.
1016 361 1038 382 ω

112 401 114 403 ’
183 406 250 452 Ad
285 409 484 463 primum
514 415 625 461 ergo
658 404 924 460 dicendum,
953 403 1094 462 quod,
1118 403 1239 448 sicut
1272 406 1583 448 Damascenus
1615 400 1726 447 dicit
1746 400 1887 456 (Orth.
1925 396 2006 445 fid.

132 469 208 514 lib.
236 481 295 525 xv,
313 480 415 525 cap.
434 469 494 523 2),
518 485 538 504 n
555 479 649 511 non
665 466 862 512 localem
877 467 1113 512 dexteram
1131 463 1275 510 Patris
1296 465 1521 520 dicimus3
1551 464 1749 521 qualiter
1776 463 1901 508 enim
1929 462 2010 520 qul

130 527 622 587 incircumscriptibilis
650 532 736 585 est,
768 528 963 574 localem
995 527 1264 585 adipiscitur
1296 526 1534 571 dexteram
1547 530 1567 570 i*
1600 529 1793 570 Dextera
1818 526 1943 570 enim
1963 527 2011 569 et

129 590 318 638 sinistra
333 602 494 636 eorum
516 602 621 648 quae
643 589 1098 646 circumscribuntur,
1120 594 1246 635 sunt.
1276 590 1517 633 Dexteram
1538 591 1695 632 autem
1725 587 1872 632 Patris
1895 585 2012 632 dici-

128 664 237 700 mus
264 652 458 710 gloriam
479 658 526 698 et
543 653 764 697 honorem
794 652 1062 698 divinitatis.
1087 670 1109 692 »
1898 666 1903 671 ·

182 713 250 761 Ad
267 715 509 759 secundum
533 713 798 772 dicendum,
812 714 937 773 quod
954 714 1071 759 ratio
1086 712 1164 759 illa
1181 712 1404 771 procedit,
1428 711 1688 758 secundum
1712 709 1837 768 quod
1853 709 2013 755 sedere
2082 719 2088 729 '

128 774 189 821 ad
215 774 452 821 dexteram
485 775 757 833 intelligitur
775 776 1086 834 corporaliter.
1122 774 1252 820 Unde
1273 773 1560 831 Augustinus
1598 771 1708 818 dicit
1737 771 1786 815 in
1809 770 2009 826 quodam

124 847 344 882 sermone
367 839 443 892 (De
470 837 642 897 symb.,
667 837 843 884 scilicet
866 837 947 883 lib.
970 851 1001 895 1,
1021 849 1121 895 cap.
1143 841 1186 894 4,
1206 840 1316 881 ante
1344 835 1486 890 med.)
1509 850 1520 880 :
1550 851 1570 873 «
1596 834 1639 878 Si
1669 831 1916 903 carnaliter
1934 843 2003 876 ac-

126 897 388 955 ceperimus
408 899 532 957 qudd
555 899 762 945 Christus
781 900 913 947 sedet
934 899 994 945 ad
1018 900 1257 945 dexteram
1281 899 1443 953 PatriS,
1465 896 1541 942 ille
1563 896 1649 941 erit
1674 894 1735 940 ad
1758 893 2009 939 simstram.

127 958 193 1064 135
216 964 387 1017 autem,
412 960 588 1007 scilicet
602 962 650 1006 in
669 967 842 1007 aeterna
857 961 1159 1018 beatitudine,
1181 960 1331 1005 omnis
1347 960 1538 1005 dextera
1556 962 1644 1016 est,
1667 956 1778 1014 quia
1795 954 1925 1000 nulia
1940 958 2011 1000 est

127 1032 143 1064 1
177 1033 191 1064 1
213 1033 415 1067 miseria.
437 1041 457 1061 n

183 1083 250 1128 Ad
267 1086 449 1128 tertium
471 1083 736 1140 dicendum,
754 1083 895 1141 quod,
925 1083 1048 1129 sicut
1064 1083 1308 1140 Gregorius
1330 1081 1441 1126 dicit
1458 1080 1522 1136 (in
1540 1081 1665 1125 hom.
1686 1083 1876 1124 Ascens.
1896 1080 2011 1123 29in

128 1143 301 1201 Evang.
323 1145 350 1189 ὲ
368 1146 525 1202 med.)‚
543 1146 703 1192 sedere
716 1144 971 1202 judicantis
990 1150 1077 1202 est,
1095 1149 1218 1188 stare
1235 1142 1346 1188 vero
1365 1141 1619 1199 pugnantis
1632 1141 1709 1186 vel
1730 1140 2007 1198 adevantis.

128 1204 387 1262 Stephanus
396 1219 508 1264 ergo
530 1207 577 1252 in
600 1207 759 1253 labore
779 1205 1046 1251 certaminis
1056 1205 1239 1263 positus
1253 1209 1451 1249 stantem
1461 1202 1590 1259 vidit,
1604 1214 1743 1260 quem
1755 1203 2008 1259 adjutorem

128 1262 304 1311 habuit.
338 1268 425 1313 Sed
449 1269 575 1312 hunc
607 1271 713 1325 post
743 1267 1063 1312 ascensionem
1101 1269 1277 1311 Marcus
1314 1266 1477 1323 sedere
1506 1263 1740 1320 describit,
1767 1263 1876 1320 quia
1907 1267 2013 1320 post

128 1327 414 1372 ascensionis
433 1340 531 1373 suae
547 1329 740 1385 gloriam
754 1328 900 1386 judex
918 1328 966 1373 in
991 1325 1086 1374 fine
1106 1328 1354 1373 videbitur.
1377 1347 1398 1368 »

153 1389 499 1434 ARTICULUS
527 1392 588 1435 Π.
611 1414 666 1422 -
685 1404 820 1434 urium
849 1403 1007 1435 sunnam
1034 1404 1087 1434 An
1116 1404 1330 1433 nssx'rssnm
1360 1402 1503 1434 mnus
1532 1400 1763 1433 convexum·
1794 1399 1981 1444 cumsw,

778 1465 993 1497 sncunnuu
1023 1446 1130 1503 Quoi)
1160 1467 1263 1498 nnus
1285 1455 1359 1506 (1).

170 1516 219 1552 De
236 1515 289 1552 his
304 1518 406 1554 etiam
424 1519 528 1555 Hebr.
549 1528 576 1562 1,
591 1519 669 1556 lect.
683 1521 717 1563 5,
736 1520 831 1556 coLl
850 1547 860 1562 ,
877 1524 911 1556 et
927 1520 1007 1556 lect.
1022 1521 1056 1563 6,
1078 1520 1187 1563 princ.
1212 1525 1246 1555 et
1262 1521 1302 1555 ad
1321 1521 1423 1556 Hebr.
1442 1519 1613 1560 V111,lect.
1633 1520 1668 1560 7,
1687 1519 1752 1554 col.
1773 1520 1788 1553 4
1808 1525 1842 1553 et
1856 1518 1923 1553 col.
1936 1520 1969 1553 Al.

180 1570 250 1617 Ad
272 1574 531 1618 secundum
550 1573 617 1619 sic
636 1575 915 1631 proceditur.
934 1579 976 1620 1.
997 1575 1183 1620 Videtur
1201 1575 1325 1632 qued
1347 1575 1508 1620 sedere
1531 1574 1591 1619 ad
1613 1574 1850 1619 dexteram
1869 1573 2011 1618 Patris

127 1643 218 1677 non
243 1635 490 1679 conveniat
503 1636 681 1681 Christo
699 1637 958 1682 secundum
973 1637 1097 1695 quod
1109 1641 1181 1682 est
1200 1640 1336 1682 Deus.
1357 1637 1565 1681 Christus
1586 1635 1728 1691 enim,
1753 1634 2010 1679 secundum

127 1693 252 1750 quod
269 1699 340 1740 est
361 1698 496 1753 DeUS,
521 1702 593 1743 est
617 1698 805 1743 dextera
827 1699 987 1743 Patris.
1010 1699 1097 1744 Sed
1115 1711 1211 1743 non
1234 1699 1418 1744 videtur
1432 1699 1556 1748 idem
1578 1708 1684 1742 esse
1713 1696 1903 1742 dextera
1924 1696 2011 1740 ali-
2056 1728 2059 1735 .

126 1755 280 1813 cujus,
301 1763 348 1802 et
367 1757 444 1804 ille
462 1758 542 1817 qui
564 1759 694 1805 sedet
716 1760 772 1806 ad
794 1760 1031 1806 dexteram
1051 1760 1170 1818 ers.
1205 1763 1324 1817 Ergo
1354 1761 1579 1815 Christus,
1605 1758 1864 1804 secundum
1886 1757 2011 1815 quod
2059 1802 2062 1809 ,

127 1821 200 1861 est
217 1818 353 1876 DeuS,
373 1831 467 1864 non
487 1821 622 1866 sedet
638 1821 697 1866 ad
715 1821 952 1868 dexteram
969 1823 1128 1868 Patris.

179 1881 224 1924 2.
247 1881 469 1927 Praeterea
504 1884 652 1938 (Marci
673 1884 757 1929 ult.
792 1887 880 1940 19),
905 1884 1015 1930 dicit
1043 1885 1168 1942 qued
1188 1888 1406 1928 Dominus
1436 1888 1564 1929 Jesus
1586 1885 1842 1940 assumptus
1878 1884 2011 1926 estin

126 1939 286 1984 coelum
300 1945 343 1985 et
364 1943 527 1987 sedet&
550 1945 724 1988 dextris
737 1948 836 1989 Dei.
858 1945 1067 1990 Christus
1086 1950 1242 1990 autem
1262 1958 1355 1990 non
1375 1950 1447 1991 est
1463 1948 1734 2001 assumptus
1752 1943 1801 1987 in
1820 1941 2008 2000 coelum,

126 2002 385 2108 (siccundissm
404 2004 529 2061 quod
547 2011 618 2050 est
630 2009 767 2051 Deus·
783 2009 902 2063 Ergo
919 2007 1058 2052 etiam
1079 2019 1231 2064 neque
1251 2008 1508 2052 secundum
1529 2006 1653 2063 quod
1669 2009 1804 2061 DeuS,
1833 2003 1963 2049 sedet
1983 2004 2011 2048 a

157 2063 300 2109 extris
347 2064 406 2109 ei.
449 2076 454 2081 ·

181 2127 224 2170 3.
248 2128 488 2183 Praeterea,
504 2127 728 2182 Christus,
749 2129 1007 2174 secundum
1027 2128 1152 2187 quod
1170 2132 1307 2185 Deus,
1323 2135 1397 2173 est
1417 2128 1610 2184 aequalis
1623 2127 1743 2171 Patri
1762 2131 1808 2171 et
1825 2125 2009 2183 Spiritui

126 2190 302 2231 sancto.
322 2190 442 2244 Ergo
464 2187 504 2234 si
529 2189 751 2248 Christus,
772 2191 1031 2237 secundum
1061 2190 1187 2248 quod
1208 2193 1342 2245 Deus,
1365 2189 1496 2235 sedet
1518 2189 1576 2234 ad
1592 2189 1830 2235 dexteram
1846 2188 2006 2247 Patris,

126 2247 226 2303 pari
255 2248 434 2294 ratione
454 2250 650 2306 Spiritus
678 2256 870 2297 sanctus
897 2252 1075 2298 sedebit
1098 2252 1158 2297 ad
1193 2251 1431 2296 dexteram
1454 2250 1600 2295 Patris
1623 2255 1670 2296 et
1693 2250 1807 2307 Filii,
1832 2254 1879 2294 et
1909 2250 2010 2308 ipse

126 2311 257 2354 Pater
277 2310 338 2355 ad
353 2311 588 2357 dexteram
603 2312 702 2358 Filii
723 2317 771 2358 et
784 2314 978 2371 Spiritus
997 2314 1163 2370 sancti,
1186 2314 1307 2370 quod
1327 2312 1562 2370 nusquam
1577 2312 1827 2357 invenitur.

182 2370 270 2416 Sed
294 2376 454 2416 contra
472 2378 544 2419 est
561 2374 687 2431 quod
704 2378 1016 2420 Damascenus
1040 2375 1151 2420 dicit
1170 2375 1373 2429 (orthod.
1393 2374 1473 2420 fid.
1493 2374 1575 2420 lib.
1597 2388 1658 2431 ιν,
1680 2387 1783 2432 cap.
1807 2376 1866 2430 2),
1884 2374 2010 2431 quod

128 2432 362 2478 dexteram
376 2434 521 2480 Patris
545 2452 566 2473 «ι
584 2435 782 2481 dicimus
804 2435 999 2493 gloriam
1018 2441 1063 2482 et
1083 2437 1305 2481 honorem
1325 2436 1599 2493 Divinitatis,
1624 2455 1645 2476 »
1685 2436 1733 2481 in
1758 2449 1851 2494 qua
1869 2436 2009 2482 Filius

34 2532 38 2535 .
126 2493 204 2539 Dei
225 2494 376 2540 extitit
396 2500 506 2541 ante
520 2497 692 2542 saecula
705 2502 761 2542 ut
774 2501 912 2554 DeUS,
927 2504 973 2543 et
993 2498 1112 2542 Patri
1132 2498 1557 2543 consubstantialis.

173 2562 458 2604 CONCLUSIO.
477 2586 525 2593 -
539 2565 739 2616 Christus,
754 2565 982 2607 secundum
1001 2565 1111 2619 quod
1126 2567 1249 2614 Deus,
1268 2565 1556 2607 convenienter
1569 2565 1721 2606 dicitur
1737 2565 1790 2606 ad
1804 2566 2009 2607 dexteram

127 2615 198 2656 Dei
211 2617 343 2657 Patris
363 2617 513 2667 sedere,
528 2618 782 2670 inquantum
804 2620 926 2662 habet
944 2631 1074 2661 unam
1092 2631 1189 2662 cum
1210 2622 1325 2661 Patre
1344 2620 1507 2660 deitatis
1524 2619 1716 2672 gloriam,
1735 2623 1776 2659 et
1797 2619 2009 2660 beatitudi-

127 2682 222 2711 nem
239 2674 280 2711 et
296 2671 560 2724 judiciariam
581 2677 834 2726 potestatem.
1583 2726 1586 2730 ,

181 2734 451 2790 Respondeo
477 2735 723 2782 dicendum
745 2738 885 2796 quod,
920 2742 974 2783 ut
1003 2751 1064 2785 ex
1091 2738 1326 2796 praedictis
1349 2742 1474 2795 patet
1495 2740 1596 2793 (art.
1621 2739 1798 2795 praec.),
1818 2738 2007 2785 nomine

126 2795 330 2839 dexterae
345 2796 433 2840 tria
452 2796 644 2854 intelligi
661 2804 857 2855 possunt
878 2815 890 2844 ε
915 2812 1011 2844 uno
1026 2800 1181 2856 mod0,
1205 2800 1464 2844 secundum
1487 2803 1839 2856 Damascenum,
1865 2818 1885 2838 «
1905 2800 2007 2856 glo-

124 2853 195 2899 ria
211 2855 481 2914 divinitatis,
497 2877 517 2897 »
541 2858 630 2903 alio
650 2860 803 2916 modo,
820 2862 1078 2907 secundum
1092 2861 1402 2918 Augustinum
1421 2861 1518 2915 (lib.
1538 2863 1669 2907 Cont.
1694 2873 1833 2906 serm.
1851 2863 2003 2908 Arian.

124 2928 230 2973 cap.
260 2919 331 2974 12,
352 2922 400 2963 et
419 2917 538 2963 lib.'1
567 2920 624 2965 de
644 2921 801 2978 Symb.
825 2935 927 2980 cap.
958 2925 1018 2980 4),
1047 2942 1067 2962 «
1094 2923 1328 2968 beatitudo
1359 2922 1519 2979 Patris,
1542 2942 1562 2962 υ
1588 2922 1723 2968 tertio
1761 2923 1914 2983 modo,
1935 2937 2005 2970 se-

126 2978 333 3024 eundum
364 2980 580 3026 eumdem
600 2982 726 3036 (ibid.
757 2987 804 3030 et
835 2996 939 3042 sup.
960 2985 1078 3030 Psal.
1102 2987 1200 3041 cix),
1237 3003 1257 3023 «
1276 2985 1520 3042 judiciaria
1548 2989 1769 3042 potestas,
1790 3004 1810 3025 υ
1857 2986 2006 3032 Sessio

117 3043 300 3110 autem,
320 3045 374 3087 ut
405 3042 576 3087 dictum
596 3049 667 3088 est
684 3046 784 3099 (art.
809 3049 980 3103 praec),
996 3047 1071 3092 vel
1093 3047 1440 3103 habitationem,
1465 3047 1540 3091 vel
1565 3047 1757 3106 regiam,
1776 3059 1861 3093 seu
1882 3048 2007 3106 judi-

127 3101 314 3148 mariam
342 3103 613 3160 dignitatem
645 3105 871 3162 designat.
893 3108 1021 3154 Unde
1046 3109 1207 3154 sedere
1228 3109 1288 3154 ad
1307 3109 1542 3154 dexteram
1564 3110 1723 3167 Patris,
1748 3110 1861 3154 nihil
1882 3110 2007 3156 aliud

127 3166 199 3235 est
219 3164 360 3221 quam
382 3165 522 3211 simul
542 3179 650 3211 cum
677 3170 807 3213 Patre
827 3169 998 3216 habere
1020 3171 1214 3227 gloriam
1234 3171 1502 3228 divinitatis,
1523 3177 1568 3216 et
1593 3171 1938 3231 beatitudinem,
1962 3178 2006 3217 et

125 3224 412 3283 judiciariam
429 3232 719 3287 potestatem,
743 3233 790 3274 et
818 3230 906 3275 hoc
922 3231 1268 3277 immutabiliter
1286 3237 1334 3276 et
1355 3233 1586 3290 regaliter.
1612 3236 1704 3278 Hoc
1723 3238 1877 3278 autem
1895 3246 2007 3278 con-

167 3329 212 3373 (Ι)
237 3328 327 3364 Dicit
343 3329 412 3372 ipse
431 3330 582 3366 Christus
604 3343 638 3366 se
665 3332 706 3366 ad
723 3332 892 3366 dexteram
913 3333 1022 3367 Patris
1105 3335 1186 3370 illis
1202 3348 1213 3370 .·
1232 3335 1415 3377 Quomodo
1434 3338 1520 3380 erqo
1538 3336 1658 3370 David
1682 3337 1723 3370 in
1738 3336 1888 3380 Spiritu
1903 3339 2006 3373 vocat

127 3376 242 3413 sedere
263 3377 396 3420 (Matth.
420 3379 504 3421 xxu)
525 3390 534 3412 z
553 3379 651 3422 Quid
678 3381 776 3416 vobis
804 3381 950 3417 videtur
978 3381 1022 3418 de
1106 3394 1188 3418 eum
1207 3383 1335 3418 Domin
1344 3395 1401 3418 um
1429 3385 1553 3419 dicem
1575 3397 1582 3418 :
1604 3385 1711 3418 Dixit
1729 3383 1910 3418 Dominus
1936 3383 2007 3418 Do·

128 3424 298 3463 christo?
312 3427 533 3470 mimmius
545 3428 760 3464 eswdicum
775 3430 809 3464 ei
821 3429 956 3465 David.-
974 3429 1023 3460 ait
1102 3429 1192 3462 mino
1210 3439 1282 3462 meo
1301 3441 1313 3460 -·
1339 3433 1421 3469 sede
1438 3433 1463 3468 ὰ
1481 3433 1623 3469 dextris
1637 3433 1725 3468 meis
1736 3433 1755 3465 2
