2170 3808
735 180 933 233 QuAEsT.
964 181 1067 238 in,
1096 152 1214 225 m.
1243 182 1262 224 1
1289 182 1354 225 ΕΤ
1381 181 1434 226 11.
1945 185 2029 230 513

143 261 426 320 humiliatur,
441 273 494 308 se
514 261 830 319 corporalibus
853 262 1115 320 subjectum
1136 274 1441 320 cognoscem,
1460 262 1573 308 dum
1595 261 1683 308 sibi
1709 274 1792 320 per
1808 275 2029 322 corpora-

142 322 205 368 lia
217 322 506 380 subvenitur3
525 327 836 381 praeservatur
857 324 995 369 etiam
1018 323 1046 369 a
1068 323 1221 369 noxiis
1243 323 1504 369 actionibus
1521 336 1606 382 per
1625 323 1829 369 salubria
1845 326 2028 373 exerci-

143 385 207 430 tia
229 390 625 430 sacramentorum
649 386 725 441 (1).

198 445 264 491 Ad
284 450 488 504 primum
509 458 620 503 ergo
639 446 906 504 dicendum,
926 446 1051 504 quod
1067 446 1319 503 corporalis
1341 445 1624 505 exercitatio,
1645 447 1926 505 inquantum
1952 452 2026 497 est

143 507 410 565 corporalis,
430 520 525 553 non
552 508 752 553 multum
772 509 901 553 utilis
933 513 1034 563 est3
1057 507 1140 552 sed
1163 507 1431 552 exercitatio
1452 520 1533 565 per
1555 521 1694 554 usum
1714 515 2025 558 sacramento-

143 582 248 615 rum
268 582 363 615 non
381 573 452 616 est
469 570 586 628 pure
604 572 874 628 corporalisq
893 571 976 616 sed
1002 570 1346 628 quodammodo
1364 573 1438 616 est
1459 570 1728 630 spirituaIiS‚
1748 572 1925 620 scilicet
1941 586 2026 634 per

143 631 526 689 significationem
544 637 589 677 et
610 633 928 678 causalitatem
949 635 1026 688 (2).
1551 649 1554 652 ·

195 691 264 739 Ad
300 694 544 738 secundum
572 693 837 751 dicendum,
861 694 985 752 quod
1015 693 1164 751 gratia
1184 693 1261 738 Dei
1294 696 1366 738 est
1388 692 1626 738 sufficiens
1649 705 1791 739 causa
1806 695 2025 744 humanae

142 753 330 812 salutis3
355 754 439 800 sed
471 758 592 801 Deus
617 756 697 801 dat
732 756 998 801 hominibus
1025 755 1223 812 gratiam
1257 754 1515 801 secundum
1547 754 1736 801 modum
1763 756 1833 802 eis
1850 771 2025 806 conve·
2073 807 2075 809 ,

143 814 363 862 nientem.
385 818 439 862 Et
457 816 563 863 ideo
586 819 850 863 necessaria
864 824 975 864 sunt
1003 817 1271 863 hominihus
1300 820 1591 862 sacramenta
1605 816 1665 863 ad
1688 818 1884 871 gratiam
1911 831 2024 866 con-

134 878 446 935 sequendam.

196 938 264 984 Ad
287 942 470 984 tertium
500 941 766 999 dicendum,
790 941 915 1000 quod
942 941 1096 998 passio
1116 941 1283 987 Christi
1301 944 1373 986 est
1391 939 1627 985 sufficiens
1646 952 1787 985 causa
1807 939 2023 988 humanae

141 999 305 1046 salutis
321 1015 335 1058 ς
356 1013 444 1048 nec
463 1007 648 1060 propter
670 1004 758 1048 hoc
775 1003 986 1060 sequitur
1004 1003 1126 1061 quod
1147 1005 1437 1047 sacramenta
1455 1013 1549 1045 non
1563 1001 1658 1046 sint
1680 1003 1942 1047 necessaria
1963 1004 2024 1049 ad

141 1060 394 1109 humanam
418 1063 633 1122 salutem,
658 1064 768 1122 quia
788 1070 1039 1121 operantur
1063 1065 1110 1109 in
1139 1064 1310 1109 virtute
1327 1062 1556 1121 passionis
1577 1062 1741 1108 Christi
1765 1077 1777 1109 :
1798 1068 1845 1109 et
1866 1066 2022 1122 passio

141 1122 305 1170 Christi
319 1125 521 1183 quodam
536 1125 676 1171 modo
702 1126 960 1184 applicatur
1000 1126 1271 1171 hominibus
1304 1138 1387 1182 per
1418 1130 1727 1183 sacramenta,
1762 1127 2022 1172 secundum

109 1218 112 1225 .
140 1184 256 1231 illud
275 1187 422 1242 (Rom.
455 1202 515 1245 w,
541 1190 615 1243 3):
643 1191 917 1245 Quicumque
938 1187 1162 1245 baptizati
1192 1199 1346 1231 sumus
1376 1189 1425 1230 in
1447 1187 1636 1231 Christo
1655 1191 1779 1246 Jesu,
1800 1191 1848 1233 in
1880 1192 2022 1234 morte

139 1248 281 1303 ipsius
295 1249 517 1305 baptizati
533 1262 700 1294 sumu-5.

140 1308 484 1354 ARTICULUS
515 1311 576 1353 11.
609 1333 666 1342 ·-·
699 1323 838 1353 uranu
866 1323 988 1353 ETIAM
1016 1323 1125 1354 Aura
1156 1322 1368 1353 racemum
1396 1321 1572 1352 ruamur
1600 1322 1743 1354 noum!
1771 1323 2020 1356 ussczssuiu

893 1385 1155 1418 sAanuanrA
1185 1374 1259 1427 (3).

541 1439 590 1473 Da
605 1438 658 1473 his
674 1439 776 1475 etiam
796 1441 889 1475 Sent.
907 1450 956 1482 tv,
973 1441 1049 1476 dist.
1062 1441 1093 1480 4,
1113 1447 1228 1483 quoest.
1245 1450 1271 1483 1,
1290 1444 1358 1477 art.
1370 1439 1404 1483 2,
1422 1443 1537 1481 quaest.
1561 1448 1615 1475 111.

192 1493 257 1537 Ad
274 1494 532 1549 secundum
549 1493 617 1538 sic
632 1495 913 1551 proceditur.
931 1499 971 1539 1.
988 1495 1173 1539 Videtur
1188 1494 1310 1553 quod
1325 1495 1463 1540 etiam
1478 1498 1585 1539 ante
1596 1498 1837 1551 peccatum
1849 1495 2022 1542 fuerint

137 1552 312 1599 homini
341 1554 602 1599 necessaria
625 1562 933 1611 sacramenta,
959 1556 1084 1613 quia,
1114 1557 1235 1602 sicut
1264 1556 1439 1602 dictum
1468 1560 1539 1601 est
1568 1558 1669 1610 (art.
1701 1569 1841 1613 praec.
1870 1555 1931 1601 ad
1957 1558 2018 1615 2),

138 1621 429 1662 sacramenta
444 1621 554 1662 sunt
569 1619 830 1662 necessaiia
856 1618 1028 1662 homini
1058 1619 1115 1663 ad
1135 1619 1330 1676 gratiam
1356 1618 1749 1675 consequendam.
1780 1618 2021 1664 sedetiam

138 1674 185 1721 in
209 1680 334 1723 statu
360 1678 636 1724 innocentiae
663 1680 800 1724 homo
817 1680 1052 1736 indigebat
1074 1681 1237 1739 gratia,
1255 1681 1376 1726 sicut
1402 1680 1450 1724 in
1477 1680 1630 1737 prima
1654 1682 1782 1738 parte
1812 1679 2021 1726 habitum

137 1739 402 1798 est(quaest.
419 1753 515 1796 xcv,
531 1745 617 1786 art.
635 1743 662 1786 4
678 1741 738 1787 ad
753 1744 810 1798 1).
827 1745 943 1799 Ergo
960 1743 1099 1787 etiam
1126 1743 1175 1787 in
1191 1746 1316 1787 statu
1341 1741 1421 1787 illo
1437 1746 1571 1788 erant
1584 1741 1847 1788 necessaria
1862 1754 2021 1788 sacra-

137 1804 310 1846 menta.

192 1865 235 1907 2.
262 1866 501 1921 Praeterea,
516 1872 807 1910 sacramenta
821 1870 933 1910 sunt
957 1865 1217 1910 necessaria
1234 1865 1408 1910 homini
1433 1865 1691 1910 secundum
1706 1864 2021 1911 conditionem

137 1925 354 1972 humanae
369 1930 561 1985 naturae,
579 1926 698 1971 sicut
712 1927 884 1972 dictum
901 1932 973 1972 est
986 1930 1087 1980 (art.
1104 1928 1276 1983 praec.).
1293 1926 1381 1972 Sed
1396 1926 1558 1972 eadem
1572 1930 1644 1971 est
1671 1930 1838 1971 natura
1866 1926 2018 1973 homi-

137 1985 210 2030 nis
225 1991 333 2032 ante
347 1991 589 2044 peccatum
613 1993 659 2033 et
674 1996 778 2045 post
802 1994 1060 2045 peccatum.
1076 1991 1196 2045 Ergo
1210 1988 1394 2035 videtur
1408 1988 1535 2046 quod
1563 1988 1703 2033 etiam
1731 1994 1838 2034 ante
1853 2002 2018 2047 pecca-

138 2051 235 2093 tum
250 2049 388 2093 homo
403 2048 653 2106 indiguerit
667 2052 986 2096 sacramentis,
1110 2052 1113 2055 ’

191 2111 230 2154 3.
260 2111 501 2167 Praeterea,
518 2111 864 2156 matrimonium
882 2118 952 2156 est
976 2111 1212 2169 quoddam
1240 2115 1602 2167 sacramentum,
1618 2112 1882 2157 secundum
1903 2112 2020 2159 illud

137 2171 317 2227 (Ephes.
342 2186 385 2228 v,
405 2175 504 2227 32);
530 2177 871 2218 Sacramentum
892 2176 976 2218 hoc
1004 2187 1218 2231 maqnum
1247 2177 1312 2217 est
1321 2186 1337 2226 ;
1357 2186 1437 2230 eqo
1458 2177 1609 2217 autem
1633 2173 1733 2217 dico
1765 2176 1814 2218 in
1835 2175 2019 2221 Christo

136 2236 180 2277 et
200 2234 420 2278 Ecclesia.
452 2235 540 2279 Sed
569 2236 914 2280 matrimonium
937 2236 1022 2280 fuit
1053 2237 1316 2281 institutum
1347 2239 1456 2280 ante
1483 2239 1742 2292 peccatum,
1769 2239 1824 2281 ut
1852 2236 2020 2283 dicitur

137 2296 263 2350 (Gen.
283 2296 346 2351 ιι).
357 2298 476 2353 Ergo
489 2303 777 2344 sacramenta
790 2304 919 2343 erant
936 2298 1197 2343 necessaria
1212 2297 1387 2342 homini
1403 2302 1511 2341 ante
1524 2301 1784 2354 peecatum.

191 2357 277 2403 Sed
297 2362 458 2402 contra
478 2363 552 2403 est
566 2359 689 2415 quod
712 2360 942 2404 medicina
963 2373 1054 2404 non
1073 2365 1143 2404 est
1168 2358 1429 2404 necessaria
1445 2358 1534 2403 nisi
1551 2364 1741 2417 aegroto,
1758 2361 2018 2407 secundum

134 2416 249 2464 illud
263 2420 430 2474 (matth.
451 2433 511 2476 ix,
533 2423 603 2473 12)
622 2425 751 2466 :Non
770 2426 835 2466 est
853 2436 963 2478 opus
974 2425 1101 2465 sanis
1122 2423 1336 2466 medicus.
1357 2420 1446 2466 Sed
1460 2426 1749 2466 sacramenta
1763 2427 1875 2467 sunt
1889 2436 2013 2480 quae-

134 2479 242 2525 dam
268 2480 532 2538 spirituales
562 2482 817 2540 medicinae,
835 2496 940 2541 quae
973 2484 1249 2529 adhibentur
1276 2488 1439 2528 contra
1464 2483 1660 2529 vulnera
1686 2484 1877 2540 peccati.
1901 2488 2017 2541 Ergo

134 2553 229 2586 non
252 2541 440 2587 fuerunt
455 2544 715 2588 necessaria
734 2550 842 2590 ante
858 2552 1114 2602 peccatum.

182 2610 471 2652 CONCLUSIO.
494 2635 542 2641 —
562 2613 610 2651 In
635 2617 745 2652 statu
771 2613 1014 2653 innocentiae
1038 2614 1160 2654 homo
1186 2625 1270 2654 non
1295 2611 1505 2663 indigebat
1527 2613 1817 2662 sacramentis,
1849 2623 1923 2654 nec
1945 2623 2019 2664 pro

134 2664 312 2706 remedio
327 2666 493 2718 peccati,
508 2678 582 2707 nec
595 2678 667 2718 pro
683 2669 925 2719 perfectione
943 2671 1108 2709 auimae.

188 2728 461 2783 Respondeo
482 2728 729 2774 dicendum
765 2731 886 2788 quod
911 2731 955 2774 in
987 2736 1111 2774 statu
1147 2729 1425 2775 innocentiae
1453 2736 1559 2773 ante
1593 2733 1835 2785 peccatum
1859 2742 2018 2775 sacra-

134 2791 293 2833 menta
307 2789 567 2834 necessaria
586 2803 679 2835 non
695 2792 825 2836 fueru
833 2798 898 2837 nt.
915 2793 1054 2848 Cujus
1075 2792 1190 2836 ratio
1213 2791 1357 2848 accipi
1372 2795 1524 2848 potest
1547 2803 1606 2835 ex
1626 2790 1901 2836 rectitudine
1918 2796 2018 2837 sta-

135 2851 211 2895 tus
225 2848 365 2906 illius,
390 2849 440 2894 in
468 2863 562 2907 quo
577 2853 816 2909 superiora
841 2854 1136 2898 inferioribus
1161 2853 1537 2909 dominabantur,
1553 2858 1598 2897 et
1628 2852 1756 2897 nullo
1770 2854 1908 2899 modo
1933 2853 2018 2900 de·-

133 2909 397 2968 pendebant
412 2910 471 2955 ab
485 2911 579 2970 eis3
601 2912 721 2958 sicut
735 2915 859 2960 enim
883 2928 1016 2960 mens
1031 2916 1219 2960 suberat
1236 2918 1343 2971 De0,
1359 2915 1422 2959 ita
1435 2913 1579 2959 menti
1594 2913 1815 2959 suberant
1827 2914 2017 2962 inferio-

133 2983 210 3016 res
234 2971 401 3016 animae
418 2972 558 3032 vires,
574 2978 620 3018 et
646 2974 732 3031 ipsi
752 2977 919 3020 animae
934 2990 1120 3033 corpus.
1140 2979 1306 3021 Contra
1326 2977 1451 3020 hunc
1473 2980 1630 3020 autem
1649 2975 1858 3021 ordinem
1875 2981 2014 3032 esset,

134 3032 175 3077 si
187 3033 342 3078 anima
358 3033 671 3092 perficeretur,
688 3036 764 3081 vel
781 3039 1008 3094 quantum
1037 3038 1096 3083 ad
1115 3037 1374 3095 scientiam,
1390 3037 1463 3082 vel
1484 3037 1710 3094 quantum
1727 3037 1785 3081 ad
1802 3038 2013 3096 gratiam,

176 3169 220 3212 (Ι)
238 3170 286 3204 Ex
304 3170 494 3206 rationibus
514 3172 551 3206 in
572 3171 636 3207 hoc
654 3173 798 3207 articulo
809 3173 962 3208 adductis
974 3187 1030 3215 pa·
1116 3175 1194 3210 tisse
1221 3179 1468 3209 sacramentum
1487 3174 1677 3209 communis
1703 3179 1754 3210 est
1779 3175 2015 3217 theologorum

132 3220 182 3253 tet
192 3218 229 3252 B.
239 3217 404 3252 'rhomam
417 3230 485 3252 non
501 3218 595 3260 loqui
607 3221 647 3255 de
662 3221 857 3256 necessitate
867 3222 1030 3265 absoluta,
1115 3222 1292 3257 sententia.
1302 3221 1367 3257 Sed
1386 3222 1568 3257 difficultas
1594 3227 1643 3258 est
1666 3224 1781 3258 utrum
1806 3227 2015 3259 sacramenta

132 3265 190 3301 ned
205 3265 335 3299 tantum
347 3265 387 3298 de
402 3266 594 3302 necessitate
613 3269 850 3308 congruentiae.
1115 3271 1149 3304 in
1178 3271 1238 3304 hoc
1261 3275 1348 3305 statu
1366 3270 1506 3306 fuissent
1522 3270 1691 3309 instituta.
1705 3271 1733 3306 si
1755 3275 2011 3313 perseverasset;

174 3313 218 3355 (2)
265 3313 343 3348 Haec
375 3314 552 3350 causalitas
583 3318 715 3351 tantum
754 3317 795 3351 ad
826 3321 1031 3352 sacramenta
1114 3317 1262 3352 affirmat
1275 3319 1308 3353 S.
1325 3319 1471 3353 Thomas
1485 3325 1520 3352 et
1537 3330 1613 3353 cum
1630 3331 1668 3354 eo
1689 3319 1874 3359 thomis-tm
1891 3323 2016 3360 negant

132 3371 225 3396 novffl
243 3361 323 3400 legis
335 3362 498 3403 pertinet.
1114 3368 1193 3399 vcro
1211 3366 1324 3406 piures
1342 3365 1412 3400 alii.

174 3409 219 3451 (5)
241 3408 379 3444 Nullum
398 3410 432 3443 in
449 3414 537 3446 statu
558 3411 759 3447 innocentiae
781 3412 822 3448 de
838 3412 926 3448 facto
944 3412 1029 3447 exti-

339 3473 411 3511 ῃ.
1793 3460 1841 3501 Η
