2170 3808
857 209 1054 261 QUAEST.
1083 210 1186 265 mx,
1215 210 1333 253 ART.
1363 210 1417 254 11.
1998 212 2082 253 493

199 291 539 335 ARTICULUS
566 291 626 334 11.
659 313 712 322 ——
751 273 888 333 ornum
918 303 1143 333 Jumcmzm
1171 302 1379 333 PoTEs'rAs
1408 301 1634 333 convumm‘
1663 302 1834 333 cums’ro
1863 301 2080 333 SECUNDUM

952 364 1061 400 ouon
1089 364 1164 394 nsr
1194 364 1323 395 nouo.

251 412 318 458 Ad
341 411 600 457 secundum
629 411 696 456 sic
724 412 1004 468 proceditur.
1035 415 1077 457 1.
1109 411 1295 457 Videtur
1318 411 1442 468 quod
1455 411 1700 469 Judiciaria
1736 414 1943 469 potestas
1982 423 2077 456 non

197 473 444 519 conveniat
463 473 658 527 Christ0,
686 474 946 519 secundum
966 473 1091 530 quod
1120 478 1191 518 est
1229 473 1385 518 homo.
1411 473 1526 518 Dicit
1552 474 1675 518 enim
1706 473 1994 530 Augustinus
2013 473 2075 529 (in

195 535 277 582 lib.
314 538 377 580 De
396 547 506 579 vera
527 534 751 591 religione
774 535 947 593 impiic.
979 547 1082 591 cap.
1106 536 1195 588 31),
1223 533 1350 591 quod
1370 553 1391 573 «ι
1408 533 1638 591 judicium
1667 535 1935 580 attribuitur
1947 534 2075 592 Filio,

195 595 475 654 inquantum
499 602 568 641 est
602 597 703 654 ipsa
722 596 798 641 lex
820 596 980 652 primae
1001 595 1224 640 veritatis.
1250 614 1270 634 n
1295 594 1383 640 Sed
1406 595 1493 640 hoc
1529 596 1729 652 pertinet
1750 597 1810 641 ad
1832 597 2075 654 Christum,

196 658 455 706 secundum
484 659 608 716 quod
648 664 720 704 est
744 662 880 704 Deus.
901 661 1017 714 Ergo
1034 658 1279 715 judiciaria
1296 662 1503 714 potestas
1529 671 1623 702 non
1645 659 1864 704 convenit
1881 659 2074 716 Christo,

195 722 453 768 secundum
474 722 600 779 quod
623 726 694 767 est
715 722 869 778 hom0,
897 722 979 766 sed
1003 721 1260 766 secundum
1284 720 1409 778 quod
1425 725 1495 765 est
1510 723 1646 765 Deus,

249 786 292 828 2.
317 786 556 840 Praeterea,
574 784 632 829 ad
645 784 935 841 Judiciariam
958 789 1233 841 potestatem
1253 783 1451 840 pertinet
1468 783 1709 840 praemiare
1726 782 1847 827 bene
1866 787 2075 842 agentes,

194 844 316 891 sicut
350 851 396 891 et
432 846 599 903 punire
632 847 795 892 malos.
834 845 921 891 Sed
958 845 1199 903 praemium
1239 845 1471 890 bonorum
1508 857 1702 901 operum
1738 850 1810 889 est
1841 844 2078 890 beatitudo

194 911 383 964 aeterna,
415 921 521 966 quae
550 922 646 954 non
676 910 812 955 datur
842 909 930 953 nisi
961 909 988 953 a
1010 912 1123 963 De03
1149 907 1260 953 dicit
1290 907 1415 953 enim
1446 907 1733 963 Augustinus
1766 909 1929 963 (Super
1945 909 2075 951 Joan.

194 971 328 1014 tract.
353 971 426 1025 23,
449 970 571 1014 inter
591 970 738 1027 princ.
760 976 808 1015 et
830 970 989 1027 med),
1009 969 1134 1027 quod
1155 986 1175 1007 «
1198 968 1549 1026 participatione
1569 968 1648 1012 Dei
1675 968 1727 1013 fit
1747 967 1903 1012 anima
1924 966 2074 1024 beata,

194 1041 289 1075 non
321 1035 478 1076 autem
509 1031 858 1090 participatione
881 1031 1048 1076 animae
1080 1035 1271 1075 sanctae.
1289 1049 1309 1070 »
1331 1033 1451 1086 Ergo
1473 1029 1659 1075 videtur
1687 1030 1813 1086 quod
1835 1028 2078 1086 Judiciaria

193 1097 398 1151 potestas
419 1107 515 1139 non
537 1095 784 1141 conveniat
800 1093 994 1150 Christ0,
1014 1092 1275 1139 secundum
1298 1092 1423 1150 quod
1447 1095 1519 1137 est
1535 1093 1690 1148 hom0‚
1713 1092 1797 1137 sed
1817 1091 2075 1137 secundum

194 1154 320 1212 quod
341 1160 414 1201 est
434 1160 572 1203 Deus.

249 1219 294 1263 3.
315 1219 557 1276 Praeterea,
571 1218 630 1268 ad
654 1215 946 1275 Judiciariam
970 1214 1135 1260 Christi
1155 1218 1430 1272 potestatem
1448 1214 1649 1271 pertinet
1662 1214 1873 1271 judicare
1897 1214 2078 1259 occulta
2162 1247 2163 1252 ,

194 1278 420 1335 cordium,
441 1279 701 1325 secundum
721 1278 835 1322 illud
860 1280 911 1333 (Ι.
934 1277 1136 1321 Corinth.
1158 1290 1216 1332 ιν,
1237 1278 1280 1330 5)
1307 1291 1318 1319 =
1353 1277 1502 1321 Nolite
1524 1281 1629 1321 ante
1656 1280 1829 1333 tempus
1840 1277 2074 1333 Judicare,

193 1342 482 1397 quoadusquo
504 1345 655 1386 veniat
677 1341 913 1392 Dominus,
932 1343 1010 1397 qui
1032 1343 1076 1383 et
1098 1339 1377 1383 illuminabit
1407 1341 1674 1383 abscondita
1703 1340 2009 1395 tenebrarum,
2034 1343 2078 1384 et

192 1403 502 1457 manifestabit
518 1404 711 1447 consilia
722 1403 944 1447 cordium.
961 1401 1050 1447 Sed
1069 1401 1157 1447 hoc
1175 1401 1378 1458 pertinet
1389 1401 1448 1447 ad
1467 1402 1614 1446 solam
1626 1401 1842 1446 virtutem
1854 1401 2075 1459 divinam,

193 1464 450 1510 secundum
471 1465 586 1511 illud
602 1467 783 1520 (Jerem.
804 1478 907 1521 xvu,
930 1467 998 1519 8):
1018 1469 1216 1508 Pravum
1226 1467 1294 1508 est
1315 1478 1392 1508 cvr
1410 1465 1602 1507 hominis
1620 1465 1679 1519 (1)
1700 1467 1743 1507 et
1758 1465 2077 1507 inscrutabile.-

193 1528 292 1582 quis
309 1527 537 1583 coquosbet
554 1528 674 1572 illud
682 1528 705 1572 ἲ
729 1541 808 1585 eqo
831 1530 1046 1571 Dominus
1078 1530 1286 1570 scrutans
1309 1527 1467 1583 corda,
1490 1530 1533 1570 et
1554 1526 1753 1582 probans
1771 1540 1916 1582 renes,
1935 1529 1979 1569 et
2002 1528 2079 1582 qui

194 1587 253 1631 do
289 1591 525 1645 unicuique
552 1592 692 1643 juxta
738 1592 861 1633 viam
892 1602 1039 1634 suam.
1081 1590 1199 1644 Ergo
1226 1587 1469 1644 ,iudiciaria
1501 1592 1706 1645 potestas
1734 1599 1829 1631 non
1860 1600 1978 1632 conv
1982 1587 2079 1632 enit

194 1649 387 1707 Christo,
403 1651 662 1697 secundum
681 1651 804 1710 quod
820 1655 891 1696 est
907 1652 1062 1707 homo,
1083 1651 1167 1695 sed
1181 1651 1441 1695 secundum
1461 1649 1585 1707 quod
1609 1653 1681 1695 est
1699 1653 1835 1694 Deus.

250 1712 338 1758 Sed
357 1717 515 1757 contra
540 1718 611 1758 est
639 1714 760 1770 quod
786 1713 951 1759 dicitur
979 1715 1123 1767 (Joan.
1148 1727 1191 1769 v,
1214 1715 1320 1767 27):
1351 1716 1622 1756 Potestatem
1640 1712 1766 1755 dedit
1785 1715 1825 1754 ei
1847 1696 2078 1765 judicium

193 1774 360 1830 facere,
382 1778 488 1830 quia
506 1775 660 1818 Filius
679 1775 871 1818 hominis
894 1778 960 1818 est
978 1777 1055 1828 (2).

241 1847 532 1890 CONCLUSIO.
551 1871 598 1901 e—
620 1848 726 1889 Csim
747 1848 947 1897 Christus,
969 1846 1193 1887 secundum
1210 1847 1322 1898 quod
1345 1848 1482 1897 homo,
1501 1850 1623 1898 caput
1644 1847 1699 1887 sit
1722 1848 1850 1888 totius
1874 1846 2075 1896 Ecclesiae,

193 1901 246 1951 ei,
263 1902 490 1943 secundum
507 1901 618 1954 quod
633 1903 770 1952 homo,
787 1903 978 1943 convenit
998 1902 1142 1942 habere
1156 1902 1418 1954 judiciariam
1436 1905 1686 1953 potestatem.

247 1964 520 2021 Respondeo
538 1964 788 2009 dicendum
810 1963 934 2021 quod
952 1964 1304 2022 Chrysostomus
1323 1966 1483 2020 (Super
1499 1965 1629 2008 Joan.
1648 1963 1774 2008 hom.
1805 1975 2078 2020 1111111111,ρᾶ-

194 2029 298 2069 rum
331 2030 441 2071 ante
469 2026 610 2082 med.)
639 2027 811 2072 sentire
842 2027 1027 2072 videtur
1055 2026 1182 2083 quod
1204 2026 1447 2084 =judiciaria
1474 2030 1679 2082 potestas
1705 2037 1800 2069 non
1832 2026 2079 2071 conveniat

194 2087 387 2147 Christo,
406 2089 665 2134 secundnm
706 2088 830 2146 quod
849 2094 919 2133 est
950 2089 1105 2144 homo7
1126 2088 1211 2134 sed
1239 2089 1390 2132 solum
1415 2087 1672 2132 secundum
1697 2087 1823 2144 quod
1847 2092 1919 2132 est
1937 2091 2075 2132 Deus.

194 2149 323 2194 Unde
343 2150 667 2195 auctoritatem
686 2150 876 2195 Joannis
895 2150 1131 2195 inductam
1154 2150 1222 2194 sic
1253 2149 1444 2206 exponit
1465 2163 1475 2189 ε
1495 2152 1763 2192 Potestatem
1783 2150 1913 2192 dedit
1942 2153 1983 2193 ei
1992 2152 2077 2206 Ju-

195 2209 363 2254 dicium
378 2213 560 2268 facere,·
581 2216 629 2256 et
650 2216 811 2269 postea
827 2211 1070 2256 subditur:
1095 2229 1115 2249 «
1138 2212 1252 2264 Quia
1270 2211 1410 2255 Filius
1424 2210 1626 2255 hominis
1645 2214 1732 2267 est,
1755 2210 1898 2255 nolite
1919 2210 2077 2255 mirari

195 2271 306 2328 hoc;
327 2284 424 2316 non
442 2272 566 2318 enim
585 2278 826 2330 propterea
847 2274 1052 2330 suscepit
1065 2273 1310 2329 judicium,
1331 2272 1551 2329 quoniam
1575 2273 1714 2316 homo
1742 2277 1831 2328 est,
1855 2273 1938 2318 sed
1965 2273 2077 2330 quia

195 2332 442 2378 ineffabilis
463 2335 541 2379 Dei
557 2335 698 2380 Filius
720 2339 807 2391 est,
830 2340 1070 2392 propterea
1081 2331 1227 2391 judex
1246 2338 1332 2379 est.
1351 2334 1464 2387 Quia
1477 2333 1588 2378 vero
1609 2346 1665 2378 ea
1682 2346 1787 2390 quae
1803 2334 2078 2380 dicebantur

195 2399 325 2440 erant
358 2395 534 2453 majora
565 2396 706 2454 quam
737 2397 995 2441 secundum
1031 2396 1282 2451 hominem,
1302 2395 1406 2441 ideo
1437 2395 1560 2440 hanc
1592 2395 1858 2452 opinionem
1888 2397 2077 2443 solvens

193 2457 309 2502 dixit
326 2469 339 2501 ι
354 2460 420 2504 Ne
443 2458 689 2516 miremIni,
718 2458 829 2516 quia
862 2459 1002 2504 Filius
1020 2459 1223 2503 hominis
1249 2462 1342 2514 est3
1373 2459 1545 2503 etenim
1568 2458 1667 2515 ipse
1690 2463 1761 2504 est
1778 2459 1917 2504 etiam
1936 2461 2076 2506 Filius

193 2520 287 2565 Dei.
313 2539 334 2560 ιι
359 2520 492 2574 Quod
525 2521 713 2578 quidem
739 2521 906 2578 probat
941 2533 1025 2578 per
1059 2520 1412 2566 resurrectionis
1444 2521 1691 2576 effectum3
1727 2521 1851 2566 unde
1886 2522 2073 2567 subdite

195 2585 312 2638 Quia
329 2586 450 2627 venit
469 2582 602 2638 liora,
622 2586 671 2627 in
688 2596 777 2639 qua
799 2597 949 2627 omnes
969 2586 1046 2640 qui
1066 2587 1115 2626 in
1132 2586 1426 2626 monumentis
1450 2586 1572 2639 sunt,
1590 2584 1776 2627 audient
1793 2597 1943 2627 vocem
1963 2585 2076 2628 Filii

196 2646 292 2688 Dei.
316 2668 371 2676 —
393 2644 640 2689 Sciendum
667 2649 822 2689 tamen
852 2645 978 2702 quod
1009 2645 1225 2702 quamvis
1255 2644 1380 2701 apud
1409 2648 1554 2688 Deum
1584 2649 1821 2689 remaneat
1854 2645 2082 2701 primaevaf

198 2704 446 2749 auctoritas
462 2705 718 2762 judicandi,
748 2706 1015 2751 hominibus
1044 2711 1201 2750 tamen
1233 2705 1538 2750 committitur
1559 2706 1586 2749 a
1616 2706 1704 2749 Deo
1717 2705 1964 2762 Judiciaria
1992 2719 2075 2763 po-

198 2769 342 2811 testas
359 2771 575 2824 respectu
598 2779 760 2812 eorum
779 2769 858 2825 qui
877 2781 1038 2813 eorum
1053 2767 1363 2825 Jurisdictioni
1387 2767 1713 2824 subjiciuntur.
1748 2768 1875 2813 Unde
1908 2768 2074 2814 dicitur

197 2828 441 2885 (Deuter.1‚
467 2831 537 2883 16)
564 2831 726 2885 :Quod
735 2833 913 2886 justum
945 2834 1011 2873 est
1029 2832 1265 2886 judicate;
1303 2835 1351 2874 et
1382 2835 1544 2886 postea
1568 2828 1783 2874 subditur
1806 2845 1818 2875 :
1851 2833 1972 2887 Quia
1991 2835 2076 2876 Dei

197 2892 262 2932 est
280 2890 530 2947 judicium,
549 2890 687 2948 cujus
721 2890 896 2936 scilicet
923 2893 1196 2937 auctoritate
1232 2904 1314 2936 vos
1343 2891 1579 2949 judicatis.
1603 2891 1781 2936 Dictum
1816 2897 1889 2936 est
1918 2896 2075 2938 autem

197 2962 340 3007 supra
350 2952 540 3007 (quaest.
561 2963 658 3007 vm,
679 2956 767 2996 art.
787 2955 808 2997 1
834 2956 882 2997 et
913 2955 956 3007 3)
997 2953 1120 3010 quod
1139 2953 1347 2998 Christus
1365 2953 1504 2998 etiam
1526 2953 1575 2997 in
1599 2958 1765 2998 natura
1781 2954 1986 2998 humana
2005 2960 2075 3000 est

197 3016 337 3069 caput
354 3012 496 3057 totius
508 3012 738 3068 Ecclesiae,
754 3017 801 3058 et
820 3014 945 3071 quod
962 3015 1050 3059 sub
1063 3015 1266 3072 *pedibus
1284 3014 1386 3072 ejus
1408 3018 1527 3060 Deus
1541 3015 1698 3059 omnia
1718 3015 1929 3072 subjecit.
1948 3016 2074 3062 Unde

197 3073 258 3118 ad
276 3085 385 3119 eum
407 3074 622 3131 pertinet,
642 3074 781 3119 etiam
802 3077 1060 3121 secundum
1084 3082 1294 3121 naturam
1310 3078 1578 3132 humanam,
1598 3077 1768 3123 habere
1780 3078 2074 3134 Judiciariam

196 3140 486 3192 potestatem.
505 3160 559 3169 -
580 3138 768 3193 Propter
787 3138 913 3194 quod
933 3139 1218 3210 Augustinus
1236 3142 1386 3194 (tract.
1407 3139 1531 3183 19111
1560 3142 1690 3185 Joan
1711 3140 1874 3185 amed
1879 3142 1893 3195 )
1913 3145 2073 3184 aucto-

196 3197 377 3243 ritatem
418 3198 682 3254 praedictam
721 3199 956 3256 Evangelii
981 3201 1048 3244 sic
1079 3201 1187 3245 dicit
1209 3213 1313 3245 esse
1337 3201 1722 3258 intelligendam.
1752 3205 2072 3246 «Potestatem

198 3257 322 3304 dedit
347 3259 387 3303 ei
416 3259 643 3314 Judicium
676 3259 847 3315 facere,
878 3262 987 3318 quia
1009 3262 1149 3306 Filius
1171 3263 1372 3306 hominis
1396 3267 1516 3319 est‚›
1516 3275 1646 3307 »non
1679 3264 1865 3321 quidem
1888 3269 2073 3320 propter

236 3395 280 3436 (1)
298 3394 349 3429 Vu
351 3394 403 3435 lga
388 3403 451 3436 ata,
467 3407 531 3432 cor
544 3398 718 3431 omnium.
1216 3401 1259 3440 (2)
1277 3401 1400 3435 Eodem
1414 3401 1586 3442 pertinent
1597 3402 1662 3437 alia
1675 3402 1857 3443 Scripturas
1872 3402 1942 3436 ioca
1954 3402 2038 3443 (Act.
2049 3412 2070 3437 x

1175 3456 1210 3484 et
1226 3457 1312 3489 xvu,
1331 3450 1375 3484 ll.
1394 3452 1470 3485 Cor.
1485 3459 1519 3492 v,
1535 3451 1563 3486 1,
1578 3452 1693 3486 Thess.
1710 3456 1770 3490 iv).
