2170 3808
648 200 846 253 QUAEST.
879 199 999 243 LXVI
1018 232 1030 254 ,
1058 201 1179 243 ART.
1211 200 1280 242 IX.
1842 199 1919 242 571

29 282 55 327 11
72 280 290 327 delebilis
309 283 385 336 (1),
405 285 453 325 et
474 291 583 325 cum
602 280 802 335 quadam
825 280 1175 325 consecratione
1197 280 1351 325 datur.
1374 279 1502 326 Unde
1534 279 1656 324 sicut
1683 279 1785 323 aliae
1808 292 1924 324 con·-

29 356 51 388 s
71 343 312 388 icrationes
339 354 432 385 non
457 341 685 385 iterantur
713 341 758 385 in
780 341 997 397 Ecclesia,
1023 341 1088 386 ita
1118 354 1204 385 nec
1226 340 1503 398 baptismus.
1525 342 1578 384 Et
1600 341 1688 384 hoc
1708 344 1780 384 est
1798 338 1923 397 quod

28 404 319 461 Augustinus
348 403 460 448 dicit
491 403 672 453 (Contra
689 404 828 459 Epist.
854 403 1163 458 Parmeniani,
1188 402 1269 447 lib.
1290 416 1338 458 n,
1358 414 1462 459 cap.
1485 405 1558 458 13,
1577 402 1605 446 a
1621 402 1779 460 med),
1798 401 1924 459 quod

31 484 51 505 «ι
73 468 310 511 character
326 463 538 508 militaris
555 476 649 507 non
666 465 903 520 repetitur,
923 483 943 503 ι»
965 469 1012 509 et
1031 463 1157 520 quod
1176 481 1195 501 a
1214 476 1307 508 non
1320 464 1477 508 minus
1498 465 1644 508 haeret
1660 475 1923 508 sacramen-

30 533 129 573 tum
151 527 313 572 Christi
335 526 476 583 quam
487 526 740 582 corporalis
754 527 851 571 haec
868 531 1000 581 1101ος
1013 529 1124 570 cum
1141 525 1384 597 videamus
1401 537 1490 570 nec
1512 530 1747 583 apostatas
1765 536 1923 571 carere

28 589 323 646 baptismate,
347 588 518 644 quibus
540 588 702 645 utique
724 600 807 645 per
825 588 1148 644 poenitentiam
1171 586 1478 632 redeuntibus
1497 600 1593 631 non
1610 587 1883 632 restituitur.
1897 605 1918 628 »

30 650 200 703 Quarto
229 650 340 707 quia
374 649 632 706 baptismus
655 650 966 707 principaliter
996 651 1133 695 datur
1153 653 1318 694 contra
1339 649 1565 706 originale
1587 655 1846 706 peccatum.
1871 651 1923 694 Et

29 712 133 757 ideo
151 712 273 758 sicut
307 711 531 767 originale
563 718 805 769 peccatum
841 725 934 756 non
959 713 1167 769 iteratur,
1198 712 1261 756 ita
1283 711 1422 756 etiam
1445 724 1533 756 nec
1560 711 1821 768 baptismus
1839 711 1920 757 ite-

29 778 174 829 ratur,
193 774 319 830 quia,
335 777 390 817 ut
413 773 500 818 dici
509 777 581 817 tur
604 776 749 829 (Rom.
771 787 815 833 v,
837 777 922 830 18),
944 778 1060 818 sicut
1074 787 1158 830 per
1178 776 1310 818 unius
1337 774 1552 817 delictum
1571 777 1618 816 in
1647 786 1798 817 omnes
1836 774 1921 817 lw-

31 839 170 879 mines
191 839 240 879 in
260 835 690 892 condemnationem,
720 837 786 879 sic
801 849 891 892 per
911 838 1044 879 unius
1057 839 1290 891 justitiam
1308 838 1359 879 in
1376 848 1525 879 omnes
1543 835 1741 878 homines
1760 837 1808 877 in
1821 834 1918 888 ius-

33 898 321 952 tificationem
339 900 439 941 vitae
459 898 533 953 (⁶2).

83 959 152 1005 Ad
170 963 368 1016 primum
387 971 500 1016 ergo
526 959 794 1016 dicendum,
818 959 944 1016 quod
967 959 1230 1016 baptismus
1248 965 1468 1016 operatur
1490 959 1538 1002 in
1555 958 1726 1002 virtute
1744 957 1922 1015 passio-

31 1020 106 1066 nis
127 1021 307 1076 Christi,
323 1020 445 1065 sicut
464 1033 606 1077 supra
619 1020 796 1065 dictum
814 1023 997 1076 est(art.
1016 1023 1043 1064 2
1064 1021 1161 1077 huj,
1183 1022 1385 1078 quaest.).
1402 1022 1455 1063 Et
1468 1019 1572 1064 ideo
1593 1019 1715 1064 sicut
1733 1023 1922 1075 peccata

30 1078 275 1139 sequentia
295 1083 515 1127 virtutem
534 1082 766 1139 passionis
786 1081 951 1127 Christi
974 1095 1066 1126 non
1081 1083 1316 1139 auferunt,
1341 1082 1402 1126 ita
1424 1081 1563 1126 etiam
1587 1094 1680 1125 non
1704 1082 1924 1126 auferunt

31 1143 330 1199 baptismum,
357 1148 408 1188 ut
431 1156 622 1188 necesse
650 1144 710 1188 sit
741 1143 896 1200 ipsum
930 1143 1106 1200 iterari,
1141 1143 1226 1188 sed
1257 1142 1530 1199 poenitentia
1565 1142 1923 1200 superveniente

33 1205 206 1250 tollitur
227 1210 487 1262 peccatum,
512 1204 636 1261 quod
653 1205 934 1261 impediebat
948 1204 1165 1249 effectum
1186 1204 1421 1261 baptismi.

86 1268 152 1312 Ad
172 1269 417 1311 secundum
431 1267 698 1322 dicendum,
713 1266 856 1323 quod,
871 1266 993 1310 sicut
1006 1267 1295 1323 Augustinus
1312 1266 1423 1311 dicit
1435 1267 1591 1321 (super
1603 1266 1719 1310 illud
1735 1269 1863 1310 Joan.
1889 1280 1920 1324 1,

30 1331 120 1375 Sed
132 1344 212 1387 eqo
235 1331 482 1374 nesciebam
506 1342 625 1385 eum,
645 1333 779 1374 tract.
803 1333 831 1374 5
854 1329 902 1373 in
923 1331 1055 1375 Joan.
1079 1342 1200 1375 vers.
1222 1330 1323 1384 fin.)
1344 1344 1355 1372 :
1383 1348 1404 1368 «
1425 1332 1539 1374 Ecce
1558 1337 1663 1386 post
1698 1332 1807 1373 Joan
1816 1341 1923 1373 nem

31 1391 312 1448 baptizatum
336 1396 423 1446 est,
446 1395 552 1448 post
579 1391 857 1436 homicidam
879 1403 973 1435 non
994 1397 1066 1436 est
1091 1391 1399 1448 baptizatum3
1424 1391 1534 1448 quia
1565 1393 1767 1435 Joannes
1797 1391 1923 1436 dedit

31 1452 314 1511 baptiSmum
336 1465 491 1511 suum,
513 1453 746 1498 homicida
765 1454 894 1499 dedit
914 1454 1199 1510 baptismum
1218 1454 1412 1499 Christi:
1436 1454 1561 1510 quod
1577 1458 1921 1498 sacramentum

33 1519 127 1560 tam
145 1521 359 1560 sanctum
383 1521 471 1572 est,
493 1521 548 1560 ut
565 1528 651 1560 nec
669 1516 902 1561 homicida
919 1517 1211 1561 ministrante
1226 1517 1476 1573 polluatur.
1500 1535 1522 1555 n

87 1577 154 1622 Ad
177 1580 363 1621 tertium
386 1575 653 1634 dleendum,
667 1576 793 1633 quod
813 1577 1018 1621 pauliani
1040 1584 1088 1623 et
1108 1579 1409 1635 cataphrygae
1432 1590 1524 1622 non
1546 1575 1841 1633 baptizabant
1872 1576 1922 1621 in

33 1637 222 1682 nomine
238 1638 486 1682 Trinitatis.
508 1638 638 1682 Unde
658 1638 906 1694 Gregorius
925 1639 1035 1684 dicit
1062 1639 1272 1684 scribens
1290 1638 1480 1692 Quirino
1510 1639 1728 1694 episcopo
1752 1638 1814 1692 (in
1838 1638 1922 1682 Re·

31 1700 139 1807 ξπ.
158 1700 238 1745 lib.
255 1714 316 1756 111,
330 1699 464 1756 epist.
487 1702 558 1756 61,
574 1699 739 1757 parum
754 1700 781 1743 a
798 1701 963 1757 princ.)
978 1717 989 1745 ε
1008 1701 1093 1747 «Hi
1111 1701 1314 1746 haeretici
1328 1702 1407 1759 qui
1423 1702 1471 1745 in
1486 1700 1718 1745 Trinitatis
1735 1700 1923 1746 nomine
1988 1697 1990 1699 ’

83 1762 225 1806 11111110
253 1761 561 1819 baptizantur,
595 1762 717 1807 sicut
743 1768 856 1808 sunt
884 1763 1130 1809 Bonosiani
1155 1767 1206 1809 et
1232 1765 1534 1821 cataphrygae
1551 1782 1571 1802 »
1604 1762 1714 1819 (qui
1747 1763 1921 1807 scilicet

33 1823 156 1869 idem
172 1823 438 1868 sentiebant
452 1836 560 1868 cum
575 1824 842 1881 paulianis),
858 1843 878 1864 «
894 1825 1004 1882 quia
1019 1830 1066 1871 et
1079 1826 1145 1869 illi
1163 1826 1391 1871 Christum
1406 1829 1551 1870 Deum
1570 1836 1664 1868 non
1679 1823 1918 1879 credunt‚»

33 1885 350 1930 existimantes
378 1885 533 1942 ipsum
561 1886 737 1932 scilicet
765 1899 868 1933 esse
904 1900 1074 1944 purum
1102 1887 1356 1944 hominem,
1388 1892 1438 1931 et
1463 1886 1558 1942 isti,
1585 1885 1763 1931 scilicet
1794 1887 1922 1929 Cata-

34 1947 240 2005 phrygae,
260 1965 281 1985 «
301 1948 516 2004 Spiritum
537 1952 750 1992 sanctum
767 1961 987 2005 perverso
1011 1962 1157 1995 sensu
1173 1961 1278 1994 esse
1292 1948 1542 2006 quemdam
1558 1959 1754 2004 pravum
1771 1947 1922 1991 homi-

35 2021 160 2068 nem,
177 2012 440 2054 Montanum
457 2009 634 2055 scilicet
650 2010 869 2066 credunt,
891 2012 1006 2056 tales
1021 2015 1128 2057 011111
1143 2011 1204 2057 ad
1217 2017 1428 2056 sanctam
1442 2009 1693 2054 Ecclesiam
1709 2010 1919 2065 veniunt,

34 2070 338 2127 baptizantur,
354 2071 464 2128 quia
477 2071 712 2128 baptisma
735 2084 827 2116 non
859 2073 960 2129 fuit,
982 2073 1106 2129 quod
1125 2073 1173 2117 in
1190 2085 1346 2118 errore
1360 2071 1498 2129 positi
1523 2072 1571 2115 in
1592 2076 1765 2116 sanctae
1779 2072 1922 2115 Trini-

35 2132 144 2176 tatis
167 2133 356 2177 nomine
371 2132 563 2178 minime
583 2138 947 2190 perceperunt.»
967 2135 1069 2190 Sed,
1086 2135 1210 2179 sicut
1233 2134 1279 2177 in
1309 2133 1485 2190 regulis
1511 2133 1625 2177 0001.
1657 2132 1850 2188 (scilicet
1873 2132 1920 2176 in

34 2192 115 2238 111).
131 2195 194 2238 De
209 2193 537 2238 ecclesiasticis
548 2194 707 2250 dogm.
723 2207 827 2252 cap.
844 2198 910 2247 52)
927 2196 1112 2251 dicitur,
1129 2196 1191 2240 «si
1208 2194 1287 2252 qui
1304 2194 1428 2251 apud
1442 2193 1547 2238 11105
1560 2193 1798 2238 haereticos
1806 2192 1922 2250 bap-

39 2254 162 2298 tizati
179 2259 290 2299 sunt
318 2255 398 2311 qui
416 2256 465 2300 in
488 2263 663 2300 sanctae
690 2257 921 2302 Trinitatis
945 2257 1238 2302 confessione
1263 2255 1577 2313 baptizabant,
1592 2254 1849 2300 etveniunt
1864 2253 1922 2299 ad

35 2315 309 2360 catholicam
324 2317 479 2373 fidem,
491 2318 772 2375 recipiantur
793 2323 846 2363 ut
860 2318 1092 2375 baptizati.
1112 2337 1133 2358 »

89 2378 159 2424 Ad
173 2382 386 2434 quartum
397 2379 661 2427 dicendum,
676 2379 816 2437 quod,
829 2381 949 2426 sicut
960 2382 1069 2426 dicit
1082 2384 1257 2426 Decret.
1270 2379 1513 2426 Alexandri
1524 2382 1578 2424 111
1593 2382 1714 2436 (quae
1727 2380 1923 2424 habetur

35 2451 136 2496 cap.
155 2444 219 2483 De
234 2441 408 2496 quibus,
423 2444 495 2498 11,
509 2444 573 2485 De
599 2441 726 2498 bapt.
742 2447 788 2486 et
806 2442 864 2487 de
882 2443 983 2499 ejus
996 2442 1193 2498 effect.):
1230 2461 1250 2481 «
1267 2446 1328 2487 Βο
1356 2442 1529 2500 quibus
1556 2441 1752 2487 dubium
1772 2447 1844 2487 est
1862 2452 1921 2486 an

33 2500 251 2558 baptizati
279 2502 466 2557 fuerint,
486 2502 793 2560 baptizentur,
813 2504 884 2548 his
899 2504 1055 2549 verbis
1081 2504 1334 2561 praemissis
1358 2519 1369 2548 :
1403 2504 1446 2547 Si
1477 2504 1734 2560 baptizatus
1750 2516 1817 2558 es,
1835 2515 1923 2560 ego

35 2575 130 2607 non
146 2567 192 2608 te
206 2562 387 2620 baptizo
401 2580 415 2620 3
434 2564 515 2610 sed
531 2565 571 2609 si
587 2565 795 2610 nondum
819 2566 1079 2623 baptizatus
1093 2579 1161 2623 es,
1179 2579 1267 2623 ego
1285 2571 1328 2611 te
1341 2565 1539 2622 baptizo,
1560 2572 1667 2622 etc.,
1686 2578 1780 2609 non
1798 2565 1922 2609 enim

35 2625 219 2670 videtur
232 2626 387 2670 iterari
402 2627 526 2682 quod
543 2628 750 2673 nescitur
765 2640 870 2673 esse
885 2630 1075 2673 sactum.
1094 2647 1114 2667 ι»

90 2686 158 2730 Ad
171 2690 379 2742 quintum
392 2687 658 2745 dicendum,
674 2689 800 2746 quod
810 2694 1060 2746 utrumque
1077 2693 1437 2744 sacramentum,
1454 2688 1630 2732 scilicet
1646 2688 1861 2744 baptismi
1877 2690 1923 2733 et

36 2749 349 2804 Eucharistiae,
363 2752 868 2807 estrepraesentativum
882 2753 1126 2797 dominicae
1136 2752 1298 2797 mortis
1308 2756 1354 2796 et
1365 2750 1611 2807 passionIs,
1626 2750 1684 2794 ali
1692 2758 1758 2795 ter
1767 2756 1923 2796 tamen

37 2816 83 2857 et
97 2811 229 2858 aliter
247 2825 261 2858 ε
278 2824 389 2857 nam
418 2813 465 2857 in
480 2813 710 2871 baptismo
723 2822 1112 2860 commemoratur
1127 2828 1254 2860 mors
1270 2815 1450 2872 Christi,
1471 2815 1752 2870 inquantum
1784 2815 1923 2860 homo

36 2874 213 2919 Christo
238 2875 554 2931 commoritur,
578 2880 631 2920 ut
657 2877 706 2921 in
740 2890 909 2922 novam
938 2879 1079 2922 vitam
1114 2883 1432 2933 regeneratum
1459 2877 1543 2921 sed
1565 2877 1609 2920 in
1633 2883 1924 2922 sacramento

35 2935 333 2980 Eucharistiae
361 2943 750 2983 commemoratur
762 2951 888 2984 mors
907 2940 1086 2996 Christi,
1105 2940 1379 2996 inquantum
1400 2939 1500 2994 ipse
1516 2938 1723 2982 Christus
1757 2948 1925 2994 passus

36 2997 279 3042 exhibetur
308 2999 459 3054 nobis,
476 2999 607 3056 quasi
625 3000 840 3055 paschale
856 3002 1141 3056 convivium,
1161 3001 1418 3046 secundnm
1448 3000 1561 3044 illud
1578 3002 1627 3053 (1.
1644 3000 1846 3044 Corinth.
1877 3014 1918 3055 v,

37 3061 78 3113 7)
94 3071 106 3101 ε
123 3061 302 3102 Pascha
321 3064 524 3103 nostram
539 3061 796 3104 immolatus
815 3066 879 3105 est
900 3063 1105 3105 Christus
1112 3077 1130 3118 ,-
1151 3065 1303 3116 itaque
1321 3061 1569 3117 epulemur.
1595 3063 1643 3104 Et
1659 3062 1767 3117 quia
1784 3062 1923 3105 homo

35 3119 181 3163 semel
199 3119 418 3176 nascitur,
437 3121 671 3166 multoties
699 3126 854 3167 autem
884 3123 1081 3178 cibatur,
1098 3123 1244 3167 semel
1269 3125 1450 3166 tantum
1480 3121 1615 3166 datur
1644 3122 1919 3179 baptismus,

35 3182 272 3226 multoties
287 3187 440 3227 autem
458 3184 757 3228 Eucharistia.

75 3303 122 3345 (t)
140 3303 184 3337 Si
206 3304 287 3348 quis
313 3304 456 3339 dixerit
484 3305 526 3339 in
539 3305 658 3340 tribus
690 3308 933 3340 sacramentis
1021 3307 1119 3341 unde
1135 3318 1175 3340 ea
1193 3308 1332 3342 iterari
1350 3317 1426 3341 non
1451 3311 1629 3351 possunt,·
1650 3310 1850 3342 anathema
1874 3306 1924 3342 sit

35 3349 224 3394 Baptismo
241 3351 378 3385 scilicet
391 3378 401 3393 ,
429 3352 717 3393 Confirmatione
734 3360 765 3387 ct
795 3354 936 3387 Ordine
1020 3357 1106 3396 (sess
1128 3363 1191 3394 vlt,
1208 3367 1281 3388 can.
1294 3355 1340 3395 9).

38 3407 112 3432 non
127 3399 295 3441 imprimi
310 3401 558 3436 characterem
579 3403 619 3434 ivn
635 3403 773 3440 anima,
789 3402 852 3434 hnc
870 3405 934 3441 est,
1061 3403 1105 3435 523»
1132 3403 1188 3436 iiae
1208 3403 1353 3436 rationes
1368 3429 1376 3442 ,
1398 3403 1445 3436 ait
1463 3402 1621 3441 Binum—t,
1641 3415 1706 3436 non
1737 3407 1815 3436 sunt
1840 3402 1926 3436 sim-

39 3446 182 3488 signum
209 3447 391 3488 quoddam
422 3448 625 3491 spirituale
659 3453 691 3484 ct
719 3450 927 3486 indefecti&
1019 3450 1117 3490 pacis
1133 3451 1369 3492 congruentiae,
1387 3450 1444 3484 sed
1459 3450 1577 3491 exipsa
1587 3456 1705 3485 natura
1721 3447 1923 3483 sacramenti
