2170 3808
223 238 306 281 564
877 234 1078 289 QUAEST.
1106 234 1246 288 LXVI,
1283 234 1397 278 ART.
1426 235 1474 277 V.

227 323 274 362 et
293 318 581 373 Augustinus
615 315 727 359 dicit
763 314 828 366 (in
853 314 933 357 lib.
961 317 1023 359 De
1054 315 1196 358 unico
1239 315 1490 371 Baptismo,
1523 328 1609 360 seu
1645 315 1727 360 lib.
1754 329 1796 360 ιν
1817 315 1875 360 de
1897 314 2126 371 Baptismo

228 384 352 423 cont.
374 378 596 422 Donatist.
623 388 723 432 cap.
751 379 822 430 15,
847 382 893 420 et
915 375 995 419 lib.
1019 390 1075 429 vi,
1095 389 1196 432 cap.
1220 380 1309 432 25),
1328 376 1454 433 quod
1486 395 1505 414 «
1521 377 1784 434 baptismus
1798 377 1955 422 verbis
1984 389 2128 421 evan-

228 439 388 497 gelicis
428 443 744 482 consecratur.
766 456 785 476 »
809 440 862 481 Et
882 437 987 481 ideo
1009 442 1190 494 oportet
1209 437 1333 493 quod
1356 438 1404 481 in
1435 438 1584 483 forma
1605 438 1824 496 baptismi
1845 439 2128 494 exprimatur

228 514 367 545 causa
393 499 628 557 baptismi.
656 502 735 543 Est
756 503 912 543 autem
936 499 1038 556 eJ'us
1062 499 1235 555 duplex
1255 512 1399 543 causa
1418 513 1431 543 ε
1451 512 1548 544 una
1579 500 1768 557 quidem
1785 499 2068 556 principalis,
2099 498 2128 544 ὰ

228 575 322 620 qua
341 562 561 607 virtutem
591 561 747 618 habet,
774 574 879 618 quae
911 566 983 605 est
1004 567 1167 605 sancta
1202 560 1423 616 Trinitas3
1455 561 1544 606 alia
1566 568 1722 607 autem
1742 559 2109 606 instrumentalis

228 625 405 669 scilicet
423 624 653 680 minister,
667 623 746 680 qui
770 623 907 667 tradit
926 623 1133 667 exterius
1152 626 1514 667 sacramentum.
1531 626 1585 667 Et
1603 623 1707 668 ideo
1729 623 1961 679 oportetiu
1980 621 2131 667 forma

226 686 445 743 baptismi
470 687 527 732 de
567 691 766 742 utraque
799 684 896 729 fieri
926 685 1230 729 mentionem.
1253 684 1455 729 Minister
1474 689 1628 730 autem
1644 685 1866 742 tangitur,
1886 688 1994 729 cum
2014 683 2103 728 dici
2143 724 2149 735 χ

226 753 340 794 tur:
376 754 473 805 Eyo
501 753 543 792 te
571 749 782 806 baptizo;
818 760 961 792 causa
999 755 1155 792 autem
1193 746 1478 803 principalis,
1499 750 1605 792 cum
1639 747 1808 793 dicitur
1832 763 1843 791 :
1867 750 1920 790 In
1953 748 2130 791 nomine

227 813 396 867 Patris,
419 815 462 855 et
495 811 625 865 Filii,
651 814 695 853 et
713 812 914 866 Spiritus
944 812 1109 853 sancti.
1134 809 1263 853 Unde
1281 809 1380 853 haec
1399 813 1471 853 est
1493 809 1775 854 conveniens
1790 809 1939 852 forma
1956 808 2129 865 baptis-

173 871 176 881 ²
227 873 293 917 mi
321 888 332 917 ε
354 877 449 930 qu
469 877 510 916 te
526 873 704 928 baptizo
721 876 769 915 in
788 874 966 914 nomine
984 873 1157 927 Patris,
1183 875 1226 915 et
1250 871 1377 924 Filii,
1396 874 1439 914 et
1456 873 1653 928 Spirims
1674 874 1823 915 sancti
1841 872 1915 925 (1).
1966 883 1969 885 ⁴

283 934 350 979 Ad
385 938 585 991 primum
619 946 732 990 ergo
755 933 1024 988 dicendum,
1045 932 1171 990 quod
1209 933 1330 977 actio
1362 933 1630 977 attribuitur
1660 933 1991 988 instrumento,
2010 931 2132 979 sicut

229 995 497 1040 immediate
530 995 709 1051 agenti3
750 994 1018 1038 attribuitur
1053 997 1210 1038 autem
1247 993 1516 1050 hujusmodi
1539 994 1659 1038 actio
1692 994 1934 1051 principali
1955 993 2128 1050 agenti,

229 1057 349 1102 sicut
370 1058 419 1101 in
447 1057 583 1114 cujus
601 1057 772 1100 virtute
801 1056 1166 1100 instrumentum
1187 1055 1297 1112 agit.
1328 1058 1381 1099 Et
1409 1055 1512 1100 ideo
1535 1055 1581 1099 in
1608 1056 1757 1100 forma
1779 1056 1996 1113 baptismi
2016 1068 2133 1100 con-

227 1118 471 1163 venIenter
490 1118 780 1174 significatur
802 1117 1017 1162 minister
1041 1122 1095 1162 ut
1117 1130 1341 1162 exercens
1359 1122 1515 1162 actum
1539 1117 1771 1174 baptismi,
1797 1130 1878 1174 per
1897 1118 1984 1162 hoc
2006 1117 2134 1174 quod

229 1180 428 1226 dicitur:
455 1186 549 1238 qu
578 1185 619 1224 te
644 1181 839 1240 baptizo,
861 1181 983 1225 sicut
1008 1184 1055 1225 et
1075 1180 1175 1237 ipse
1195 1181 1418 1224 Dominus
1439 1179 1703 1238 baptizandi
1739 1187 1894 1225 actum
1926 1180 2134 1227 attribuit

228 1244 472 1300 ministris,
490 1243 652 1288 dicens
670 1242 841 1297 (Matth.
862 1242 948 1287 ult.
980 1244 1050 1297 19)
1076 1255 1086 1283 :
1111 1245 1404 1297 Baptizantes
1425 1255 1513 1297 eos,
1541 1247 1631 1287 etc.
1652 1245 1800 1287 Causa
1827 1246 1985 1287 autem
2006 1242 2135 1300 prin-

229 1305 392 1361 cipalis
412 1304 716 1361 significatur,
733 1309 786 1348 ut
808 1303 855 1347 in
877 1303 1014 1360 cujus
1031 1303 1201 1348 virtute
1223 1308 1570 1348 sacramentum
1590 1304 1759 1361 agitur,
1783 1317 1866 1361 per
1901 1305 1990 1349 hoc
2007 1304 2133 1361 quod

229 1366 400 1411 dicitur
422 1382 432 1410 ε
458 1370 512 1409 ln
541 1369 717 1409 nomine
742 1369 914 1422 Patria,
945 1368 989 1409 et
1014 1365 1136 1422 Filii,
1163 1369 1206 1408 et
1233 1368 1433 1421 Spirit‘zzs
1455 1369 1630 1422 sancti5
1650 1378 1743 1409 non
1771 1366 1895 1410 enim
1926 1365 2134 1410 Christus

229 1428 431 1485 baptizat
463 1429 565 1473 sine
588 1432 718 1473 Patre
741 1433 787 1473 et
817 1428 987 1484 Spiritu
1017 1433 1198 1472 sancto.
1221 1428 1361 1472 Graeci
1383 1432 1540 1472 autem
1562 1441 1655 1472 non
1686 1428 1945 1473 attribuunt
1976 1433 2134 1473 actum

229 1491 446 1547 baptismi
472 1491 716 1543 ministris,
739 1490 798 1535 ad
817 1489 1089 1534 evitandum
1108 1489 1406 1545 antiquorum
1431 1502 1651 1546 errorem,
1677 1490 1757 1547 qui
1780 1490 2001 1535 virtutem
2019 1490 2135 1547 bap-

233 1552 355 1597 tismi
378 1552 723 1609 baptizantibus
742 1551 1076 1606 attribuebant,
1097 1551 1306 1594 dicentes
1329 1553 1378 1605 (1.
1400 1553 1500 1595 Cor.
1527 1565 1556 1606 1,
1579 1554 1647 1606 42)
1671 1567 1681 1595 :
1712 1555 1810 1608 qu
1845 1566 1946 1595 sum
1979 1553 2131 1608 Pauli,

230 1618 273 1658 et
303 1628 381 1670 eqo
407 1616 600 1670 Cephae5
623 1618 669 1658 et
690 1613 795 1658 ideo
818 1613 980 1657 dicunt
1002 1625 1015 1657 ε
1040 1615 1307 1668 Baptizeiur
1329 1626 1486 1655 servus
1518 1612 1708 1671 Christi,
1734 1614 1852 1669 talis,
1881 1616 1930 1656 in
1958 1617 2136 1658 nomine

228 1678 382 1719 Patris
420 1677 496 1732 (2),
518 1680 607 1720 etc.
651 1679 704 1719 Et
745 1675 855 1732 quia
889 1674 1164 1732 exprimitur
1201 1678 1335 1718 actus
1357 1674 1592 1720 exercitus
1622 1687 1706 1732 per
1738 1675 2004 1720 ministrum
2026 1688 2136 1722 cum

230 1737 524 1782 invocatione
543 1737 794 1794 Trinitatis,
810 1749 976 1782 verum
988 1737 1142 1793 perfici
1152 1741 1226 1780 tur
1245 1742 1607 1781 sacramentum.
1622 1736 1752 1790 Quod
1773 1743 1928 1782 autem
1950 1738 2136 1784 additur

230 1811 309 1855 eqo
327 1799 375 1843 in
401 1800 548 1843 forma
566 1803 742 1854 nostra,
758 1811 854 1843 non
878 1802 950 1843 est
966 1799 1024 1844 de
1043 1798 1306 1843 substantia
1327 1798 1504 1855 formae,
1525 1797 1607 1843 sed
1624 1799 1812 1855 ponitur
1830 1799 1889 1845 ad
1910 1800 2135 1857 majorem

229 1862 578 1918 expressionem
601 1861 887 1906 intentionis.

285 1923 352 1968 Ad
379 1925 627 1967 secundum
664 1923 934 1979 dicendum,
958 1923 1084 1980 quod
1122 1923 1231 1980 quia
1272 1922 1447 1967 ablutio
1479 1923 1679 1968 hominis
1703 1923 1753 1967 in
1786 1936 1909 1980 aqua
1948 1927 2135 1982 propter

230 1986 378 2029 multa
412 1981 510 2029 fieri
549 1989 714 2042 potest,
742 1988 925 2042 oportet
961 1985 1088 2041 quod
1116 1984 1451 2029 determinetur
1473 1985 1521 2029 in
1537 1985 1694 2030 verbis
1725 1986 1904 2042 formae,
1927 1987 1986 2031 ad
2023 1987 2135 2044 quid

229 2047 309 2091 fiat
330 2063 339 2090 ε
368 2047 495 2104 quod
520 2047 710 2104 quidem
732 2059 825 2091 non
846 2047 898 2091 fit
914 2059 997 2103 per
1016 2047 1105 2091 hoc
1125 2047 1251 2104 quod
1271 2047 1464 2092 dicitur:
1491 2051 1545 2091 In
1557 2050 1735 2091 nomine
1748 2051 1919 2103 Patris,
1937 2052 1983 2092 ec
2004 2049 2131 2107 Filii,

231 2112 275 2152 et
294 2112 494 2165 Spiritus
520 2112 686 2165 sancti,
711 2109 821 2166 quia
840 2109 999 2153 omnia
1023 2110 1071 2152 in
1102 2109 1180 2153 tali
1209 2109 1398 2154 nomine
1422 2109 1577 2155 facere
1600 2109 1843 2166 debemus,
1866 2116 1918 2154 ut
1939 2110 2136 2157 habetur

232 2172 422 2226 (Coloss.
444 2174 522 2227 ιιι).
545 2174 598 2215 Et
621 2172 722 2216 ideo
742 2172 781 2215 si
803 2184 899 2215 non
919 2171 1208 2228 exprimatur
1226 2175 1360 2215 actus
1374 2171 1592 2228 baptismi
1616 2172 1689 2216 vel
1709 2184 1792 2229 per
1810 2172 2002 2216 modum
2028 2186 2136 2219 nos-

234 2238 373 2288 trum,
391 2233 465 2278 vel
486 2246 569 2290 per
583 2234 776 2278 modum
805 2237 1084 2290 Graecorum,
1106 2246 1201 2278 non
1230 2234 1468 2290 perficitur
1487 2240 1851 2290 sacramentum,
1875 2235 2135 2281 secundum

230 2295 357 2339 illam
378 2295 663 2339 Decretalem
687 2295 934 2339 Alexandri
956 2297 1009 2339 ΙΙΙ
1031 2297 1153 2352 (quae
1178 2295 1376 2339 habetur
1401 2307 1502 2353 cap.
1527 2298 1578 2339 Si
1598 2298 1713 2351 quis,
1736 2298 1798 2340 De
1818 2295 2050 2353 baptismo
2089 2302 2136 2342 et

230 2358 333 2413 ejus
356 2358 528 2411 effect.)
555 2372 565 2401 :
597 2375 616 2394 «
640 2357 683 2400 Si
705 2358 810 2414 quis
827 2370 1026 2414 puerum
1062 2363 1131 2402 ter
1153 2358 1201 2401 in
1226 2370 1349 2414 aqua
1370 2357 1598 2402 immersit
1619 2357 1666 2402 in
1693 2357 1883 2403 nomine
1905 2358 2068 2416 Patris,
2090 2365 2137 2406 et

235 2420 345 2476 Filii,
371 2424 418 2463 et
446 2419 640 2474 Spiritus
671 2420 836 2474 sancti,
863 2431 1025 2475 amen,
1055 2424 1103 2464 et
1132 2433 1226 2464 non
1260 2420 1428 2464 dixerit
1452 2432 1463 2462 :
1498 2424 1594 2476 qu
1619 2424 1663 2463 te
1678 2421 1856 2477 baptizo
1883 2424 1930 2464 in
1958 2425 2137 2466 nomine

230 2485 397 2538 Patris,
415 2486 460 2524 et
475 2481 592 2535 Filii,
613 2484 656 2524 et
668 2483 867 2536 Spiritus
882 2484 1047 2536 sancti,
1065 2494 1216 2537 amen,
1241 2493 1336 2525 non
1359 2486 1432 2526 est
1446 2493 1563 2538 puer
1581 2481 1854 2538 baptizatus.
1875 2501 1897 2522 n

286 2543 352 2588 Ad
374 2547 560 2587 tertium
583 2543 849 2599 dicendum,
869 2543 994 2599 quod
1009 2543 1153 2588 verba
1170 2556 1276 2600 quae
1298 2543 1599 2600 proferuntur
1615 2543 1663 2587 in
1687 2544 1848 2588 formis
1866 2556 2135 2591 sacramen-

232 2614 400 2661 torum,
429 2619 521 2651 non
542 2607 908 2663 pronuntiantur
934 2605 1086 2650 solum
1111 2608 1253 2650 causa
1272 2605 1584 2662 significandi,
1610 2605 1693 2650 sed
1719 2606 1858 2651 etiam
1873 2610 2017 2652 causa
2032 2608 2136 2654 effl-

233 2669 403 2726 cicndi,
436 2668 716 2725 inquantum
754 2669 926 2713 habent
951 2669 1207 2713 efficaciam
1232 2667 1290 2711 ab
1329 2668 1408 2711 illo
1441 2667 1590 2711 Verbo
1621 2679 1705 2724 per
1729 2668 1853 2724 quod
1882 2669 2003 2714 facta
2027 2677 2136 2716 sunt

233 2731 412 2787 omnia3
431 2735 477 2775 et
494 2730 598 2775 ideo
613 2731 947 2776 convenienter
965 2731 1230 2787 diriguntur
1252 2743 1345 2774 non
1365 2730 1516 2775 solum
1540 2730 1598 2774 ad
1617 2730 1829 2775 homines
1854 2744 1948 2775 non
1965 2732 2135 2778 intelli-

234 2798 414 2849 gentes,
441 2792 523 2837 sed
542 2793 684 2837 etiam
709 2793 770 2838 ad
788 2798 1028 2838 creaturas
1051 2792 1382 2849 insensibiles,
1409 2797 1461 2837 ut
1482 2795 1590 2837 cum
1610 2792 1780 2837 dicitur
1797 2805 1810 2836 ε
1830 2797 2054 2839 Exorcizo
2075 2800 2134 2852 te,

233 2859 450 2899 creatura
467 2855 598 2900 salis.

287 2917 354 2962 Ad
374 2920 586 2972 quartum
610 2917 879 2974 dicendum,
903 2919 1028 2976 quod
1049 2919 1207 2976 plures
1221 2918 1363 2963 simul
1386 2931 1480 2962 non
1501 2922 1700 2975 possunt
1713 2930 1863 2963 unum
1881 2918 2134 2978 baptizare,

234 2979 343 3035 quia
358 2985 490 3022 actus
505 2979 840 3035 multiplicatur
860 2981 1121 3026 secundum
1144 2980 1577 3037 multiplicationem
1597 2979 1853 3038 agentium,
1873 2980 1912 3024 si
1936 2980 2134 3037 perfecta

235 3041 292 3085 ab
308 3053 593 3098 unoquoque
616 3048 798 3098 agatur.
820 3045 873 3086 Et
897 3044 965 3088 sic
987 3045 1027 3088 si
1050 3043 1356 3089 convenirent
1373 3044 1483 3101 duo,
1504 3054 1705 3099 quorum
1737 3055 1861 3087 unus
1884 3047 2010 3088 esset
2029 3056 2135 3089 mu·-

231 3106 327 3158 tus,
363 3104 442 3159 qui
470 3116 563 3148 non
594 3110 754 3161 posset
788 3105 997 3162 proferre
1031 3106 1190 3164 verba,
1219 3111 1265 3151 et
1298 3106 1419 3150 alius
1456 3117 1623 3150 carens
1654 3104 1890 3160 manibus,
1931 3105 2011 3162 qui
2039 3118 2134 3151 non

232 3170 392 3220 posset
414 3177 631 3211 exercere
662 3171 835 3222 actum,
867 3181 960 3212 non
994 3174 1188 3226 possent
1211 3168 1350 3213 ambo
1379 3167 1521 3212 simul
1558 3167 1805 3224 baptizare,
1827 3178 1925 3211 uno
1952 3167 2134 3213 dicente

280 3288 321 3327 ll)
335 3287 413 3322 Hoec
428 3289 517 3328 apud
534 3290 683 3332 Latinos,
702 3292 767 3327 ista
780 3294 861 3328 vero
877 3293 966 3334 apud
984 3294 1115 3328 Graecos
1131 3306 1141 3328 ε
1229 3297 1351 3328 tamen
1362 3303 1536 3337 neqamus
1549 3293 1640 3336 quin
1652 3295 1684 3327 et
1698 3302 1765 3335 per
1774 3292 1846 3326 illa
1858 3292 1987 3328 verba:
2001 3292 2133 3338 Bapti-

237 3336 474 3381 Baptizalur,
491 3338 548 3371 vel
561 3338 771 3381 baptizetur
786 3350 912 3376 servus
931 3342 1077 3377 Christi
1094 3343 1141 3378 N.
1227 3343 1430 3377 zelai-talis
1439 3352 1564 3378 servus
1579 3341 1718 3376 GhrIsti
1729 3342 1926 3376 innomine
1941 3342 2080 3384 Patris,
2099 3343 2133 3377 ee

237 3385 277 3416 in
293 3385 441 3420 ‘nomine
453 3385 596 3428 Patris,
610 3387 761 3427 etFilii,
776 3392 808 3422 et
820 3389 992 3434 Spiritus
1007 3391 1140 3441 gano-li.
1227 3391 1554 3433 Filii‚etSpirae'tas
1562 3390 1692 3429 sancti.
1707 3390 1762 3423 vel
1775 3401 1786 3424 .-
1798 3390 1881 3434 bapt
1889 3391 2011 3424 izatur
2019 3390 2134 3424 mam·-

297 3432 338 3473 12)
355 3432 574 3467 validitatem
604 3435 704 3473 hujus
727 3435 845 3470 formae
870 3438 1053 3472 confitetur
1079 3440 1143 3472 Eu·
1227 3438 1294 3472 bus
1305 3439 1393 3472 meis
1407 3438 1506 3478 talis,
1515 3438 1711 3472 innomine
1724 3437 2135 3483 Patr-isetFiziietSpi-

235 3480 353 3521 genius
368 3481 411 3515 IV
432 3481 465 3516 in
479 3482 600 3517 concil.
629 3483 653 3516 F
658 3483 779 3518 lorent.
801 3484 904 3520 Addit
919 3487 1010 3521 enim
1033 3499 1039 3521 :
1056 3487 1142 3523 Non
1227 3488 1325 3522 ritas
1344 3487 1476 3527 sancti,
1492 3496 1619 3522 verum
1632 3486 1856 3530 perficiatur
1871 3485 2070 3530 baptisma.
