2170 3808
134 208 218 250 518
309 241 311 244 .
806 204 1005 256 QUAEST.
1036 204 1157 258 an,
1189 205 1308 247 ART.
1336 204 1368 248 1.

135 287 240 332 dam
271 287 503 343 praedictae
535 285 746 342 pecuniae
768 286 1099 341 quantitateni;
1125 285 1209 330 sed
1233 287 1320 330 hoc
1344 290 1561 342 operatur
1591 287 1691 332 sola
1711 286 1928 332 voluntas
1956 299 2028 333 re-

135 349 221 405 gis.
248 349 377 394 Unde
398 354 440 393 et
466 347 729 392 Bernardus
758 346 868 391 dicit
890 347 938 391 in
964 347 1167 404 quodam
1198 359 1415 393 sermone
1447 349 1504 394 de
1536 351 1678 393 Coena
1699 349 1878 393 Domini
1909 350 1956 404 (Ι.
1979 349 2028 394 in

134 411 276 455 Coena
311 410 507 462 Domini,
531 414 578 453 et
601 409 873 453 inscribitur
891 413 958 454 De
980 412 1228 466 Bapttsmo,
1255 421 1357 466 cap.
1385 412 1429 464 2)
1452 423 1465 456 ε
1494 428 1515 448 κ
1537 410 1663 455 Sicut
1685 410 1934 455 investitur
1953 423 2029 455 ca·

133 472 331 516 nonicus
357 483 437 526 per
455 470 644 523 librum,
668 470 814 516 abbas
833 483 916 528 per
934 471 1173 528 baculum,
1193 470 1441 528 episcopus
1459 484 1542 528 per
1558 472 1804 527 annulum,
1824 471 1892 516 sic
1909 471 2030 517 divi-

132 532 289 578 siones
308 532 562 588 gratiarum
585 532 783 578 diversae
801 538 929 587 sunt,
953 534 1134 580 traditae
1153 533 1457 578 sacramentis
1477 535 1552 588 (1).
1576 554 1596 574 2,
1617 534 1703 579 Sed
1722 534 1759 578 si
1781 533 1885 590 quis
1905 533 2030 580 recte

132 594 424 651 consideret,
461 594 548 640 iste
582 595 753 640 modus
779 608 874 640 non
900 596 1193 641 transcendit
1226 595 1454 640 rationem
1478 596 1627 652 signi;
1664 608 1772 641 nam
1807 596 2029 642 denarius

131 657 381 713 plumbeus
403 669 496 701 non
521 661 593 702 est
611 657 701 702 nisi
724 657 961 714 quoddam
991 659 1182 715 signum
1206 658 1346 713 regiae
1375 657 1678 703 ordinationis
1712 658 1770 703 de
1793 659 1880 703 hoc
1902 658 2028 715 qued

131 719 332 774 pecunia
352 719 603 776 recipiatur
626 720 684 764 ab
705 720 794 764 isto
814 735 824 764 ε
851 720 1062 765 similiter
1091 719 1209 765 liber
1231 724 1304 765 est
1325 719 1559 777 quoddam
1583 721 1801 778 signum,
1831 732 1925 777 quo
1947 719 2027 765 de-

131 780 347 835 signatur
370 781 555 826 traditio
577 781 895 827 canonicatus.
924 781 1190 826 Secundum
1213 782 1302 826 hoc
1325 782 1466 839 igitur
1494 788 1786 827 sacramenta
1807 793 1941 825 novae
1960 781 2027 827 le-

131 842 205 899 gis
229 843 343 888 nihil
366 844 472 900 plus
494 849 654 889 essent
675 845 816 901 quam
841 844 977 901 signa
996 844 1180 901 gratiae;
1205 848 1313 889 cum
1336 849 1490 889 tamen
1508 857 1566 889 ex
1583 845 1743 890 multis
1760 850 2026 890 sanctorum

131 906 488 951 auctoritatibus
513 906 741 951 habeatur
774 905 900 964 quod
923 911 1215 952 sacramenta
1246 919 1382 952 novae
1403 907 1521 963 legis
1545 919 1641 953 non
1670 908 1822 953 solum
1846 907 2026 964 signifi·

131 973 266 1027 cant,
302 969 385 1014 sed
408 974 607 1014 causant
630 968 845 1025 gratiam.
869 995 927 1002 —
955 972 1009 1014 Et
1037 968 1142 1015 ideo
1164 970 1296 1015 aliter
1318 970 1569 1015 dicendum
1598 971 1724 1029 quod
1750 971 1926 1028 duplex
1953 974 2026 1017 est

130 1041 275 1075 causa
296 1043 470 1090 agenS,
495 1032 767 1088 principalis
799 1036 845 1077 et
873 1032 1262 1077 instrumentalis.
1292 1033 1562 1090 Principalis
1593 1033 1782 1090 quidem
1807 1036 2026 1090 operatur

130 1103 216 1148 per
244 1094 466 1139 virtutem
498 1106 596 1138 suae
623 1094 784 1138 formae
803 1094 878 1138 cui
902 1094 1186 1139 assimilatur
1216 1094 1410 1139 effectus
1427 1128 1440 1150 ,
1471 1095 1593 1139 sicut
1614 1094 1737 1150 ignis
1758 1107 1846 1139 suo
1873 1094 2024 1141 calore

130 1154 371 1212 calefacit,
359 1170 369 1180 ·
397 1161 443 1201 et
456 1156 546 1201 hoc
562 1157 702 1202 modo
726 1157 840 1201 nihil
860 1160 1013 1213 potest
1032 1169 1227 1202 causare
1247 1157 1462 1212 gratiam,
1483 1157 1572 1202 nisi
1593 1161 1728 1214 Deus,
1749 1156 1859 1214 quia
1877 1157 2024 1214 gratia

131 1215 246 1259 nihil
267 1221 335 1261 est
355 1217 481 1262 aliud
515 1219 656 1274 quam
691 1219 906 1274 quaedam
930 1218 1205 1275 participata
1229 1218 1483 1262 similitudo
1515 1218 1685 1263 divinae
1709 1223 1915 1272 naturae,
1945 1230 2025 1265 se-

129 1278 338 1324 cundum
358 1280 475 1325 illud
496 1283 560 1332 (ΙΙ.
587 1280 705 1324 Petri
723 1295 752 1337 1,
778 1283 851 1336 4):
873 1285 1045 1337 Maqna
1063 1282 1204 1339 nobis,
1229 1285 1274 1324 et
1289 1284 1492 1337 pretiosa
1513 1285 1735 1340 memissa
1752 1281 1959 1338 donavit,
1974 1285 2027 1327 ut

130 1339 294 1385 divinae
316 1345 454 1386 simus
473 1346 700 1386 consortes
717 1347 909 1386 naturae.
927 1344 1075 1387 Causa
1094 1343 1206 1388 vero
1226 1343 1595 1388 instrumentalis
1614 1356 1709 1387 non
1730 1343 1828 1399 agit
1840 1356 1922 1400 per
1938 1344 2027 1390 vir·

129 1405 274 1448 tutem
298 1417 396 1449 suae
416 1405 595 1461 formae,
618 1405 701 1450 sed
721 1406 871 1450 solum
892 1418 975 1462 per
990 1410 1168 1450 motum
1184 1419 1277 1463 quo
1299 1411 1515 1451 movetur
1533 1406 1561 1450 a
1582 1406 1825 1463 principali
1841 1410 2022 1475 agente.

128 1466 255 1511 Unde
286 1467 481 1513 effectus
505 1480 598 1512 non
635 1468 921 1513 assimilatur
941 1468 1284 1524 instrumento,
1310 1468 1395 1514 sed
1420 1468 1664 1525 principali
1698 1468 1877 1525 agenti;
1903 1467 2025 1515 sicut

126 1526 279 1573 lectus
303 1542 398 1574 non
416 1530 703 1574 assimilatur
726 1530 907 1584 securi,
933 1530 1017 1574 sed
1037 1530 1142 1588 arti,
1167 1542 1272 1586 quae
1293 1533 1366 1574 est
1386 1529 1435 1575 in
1458 1536 1615 1575 mente
1638 1530 1842 1575 artificis.
1865 1532 1919 1575 Et
1937 1531 2025 1577 hoc

126 1590 266 1635 modo
290 1597 584 1636 sacramenta
608 1591 882 1647 novaelegis
910 1592 1108 1648 gratiam
1141 1596 1370 1636 causant:
1395 1592 1677 1637 adhibentur
1705 1592 1831 1636 enim
1865 1604 1924 1636 ex
1952 1593 2025 1637 di-

126 1651 235 1696 vina
258 1653 550 1698 ordinatione
572 1654 841 1698 hominibus
862 1654 922 1701 ad
944 1654 1142 1710 gratiam
1166 1655 1211 1698 in
1237 1655 1306 1699 eis
1328 1655 1629 1700 causandam.
1657 1655 1786 1699 Unde
1808 1655 2024 1711 Augusti-

126 1726 218 1758 nus
229 1714 340 1760 dicit
360 1717 545 1769 (Contra
565 1718 806 1771 Faustum,
830 1715 910 1760 lib.
930 1729 1017 1771 xix,
1032 1728 1137 1773 cap.
1158 1719 1229 1770 16,
1252 1714 1279 1758 a
1294 1716 1464 1771 med.):
1490 1734 1510 1754 «
1526 1718 1632 1761 Haec
1653 1717 1828 1773 omnia,
1848 1717 2024 1762 scilicet

126 1778 509 1833 sacramentalia,
546 1778 667 1824 fiunt
699 1783 745 1823 et
778 1782 1053 1834 transeunt3
1079 1778 1229 1822 virtus
1252 1782 1409 1823 tamen
1428 1812 1441 1834 ,
1466 1779 1642 1823 scilicet
1670 1779 1774 1834 Dei,
1811 1791 1916 1836 quae
1936 1780 2023 1824 ista

126 1845 360 1897 operatur,
379 1841 555 1898 jugiter
575 1846 750 1885 manet.
778 1859 796 1879 »
823 1843 920 1884 Hoc
940 1845 1097 1885 autem
1120 1840 1307 1897 proprie
1330 1840 1499 1885 dicitur
1528 1841 1918 1898 instrumentum,
1943 1854 2023 1898 per

126 1901 251 1958 quod
274 1902 444 1959 aliquis
464 1908 684 1959 operatur
705 1918 716 1946 ι
743 1902 868 1947 unde
886 1907 933 1947 et
954 1903 1052 1957 (Tit.
1077 1916 1140 1959 111,
1164 1905 1206 1956 5)
1232 1901 1400 1948 dicitur
1420 1915 1431 1946 :
1453 1903 1613 1947 Salvos
1634 1916 1715 1947 nos
1733 1906 1841 1957 fecit
1857 1916 1940 1959 per
1954 1904 2023 1946 la-

127 1977 315 2008 vacrum
335 1968 690 2021 reqenerationis
712 1967 787 2019 (2).

180 2026 245 2071 Ad
258 2030 461 2083 primum
485 2039 596 2082 ergo
622 2026 895 2083 dicendum,
927 2026 1054 2084 quod
1081 2039 1225 2072 causa
1246 2027 1515 2085 principalis
1540 2039 1635 2071 non
1664 2026 1849 2085 proprie
1870 2031 2022 2084 potest

126 2087 212 2132 dici
239 2088 429 2145 signum
451 2090 663 2143 effectus,
688 2089 796 2133 licet
816 2087 1003 2143 Occulti,
1028 2090 1210 2135 etiamsi
1234 2089 1336 2146 ipsa
1355 2089 1416 2134 sit
1434 2088 1670 2134 sensibilis
1688 2094 1736 2133 et
1749 2090 2020 2148 manifesta3

123 2150 204 2195 sed
229 2163 371 2197 causa
394 2151 784 2207 instrumentalis,
809 2151 849 2195 si
870 2152 930 2196 sit
949 2152 1216 2203 manifesta,
1234 2156 1389 2209 potest
1410 2152 1500 2196 dici
1520 2152 1710 2208 signum
1729 2151 1920 2196 effectus
1941 2164 2021 2196 oc-

125 2213 252 2269 culti,
276 2213 332 2259 eo
351 2213 478 2271 quod
502 2227 598 2259 non
619 2215 771 2259 solnm
791 2219 862 2259 est
885 2227 1053 2271 causa,
1075 2215 1164 2275 sed
1182 2215 1323 2260 etiam
1346 2213 1690 2271 quodammodo
1713 2213 1923 2270 effectus,
1947 2214 2021 2260 in-

124 2281 352 2333 quantum
370 2281 586 2322 movetur
606 2277 633 2320 a
655 2278 901 2334 principali
918 2282 1101 2334 agente.
1118 2280 1174 2323 Et
1194 2278 1454 2323 secundum
1470 2278 1559 2322 hoc
1580 2281 1869 2322 sacramenta
1889 2290 2021 2323 novae

123 2338 239 2393 legis
261 2338 403 2383 simul
425 2343 538 2383 sunt
559 2351 716 2383 causae
739 2344 786 2384 et
808 2340 971 2397 signa3
998 2345 1045 2385 et
1067 2340 1178 2385 inde
1199 2346 1272 2385 est
1292 2340 1418 2397 quod
1432 2374 1445 2396 ,
1473 2340 1595 2385 sicut
1616 2339 1928 2385 communiter
1948 2340 2020 2385 di-

124 2402 259 2459 citur,
279 2421 299 2440 «ι
322 2401 533 2447 efficiunt
551 2403 675 2459 quod
696 2402 918 2458 figurant.
938 2423 958 2442 υ
984 2406 1050 2448 Ex
1070 2416 1164 2460 quo
1179 2403 1317 2448 etiam
1335 2407 1463 2460 patet
1483 2404 1610 2461 quod
1627 2403 1802 2448 habent
1819 2404 2020 2461 perfecte

123 2464 350 2510 rationem
373 2465 672 2520 sacramenti,
695 2465 976 2522 inquantum
1004 2466 1283 2511 ordinantur
1305 2466 1366 2511 ad
1387 2466 1563 2523 aliquid
1591 2476 1804 2523 sacrum,
1830 2478 1926 2510 non
1945 2479 2017 2511 so-

123 2525 220 2571 lum
240 2539 325 2583 per
346 2526 540 2571 modum
565 2527 707 2584 signi,
731 2527 816 2573 sed
838 2527 979 2572 etiam
1002 2540 1086 2584 per
1105 2527 1300 2573 modum
1322 2539 1494 2572 causae.

177 2587 243 2633 Ad
278 2589 523 2632 secundum
557 2589 808 2634 dicendum
828 2623 840 2645 ,
876 2589 1003 2646 quod
1035 2589 1400 2634 instrumentum
1436 2588 1578 2634 habet
1613 2588 1733 2634 duas
1765 2588 1975 2636 actiones
2003 2605 2018 2637 ε

122 2663 265 2696 unam
290 2651 713 2707 instrumentalem,
738 2652 999 2697 secundum
1022 2664 1164 2709 quam
1184 2656 1406 2709 operatur
1428 2664 1521 2696 non
1550 2651 1599 2695 in
1620 2651 1792 2696 virtute
1813 2651 2017 2710 propria,

119 2712 203 2758 sed
224 2712 274 2757 in
293 2712 466 2758 virtute
489 2712 761 2770 principalis
774 2714 965 2771 ,agentis
989 2727 1003 2759 ε
1027 2713 1167 2758 aliam
1186 2716 1343 2758 autem
1362 2712 1503 2757 habet
1522 2712 1750 2757 actionem
1765 2714 2017 2772 propriam,

119 2787 225 2832 quae
246 2776 468 2832 competit
490 2776 533 2820 ei
563 2777 824 2822 secundum
844 2776 1080 2833 propriam
1102 2778 1318 2833 sormam,
1338 2776 1461 2821 sicut
1480 2775 1633 2820 securi
1655 2776 1877 2832 competit
1890 2776 2017 2821 scin-

119 2837 229 2882 dere
252 2837 433 2883 ratione
464 2850 562 2882 suae
587 2839 827 2896 acuitatis,
852 2839 1005 2883 facere
1036 2842 1193 2883 autem
1218 2838 1416 2895 lectum,
1445 2837 1725 2895 inquantum
1747 2842 1819 2883 est
1838 2839 2017 2885 instru-

118 2904 331 2944 mentum
355 2900 499 2957 artis3
526 2912 620 2944 non
644 2905 801 2945 autem
828 2900 1008 2958 perficit
1037 2900 1445 2945 instrumentalem
1468 2900 1699 2945 actionem
1717 2934 1729 2956 ,
1766 2900 1856 2944 nisi
1881 2913 2017 2947 exer-

118 2961 266 3006 cendo
287 2962 520 3007 actionem
544 2963 779 3019 propriam
795 2996 807 3019 ‚
833 2962 1091 3007 scindendo
1113 2962 1239 3008 enim
1261 2961 1373 3007 facit
1404 2961 1597 3007 lectum.
1622 2963 1676 3007 Et
1707 2962 1919 3009 similiter
1941 2976 2014 3008 sa·

118 3027 356 3067 eramenta
393 3023 651 3081 corporalia
690 3036 773 3080 per
804 3024 1040 3081 propriam
1075 3023 1393 3081 operationem
1411 3056 1423 3078 ,
1461 3036 1604 3081 quam
1640 3029 1858 3069 exercent
1892 3025 2016 3070 circa

116 3096 289 3140 corpus
320 3086 446 3156 quod
480 3091 707 3144 tangunt,
738 3086 946 3131 efficiunt
967 3086 1284 3144 operationem
1322 3086 1729 3131 instrumentalem
1759 3098 1820 3132 ex
1845 3087 2016 3133 virtute

116 3146 275 3193 divina
308 3147 433 3191 circa
465 3149 697 3199 animam
734 3149 857 3193 sicut
887 3163 1009 3206 aqua
1031 3149 1248 3206 baptismi
1284 3149 1519 3195 abluendo
1551 3161 1722 3206 corpus
1753 3150 2013 3195 secundum

115 3209 353 3268 propriam
370 3210 591 3255 virtutem
614 3212 761 3257 abluit
783 3213 1002 3269 animam,
1036 3213 1315 3269 inquantum
1340 3218 1412 3257 est
1443 3213 1808 3258 instrumentum
1829 3213 2013 3258 virtutis

159 3328 351 3370 fflAnnon,
367 3327 482 3369 inquit
502 3327 646 3366 Nicolai,
665 3333 775 3363 tamen
795 3330 843 3363 sic
861 3330 1019 3370 expirat-i
1147 3331 1189 3370 (2)
1215 3330 1286 3365 Hoc
1320 3342 1453 3371 quoque
1493 3329 1613 3364 concil.
1651 3329 1795 3364 milevit.
1826 3341 1898 3364 can.
1929 3330 1950 3364 2
1975 3335 2011 3366 et

114 3380 224 3417 potest
240 3381 277 3410 ut
293 3388 360 3410 non
389 3376 431 3409 ad
446 3376 584 3409 modum
613 3377 809 3412 conferendi
824 3380 966 3418 gratiam
987 3378 1021 3412 id
1106 3378 1227 3412 concil.
1247 3387 1273 3412 ιι
1290 3379 1486 3413 Arausican.
1507 3390 1579 3412 can.
1597 3378 1640 3412 25
1655 3384 1688 3411 et
1717 3378 1837 3412 concil.
1859 3378 2010 3414 Florent.

114 3423 311 3464 reserat‚sed
320 3424 532 3459 solummodo
541 3424 582 3458 ad
594 3426 879 3465 comparationem
891 3427 1022 3466 symbo·
1106 3430 1140 3461 et
1154 3426 1275 3461 concii.
1291 3427 1447 3462 Trident.
1466 3427 1559 3469 (sess,
1578 3434 1641 3468 vn,
1658 3438 1732 3462 can.
1748 3427 1780 3467 2,
1798 3427 1818 3461 6
1833 3430 1867 3461 et
1879 3426 1924 3468 ⁷).

114 3470 227 3507 lorum
246 3485 317 3514 quae
337 3474 481 3507 exterius
496 3473 703 3507 adhibentur
724 3475 759 3508 in
777 3474 1021 3510 sacramentis?
