2170 3808
199 251 280 294 572
854 248 1049 300 QUAEST.
1080 248 1230 303 LXVI,
1253 249 1371 291 ART
1398 249 1452 292 X.

257 332 601 375 ARTICULUS
625 331 688 374 X.
711 354 768 362 —
788 342 928 373 uranu
952 342 1077 372 ursus
1108 342 1188 379 Quo
1219 341 1418 371 ECCLESM
1443 343 1484 372 m
1509 341 1767 372 BAP‘rizANno
1792 342 1963 386 amun,
1987 341 2054 373 srr

973 403 1229 435 convenii-:Ns
1261 391 1336 444 (1).
1774 425 1777 428 .

264 461 313 495 De
330 460 383 494 his
400 460 502 494 etiam
523 462 616 495 Sene.
633 468 685 502 lv,
702 460 782 495 dist.
795 460 830 502 2,
850 465 968 502 quoest.
986 469 1012 501 ι,
1032 466 1098 494 art.
1111 460 1133 493 5
1151 458 1238 498 ad7,
1260 461 1295 493 et
1308 458 1386 492 dist.
1402 459 1435 500 6,
1451 466 1571 500 quaest.
1588 468 1628 501 11,
1642 463 1708 494 art.
1725 459 1741 493 4
1752 458 1975 501 ,quaestiunm
1991 467 2046 493 ιιι

255 515 322 558 Ad
339 514 573 559 decimum
599 514 669 560 sic
683 515 964 572 proceditur.
982 519 1025 559 1.
1042 514 1229 558 Videtur
1245 513 1368 570 quod
1387 525 1478 557 non
1497 514 1557 558 sit
1571 513 1859 558 conveniens
1873 513 1992 557 ritus
2015 525 2110 583 quo

199 575 406 620 Ecclesia
435 579 581 622 utitur
617 577 666 621 in
700 577 1000 649 baptizando.
1036 579 1089 620 Ut
1123 576 1247 620 enim
1282 574 1393 619 dicit
1422 576 1779 633 Chrysostomus
1818 575 2031 627 (habetur
2058 574 2108 618 in

199 639 465 711 Fragment.
483 639 756 684 Chromatn
746 653 793 683 1n
811 639 1020 683 Biblioth.
1040 640 1121 682 ΡΡ.
1138 643 1185 682 et
1199 635 1532 682 Deconsecrat.
1548 649 1651 694 cap.
1665 640 1736 695 10,
1754 636 1861 681 dist.
1877 638 1966 690 4),
1957 647 2110 679 ‹nun-
2148 640 2151 686 j

201 702 344 756 quam
361 714 496 758 aquae
512 702 730 758 baptismi
747 715 836 758 pur
839 713 951 757 gare
966 705 1158 758 peccata
1173 700 1462 744 credentium
1480 705 1688 757 possent,
1707 699 1796 743 nisi
1815 703 1940 742 tactu
1957 697 2109 743 domi-

200 761 293 806 nici
326 764 534 820 corporis
565 764 865 808 sanctificatae
882 763 1097 806 fuissent.
1118 781 1138 801 »
1171 765 1264 806 Hoc
1295 767 1450 804 autem
1470 762 1645 805 factum
1677 761 1765 806 fuit
1794 761 1842 804 in
1877 760 2111 816 baptismo

202 825 384 882 Christi,
406 826 485 882 qui
505 826 767 870 celebratur
800 825 847 869 in
877 825 997 869 festo
1027 825 1313 881 Epiphaniae.
1345 827 1462 880 Ergo
1486 825 1636 880 magis
1665 823 1857 868 deberet
1886 822 2110 867 celebrari

201 887 427 931 solemnis
443 888 705 944 baptismus
721 888 767 931 in
800 887 921 931 festo
938 887 1205 944 Epiphaniae
1221 885 1363 943 quam
1379 885 1427 929 in
1444 885 1601 942 vigilia
1615 886 1803 931 Paschae
1821 890 1868 929 et
1889 885 1937 928 in
1953 884 2111 941 vigilia

202 949 516 993 Pentecostes.

2143 183 2170 437 Ξ

2151 437 2170 513 {i

258 1012 301 1054 2.
332 1013 572 1066 Praeterea,
596 1010 654 1054 ad
687 1010 811 1054 idem
841 1014 1186 1054 sacramentum
1214 1022 1311 1053 non
1345 1009 1530 1053 videtur
1557 1009 1791 1066 pertinere
1819 1008 2110 1053 diversarum
2145 1006 2150 1058 ζ

201 1073 505 1117 materiarum
518 1086 651 1117 usus.
672 1073 759 1117 Sed
773 1072 829 1117 ad
846 1072 1133 1129 baptismum
1151 1072 1352 1128 pertinet
1366 1071 1542 1115 ablutio
1554 1083 1704 1128 aquae.
1724 1070 2112 1116 inconvenienter

201 1133 343 1190 igitur
376 1135 454 1179 ille
477 1135 556 1191 qui
584 1135 860 1191 baptizatur,
886 1135 959 1180 bis
989 1135 1234 1191 inungitur
1263 1134 1366 1179 oleo
1403 1137 1582 1188 sancto,
1603 1133 1808 1190 primum
1829 1133 1878 1177 in
1904 1137 2108 1190 pectore,

203 1196 372 1242 deinde
392 1198 514 1242 inter
530 1197 764 1254 scapulas,
783 1202 829 1241 et
844 1197 979 1241 tertio
1000 1198 1249 1241 chrismate
1268 1197 1315 1240 in
1336 1197 1524 1241 vertice.

258 1262 300 1302 3.
339 1261 580 1316 Praeterea,
613 1264 662 1302 in
689 1260 872 1302 Christo
895 1263 1000 1302 Jesu
1033 1274 1123 1302 mm
1151 1264 1218 1303 est
1251 1259 1483 1302 masculus
1517 1262 1561 1302 et
1601 1259 1804 1314 soemina,
1828 1257 2052 1300 barbarus
2070 1260 2112 1300 et
2146 1270 2148 1274 ·

202 1323 371 1377 Scytha
394 1325 450 1376 (2)
472 1323 663 1377 (Coloss.
698 1337 759 1378 111,
797 1323 894 1379 11)3
917 1328 963 1367 et
996 1323 1161 1367 eadem
1179 1323 1354 1367 ratione
1384 1334 1470 1366 nec
1503 1321 1672 1378 aliquae
1710 1320 1813 1365 aliae
1841 1319 2111 1377 hujusmodi
2151 1328 2155 1336 ³

203 1384 493 1429 differentiae.
517 1383 655 1429 Multo
681 1384 825 1440 igitur
845 1385 1003 1428 minus
1018 1385 1265 1429 diversitas
1282 1384 1482 1428 vestium
1507 1383 1682 1439 aliquid
1699 1389 1918 1438 operatur
1945 1382 1994 1427 in
2019 1381 2113 1427 fide

203 1446 384 1490 Christi.
413 1445 796 1491 Inconvenienter
814 1446 957 1501 igitur
972 1446 1216 1502 baptiZatis
1235 1446 1430 1491 traditur
1448 1445 1647 1490 candida
1661 1444 1819 1488 vestis.
2148 1459 2152 1486 5

260 1511 302 1552 4.
321 1510 561 1564 Praeterea,
577 1508 679 1552 sine
694 1507 962 1563 hujusmodi
973 1507 1280 1552 observantiis
1298 1511 1450 1564 potest
1470 1506 1734 1562 baptismus
1750 1505 1990 1551 celebrari.
2006 1507 2113 1551 Haec
2146 1503 2153 1525 ³

201 1569 345 1625 igitur
378 1582 483 1625 quae
506 1570 628 1614 dicta
661 1576 773 1613 sunt
796 1569 1016 1613 videntur
1049 1581 1153 1613 esse
1182 1568 1436 1625 superflua,
1456 1573 1504 1612 et
1535 1568 1601 1612 ita
1635 1567 2017 1612 inconvenienter
2053 1567 2115 1612 ab
2154 1598 2156 1622 3

203 1631 407 1675 Ecclesia
428 1631 642 1675 instituta
660 1643 765 1675 esse
780 1630 825 1674 in
847 1631 941 1674 ritu
961 1630 1197 1687 baptismi.

260 1692 348 1736 Sed
362 1695 523 1736 contra
539 1697 610 1737 est
630 1691 757 1748 quod
770 1692 975 1736 Ecclesia
990 1692 1167 1748 regitur
1184 1691 1355 1749 Spiritu
1372 1698 1553 1747 sancto,
1570 1690 1651 1747 qui
1662 1689 1777 1735 nihil
1795 1691 2112 1736 inordinatum

203 1758 440 1810 operatur.

252 1822 547 1862 CONCLUSIO.
562 1844 607 1851 -
628 1823 908 1874 Quaecumque
922 1821 967 1862 in
982 1821 1222 1874 baptizandi
1235 1822 1319 1862 ritu
1338 1822 1391 1862 ad
1403 1821 1601 1874 maJ'orem
1610 1821 1914 1862 solemnitatem
1928 1821 2114 1861 observat
2139 1870 2149 1875 Η

202 1875 378 1917 Ecclesia
397 1877 687 1917 convenienter
709 1878 904 1918 instituta
929 1881 1030 1917 sunt
1049 1876 1100 1916 ad
1131 1876 1270 1916 fideles
1295 1877 1582 1926 insu-mentm,
1600 1887 1824 1929 eorumque
1853 1876 2113 1917 devotionem
2146 1887 2153 1932 {ss

203 1932 463 1972 excitandam
483 1936 523 1971 et
541 1933 836 1973 cacodaemonis
852 1934 941 1973 vim
954 1931 1241 1974 cohibendam.
2142 1935 2147 1946 f

259 1996 535 2053 Respondeo
555 1996 805 2041 dicendum
827 1997 954 2053 quod
975 1996 1024 2040 in
1052 2001 1348 2040 sacramento
1368 1995 1587 2052 baptismi
1610 1995 1787 2052 aliquid
1811 1996 1963 2051 agitur
1985 1993 2113 2052 quod

206 2062 277 2102 est
296 2057 354 2103 de
374 2059 652 2102 necessitate
672 2059 968 2112 sacramenti,
987 2062 1033 2102 et
1052 2058 1228 2115 aliquid
1247 2063 1318 2102 est
1332 2058 1459 2114 quod
1474 2057 1533 2102 ad
1569 2057 1819 2114 quamdam
1843 2057 2113 2102 solemnita-

205 2124 299 2164 tem
324 2121 601 2165 sacramenti
637 2121 853 2177 pertinet.
888 2123 950 2165 De
994 2121 1274 2165 necessitate
1313 2120 1504 2177 quidem
1534 2120 1815 2164 sacramenti
1844 2125 1917 2165 est
1944 2120 2111 2176 forma,

204 2194 309 2239 quae
331 2183 549 2239 designat
566 2182 870 2239 principalem
891 2194 1082 2227 causam
1115 2183 1421 2238 sacramenti3
1447 2187 1492 2227 et
1507 2182 1736 2237 minister,
1756 2183 1835 2240 qui
1864 2186 1936 2227 est
1970 2194 2114 2226 causa
2139 2198 2148 2216 ’-

204 2243 598 2300 instrumentalis3
629 2249 675 2289 et
703 2257 821 2289 usus
850 2245 1074 2301 materiae,
1097 2245 1277 2289 scilicet
1304 2243 1480 2289 ablutio
1515 2244 1563 2288 in
1601 2257 1739 2301 aqua,
1761 2256 1866 2301 quae
1898 2244 2114 2301 designat
2139 2253 2144 2278 ῑ

203 2306 511 2363 principalem
531 2308 812 2351 sacramenti
833 2308 1070 2352 effectum.
1085 2332 1140 2340 -—
1159 2309 1332 2351 Caetera
1354 2307 1466 2352 vero
1482 2306 1639 2351 omnia
1658 2307 1830 2363 quaein
1851 2307 1944 2351 ritu
1961 2306 2114 2363 bapti-

204 2369 337 2414 zandi
370 2368 589 2414 observat
612 2369 831 2426 Ecclesia,
856 2370 1008 2427 magis
1036 2371 1273 2426 pertinent
1304 2370 1363 2414 ad
1385 2370 1638 2426 quamdam
1670 2369 2014 2414 solemnitatem
2038 2381 2114 2414 sa·

205 2431 447 2476 crementi.
475 2434 586 2485 Quae
624 2431 815 2488 quidem
856 2433 1138 2477 adhibentur
1177 2433 1224 2476 in
1265 2436 1557 2477 sacramento
1581 2437 1768 2489 propter
1795 2432 1880 2477 tria
1911 2447 1922 2476 ε
1963 2431 2112 2488 primo

205 2493 396 2549 quidem
415 2492 476 2538 ad
497 2493 790 2537 excitandam
814 2494 1109 2539 devotionem
1129 2494 1336 2539 fidelium
1353 2500 1399 2538 et
1420 2494 1729 2556 reverentiam
1749 2494 1808 2538 ad
1842 2505 2114 2538 sacramen-

204 2559 322 2600 tum
345 2555 387 2598 Si
424 2555 547 2600 enim
586 2555 858 2613 simpliciter
892 2556 1025 2602 fieret
1052 2556 1230 2601 ablutio
1269 2556 1317 2599 in
1362 2539 1485 2612 aqua
1507 2556 1685 2626 absque
1723 2555 2035 2612 solemnitate,
2054 2555 2114 2601 de
2140 2607 2144 2613 .

203 2617 329 2661 facili
347 2617 407 2661 ab
426 2617 661 2674 aliquibus
684 2618 995 2663 aestimaretur
1018 2619 1152 2676 quasi
1171 2618 1387 2675 quaedam
1403 2617 1666 2662 communis
1685 2616 1875 2662 ablutio.
1903 2617 2114 2663 Secundo
2142 2626 2147 2674 ζ

205 2679 264 2723 ad
282 2679 493 2724 fidelium
529 2680 898 2724 instructionem.
929 2681 1170 2737 Simplices
1207 2680 1348 2737 enim,
1373 2679 1452 2737 qui
1491 2679 1656 2724 litteris
1686 2692 1781 2723 non
1813 2680 2109 2740 erudiuntur,
2139 2681 2147 2732 J

206 2746 389 2797 oportet
410 2742 596 2786 erudire
612 2754 696 2798 per
716 2743 873 2800 aliqua
892 2743 1135 2788 sensibilia
1154 2742 1307 2800 signa,
1323 2741 1437 2799 puta
1459 2754 1541 2799 per
1563 2742 1769 2798 picturas
1785 2746 1831 2787 et
1852 2742 2008 2800 aliqua
2025 2744 2110 2788 hu-
2138 2763 2142 2786 ·.

200 2801 436 2859 jusmodi3
458 2808 504 2848 et
522 2815 606 2860 per
624 2805 749 2847 hunc
764 2804 959 2849 modum
975 2816 1057 2862 per
1071 2817 1127 2849 ea
1149 2803 1319 2862 quaein
1349 2803 1655 2848 sacramentis
1674 2808 1898 2861 aguntur,
1920 2805 1996 2849 vel
2013 2805 2110 2850 ins-

205 2868 444 2920 truuntur,
468 2866 543 2910 vel
561 2865 872 2910 sollicitantur
893 2867 952 2912 ad
971 2867 1276 2924 quaerendum
1313 2866 1370 2912 de
1400 2866 1472 2910 his
1489 2879 1595 2924 quae
1611 2879 1693 2923 per
1711 2866 1977 2923 hujusmodi
2000 2879 2111 2912 sen·
2128 2875 2134 2885 ²

206 2925 357 2970 sibilia
397 2927 532 2983 signa
567 2928 906 2983 significantur.
940 2931 994 2973 Et
1027 2929 1132 2974 ideo
1155 2929 1266 2986 quia
1288 2933 1455 2985 praeter
1488 2928 1791 2986 principalem
1831 2929 2121 2986 sacramenti,

206 2987 441 3044 effectum,
460 2994 643 3046 oportet
662 2991 876 3047 quaedam
911 2991 1002 3035 alia
1021 2992 1141 3036 scire
1173 2991 1297 3036 circa
1315 2990 1619 3048 baptismum,
1643 2990 1928 3035 conveniens
1953 2991 2042 3036 fuit
2059 2996 2130 3036 ut

206 3049 346 3092 etiam
385 3049 667 3106 quibusdam
705 3052 1016 3097 exterioribus
1057 3052 1207 3110 signis
1238 3056 1705 3110 repraesentarentur.
1729 3052 1878 3096 Tertio
1897 3053 2006 3110 quia
2029 3062 2130 3110 per‘

2161 3148 2170 3167 «Ἰ.

208 3170 375 3207 petuntur
389 3189 399 3205 ,
416 3166 559 3206 ideoque
571 3168 718 3209 probant
734 3181 801 3204 non
822 3170 932 3206 solum
946 3169 1116 3212 rebaptis-
1202 3171 1396 3212 contemni,
1417 3173 1482 3205 ant
1496 3171 1575 3204 sine
1583 3173 1730 3215 peccato
1747 3170 1771 3204 ἀ
1781 3171 1968 3205 ministris
1982 3181 2052 3214 pro
2065 3171 2109 3205 li·

205 3225 300 3248 mum
326 3225 395 3247 esse
413 3213 590 3256 illicitum,
608 3216 664 3250 sed
681 3218 786 3252 etiam
804 3218 1008 3254 invalidum.
1202 3218 1275 3253 bito
1309 3219 1440 3258 omitti,
1475 3222 1541 3253 aut
1568 3219 1611 3252 in
1632 3227 1743 3252 novos
1767 3219 1863 3253 alios
1894 3229 1964 3263 per
1992 3229 2110 3261 quem·

249 3261 294 3302 (4)
317 3261 400 3296 Fide
420 3267 549 3297 constat
567 3264 673 3298 ritum
696 3278 762 3306 quo
787 3267 932 3301 Ecclesia
948 3267 982 3301 in
1009 3267 1118 3308 bapti·
1203 3275 1354 3310 cumque
1370 3267 1608 3301 ecelesiarum
1624 3272 1813 3309 pastorem
1830 3268 1972 3301 mutari
1983 3276 2110 3310 pone,-
2138 3269 2145 3310 {v

206 3310 314 3345 zaudo
334 3310 445 3344 utitur
466 3312 710 3348 convenienter
729 3314 900 3356 adhiberi,
916 3319 955 3350 ut
974 3321 1064 3356 patet
1080 3328 1119 3351 ex
1205 3316 1403 3349 anathema
1422 3316 1484 3349 sit.
2140 3347 2146 3359 ,

208 3357 354 3392 concilio
369 3358 575 3393 Tridentino
596 3362 687 3402 (sess.
713 3362 762 3396 De
783 3375 868 3397 sacr.
888 3375 962 3397 can.
979 3363 1032 3404 45)
1050 3363 1120 3398 :Si
1248 3362 1293 3404 (2)
1317 3361 1461 3401 Vulgata
1485 3374 1494 3396 ι
1533 3361 1593 3396 ubi
1626 3364 1662 3396 et
1698 3362 1924 3403 praemittitur
1948 3372 2026 3396 non
2056 3363 2110 3396 etl

209 3407 293 3448 quis
310 3406 455 3440 dixerit
470 3415 631 3450 receptos
657 3413 690 3442 et
708 3410 932 3453 approbatos
948 3412 1119 3446 Ecclesia?
1207 3410 1356 3453 yentilis
1382 3413 1446 3444 aut
1468 3410 1640 3450 Judoeus,
1664 3411 1893 3445 circumcisio
1913 3414 1944 3446 et
1961 3419 2110 3453 praepu-
2142 3408 2144 3410 ’

208 3453 398 3487 catholicae
423 3455 522 3487 ritus
547 3455 590 3488 in
614 3456 772 3490 solemni
797 3464 1119 3493 sacramentorum
1207 3460 1322 3501 tium;
1342 3457 1466 3492 deiude
1489 3457 1675 3492 barbarus
1691 3461 1724 3492 et
1737 3458 1888 3502 Scytha.

210 3501 536 3537 administratione
576 3503 750 3539 adhiberi
793 3510 985 3541 consuetos
1003 3534 1013 3548 ,
1053 3509 1118 3541 aut
