2170 3808
177 195 256 238 352
826 188 1026 242 QUAEST.
1056 189 1175 245 XLII,
1205 190 1322 233 ART.
1354 190 1421 233 111.

223 272 514 315 CONCLUSIO.
528 292 578 301 —
601 270 693 311 Non
710 270 791 310 fuit
809 270 963 311 Christi
977 270 1163 310 doctrina
1177 269 1335 311 occulta
1351 282 1397 310 ex
1413 270 1575 311 invidia
1590 270 1785 318 docentis,
1804 280 1936 319 neque
1951 280 2070 320 prop-

178 332 236 370 ter
258 326 506 379 paucitatem
528 336 693 374 eorum,
718 325 872 377 quibus
900 325 1220 376 proponebatur3
1239 325 1307 365 sed
1334 326 1497 366 tantum
1516 325 1651 377 quoad
1672 324 1846 365 modum
1880 323 2071 372 docendi3

178 385 222 424 in
241 379 510 434 quibusdam,
525 391 704 432 quorum
719 379 832 431 plebs
848 381 1081 432 promiscua
1096 390 1222 431 capax
1239 391 1322 420 non
1336 385 1435 422 erat.

232 443 506 499 Respondeo
525 442 774 488 dicendum
806 443 931 500 quod
961 443 1171 488 doctrina
1201 442 1398 499 alicujus
1419 447 1696 500 potestesse
1715 442 1764 486 in
1783 440 1967 486 occulto
1989 439 2073 485 tri·

178 506 355 564 pliciter
379 520 390 549 :
413 517 510 550 uno
531 505 672 550 modo
691 509 920 561 quantum
945 505 1002 550 ad
1027 504 1335 549 intentionem
1354 503 1579 563 docentis,
1603 504 1683 561 qui
1716 502 1916 548 intendit
1939 513 2072 547 suam

180 567 437 614 doctrinam
459 579 553 612 non
570 568 868 613 manifestare
885 568 1060 622 multiS,
1080 567 1162 612 sed
1179 567 1330 623 magis
1344 567 1592 612 occultare.
1614 566 1742 620 Quod
1758 565 1944 623 quidem
1958 576 2075 609 con-

181 630 317 686 tingit
335 629 582 686 dupliciter
606 644 619 673 =
639 630 920 688 quandoque
943 642 1001 674 ex
1020 629 1194 675 invidia
1208 628 1433 686 docentis,
1454 630 1533 686 qui
1552 629 1653 673 vult
1668 640 1751 685 per
1770 639 1904 672 suam
1918 627 2075 672 scien-

182 692 291 736 tiam
321 692 549 737 excellere
572 695 654 748 (1);
682 698 728 737 et
755 692 858 737 ideo
887 691 1129 736 scientiam
1152 702 1289 736 suam
1314 703 1411 735 non
1432 691 1532 736 vult
1560 691 1664 736 aliis
1691 688 2036 735 communicare
2055 702 2068 715 ·

180 754 306 811 quod
327 754 375 799 in
397 755 578 800 Christo
599 754 754 799 locum
777 766 871 798 non
894 753 1072 810 habuit,
1093 766 1151 799 ex
1167 753 1304 810 qu'us
1321 763 1519 811 persona
1539 753 1709 798 dicitur
1727 755 1849 809 (Sap.
1873 764 1948 807 vu,
1971 752 2041 806 13)
2056 762 2073 796 t

181 819 330 873 Quam
348 819 444 860 sine
466 818 646 871 fictione
677 818 842 874 didici,
871 820 916 860 et
947 819 1043 859 sine
1061 817 1239 859 invidia
1263 819 1554 873 communico,
1579 820 1623 859 et
1642 816 1923 859 honestatem
1944 813 2075 856 illius

182 891 269 921 non
288 879 527 923 abscondo.
550 878 838 936 Quandoque
859 878 971 923 vero
992 878 1082 923 boc
1103 877 1332 934 contingit
1349 882 1537 935 propter
1555 876 1898 922 inhonestatem
1913 886 2074 919 eorum

182 952 287 997 quae
310 941 555 997 docentur,
580 941 700 985 sicut
719 940 1008 996 Augustinus
1036 940 1148 987 dicit
1177 941 1340 997 (Super
1368 941 1498 984 Joan.
1528 944 1663 985 tract.
1699 942 1770 996 96,
1804 938 1927 983 circa
1953 937 2072 992 fin.),

182 1002 308 1059 quod
333 1019 352 1040 κ
374 1002 589 1059 quaedam
611 1007 723 1047 sunt
753 1003 875 1047 mala
906 1015 1012 1060 quae
1035 1007 1221 1060 portare
1244 1014 1339 1046 non
1365 1005 1519 1058 potest
1546 1000 1901 1059 qualiscumque
1926 998 2077 1057 pudor

183 1062 433 1108 humanus.
456 1083 477 1103 n
507 1063 634 1109 Unde
653 1064 711 1109 de
733 1064 944 1109 doctrina
962 1065 1284 1110 haereticorum
1299 1063 1711 1118 dicunt-(proverb.
1735 1076 1793 1118 ix,
1809 1062 1880 1118 17)
1904 1064 2077 1117 :Aquae

181 1127 361 1180 surtivae
384 1126 609 1170 dulciores
627 1131 733 1171 sunt
757 1130 832 1182 (2).
855 1128 1070 1172 Doctrina
1092 1131 1249 1173 autem
1268 1125 1432 1172 Christi
1452 1138 1547 1171 non
1572 1129 1644 1170 est
1659 1137 1810 1182 neque
1829 1124 1887 1169 de
1902 1135 2074 1181 errore,

184 1199 337 1244 neque
356 1188 413 1233 de
431 1188 741 1234 immunditia.
761 1192 815 1234 Et
832 1189 937 1235 ideo
951 1189 1175 1235 Dominus
1194 1189 1307 1235 dicit
1323 1188 1472 1244 (Marci
1500 1202 1560 1245 iv,
1584 1190 1655 1242 21)
1675 1202 1686 1229 :
1707 1187 1940 1242 Numquid
1958 1189 2079 1230 venit

184 1249 385 1305 lucerna,
411 1249 456 1295 id
473 1255 545 1295 est
563 1263 689 1305 vera,
713 1255 759 1297 et
776 1252 974 1296 honesta
993 1252 1220 1307 doctrina,
1242 1255 1293 1295 ut
1310 1251 1389 1295 sub
1408 1251 1558 1294 modio
1577 1250 1808 1307 ponatur?
1824 1249 1922 1294 Alio
1939 1249 2078 1294 modo

185 1310 340 1368 aliqua
365 1311 575 1357 doctrina
594 1318 666 1357 est
686 1311 735 1357 in
764 1313 963 1371 occulto,
992 1314 1102 1371 quia
1124 1313 1286 1371 paucis
1307 1315 1367 1369 (3)
1385 1311 1661 1370 proponitur
1684 1324 1696 1355 t
1718 1317 1764 1355 et
1786 1311 1854 1356 sic
1874 1310 2078 1355 Christus

186 1372 323 1418 etiam
346 1374 461 1418 nihil
483 1375 641 1420 docuit
660 1374 709 1419 in
733 1375 915 1420 occulto
948 1391 958 1418 :
989 1376 1099 1433 quia
1122 1376 1330 1420 Christus
1348 1386 1537 1419 omnem
1566 1373 1821 1419 doctrinam
1847 1384 1981 1418 suam
2003 1371 2079 1417 vel

189 1434 336 1479 turbae
353 1436 433 1479 toti
450 1436 706 1494 proposuit,
725 1436 801 1481 vel
815 1435 1035 1482 omnibus
1054 1438 1153 1482 suis
1168 1436 1407 1494 discipulis
1421 1437 1470 1480 in
1485 1434 1737 1481 communi.
1755 1434 1884 1479 Unde
1897 1437 2079 1491 Augus-

189 1496 314 1542 tinus
334 1497 445 1542 dicit
464 1500 622 1555 (Super
641 1501 770 1542 Joan.
793 1503 926 1544 tract.
948 1502 1047 1556 113,
1061 1500 1108 1543 in
1123 1499 1290 1553 med.):
1319 1516 1340 1536 «
1355 1497 1466 1552 Quis
1485 1497 1533 1542 in
1554 1497 1736 1542 occulto
1759 1497 1882 1553 loqui
1891 1501 1979 1554 tur,
1998 1496 2081 1554 qui

187 1570 342 1603 coram
364 1563 430 1603 tot
448 1559 718 1605 hominibus
731 1559 952 1618 loquitur,
979 1560 1240 1618 praesertim
1259 1560 1299 1605 si
1317 1560 1406 1605 hoc
1427 1559 1633 1617 loquitur
1650 1557 1828 1616 pauciS,
1851 1556 1976 1615 quod
1997 1569 2082 1615 per

187 1632 268 1665 eos
290 1621 403 1665 velit
432 1621 723 1667 innotescere
742 1623 919 1668 multis.
941 1642 961 1663 υ
985 1624 1134 1668 Tertio
1153 1623 1291 1668 modo
1313 1622 1468 1680 aliqua
1497 1620 1708 1667 doctrina
1732 1625 1803 1665 est
1832 1619 1880 1664 in
1900 1619 2083 1665 occulto

188 1684 417 1740 quantum
439 1684 498 1728 ad
519 1684 712 1729 modum
725 1685 947 1743 docendi3
965 1691 1011 1730 et
1030 1686 1098 1731 sic
1115 1685 1324 1731 Christus
1342 1684 1557 1742 quaedam
1575 1682 1725 1728 turbis
1739 1682 2018 1740 loquebatur
2032 1682 2082 1728 in

188 1745 388 1802 occulto,
404 1745 638 1802 parabolis
655 1753 793 1792 utens
818 1747 879 1792 ad
904 1748 1228 1793 annuntianda
1253 1747 1510 1804 spiritualia
1531 1745 1771 1805 mysteria,
1789 1744 1849 1789 ad
1873 1757 1979 1802 quae
2005 1757 2082 1790 ca-

189 1806 359 1863 pienda
377 1819 469 1851 non
492 1813 625 1853 erant
643 1808 814 1866 idonei,
836 1810 910 1854 vel
937 1810 1065 1866 digni
1092 1823 1104 1853 :
1130 1815 1176 1855 et
1196 1814 1352 1854 tamen
1375 1808 1543 1853 melius
1565 1813 1663 1852 erat
1684 1807 1767 1863 eis,
1802 1806 1874 1851 vel
1896 1807 1964 1851 sic
1993 1806 2082 1851 sub

193 1874 460 1925 tegumento
477 1871 822 1929 parabolarum,
844 1873 1155 1930 spiritualium
1176 1872 1435 1918 doctrinam
1457 1871 1635 1926 audire,
1652 1870 1794 1927 quam
1816 1869 2007 1927 omnino
2028 1869 2083 1915 ea

190 1933 377 1987 privari.
399 1935 570 1978 Harum
588 1939 745 1979 tamen
766 1935 1090 1992 parabolarum
1111 1941 1318 1993 apertam
1337 1939 1385 1979 et
1405 1933 1578 1979 nudam
1599 1933 1839 1978 veritatem
1861 1932 2082 1977 Dominus

193 1994 431 2051 discipulis
446 1995 725 2053 exponebat,
742 2010 825 2054 per
841 2010 961 2054 quos
975 1998 1213 2043 deveniret
1228 1997 1286 2042 ad
1305 1995 1421 2041 alios
1435 2029 1449 2053 ,
1465 1995 1543 2052 qui
1558 1999 1715 2039 essent
1730 1994 1898 2049 idonei,
1915 2006 2083 2039 secun·
2155 2015 2160 2026 =

193 2056 303 2102 dum
315 2057 503 2111 illudffl.
514 2058 705 2104 Timoth.
718 2073 764 2114 ιι,
777 2062 818 2115 2)
833 2075 843 2104 ε
856 2063 963 2117 Quae
975 2062 1146 2104 audisti
1153 2062 1182 2104 ὰ
1195 2073 1266 2104 me
1275 2073 1359 2116 per
1374 2059 1538 2102 multos
1554 2060 1701 2113 testes,
1715 2058 1810 2101 hsaec
1821 2057 2082 2100 commenda

191 2119 401 2173 fidelibus
423 2119 693 2178 hominibus,
717 2126 794 2177 qut
814 2124 967 2166 idonei
988 2126 1122 2167 erunt
1148 2126 1191 2167 et
1220 2122 1335 2165 alios
1365 2122 1542 2164 docere.
1570 2121 1622 2163 Et
1651 2120 1739 2163 hoc
1769 2115 2083 2175 significatum

192 2185 264 2224 est
285 2182 436 2233 (Num.
463 2183 536 2236 iv),
556 2181 635 2226 ubi
659 2183 921 2239 mandatur,
945 2183 1072 2241 quod
1093 2183 1173 2228 filii
1193 2185 1344 2228 Aaron
1364 2181 1654 2226 involverent
1677 2192 1790 2224 vasa
1813 2179 2082 2237 sanctuarii,
2160 2179 2166 2182 '

193 2252 297 2297 quae
315 2241 467 2286 levitae
489 2242 697 2289 involuta
719 2250 972 2301 portarent.

245 2302 312 2348 Ad
330 2307 529 2360 primum
554 2316 667 2361 ergo
689 2306 955 2364 dicendum,
977 2307 1117 2366 quod,
1139 2307 1260 2352 sicut
1277 2306 1477 2351 Hilarius
1499 2303 1611 2350 dicit
1631 2305 1794 2360 (Super
1807 2302 1960 2348 Matth.
1980 2315 2082 2361 cap.

193 2366 262 2413 10,
294 2365 322 2408 a
350 2366 493 2422 med.,
525 2378 768 2422 exponens
796 2368 911 2414 illud
931 2370 1127 2414 verbum
1155 2369 1434 2424 inductum),
1459 2387 1480 2406 α
1504 2379 1598 2410 non
1618 2366 1818 2422 legimus
1838 2365 2085 2409 Dominum

194 2426 383 2472 solitum
407 2428 552 2474 fuisse
574 2430 789 2474 noctibus
816 2431 1134 2487 sermocinari,
1158 2436 1205 2476 et
1235 2431 1492 2476 doctrinam
1514 2428 1760 2482 tradidisse
1782 2427 1831 2471 in
1853 2427 2083 2484 tenebris;

195 2488 278 2533 sed
300 2489 388 2534 hoc
408 2489 535 2546 dicit,
559 2491 670 2548 quia
692 2492 846 2537 omnis
866 2505 1019 2537 sermo
1039 2494 1143 2549 eJus
1161 2493 1428 2537 carnalibus
1456 2490 1655 2536 tenebrae
1673 2494 1801 2544 sunt,
1822 2493 1869 2533 et
1890 2489 2086 2534 verbum

195 2548 298 2607 ejus
323 2550 587 2597 infidelibus
612 2565 705 2597 nox
735 2558 822 2599 est.
854 2557 1011 2612 ltaque
1033 2554 1156 2611 quod
1181 2554 1208 2598 a
1239 2566 1290 2599 se
1310 2554 1485 2598 dictum
1509 2557 1593 2606 est,
1616 2563 1724 2596 cum
1747 2551 1955 2596 libertate
1977 2548 2087 2596 fidei

195 2618 241 2658 et
267 2615 573 2660 confessionis
605 2616 708 2660 vult
740 2629 843 2662 esse
876 2618 1181 2675 loquendum.
1204 2636 1225 2657 »
1262 2617 1341 2661 Vel
1373 2615 1630 2661 secundum
1658 2614 1990 2672 Hieronymum
2021 2614 2088 2668 (in

197 2676 322 2723 hunc
353 2678 478 2735 loc.),
513 2680 826 2736 comparative
854 2681 1077 2738 loquitur,
1109 2680 1218 2738 quia
1247 2679 1461 2724 videlicet
1490 2673 1731 2724 erudiebat
1760 2690 1841 2722 eos
1871 2677 1919 2721 in
1943 2689 2087 2734 parvo

198 2738 364 2783 Judaeae
379 2740 480 2784 loco
498 2747 714 2797 respectu
730 2743 871 2787 totius
885 2743 1065 2798 mundi,
1086 2742 1135 2786 in
1150 2754 1243 2799 quo
1259 2745 1358 2787 erat
1371 2753 1454 2798 per
1469 2739 1784 2798 apostolorum
1802 2739 2087 2796 praedicatio-

199 2812 304 2845 nem
327 2801 537 2847 doctrina
557 2804 720 2849 Christi
743 2804 1040 2861 publicanda.

251 2862 318 2907 Ad
338 2865 585 2908 secundum
604 2865 871 2922 dicendum,
892 2866 1017 2922 quod
1031 2866 1256 2911 Dominus
1271 2878 1364 2909 non
1378 2864 1536 2909 omnia
1549 2863 1778 2921 profunda
1793 2876 1891 2908 suae
1906 2863 2089 2920 sapien-

202 2924 273 2968 tiae
293 2926 380 2969 sua
402 2925 613 2971 doctrina
633 2926 964 2984 manifestavit,
987 2940 1080 2973 non
1104 2928 1253 2972 solum
1274 2927 1437 2984 turbis,
1461 2926 1545 2971 sed
1566 2938 1652 2970 nec
1670 2926 1809 2970 etiam
1825 2924 2086 2983 discipulis,

199 2985 369 3040 quibus
390 2986 506 3032 dixit
524 2990 666 3041 (Joan.
691 3003 781 3045 xv1,
797 2993 867 3045 12)
891 3004 904 3034 :
925 2991 1094 3034 Adhuc
1115 2991 1263 3034 multa
1281 2990 1434 3033 *habeo
1452 2989 1574 3032 vobis
1595 2989 1758 3042 dicere,
1786 3000 1883 3043 quae
1901 3001 1990 3030 non
2008 3000 2089 3043 po-

201 3047 324 3089 testis
344 3051 533 3103 portare
549 3051 696 3095 modd.
721 3051 807 3096 Sed
827 3056 984 3096 tamen
1003 3051 1331 3108 quodcumque
1350 3051 1545 3107 dignum
1564 3049 1695 3094 duxit
1714 3048 1817 3092 aliis
1833 3049 2014 3094 tradere
2030 3047 2088 3092 de

200 3118 285 3152 sua
305 3110 546 3168 sapientia,
575 3125 670 3157 non
696 3113 745 3157 in
767 3114 965 3171 occulto,
992 3114 1076 3159 sed
1099 3113 1254 3170 palam
1275 3113 1532 3171 proposuit,
1553 3111 1659 3156 licet
1682 3123 1775 3155 non
1794 3110 1854 3155 ab
1871 3109 2087 3155 omnibus

243 3247 286 3289 (4)
315 3247 446 3290 Quippe
471 3249 548 3283 cum
576 3261 709 3291 semper
730 3251 858 3288 invidia
880 3252 922 3288 de
944 3252 1102 3292 superbia
1229 3253 1272 3296 (5)
1286 3252 1364 3287 Haee
1381 3249 1657 3294 philosophorum
1677 3250 1894 3292 antiquorum
1909 3248 1975 3283 fuit
1989 3247 2088 3283 disci·

202 3294 291 3331 nasci
306 3295 427 3336 soleat,
444 3298 481 3330 ut
505 3296 745 3333 animadvertit
761 3301 941 3340 Gregorius
966 3302 1101 3344 (Moral.
1188 3300 1303 3344 plina3
1326 3299 1502 3335 scientiam
1516 3299 1608 3334 enim
1621 3310 1734 3333 veram
1754 3298 1823 3333 suis
1838 3296 2010 3339 discipulis
2027 3295 2084 3338 qui

203 3343 263 3379 ΗΒ·
278 3352 378 3386 ΧῊΙΙ,
397 3356 470 3385 ⁰³1)-
488 3343 554 3386 ’ἷ9)-
1189 3348 1388 3384 dicebantur
1402 3347 1531 3382 initiati
1552 3347 1780 3387 reservabant,
1803 3345 1912 3380 turbae
1937 3345 2015 3381 vero
2029 3342 2087 3379 ali·

243 3392 287 3435 (2)
303 3393 367 3428 Ubi
391 3393 541 3435 additur,
569 3398 602 3429 et
618 3396 729 3437 panis
759 3397 995 3431 absconditus
1016 3408 1102 3432 ma·
1191 3397 1272 3438 quid
1291 3396 1515 3431 commentitii
1530 3400 1565 3431 et
1578 3395 1654 3430 falsi
1669 3395 1930 3435 profitebantur.

204 3440 283 3476 υἱον
300 3442 418 3477 eodem
434 3453 543 3477 sensu.
