2170 3808
802 230 1007 283 QUAEST.
1040 229 1094 279 11,
1124 226 1246 269 ART.
1276 225 1333 267 11.
1963 226 2011 266 ιτ

131 321 255 366 aliud
271 319 540 376 adJunctum
564 314 759 360 inveniri
776 320 948 371 posset,
972 313 1100 357 nulla
1123 312 1376 357 necessitas
1398 315 1522 356 esset
1541 310 1856 366 distinguendi
1877 314 2014 357 natu-

132 395 230 427 ram
261 384 289 426 a
311 371 550 438 supposito
568 383 762 427 naturae,
789 375 914 433 quod
936 379 1009 420 est
1040 374 1332 418 individuum
1361 374 1624 419 subsistens
1650 373 1697 417 in
1722 379 1885 417 natura
1915 373 2011 430 illa3

134 444 243 500 quia
263 441 629 498 unumquodque
653 438 943 483 individuum
967 436 1230 481 subsistens
1252 435 1301 479 in
1321 441 1490 480 natura
1508 434 1662 492 aliqua
1682 439 1806 480 esset
1824 435 2015 480 omnino

134 505 256 549 idem
269 515 376 548 cum
400 515 484 546 sua
507 507 690 546 natura.
710 499 943 554 Contingit
961 503 1116 542 autem
1134 496 1179 540 in
1198 496 1479 553 quibusdam
1497 497 1638 541 rebus
1653 495 2015 542 subsistentibus

138 565 328 610 inveniri
353 563 528 619 aliquid
547 561 672 619 quod
692 573 786 605 non
809 559 1010 618 pertinet
1030 559 1090 604 ad
1111 558 1338 602 rationem
1361 557 1546 613 speciei,
1567 557 1740 602 sollicet
1761 555 2015 602 accidentia

137 633 182 671 31
209 626 427 683 principia
450 624 804 677 individuantia3
829 622 949 667 sicut
977 620 1180 666 maxime
1202 623 1392 676 apparet
1412 619 1459 662 in
1491 618 1564 663 his
1586 631 1692 675 quae
1714 624 1824 664 sunt
1842 631 1901 664 ex
1921 631 2016 664 ma-

137 689 250 732 teria
267 692 310 731 et
327 688 474 730 forma
487 685 744 741 composita
765 687 838 739 (1).
860 686 913 728 Et
930 683 1034 728 ideo
1058 683 1105 726 in
1129 681 1295 726 talibus
1317 680 1455 724 etiam
1475 681 1732 725 secundum
1750 693 1846 726 rem
1864 681 2016 726 differt

136 756 298 794 natura
316 756 362 793 et
383 748 691 804 suppositum3
711 760 803 792 non
825 746 956 804 quasi
977 746 1168 790 omnino
1191 744 1346 801 aliqua
1368 747 1595 799 separata,
1613 743 1696 787 sed
1715 743 1824 799 quia
1843 743 1889 787 in
1908 756 2016 801 sup-

134 811 283 867 posito
304 805 554 856 includitur
569 811 670 866 ipsa
689 814 856 855 natura
875 808 1059 866 speciei,
1095 811 1141 853 et
1166 806 1545 864 superadduntur
1567 805 1780 861 quaedam
1800 805 1889 849 alia
1910 818 2018 863 quae

133 877 245 919 sunt
262 878 424 929 praeter
448 873 670 917 rationem
695 871 895 929 speciei:
919 871 1046 915 unde
1065 869 1356 926 suppositum
1381 867 1668 924 significatur
1689 874 1739 911 ut
1763 871 1909 911 totum
1932 869 2017 911 ha-

133 933 251 978 bens
271 939 481 985 naturam
500 935 621 978 sicut
637 940 815 989 partem
832 932 1072 976 formalem
1092 937 1138 975 et
1157 929 1453 987 perfectivam
1474 927 1546 973 sui
1565 943 1577 972 :
1598 933 1645 972 et
1665 934 1851 984 propter
1866 929 2015 973 hocin

134 996 399 1051 compositis
421 1009 476 1040 ex
497 996 691 1040 materia
710 1000 756 1040 et
773 996 923 1039 forma
951 999 1116 1038 natura
1143 1005 1237 1037 non
1262 991 1540 1049 praedicatur
1559 991 1615 1036 de
1645 991 1900 1047 supposito,
1921 1003 2014 1035 non

134 1057 257 1101 enim
276 1057 471 1102 dicimus
487 1056 610 1114 quod
630 1056 705 1101 hic
721 1057 859 1100 homo
879 1056 939 1100 sit
957 1068 1044 1100 sua
1061 1054 1346 1099 humanitas.
1368 1053 1409 1097 Si
1430 1065 1524 1110 qua
1542 1051 1654 1097 vero
1676 1064 1751 1097 res
1768 1057 1840 1097 est
1858 1052 1907 1096 in
1923 1065 2017 1110 qua

133 1119 318 1163 omnino
354 1119 467 1163 nihil
489 1118 615 1163 aliud
635 1123 706 1163 est
736 1122 903 1174 praeter
924 1117 1151 1162 rationem
1174 1116 1343 1173 speciei
1366 1115 1438 1159 vel
1473 1119 1654 1159 naturae
1672 1126 1785 1169 suae,
1807 1113 1929 1158 sicut
1947 1119 2018 1159 est

132 1178 182 1223 in
200 1183 313 1236 Deo,
335 1181 383 1224 in
408 1193 462 1225 ea
480 1193 574 1224 non
605 1185 676 1225 est
698 1179 823 1224 aliud
845 1180 1103 1223 secundum
1123 1191 1223 1223 rem
1245 1177 1538 1234 suppositum
1560 1182 1605 1220 et
1632 1182 1813 1231 natura,
1839 1177 1922 1221 sed
1942 1189 2018 1221 so-

132 1240 230 1286 lum
248 1242 503 1287 secundum
525 1241 749 1286 rationem
769 1240 1056 1297 intelligendi
1075 1255 1087 1284 ε
1111 1241 1222 1297 quia
1242 1246 1409 1283 natura
1428 1239 1596 1282 dicitur
1613 1238 1870 1282 secundum
1895 1237 2018 1294 quod

132 1308 204 1348 est
220 1305 420 1349 essentia
438 1303 675 1361 quaedam3
696 1304 858 1348 eadem
877 1303 988 1348 vero
1012 1303 1182 1347 dicitur
1201 1301 1509 1358 suppositum,
1531 1300 1788 1345 secundum
1803 1300 1929 1357 quod
1947 1305 2019 1345 est

132 1365 407 1412 subsistens.
427 1366 627 1423 Et‘quod
644 1370 714 1410 est
730 1366 904 1410 dictum
922 1366 978 1410 de
993 1366 1250 1422 supposito,
1276 1363 1629 1419 intelligendum
1652 1367 1724 1407 est
1742 1363 1800 1407 de
1818 1374 2018 1419 persona

131 1426 179 1470 in
195 1434 406 1473 creatura
426 1427 637 1473 rationali
670 1427 744 1472 vel
774 1427 1091 1482 intellectuali3
1116 1427 1227 1483 quia
1256 1426 1368 1470 nihil
1396 1425 1522 1469 aliud
1552 1430 1623 1470 est
1651 1437 1851 1481 persona
1877 1424 2018 1482 quam

135 1506 156 1526 «ι
175 1489 411 1534 rationalis
445 1494 623 1534 naturae
654 1489 891 1534 individua
931 1489 1206 1544 substantia,
1232 1507 1252 1527 »
1287 1487 1546 1531 secundum
1584 1486 1790 1530 Boetium
1821 1485 1919 1540 (lib.
1956 1489 2019 1548 De

132 1549 272 1595 duab.
306 1556 400 1595 nat.
428 1563 594 1607 parum
617 1549 645 1593 a
662 1550 843 1607 princ.).
865 1552 1009 1594 Omne
1039 1550 1180 1606 igitur
1199 1549 1322 1606 quod
1355 1549 1477 1592 inest
1508 1547 1644 1592 alicui
1668 1560 1897 1604 personae,
1922 1547 2020 1592 sive

131 1613 357 1668 pertineat
374 1613 433 1657 ad
452 1617 669 1657 naturam
693 1612 797 1668 ers
818 1612 919 1656 sive
941 1625 1053 1667 non,
1075 1612 1236 1656 unitur
1252 1612 1292 1656 ei
1310 1611 1356 1655 in
1377 1622 1593 1667 persona.
1618 1610 1660 1653 Si
1680 1622 1792 1666 ergo
1814 1611 2019 1654 humana

131 1678 298 1719 natura
314 1674 461 1719 Verbo
478 1674 555 1719 Dei
577 1686 668 1718 non
690 1674 849 1718 unitur
866 1673 914 1717 in
938 1686 1154 1730 persona,
1175 1673 1305 1718 nullo
1318 1672 1457 1717 modo
1478 1672 1519 1717 ei
1539 1671 1727 1716 unitur:
1745 1677 1791 1717 et
1813 1671 1880 1716 sic
1901 1677 2020 1716 tota-

132 1733 233 1779 liter
251 1736 422 1780 tollitur
432 1735 766 1780 incarnationis
779 1735 1052 1791 fides,'quod
1064 1739 1135 1779 est
1150 1734 1374 1778 subruere
1385 1737 1530 1778 totam
1544 1733 1682 1778 fidem
1701 1733 2015 1781 christianam.

134 1796 246 1848 Quia
277 1808 387 1852 ergo
415 1796 613 1841 Verbum
638 1796 777 1841 habet
798 1801 1011 1840 naturam
1047 1796 1301 1840 humanam
1322 1794 1408 1839 sibi
1438 1795 1636 1850 unitam,
1660 1807 1756 1838 non
1781 1800 1936 1839 autem
1959 1796 2019 1840 ad

133 1869 267 1902 suam
290 1863 502 1902 naturam
531 1858 735 1902 divinam
756 1858 1081 1914 pertinentem,
1101 1869 1399 1914 consequens
1423 1860 1496 1901 est
1517 1856 1641 1912 quod
1674 1856 1787 1900 unio
1809 1857 1870 1902 sit
1898 1858 2019 1902 facta

133 1920 182 1962 in
204 1919 336 1963 Verbi
354 1932 568 1976 persona,
585 1932 680 1963 non
702 1924 856 1964 autem
876 1920 925 1963 in
946 1924 1113 1963 natura
1127 1921 1203 1973 (2).
1404 1921 1421 1936 '

125 2037 127 2039 q
188 1979 254 2024 Ad
274 1977 472 2035 primum
504 1992 614 2037 ergo
646 1981 910 2037 dicendum,
945 1980 1192 2037 quodlicet
1222 1981 1271 2024 in
1292 1982 1383 2024 Deo
1405 1992 1497 2023 non
1524 1979 1585 2023 sit
1615 1979 1739 2024 aliud
1760 1980 2018 2026 secundum

132 2053 231 2086 rem
253 2046 420 2085 natura
437 2047 484 2085 et
504 2053 716 2097 persona3
740 2041 892 2086 differt
914 2046 1067 2086 tamen
1092 2042 1349 2087 secundum
1365 2042 1555 2086 modum
1575 2041 1880 2097 significandi,
1899 2042 2021 2088 sicut

133 2101 305 2146 dictum
326 2106 398 2146 est
419 2101 483 2156 (in
502 2114 630 2159 corp.
652 2105 782 2159 art.);
808 2103 916 2159 quia
933 2114 1134 2159 persona
1149 2103 1380 2160 significat
1398 2115 1479 2159 per
1499 2103 1689 2147 modum
1706 2102 2016 2149 subsistentis.

134 2165 187 2206 Et
202 2163 311 2220 quia
340 2169 506 2207 natura
530 2164 738 2207 humana
756 2164 823 2208 sic
844 2165 1005 2208 unitur
1026 2165 1189 2220 Verbo,
1212 2169 1266 2209 ut
1288 2164 1489 2208 Verbum
1519 2164 1566 2207 in
1590 2176 1646 2209 ea
1665 2164 1903 2220 subsistat,
1923 2178 2019 2211 non

135 2230 290 2270 autem
305 2232 358 2269 ut
372 2225 547 2282 aliquid
564 2226 762 2270 addatur
779 2225 820 2271 ei
833 2225 891 2270 ad
913 2226 1140 2271 rationem
1164 2238 1262 2270 suae
1282 2231 1478 2284 naturae,
1498 2225 1573 2270 vel
1594 2230 1648 2270 ut
1661 2226 1764 2282 ejus
1783 2231 1952 2272 natura
1970 2228 2016 2272 in

135 2287 260 2331 aliud
281 2290 630 2343 transmutetur3
654 2288 761 2332 ideo
778 2287 888 2332 unio
909 2288 1125 2332 humanae
1150 2292 1328 2333 naturae
1347 2288 1406 2333 ad
1424 2287 1624 2333 Verbum
1645 2288 1722 2333 Dei
1739 2288 1861 2333 facta
1880 2293 1950 2334 est
1970 2289 2022 2334 in·

135 2359 349 2406 persona,
371 2360 465 2392 non
486 2349 533 2392 in
554 2355 734 2393 natura.

188 2410 254 2454 Ad
275 2411 519 2453 secundum
547 2411 813 2466 dicendum,
833 2411 957 2468 qued
983 2411 1286 2468 personalitas
1314 2411 1545 2456 intantum
1568 2412 1769 2467 pertinet
1787 2411 1847 2456 ad
1865 2412 2021 2468 digni-

135 2477 273 2517 tatem
297 2471 489 2528 alicujus
509 2473 574 2517 rei
594 2477 639 2517 et
653 2473 998 2529 perfectionem,
1014 2474 1293 2530 inquantum
1311 2474 1370 2518 ad
1387 2474 1656 2531 dignitatem
1677 2474 1874 2531 alicujus
1892 2475 1958 2519 rei
1973 2480 2021 2520 et

135 2534 460 2591 perfectionem
483 2534 583 2590 eJ‘us
606 2535 804 2591 pertinet
825 2535 948 2592 quod
977 2548 1060 2591 per
1084 2548 1135 2581 se
1160 2536 1346 2592 existat3
1367 2536 1493 2593 quod
1512 2537 1558 2580 in
1591 2536 1779 2580 nomine
1806 2548 2022 2592 personae

134 2595 418 2651 intelligitur.
454 2595 646 2651 Dignius
674 2601 830 2640 autem
858 2601 930 2641 est
957 2597 1093 2642 alicui
1124 2598 1249 2654 quod
1279 2598 1446 2642 existat
1475 2597 1523 2641 in
1547 2597 1701 2654 aliquo
1731 2610 1782 2643 se
1805 2597 2018 2655 digniori,

137 2655 275 2712 quam
295 2655 418 2712 quod
438 2656 605 2700 existat
627 2669 708 2713 per
731 2670 799 2702 se.
822 2656 875 2702 Et
893 2658 996 2703 ideo
1017 2672 1072 2702 ex
1098 2660 1184 2702 hoc
1204 2659 1305 2714 ipso
1331 2660 1536 2704 humana
1558 2664 1724 2703 natura
1746 2659 1929 2715 dignior
1949 2665 2021 2704 est

136 2717 183 2761 111
210 2716 383 2760 Christo
413 2716 551 2773 quam
587 2717 635 2762 in
668 2719 817 2772 nobis,
843 2719 968 2776 quod
991 2720 1036 2763 in
1074 2721 1208 2764 nobis
1229 2720 1363 2778 quasi
1386 2733 1467 2777 per
1486 2733 1537 2765 se
1558 2721 1762 2765 existens
1785 2720 2019 2778 propriam

137 2778 507 2832 personalitatem
522 2779 676 2833 habet,
694 2780 740 2825 in
754 2781 931 2826 Christo
947 2786 1102 2826 autem
1114 2782 1270 2827 existit
1287 2783 1334 2826 in
1350 2795 1549 2838 persona
1563 2783 1696 2827 Verbi
1715 2798 1726 2827 ε
1745 2783 1865 2827 313111
1881 2783 2019 2827 3113111

137 2850 239 2883 3333
253 2840 577 2896 completivum
592 2842 760 2898 speciei
780 2844 980 2900 pertinet
994 2844 1054 2889 ad
1072 2844 1344 2900 dignitatem
1362 2845 1538 2900 formae,
1561 2851 1715 2889 tamen
1740 2845 2018 2889 sensitivum

129 2898 339 2944 ‘nobilius
378 2907 448 2946 est
474 2901 522 2946 in
559 2902 747 2949 homine
775 2909 961 2962 propter
1006 2906 1383 2961 conjunctionem
1415 2906 1474 2951 ad
1511 2906 1783 2951 nobiliorem
1823 2906 2021 2951 sormam

138 2961 472 3018 completivam,
493 2963 632 3019 quam
652 2964 711 3009 sit
729 2965 778 3009 in
801 2965 939 3012 bruto
961 2967 1165 3022 animali,
1190 2967 1238 3011 in
1262 2980 1355 3024 quo
1374 2973 1445 3012 est
1471 2967 1622 3011 forma
1643 2968 1934 3024 completiva,

192 3022 259 3066 Ad
278 3025 458 3066 tertium
483 3024 746 3081 dicendum,
763 3028 888 3084 quod
908 3029 1109 3074 Verbum
1128 3029 1204 3074 Dei
1233 3046 1253 3067 a
1274 3042 1366 3073 non
1389 3029 1642 3085 assumpsit
1661 3030 1915 3074 humanam
1934 3043 2019 3074 na-

139 3088 288 3126 turam
305 3083 353 3126 in
376 3083 640 3143 universali,
661 3087 806 3131 sedin
826 3094 998 3145 atomo,
1021 3109 1042 3127 ι»
1068 3090 1115 3134 id
1132 3096 1218 3145 est,
1236 3090 1283 3133 in
1299 3090 1554 3148 individuo,
1572 3091 1692 3135 sicut
1707 3095 2018 3136 Damascenus

139 3143 404 3212 dicit(0rth.
428 3142 506 3189 fid.
540 3145 620 3190 lib.
641 3159 700 3200 111,
722 3159 822 3205 cap.
858 3154 928 3207 11,
952 3164 1118 3208 parum
1141 3151 1168 3194 a
1187 3153 1354 3208 prium)
1375 3167 1386 3195 ε
1416 3152 1619 3209 alioquin
1643 3159 1876 3209 oporteret
1894 3152 2018 3208 quod

138 3204 325 3248 3111111131
346 3205 519 3248 1101111111
542 3207 811 3252 conveniret
830 3221 932 3255 esse
955 3211 1033 3255 Dei
1052 3212 1267 3270 Verbum,
1293 3212 1413 3256 sicut
1430 3213 1644 3258 convenit
1662 3214 1854 3258 Christo.
1871 3213 2020 3257 Scien-

138 3265 249 3308 dum
264 3269 335 3309 est
357 3270 510 3311 tamen
527 3267 652 3323 quod
667 3279 761 3312 non
780 3272 1315 3326 quodlibetindividuum
1332 3274 1379 3318 in
1397 3285 1566 3330 genere
1580 3275 1852 3319 substantiae
1863 3274 2020 3328 <etiam

180 3351 222 3392 (l)
243 3352 338 3386 Juxta
355 3364 392 3387 ea
411 3366 483 3394 quoe
502 3358 590 3397 part.
612 3355 643 3396 1,
662 3359 779 3398 quoest.
799 3366 850 3399 111,
869 3363 933 3392 art.
949 3360 981 3401 5,
997 3372 1035 3395 ex
1119 3362 1355 3397 confirmatum
1378 3362 1412 3397 in
1438 3362 1558 3396 concil.
1579 3362 1733 3397 Chalced.
1753 3362 1906 3396 universa
1934 3373 2019 3400 pro-

88 3431 103 3440 ,
141 3398 287 3441 professo
304 3398 395 3433 dicta
408 3406 497 3435 sunt.
1120 3409 1236 3443 fitetur
1260 3410 1406 3444 Ecclesia
1424 3410 1459 3443 in
1477 3410 1636 3451 symbolis
1662 3408 1809 3450 Apvstol·
1834 3408 1968 3443 Nicaeno
1985 3413 2020 3443 et

182 3445 224 3487 (2)
241 3445 328 3480 Illud
350 3446 468 3488 dogma
483 3447 660 3485 definitum
676 3450 712 3485 in
730 3451 849 3487 concil.
868 3453 988 3495 Ephes.
1005 3458 1040 3488 et
1122 3456 1308 3492 Athanasii.
