<?xml version="1.0" encoding="UTF-8"?>
<!DOCTYPE html PUBLIC "-//W3C//DTD XHTML 1.0 Transitional//EN"
    "http://www.w3.org/TR/xhtml1/DTD/xhtml1-transitional.dtd">
<html xmlns="http://www.w3.org/1999/xhtml" xml:lang="en" lang="en">
 <head>
  <title>
</title>
<meta http-equiv="Content-Type" content="text/html;charset=utf-8" />
  <meta name='ocr-system' content='tesseract 3.04.00' />
  <meta name='ocr-capabilities' content='ocr_page ocr_carea ocr_par ocr_line ocrx_word'/>
</head>
<body>
  <div class='ocr_page' id='page_1' title='image "./summatheologica06thomuoft_0491.png"; bbox 0 0 2170 3808; ppageno 0'>
   <div class='ocr_carea' id='block_1_1' title="bbox 0 0 51 3808">
    <p class='ocr_par' dir='ltr' id='par_1_1' title="bbox 0 0 51 3808">
     <span class='ocr_line' id='line_1_1' title="bbox 0 0 51 3808; baseline 0 0"><span class='ocrx_word' id='word_1_1' title='bbox 0 0 51 3808; x_wconf 95' lang='lat' dir='ltr'> </span> 
     </span>
    </p>
   </div>
   <div class='ocr_carea' id='block_1_2' title="bbox 487 0 830 34">
    <p class='ocr_par' dir='ltr' id='par_1_2' title="bbox 336 0 830 34">
     <span class='ocr_line' id='line_1_2' title="bbox 487 0 830 34; baseline 0.004 -8.389"><span class='ocrx_word' id='word_1_2' title='bbox 487 0 695 34; x_wconf 39' lang='lat' dir='ltr'>&lt;uerrere-³</span> <span class='ocrx_word' id='word_1_3' title='bbox 729 5 750 7; x_wconf 20' lang='grc' dir='ltr'>η</span> <span class='ocrx_word' id='word_1_4' title='bbox 826 0 830 3; x_wconf 68' lang='grc'>’</span> 
     </span>
    </p>
   </div>
   <div class='ocr_carea' id='block_1_3' title="bbox 96 0 334 101">
    <p class='ocr_par' dir='ltr' id='par_1_3' title="bbox 96 0 334 101">
     <span class='ocr_line' id='line_1_3' title="bbox 96 0 334 101; baseline 0 3707"><span class='ocrx_word' id='word_1_5' title='bbox 96 0 334 101; x_wconf 95' lang='lat' dir='ltr'> </span> 
     </span>
    </p>
   </div>
   <div class='ocr_carea' id='block_1_4' title="bbox 861 207 2066 264">
    <p class='ocr_par' dir='ltr' id='par_1_4' title="bbox 861 207 2066 264">
     <span class='ocr_line' id='line_1_4' title="bbox 861 207 2066 264; baseline -0.004 -12"><span class='ocrx_word' id='word_1_6' title='bbox 861 209 1056 260; x_wconf 87' lang='lat' dir='ltr'>QUAEST.</span> <span class='ocrx_word' id='word_1_7' title='bbox 1087 208 1190 264; x_wconf 80' lang='lat' dir='ltr'>mv,</span> <span class='ocrx_word' id='word_1_8' title='bbox 1216 208 1332 251; x_wconf 65' lang='grc' dir='ltr'><strong>ΛΒΤ.</strong></span> <span class='ocrx_word' id='word_1_9' title='bbox 1361 207 1395 250; x_wconf 91' lang='lat'>1.</span> <span class='ocrx_word' id='word_1_10' title='bbox 1529 229 1537 235; x_wconf 94' lang='lat'>-</span> <span class='ocrx_word' id='word_1_11' title='bbox 1982 207 2066 248; x_wconf 74' lang='lat'>455</span> 
     </span>
    </p>
   </div>
   <div class='ocr_carea' id='block_1_5' title="bbox 190 285 2069 1132">
    <p class='ocr_par' dir='ltr' id='par_1_5' title="bbox 191 285 2066 468">
     <span class='ocr_line' id='line_1_5' title="bbox 191 285 2064 348; baseline -0.004 -11"><span class='ocrx_word' id='word_1_12' title='bbox 191 296 346 337; x_wconf 77' lang='lat' dir='ltr'>nostra</span> <span class='ocrx_word' id='word_1_13' title='bbox 373 294 449 348; x_wconf 75' lang='lat'>(1),</span> <span class='ocrx_word' id='word_1_14' title='bbox 474 291 551 334; x_wconf 84' lang='lat' dir='ltr'>sed</span> <span class='ocrx_word' id='word_1_15' title='bbox 579 291 690 333; x_wconf 79' lang='lat' dir='ltr'>vivit</span> <span class='ocrx_word' id='word_1_16' title='bbox 708 302 766 332; x_wconf 76' lang='lat' dir='ltr'>ex</span> <span class='ocrx_word' id='word_1_17' title='bbox 785 292 950 332; x_wconf 79' lang='lat' dir='ltr'>virtute</span> <span class='ocrx_word' id='word_1_18' title='bbox 970 291 1066 332; x_wconf 80' lang='lat' dir='ltr'>Dei.</span> <span class='ocrx_word' id='word_1_19' title='bbox 1094 288 1136 332; x_wconf 88' lang='lat' dir='ltr'>si</span> <span class='ocrx_word' id='word_1_20' title='bbox 1162 293 1316 332; x_wconf 87' lang='lat' dir='ltr'>autem</span> <span class='ocrx_word' id='word_1_21' title='bbox 1337 286 1683 332; x_wconf 80' lang='lat' dir='ltr'>consideremus</span> <span class='ocrx_word' id='word_1_22' title='bbox 1701 297 1870 341; x_wconf 90' lang='lat' dir='ltr'>corpus</span> <span class='ocrx_word' id='word_1_23' title='bbox 1892 289 1937 330; x_wconf 92' lang='lat' dir='ltr'>et</span> <span class='ocrx_word' id='word_1_24' title='bbox 1962 285 2064 329; x_wconf 87' lang='lat' dir='ltr'>ani-</span> 
     </span>
     <span class='ocr_line' id='line_1_6' title="bbox 191 348 2066 404; baseline -0.004 -4"><span class='ocrx_word' id='word_1_25' title='bbox 191 366 314 399; x_wconf 84' lang='lat' dir='ltr'>mam</span> <span class='ocrx_word' id='word_1_26' title='bbox 336 350 674 399; x_wconf 78' lang='lat' dir='ltr'>Christifnortui</span> <span class='ocrx_word' id='word_1_27' title='bbox 693 351 948 395; x_wconf 80' lang='lat' dir='ltr'>secundum</span> <span class='ocrx_word' id='word_1_28' title='bbox 967 350 1184 394; x_wconf 87' lang='lat' dir='ltr'>virtutem</span> <span class='ocrx_word' id='word_1_29' title='bbox 1207 354 1383 394; x_wconf 83' lang='lat' dir='ltr'>naturae</span> <span class='ocrx_word' id='word_1_30' title='bbox 1407 353 1589 403; x_wconf 79' lang='lat' dir='ltr'>creatae,</span> <span class='ocrx_word' id='word_1_31' title='bbox 1613 348 1680 392; x_wconf 88' lang='lat' dir='ltr'>sic</span> <span class='ocrx_word' id='word_1_32' title='bbox 1700 359 1795 391; x_wconf 89' lang='lat' dir='ltr'>non</span> <span class='ocrx_word' id='word_1_33' title='bbox 1815 351 2066 404; x_wconf 86' lang='lat' dir='ltr'>potuerunt</span> 
     </span>
     <span class='ocr_line' id='line_1_7' title="bbox 192 409 1770 468; baseline -0.004 -8"><span class='ocrx_word' id='word_1_34' title='bbox 192 415 279 460; x_wconf 88' lang='lat' dir='ltr'>sibi</span> <span class='ocrx_word' id='word_1_35' title='bbox 309 415 508 460; x_wconf 84' lang='lat' dir='ltr'>invicem</span> <span class='ocrx_word' id='word_1_36' title='bbox 537 411 727 466; x_wconf 77' lang='lat' dir='ltr'>reuniri,</span> <span class='ocrx_word' id='word_1_37' title='bbox 752 412 834 456; x_wconf 91' lang='lat' dir='ltr'>sed</span> <span class='ocrx_word' id='word_1_38' title='bbox 857 410 1058 468; x_wconf 85' lang='lat' dir='ltr'>oportuit</span> <span class='ocrx_word' id='word_1_39' title='bbox 1076 410 1302 455; x_wconf 85' lang='lat' dir='ltr'>Christum</span> <span class='ocrx_word' id='word_1_40' title='bbox 1336 410 1600 455; x_wconf 88' lang='lat' dir='ltr'>resuscitari</span> <span class='ocrx_word' id='word_1_41' title='bbox 1623 409 1650 453; x_wconf 76' lang='lat' dir='ltr'>a</span> <span class='ocrx_word' id='word_1_42' title='bbox 1664 412 1770 454; x_wconf 79' lang='lat' dir='ltr'>Deo.</span> 
     </span>
    </p>

    <p class='ocr_par' dir='ltr' id='par_1_6' title="bbox 190 470 2064 651">
     <span class='ocr_line' id='line_1_8' title="bbox 247 470 2064 534; baseline -0.004 -12"><span class='ocrx_word' id='word_1_43' title='bbox 247 476 311 522; x_wconf 79' lang='lat' dir='ltr'>Ad</span> <span class='ocrx_word' id='word_1_44' title='bbox 337 480 533 534; x_wconf 80' lang='lat' dir='ltr'>primum</span> <span class='ocrx_word' id='word_1_45' title='bbox 563 485 674 530; x_wconf 87' lang='lat' dir='ltr'>ergo</span> <span class='ocrx_word' id='word_1_46' title='bbox 703 473 968 529; x_wconf 74' lang='lat' dir='ltr'>dicendum,</span> <span class='ocrx_word' id='word_1_47' title='bbox 990 471 1115 529; x_wconf 83' lang='lat' dir='ltr'>quod</span> <span class='ocrx_word' id='word_1_48' title='bbox 1145 472 1303 516; x_wconf 86' lang='lat' dir='ltr'>eadem</span> <span class='ocrx_word' id='word_1_49' title='bbox 1328 475 1397 515; x_wconf 88' lang='lat' dir='ltr'>est</span> <span class='ocrx_word' id='word_1_50' title='bbox 1434 471 1591 516; x_wconf 85' lang='lat' dir='ltr'>divina</span> <span class='ocrx_word' id='word_1_51' title='bbox 1607 471 1756 516; x_wconf 84' lang='lat' dir='ltr'>virtus</span> <span class='ocrx_word' id='word_1_52' title='bbox 1781 473 1828 515; x_wconf 93' lang='lat' dir='ltr'>et</span> <span class='ocrx_word' id='word_1_53' title='bbox 1861 470 2064 526; x_wconf 88' lang='lat' dir='ltr'>operatio</span> 
     </span>
     <span class='ocr_line' id='line_1_9' title="bbox 190 530 2064 591; baseline -0.003 -9"><span class='ocrx_word' id='word_1_54' title='bbox 190 537 334 583; x_wconf 84' lang='lat' dir='ltr'>Patris</span> <span class='ocrx_word' id='word_1_55' title='bbox 366 541 412 582; x_wconf 91' lang='lat' dir='ltr'>et</span> <span class='ocrx_word' id='word_1_56' title='bbox 432 536 524 580; x_wconf 77' lang='lat' dir='ltr'>Filii</span> <span class='ocrx_word' id='word_1_57' title='bbox 552 538 638 591; x_wconf 76' lang='lat'>(2);</span> <span class='ocrx_word' id='word_1_58' title='bbox 669 535 796 580; x_wconf 88' lang='lat' dir='ltr'>unde</span> <span class='ocrx_word' id='word_1_59' title='bbox 830 535 930 579; x_wconf 79' lang='lat' dir='ltr'>haec</span> <span class='ocrx_word' id='word_1_60' title='bbox 964 534 1058 580; x_wconf 86' lang='lat' dir='ltr'>duo</span> <span class='ocrx_word' id='word_1_61' title='bbox 1085 545 1188 577; x_wconf 92' lang='lat' dir='ltr'>sese</span> <span class='ocrx_word' id='word_1_62' title='bbox 1218 537 1583 589; x_wconf 71' lang='lat' dir='ltr'>consequuntur,</span> <span class='ocrx_word' id='word_1_63' title='bbox 1614 532 1737 590; x_wconf 81' lang='lat' dir='ltr'>quod</span> <span class='ocrx_word' id='word_1_64' title='bbox 1766 531 1974 577; x_wconf 91' lang='lat' dir='ltr'>Christus</span> <span class='ocrx_word' id='word_1_65' title='bbox 2004 530 2064 577; x_wconf 88' lang='lat' dir='ltr'>sit</span> 
     </span>
     <span class='ocr_line' id='line_1_10' title="bbox 191 594 1292 651; baseline -0.005 -7"><span class='ocrx_word' id='word_1_66' title='bbox 191 598 440 644; x_wconf 87' lang='lat' dir='ltr'>suscitatus</span> <span class='ocrx_word' id='word_1_67' title='bbox 456 598 610 643; x_wconf 79' lang='lat' dir='ltr'>divina</span> <span class='ocrx_word' id='word_1_68' title='bbox 632 597 800 641; x_wconf 89' lang='lat' dir='ltr'>virtute</span> <span class='ocrx_word' id='word_1_69' title='bbox 816 596 960 641; x_wconf 87' lang='lat' dir='ltr'>Patris</span> <span class='ocrx_word' id='word_1_70' title='bbox 979 601 1024 640; x_wconf 89' lang='lat' dir='ltr'>et</span> <span class='ocrx_word' id='word_1_71' title='bbox 1043 594 1292 651; x_wconf 84' lang='lat' dir='ltr'>suiipsius.</span> 
     </span>
    </p>

    <p class='ocr_par' dir='ltr' id='par_1_7' title="bbox 191 653 2063 776">
     <span class='ocr_line' id='line_1_11' title="bbox 244 653 2063 714; baseline -0.003 -10"><span class='ocrx_word' id='word_1_72' title='bbox 244 660 312 706; x_wconf 90' lang='lat' dir='ltr'>Ad</span> <span class='ocrx_word' id='word_1_73' title='bbox 335 659 572 703; x_wconf 80' lang='lat' dir='ltr'>secundum</span> <span class='ocrx_word' id='word_1_74' title='bbox 604 658 868 712; x_wconf 82' lang='lat' dir='ltr'>dicendum,</span> <span class='ocrx_word' id='word_1_75' title='bbox 895 657 1020 714; x_wconf 82' lang='lat' dir='ltr'>quod</span> <span class='ocrx_word' id='word_1_76' title='bbox 1054 656 1258 701; x_wconf 89' lang='lat' dir='ltr'>Christus</span> <span class='ocrx_word' id='word_1_77' title='bbox 1289 655 1464 701; x_wconf 84' lang='lat' dir='ltr'>orando</span> <span class='ocrx_word' id='word_1_78' title='bbox 1484 654 1616 712; x_wconf 86' lang='lat' dir='ltr'>petiit</span> <span class='ocrx_word' id='word_1_79' title='bbox 1646 658 1693 698; x_wconf 91' lang='lat' dir='ltr'>et</span> <span class='ocrx_word' id='word_1_80' title='bbox 1728 653 1896 700; x_wconf 88' lang='lat' dir='ltr'>meruit</span> <span class='ocrx_word' id='word_1_81' title='bbox 1930 665 2063 700; x_wconf 86' lang='lat' dir='ltr'>suam</span> 
     </span>
     <span class='ocr_line' id='line_1_12' title="bbox 191 719 1802 776; baseline -0.005 -9"><span class='ocrx_word' id='word_1_82' title='bbox 191 721 591 774; x_wconf 79' lang='lat' dir='ltr'>resurrectionem,</span> <span class='ocrx_word' id='word_1_83' title='bbox 616 720 894 776; x_wconf 82' lang='lat' dir='ltr'>inquantum</span> <span class='ocrx_word' id='word_1_84' title='bbox 910 720 1064 775; x_wconf 84' lang='lat' dir='ltr'>hom0‚</span> <span class='ocrx_word' id='word_1_85' title='bbox 1084 731 1179 763; x_wconf 86' lang='lat' dir='ltr'>non</span> <span class='ocrx_word' id='word_1_86' title='bbox 1209 722 1361 763; x_wconf 84' lang='lat' dir='ltr'>autem</span> <span class='ocrx_word' id='word_1_87' title='bbox 1379 719 1653 775; x_wconf 80' lang='lat' dir='ltr'>inquantum</span> <span class='ocrx_word' id='word_1_88' title='bbox 1668 719 1802 760; x_wconf 90' lang='lat' dir='ltr'>Deus.</span> 
     </span>
    </p>

    <p class='ocr_par' dir='ltr' id='par_1_8' title="bbox 192 779 2069 1132">
     <span class='ocr_line' id='line_1_13' title="bbox 246 779 2066 840; baseline -0.002 -15"><span class='ocrx_word' id='word_1_89' title='bbox 246 782 312 827; x_wconf 86' lang='lat' dir='ltr'>Ad</span> <span class='ocrx_word' id='word_1_90' title='bbox 336 786 514 827; x_wconf 73' lang='lat' dir='ltr'>tertium</span> <span class='ocrx_word' id='word_1_91' title='bbox 538 782 801 840; x_wconf 77' lang='lat' dir='ltr'>dicendum,</span> <span class='ocrx_word' id='word_1_92' title='bbox 820 780 945 838; x_wconf 80' lang='lat' dir='ltr'>quod</span> <span class='ocrx_word' id='word_1_93' title='bbox 960 792 1128 836; x_wconf 89' lang='lat' dir='ltr'>corpus</span> <span class='ocrx_word' id='word_1_94' title='bbox 1147 779 1403 824; x_wconf 83' lang='lat' dir='ltr'>secundum</span> <span class='ocrx_word' id='word_1_95' title='bbox 1423 783 1635 835; x_wconf 87' lang='lat' dir='ltr'>naturam</span> <span class='ocrx_word' id='word_1_96' title='bbox 1663 781 1862 821; x_wconf 86' lang='lat' dir='ltr'>creatam</span> <span class='ocrx_word' id='word_1_97' title='bbox 1881 789 1974 821; x_wconf 91' lang='lat' dir='ltr'>non</span> <span class='ocrx_word' id='word_1_98' title='bbox 1994 781 2066 822; x_wconf 89' lang='lat' dir='ltr'>est</span> 
     </span>
     <span class='ocr_line' id='line_1_14' title="bbox 192 837 2066 900; baseline -0.003 -13"><span class='ocrx_word' id='word_1_99' title='bbox 192 843 422 900; x_wconf 89' lang='lat' dir='ltr'>potentius</span> <span class='ocrx_word' id='word_1_100' title='bbox 445 843 598 887; x_wconf 79' lang='lat' dir='ltr'>anima</span> <span class='ocrx_word' id='word_1_101' title='bbox 616 843 802 899; x_wconf 78' lang='lat' dir='ltr'>Christi3</span> <span class='ocrx_word' id='word_1_102' title='bbox 827 847 897 887; x_wconf 91' lang='lat' dir='ltr'>est</span> <span class='ocrx_word' id='word_1_103' title='bbox 913 845 1071 886; x_wconf 90' lang='lat' dir='ltr'>tamen</span> <span class='ocrx_word' id='word_1_104' title='bbox 1096 843 1151 885; x_wconf 74' lang='lat' dir='ltr'>ea</span> <span class='ocrx_word' id='word_1_105' title='bbox 1181 841 1414 897; x_wconf 86' lang='lat' dir='ltr'>potentius</span> <span class='ocrx_word' id='word_1_106' title='bbox 1434 839 1689 884; x_wconf 83' lang='lat' dir='ltr'>secundum</span> <span class='ocrx_word' id='word_1_107' title='bbox 1709 837 1926 882; x_wconf 88' lang='lat' dir='ltr'>virtutem</span> <span class='ocrx_word' id='word_1_108' title='bbox 1946 837 2066 882; x_wconf 91' lang='lat' dir='ltr'>divi-</span> 
     </span>
     <span class='ocr_line' id='line_1_15' title="bbox 193 899 2067 962; baseline -0.002 -14"><span class='ocrx_word' id='word_1_109' title='bbox 193 916 317 962; x_wconf 80' lang='lat' dir='ltr'>nam,</span> <span class='ocrx_word' id='word_1_110' title='bbox 333 917 438 961; x_wconf 82' lang='lat' dir='ltr'>quae</span> <span class='ocrx_word' id='word_1_111' title='bbox 452 905 589 949; x_wconf 86' lang='lat' dir='ltr'>etiam</span> <span class='ocrx_word' id='word_1_112' title='bbox 608 906 770 949; x_wconf 82' lang='lat' dir='ltr'>rursus</span> <span class='ocrx_word' id='word_1_113' title='bbox 788 903 1046 949; x_wconf 78' lang='lat' dir='ltr'>secundum</span> <span class='ocrx_word' id='word_1_114' title='bbox 1061 903 1342 948; x_wconf 84' lang='lat' dir='ltr'>divinitatem</span> <span class='ocrx_word' id='word_1_115' title='bbox 1358 902 1535 947; x_wconf 86' lang='lat' dir='ltr'>unitam</span> <span class='ocrx_word' id='word_1_116' title='bbox 1551 905 1621 946; x_wconf 88' lang='lat' dir='ltr'>est</span> <span class='ocrx_word' id='word_1_117' title='bbox 1633 899 1864 957; x_wconf 88' lang='lat' dir='ltr'>potentior</span> <span class='ocrx_word' id='word_1_118' title='bbox 1877 911 2067 956; x_wconf 89' lang='lat' dir='ltr'>corpore</span> 
     </span>
     <span class='ocr_line' id='line_1_16' title="bbox 194 961 2068 1017; baseline -0.003 -7"><span class='ocrx_word' id='word_1_119' title='bbox 194 966 447 1010; x_wconf 79' lang='lat' dir='ltr'>secundum</span> <span class='ocrx_word' id='word_1_120' title='bbox 472 972 683 1010; x_wconf 83' lang='lat' dir='ltr'>naturam</span> <span class='ocrx_word' id='word_1_121' title='bbox 715 970 933 1010; x_wconf 87' lang='lat' dir='ltr'>creatam.</span> <span class='ocrx_word' id='word_1_122' title='bbox 954 967 1004 1009; x_wconf 86' lang='lat' dir='ltr'>Et</span> <span class='ocrx_word' id='word_1_123' title='bbox 1027 965 1131 1010; x_wconf 79' lang='lat' dir='ltr'>ideo</span> <span class='ocrx_word' id='word_1_124' title='bbox 1153 964 1410 1009; x_wconf 80' lang='lat' dir='ltr'>secundum</span> <span class='ocrx_word' id='word_1_125' title='bbox 1430 964 1644 1007; x_wconf 84' lang='lat' dir='ltr'>virtutem</span> <span class='ocrx_word' id='word_1_126' title='bbox 1675 961 1876 1006; x_wconf 86' lang='lat' dir='ltr'>divinam</span> <span class='ocrx_word' id='word_1_127' title='bbox 1899 972 2068 1017; x_wconf 83' lang='lat' dir='ltr'>corpus</span> 
     </span>
     <span class='ocr_line' id='line_1_17' title="bbox 194 1023 2069 1083; baseline -0.003 -12"><span class='ocrx_word' id='word_1_128' title='bbox 194 1030 241 1071; x_wconf 93' lang='lat' dir='ltr'>et</span> <span class='ocrx_word' id='word_1_129' title='bbox 258 1028 411 1072; x_wconf 83' lang='lat' dir='ltr'>anima</span> <span class='ocrx_word' id='word_1_130' title='bbox 428 1029 590 1072; x_wconf 81' lang='lat' dir='ltr'>mutuo</span> <span class='ocrx_word' id='word_1_131' title='bbox 613 1040 664 1073; x_wconf 91' lang='lat' dir='ltr'>se</span> <span class='ocrx_word' id='word_1_132' title='bbox 688 1030 1055 1083; x_wconf 80' lang='lat' dir='ltr'>resumpserunt,</span> <span class='ocrx_word' id='word_1_133' title='bbox 1078 1039 1170 1070; x_wconf 92' lang='lat' dir='ltr'>non</span> <span class='ocrx_word' id='word_1_134' title='bbox 1192 1030 1348 1071; x_wconf 87' lang='lat' dir='ltr'>autem</span> <span class='ocrx_word' id='word_1_135' title='bbox 1375 1025 1632 1071; x_wconf 79' lang='lat' dir='ltr'>secundum</span> <span class='ocrx_word' id='word_1_136' title='bbox 1659 1023 1876 1067; x_wconf 87' lang='lat' dir='ltr'>virtutem</span> <span class='ocrx_word' id='word_1_137' title='bbox 1893 1026 2069 1067; x_wconf 85' lang='lat' dir='ltr'>naturae</span> 
     </span>
     <span class='ocr_line' id='line_1_18' title="bbox 194 1091 373 1132; baseline 0.006 -1"><span class='ocrx_word' id='word_1_138' title='bbox 194 1091 373 1132; x_wconf 80' lang='lat' dir='ltr'>creatae.</span> 
     </span>
    </p>
   </div>
   <div class='ocr_carea' id='block_1_6' title="bbox 894 1197 1394 1266">
    <p class='ocr_par' dir='ltr' id='par_1_9' title="bbox 894 1197 1394 1266">
     <span class='ocr_line' id='line_1_19' title="bbox 894 1197 1394 1266; baseline 0 -15"><span class='ocrx_word' id='word_1_139' title='bbox 894 1197 1198 1261; x_wconf 87' lang='lat' dir='ltr'>QUAESTIO</span> <span class='ocrx_word' id='word_1_140' title='bbox 1236 1197 1394 1266; x_wconf 61' lang='lat' dir='ltr'>LIV„</span> 
     </span>
    </p>
   </div>
   <div class='ocr_carea' id='block_1_7' title="bbox 243 1314 2013 1365">
    <p class='ocr_par' dir='ltr' id='par_1_10' title="bbox 243 1314 2013 1365">
     <span class='ocr_line' id='line_1_20' title="bbox 243 1314 2013 1365; baseline -0.001 -13"><span class='ocrx_word' id='word_1_141' title='bbox 243 1318 306 1352; x_wconf 79' lang='lat' dir='ltr'>DE</span> <span class='ocrx_word' id='word_1_142' title='bbox 336 1317 600 1360; x_wconf 80' lang='lat' dir='ltr'><strong>QUALITATE</strong></span> <span class='ocrx_word' id='word_1_143' title='bbox 631 1316 814 1352; x_wconf 86' lang='lat' dir='ltr'>CHRISTI</span> <span class='ocrx_word' id='word_1_144' title='bbox 846 1314 1188 1365; x_wconf 80' lang='lat' dir='ltr'>RESURGENTls,</span> <span class='ocrx_word' id='word_1_145' title='bbox 1225 1316 1273 1351; x_wconf 90' lang='lat' dir='ltr'>IN</span> <span class='ocrx_word' id='word_1_146' title='bbox 1306 1315 1528 1359; x_wconf 79' lang='lat' dir='ltr'>QUATUOR</span> <span class='ocrx_word' id='word_1_147' title='bbox 1559 1315 1817 1352; x_wconf 79' lang='lat' dir='ltr'>ARTICULOS</span> <span class='ocrx_word' id='word_1_148' title='bbox 1846 1316 2013 1352; x_wconf 80' lang='lat' dir='ltr'>mvlSA.</span> 
     </span>
    </p>
   </div>
   <div class='ocr_carea' id='block_1_8' title="bbox 193 1404 2125 3231">
    <p class='ocr_par' dir='ltr' id='par_1_11' title="bbox 193 1404 2074 1625">
     <span class='ocr_line' id='line_1_21' title="bbox 235 1404 2074 1457; baseline 0.001 -14"><span class='ocrx_word' id='word_1_149' title='bbox 235 1405 392 1447; x_wconf 57' lang='lat' dir='ltr'>„Deinde</span> <span class='ocrx_word' id='word_1_150' title='bbox 406 1404 749 1446; x_wconf 76' lang='lat' dir='ltr'>considerandum</span> <span class='ocrx_word' id='word_1_151' title='bbox 762 1409 822 1446; x_wconf 89' lang='lat' dir='ltr'>est</span> <span class='ocrx_word' id='word_1_152' title='bbox 839 1405 887 1445; x_wconf 89' lang='lat' dir='ltr'>de</span> <span class='ocrx_word' id='word_1_153' title='bbox 901 1405 1096 1456; x_wconf 78' lang='lat' dir='ltr'>qualitate</span> <span class='ocrx_word' id='word_1_154' title='bbox 1107 1405 1257 1446; x_wconf 77' lang='lat' dir='ltr'>Christi</span> <span class='ocrx_word' id='word_1_155' title='bbox 1273 1405 1521 1457; x_wconf 82' lang='lat' dir='ltr'>resurgentis</span> <span class='ocrx_word' id='word_1_156' title='bbox 1534 1420 1544 1454; x_wconf 93' lang='lat'>;</span> <span class='ocrx_word' id='word_1_157' title='bbox 1561 1408 1600 1444; x_wconf 86' lang='lat' dir='ltr'>et</span> <span class='ocrx_word' id='word_1_158' title='bbox 1615 1404 1718 1444; x_wconf 86' lang='lat' dir='ltr'>circa</span> <span class='ocrx_word' id='word_1_159' title='bbox 1738 1404 1811 1444; x_wconf 91' lang='lat' dir='ltr'>hoc</span> <span class='ocrx_word' id='word_1_160' title='bbox 1826 1407 2074 1456; x_wconf 82' lang='lat' dir='ltr'>quaeruntur</span> 
     </span>
     <span class='ocr_line' id='line_1_22' title="bbox 193 1459 2070 1513; baseline 0 -13"><span class='ocrx_word' id='word_1_161' title='bbox 193 1463 367 1511; x_wconf 86' lang='lat' dir='ltr'>quatuor</span> <span class='ocrx_word' id='word_1_162' title='bbox 381 1474 392 1500; x_wconf 67' lang='grc' dir='ltr'><strong>ε</strong></span> <span class='ocrx_word' id='word_1_163' title='bbox 418 1461 607 1500; x_wconf 75' lang='lat' dir='ltr'>1⁰Utr1&#39;1m</span> <span class='ocrx_word' id='word_1_164' title='bbox 620 1467 711 1513; x_wconf 88' lang='lat' dir='ltr'>post</span> <span class='ocrx_word' id='word_1_165' title='bbox 724 1461 1054 1502; x_wconf 82' lang='lat' dir='ltr'>resurrectionem</span> <span class='ocrx_word' id='word_1_166' title='bbox 1072 1460 1259 1500; x_wconf 86' lang='lat' dir='ltr'>Christus</span> <span class='ocrx_word' id='word_1_167' title='bbox 1274 1460 1462 1501; x_wconf 82' lang='lat' dir='ltr'>habuerit</span> <span class='ocrx_word' id='word_1_168' title='bbox 1474 1471 1617 1501; x_wconf 88' lang='lat' dir='ltr'>verum</span> <span class='ocrx_word' id='word_1_169' title='bbox 1631 1471 1791 1511; x_wconf 90' lang='lat' dir='ltr'>corpus.</span> <span class='ocrx_word' id='word_1_170' title='bbox 1811 1483 1858 1489; x_wconf 93' lang='lat'>—</span> <span class='ocrx_word' id='word_1_171' title='bbox 1874 1467 1912 1499; x_wconf 90' lang='lat'>2⁰</span> <span class='ocrx_word' id='word_1_172' title='bbox 1926 1459 2070 1500; x_wconf 76' lang='lat' dir='ltr'>Utrum</span> 
     </span>
     <span class='ocr_line' id='line_1_23' title="bbox 193 1514 2074 1567; baseline -0.001 -13"><span class='ocrx_word' id='word_1_173' title='bbox 193 1515 449 1556; x_wconf 87' lang='lat' dir='ltr'>resurrexerit</span> <span class='ocrx_word' id='word_1_174' title='bbox 469 1527 564 1555; x_wconf 87' lang='lat' dir='ltr'>cum</span> <span class='ocrx_word' id='word_1_175' title='bbox 588 1517 765 1567; x_wconf 89' lang='lat' dir='ltr'>corporis</span> <span class='ocrx_word' id='word_1_176' title='bbox 786 1515 1031 1565; x_wconf 74' lang='lat' dir='ltr'>integritate.</span> <span class='ocrx_word' id='word_1_177' title='bbox 1055 1538 1100 1545; x_wconf 98' lang='lat'><strong>—</strong></span> <span class='ocrx_word' id='word_1_178' title='bbox 1120 1521 1159 1556; x_wconf 75' lang='grc' dir='ltr'>3ο</span> <span class='ocrx_word' id='word_1_179' title='bbox 1181 1516 1327 1557; x_wconf 78' lang='lat' dir='ltr'>Utrum</span> <span class='ocrx_word' id='word_1_180' title='bbox 1351 1526 1495 1567; x_wconf 91' lang='lat' dir='ltr'>corpus</span> <span class='ocrx_word' id='word_1_181' title='bbox 1519 1515 1607 1566; x_wconf 89' lang='lat' dir='ltr'>ejus</span> <span class='ocrx_word' id='word_1_182' title='bbox 1627 1515 1749 1554; x_wconf 82' lang='lat' dir='ltr'>fuerit</span> <span class='ocrx_word' id='word_1_183' title='bbox 1769 1514 2007 1565; x_wconf 82' lang='lat' dir='ltr'>gloriosum.</span> <span class='ocrx_word' id='word_1_184' title='bbox 2022 1536 2074 1544; x_wconf 88' lang='lat'>-</span> 
     </span>
     <span class='ocr_line' id='line_1_24' title="bbox 193 1570 1670 1625; baseline 0.003 -17"><span class='ocrx_word' id='word_1_185' title='bbox 193 1573 233 1608; x_wconf 77' lang='lat'>4·</span> <span class='ocrx_word' id='word_1_186' title='bbox 249 1570 305 1610; x_wconf 90' lang='lat' dir='ltr'>De</span> <span class='ocrx_word' id='word_1_187' title='bbox 318 1570 569 1610; x_wconf 81' lang='lat' dir='ltr'>cicatricibus</span> <span class='ocrx_word' id='word_1_188' title='bbox 582 1570 627 1610; x_wconf 86' lang='lat' dir='ltr'>iu</span> <span class='ocrx_word' id='word_1_189' title='bbox 642 1581 804 1622; x_wconf 88' lang='lat' dir='ltr'>corpore</span> <span class='ocrx_word' id='word_1_190' title='bbox 819 1570 909 1622; x_wconf 83' lang='lat' dir='ltr'>ejus</span> <span class='ocrx_word' id='word_1_191' title='bbox 922 1570 1225 1622; x_wconf 79' lang='lat' dir='ltr'>apparentibus.</span> <span class='ocrx_word' id='word_1_192' title='bbox 1654 1610 1670 1625; x_wconf 27' lang='grc' dir='ltr'>,χ</span> 
     </span>
    </p>

    <p class='ocr_par' dir='ltr' id='par_1_12' title="bbox 244 1634 1988 1687">
     <span class='ocr_line' id='line_1_25' title="bbox 244 1634 1988 1687; baseline 0 -12"><span class='ocrx_word' id='word_1_193' title='bbox 244 1675 253 1687; x_wconf 25' lang='grc' dir='ltr'>χ</span> <span class='ocrx_word' id='word_1_194' title='bbox 278 1634 620 1676; x_wconf 86' lang='lat' dir='ltr'>ARTICULUS</span> <span class='ocrx_word' id='word_1_195' title='bbox 635 1635 726 1676; x_wconf 91' lang='lat'>1.—</span> <span class='ocrx_word' id='word_1_196' title='bbox 739 1646 877 1677; x_wconf 74' lang='lat' dir='ltr'>mmm</span> <span class='ocrx_word' id='word_1_197' title='bbox 897 1646 1092 1677; x_wconf 77' lang='lat' dir='ltr'>cums-rus</span> <span class='ocrx_word' id='word_1_198' title='bbox 1113 1646 1214 1677; x_wconf 70' lang='lat' dir='ltr'>posr</span> <span class='ocrx_word' id='word_1_199' title='bbox 1238 1645 1607 1677; x_wconf 70' lang='lat' dir='ltr'>nnsnnnncrlounn</span> <span class='ocrx_word' id='word_1_200' title='bbox 1629 1645 1829 1675; x_wconf 64' lang='lat' dir='ltr'>mannan*</span> <span class='ocrx_word' id='word_1_201' title='bbox 1850 1645 1988 1675; x_wconf 70' lang='lat' dir='ltr'>venun</span> 
     </span>
    </p>

    <p class='ocr_par' dir='ltr' id='par_1_13' title="bbox 1007 1694 2013 1749">
     <span class='ocr_line' id='line_1_26' title="bbox 1007 1694 2013 1749; baseline 0.002 -11"><span class='ocrx_word' id='word_1_202' title='bbox 1007 1707 1162 1739; x_wconf 68' lang='lat' dir='ltr'>conpos</span> <span class='ocrx_word' id='word_1_203' title='bbox 1187 1695 1260 1749; x_wconf 89' lang='lat'>(3).</span> <span class='ocrx_word' id='word_1_204' title='bbox 2010 1694 2013 1697; x_wconf 65' lang='grc'>’</span> 
     </span>
    </p>

    <p class='ocr_par' dir='ltr' id='par_1_14' title="bbox 195 1753 2075 2124">
     <span class='ocr_line' id='line_1_27' title="bbox 249 1753 2069 1813; baseline 0.001 -15"><span class='ocrx_word' id='word_1_205' title='bbox 249 1753 312 1799; x_wconf 80' lang='lat' dir='ltr'>Ad</span> <span class='ocrx_word' id='word_1_206' title='bbox 332 1754 532 1811; x_wconf 86' lang='lat' dir='ltr'>primum</span> <span class='ocrx_word' id='word_1_207' title='bbox 552 1755 619 1800; x_wconf 88' lang='lat' dir='ltr'>sic</span> <span class='ocrx_word' id='word_1_208' title='bbox 641 1756 918 1811; x_wconf 90' lang='lat' dir='ltr'>proceditur.</span> <span class='ocrx_word' id='word_1_209' title='bbox 941 1762 983 1802; x_wconf 82' lang='lat'>1.</span> <span class='ocrx_word' id='word_1_210' title='bbox 999 1757 1186 1802; x_wconf 86' lang='lat' dir='ltr'>Videtur</span> <span class='ocrx_word' id='word_1_211' title='bbox 1203 1756 1328 1813; x_wconf 79' lang='lat' dir='ltr'>quod</span> <span class='ocrx_word' id='word_1_212' title='bbox 1341 1755 1547 1800; x_wconf 87' lang='lat' dir='ltr'>Christus</span> <span class='ocrx_word' id='word_1_213' title='bbox 1562 1758 1668 1812; x_wconf 91' lang='lat' dir='ltr'>post</span> <span class='ocrx_word' id='word_1_214' title='bbox 1684 1754 2069 1800; x_wconf 85' lang='lat' dir='ltr'>resurrectionem</span> 
     </span>
     <span class='ocr_line' id='line_1_28' title="bbox 197 1816 2075 1874; baseline 0.001 -14"><span class='ocrx_word' id='word_1_215' title='bbox 197 1827 291 1860; x_wconf 90' lang='lat' dir='ltr'>non</span> <span class='ocrx_word' id='word_1_216' title='bbox 322 1816 538 1861; x_wconf 79' lang='lat' dir='ltr'>habuerit</span> <span class='ocrx_word' id='word_1_217' title='bbox 561 1829 722 1862; x_wconf 84' lang='lat' dir='ltr'>verum</span> <span class='ocrx_word' id='word_1_218' title='bbox 745 1829 930 1874; x_wconf 81' lang='lat' dir='ltr'>corpus.</span> <span class='ocrx_word' id='word_1_219' title='bbox 954 1820 1122 1862; x_wconf 86' lang='lat' dir='ltr'>Verum</span> <span class='ocrx_word' id='word_1_220' title='bbox 1143 1818 1268 1863; x_wconf 89' lang='lat' dir='ltr'>enim</span> <span class='ocrx_word' id='word_1_221' title='bbox 1291 1830 1461 1874; x_wconf 89' lang='lat' dir='ltr'>corpus</span> <span class='ocrx_word' id='word_1_222' title='bbox 1494 1829 1588 1862; x_wconf 66' lang='lat' dir='ltr'>non</span> <span class='ocrx_word' id='word_1_223' title='bbox 1619 1820 1772 1874; x_wconf 88' lang='lat' dir='ltr'>potest</span> <span class='ocrx_word' id='word_1_224' title='bbox 1799 1816 1939 1862; x_wconf 89' lang='lat' dir='ltr'>simul</span> <span class='ocrx_word' id='word_1_225' title='bbox 1968 1829 2075 1862; x_wconf 90' lang='lat' dir='ltr'>esse</span> 
     </span>
     <span class='ocr_line' id='line_1_29' title="bbox 195 1878 2070 1937; baseline 0.001 -15"><span class='ocrx_word' id='word_1_226' title='bbox 195 1889 302 1922; x_wconf 89' lang='lat' dir='ltr'>cum</span> <span class='ocrx_word' id='word_1_227' title='bbox 333 1878 422 1923; x_wconf 90' lang='lat' dir='ltr'>alio</span> <span class='ocrx_word' id='word_1_228' title='bbox 444 1891 634 1936; x_wconf 90' lang='lat' dir='ltr'>corpore</span> <span class='ocrx_word' id='word_1_229' title='bbox 666 1880 714 1924; x_wconf 88' lang='lat' dir='ltr'>in</span> <span class='ocrx_word' id='word_1_230' title='bbox 746 1880 907 1925; x_wconf 91' lang='lat' dir='ltr'>eodem</span> <span class='ocrx_word' id='word_1_231' title='bbox 935 1881 1051 1925; x_wconf 92' lang='lat' dir='ltr'>loco.</span> <span class='ocrx_word' id='word_1_232' title='bbox 1073 1880 1159 1925; x_wconf 91' lang='lat' dir='ltr'>Sed</span> <span class='ocrx_word' id='word_1_233' title='bbox 1187 1892 1358 1937; x_wconf 90' lang='lat' dir='ltr'>corpus</span> <span class='ocrx_word' id='word_1_234' title='bbox 1383 1880 1545 1924; x_wconf 88' lang='lat' dir='ltr'>Christi</span> <span class='ocrx_word' id='word_1_235' title='bbox 1567 1884 1673 1936; x_wconf 93' lang='lat' dir='ltr'>post</span> <span class='ocrx_word' id='word_1_236' title='bbox 1688 1879 2070 1924; x_wconf 87' lang='lat' dir='ltr'>resurrectionem</span> 
     </span>
     <span class='ocr_line' id='line_1_30' title="bbox 195 1939 2075 1998; baseline 0.001 -14"><span class='ocrx_word' id='word_1_237' title='bbox 195 1940 282 1984; x_wconf 85' lang='lat' dir='ltr'>fuit</span> <span class='ocrx_word' id='word_1_238' title='bbox 303 1940 441 1985; x_wconf 89' lang='lat' dir='ltr'>simul</span> <span class='ocrx_word' id='word_1_239' title='bbox 476 1953 582 1986; x_wconf 93' lang='lat' dir='ltr'>cum</span> <span class='ocrx_word' id='word_1_240' title='bbox 607 1942 694 1986; x_wconf 88' lang='lat' dir='ltr'>alio</span> <span class='ocrx_word' id='word_1_241' title='bbox 713 1954 902 1998; x_wconf 88' lang='lat' dir='ltr'>corpore</span> <span class='ocrx_word' id='word_1_242' title='bbox 931 1943 977 1986; x_wconf 93' lang='lat' dir='ltr'>in</span> <span class='ocrx_word' id='word_1_243' title='bbox 1007 1942 1169 1987; x_wconf 90' lang='lat' dir='ltr'>eodem</span> <span class='ocrx_word' id='word_1_244' title='bbox 1196 1941 1321 1997; x_wconf 79' lang='lat' dir='ltr'>loco;</span> <span class='ocrx_word' id='word_1_245' title='bbox 1346 1941 1533 1987; x_wconf 88' lang='lat' dir='ltr'>intravit</span> <span class='ocrx_word' id='word_1_246' title='bbox 1567 1942 1689 1986; x_wconf 91' lang='lat' dir='ltr'>enim</span> <span class='ocrx_word' id='word_1_247' title='bbox 1728 1940 1786 1985; x_wconf 88' lang='lat' dir='ltr'>ad</span> <span class='ocrx_word' id='word_1_248' title='bbox 1821 1939 2075 1997; x_wconf 83' lang='lat' dir='ltr'>discipulos</span> 
     </span>
     <span class='ocr_line' id='line_1_31' title="bbox 197 2002 2075 2060; baseline 0.001 -14"><span class='ocrx_word' id='word_1_249' title='bbox 197 2013 308 2047; x_wconf 87' lang='lat' dir='ltr'>suos</span> <span class='ocrx_word' id='word_1_250' title='bbox 337 2002 496 2058; x_wconf 87' lang='lat' dir='ltr'>januis</span> <span class='ocrx_word' id='word_1_251' title='bbox 527 2004 712 2057; x_wconf 85' lang='lat' dir='ltr'>clausiS‚</span> <span class='ocrx_word' id='word_1_252' title='bbox 732 2009 786 2048; x_wconf 92' lang='lat' dir='ltr'>ut</span> <span class='ocrx_word' id='word_1_253' title='bbox 805 2004 971 2049; x_wconf 88' lang='lat' dir='ltr'>dicitur</span> <span class='ocrx_word' id='word_1_254' title='bbox 988 2006 1132 2058; x_wconf 86' lang='lat' dir='ltr'>(Joan.</span> <span class='ocrx_word' id='word_1_255' title='bbox 1156 2007 1243 2059; x_wconf 87' lang='lat' dir='ltr'>xx).</span> <span class='ocrx_word' id='word_1_256' title='bbox 1263 2006 1381 2060; x_wconf 85' lang='lat' dir='ltr'>Ergo</span> <span class='ocrx_word' id='word_1_257' title='bbox 1405 2004 1587 2049; x_wconf 88' lang='lat' dir='ltr'>videtur</span> <span class='ocrx_word' id='word_1_258' title='bbox 1603 2003 1727 2060; x_wconf 79' lang='lat' dir='ltr'>quod</span> <span class='ocrx_word' id='word_1_259' title='bbox 1745 2002 1950 2047; x_wconf 88' lang='lat' dir='ltr'>Christus</span> <span class='ocrx_word' id='word_1_260' title='bbox 1967 2007 2075 2060; x_wconf 89' lang='lat' dir='ltr'>post</span> 
     </span>
     <span class='ocr_line' id='line_1_32' title="bbox 195 2065 1306 2124; baseline 0.004 -17"><span class='ocrx_word' id='word_1_261' title='bbox 195 2065 580 2110; x_wconf 89' lang='lat' dir='ltr'>resurrectionem</span> <span class='ocrx_word' id='word_1_262' title='bbox 595 2078 688 2110; x_wconf 90' lang='lat' dir='ltr'>non</span> <span class='ocrx_word' id='word_1_263' title='bbox 711 2065 923 2110; x_wconf 88' lang='lat' dir='ltr'>habuerit</span> <span class='ocrx_word' id='word_1_264' title='bbox 938 2078 1100 2111; x_wconf 87' lang='lat' dir='ltr'>verum</span> <span class='ocrx_word' id='word_1_265' title='bbox 1122 2079 1306 2124; x_wconf 69' lang='lat' dir='ltr'>corpus</span> 
     </span>
    </p>

    <p class='ocr_par' dir='ltr' id='par_1_15' title="bbox 196 2126 2074 2371">
     <span class='ocr_line' id='line_1_33' title="bbox 250 2126 2070 2186; baseline 0.001 -17"><span class='ocrx_word' id='word_1_266' title='bbox 250 2127 294 2170; x_wconf 78' lang='lat'>2.</span> <span class='ocrx_word' id='word_1_267' title='bbox 326 2128 562 2183; x_wconf 82' lang='lat' dir='ltr'>Praeterea,</span> <span class='ocrx_word' id='word_1_268' title='bbox 583 2140 745 2172; x_wconf 86' lang='lat' dir='ltr'>verum</span> <span class='ocrx_word' id='word_1_269' title='bbox 766 2140 936 2184; x_wconf 88' lang='lat' dir='ltr'>corpus</span> <span class='ocrx_word' id='word_1_270' title='bbox 967 2141 1058 2172; x_wconf 91' lang='lat' dir='ltr'>non</span> <span class='ocrx_word' id='word_1_271' title='bbox 1083 2129 1316 2173; x_wconf 88' lang='lat' dir='ltr'>evanescit</span> <span class='ocrx_word' id='word_1_272' title='bbox 1347 2128 1406 2172; x_wconf 90' lang='lat' dir='ltr'>ab</span> <span class='ocrx_word' id='word_1_273' title='bbox 1435 2131 1626 2186; x_wconf 91' lang='lat' dir='ltr'>aspectu</span> <span class='ocrx_word' id='word_1_274' title='bbox 1660 2126 1959 2183; x_wconf 77' lang='lat' dir='ltr'>intuentium,</span> <span class='ocrx_word' id='word_1_275' title='bbox 1983 2126 2070 2171; x_wconf 90' lang='lat' dir='ltr'>nisi</span> 
     </span>
     <span class='ocr_line' id='line_1_34' title="bbox 196 2185 2073 2246; baseline 0.001 -15"><span class='ocrx_word' id='word_1_276' title='bbox 196 2185 312 2231; x_wconf 77' lang='lat' dir='ltr'>forte</span> <span class='ocrx_word' id='word_1_277' title='bbox 326 2195 660 2245; x_wconf 88' lang='lat' dir='ltr'>corrumpatur.</span> <span class='ocrx_word' id='word_1_278' title='bbox 680 2189 767 2235; x_wconf 89' lang='lat' dir='ltr'>Sed</span> <span class='ocrx_word' id='word_1_279' title='bbox 781 2202 948 2246; x_wconf 89' lang='lat' dir='ltr'>corpus</span> <span class='ocrx_word' id='word_1_280' title='bbox 971 2190 1132 2235; x_wconf 89' lang='lat' dir='ltr'>Christi</span> <span class='ocrx_word' id='word_1_281' title='bbox 1151 2189 1338 2235; x_wconf 86' lang='lat' dir='ltr'>evanuit</span> <span class='ocrx_word' id='word_1_282' title='bbox 1358 2189 1417 2235; x_wconf 88' lang='lat' dir='ltr'>ab</span> <span class='ocrx_word' id='word_1_283' title='bbox 1446 2189 1592 2235; x_wconf 86' lang='lat' dir='ltr'>oeulis</span> <span class='ocrx_word' id='word_1_284' title='bbox 1611 2188 1942 2245; x_wconf 89' lang='lat' dir='ltr'>discipulorum</span> <span class='ocrx_word' id='word_1_285' title='bbox 1964 2199 2073 2233; x_wconf 90' lang='lat' dir='ltr'>eum</span> 
     </span>
     <span class='ocr_line' id='line_1_35' title="bbox 197 2247 2074 2310; baseline 0.001 -18"><span class='ocrx_word' id='word_1_286' title='bbox 197 2247 492 2306; x_wconf 70' lang='lat' dir='ltr'>intuentium,</span> <span class='ocrx_word' id='word_1_287' title='bbox 514 2256 568 2295; x_wconf 92' lang='lat' dir='ltr'>ut</span> <span class='ocrx_word' id='word_1_288' title='bbox 589 2251 755 2295; x_wconf 89' lang='lat' dir='ltr'>dicitur</span> <span class='ocrx_word' id='word_1_289' title='bbox 775 2254 897 2305; x_wconf 91' lang='lat' dir='ltr'>(Luc.</span> <span class='ocrx_word' id='word_1_290' title='bbox 920 2251 1039 2307; x_wconf 92' lang='lat' dir='ltr'>ult.).</span> <span class='ocrx_word' id='word_1_291' title='bbox 1061 2254 1178 2308; x_wconf 86' lang='lat' dir='ltr'>Ergo</span> <span class='ocrx_word' id='word_1_292' title='bbox 1208 2252 1391 2297; x_wconf 86' lang='lat' dir='ltr'>videtur</span> <span class='ocrx_word' id='word_1_293' title='bbox 1407 2250 1532 2310; x_wconf 77' lang='lat' dir='ltr'>quod</span> <span class='ocrx_word' id='word_1_294' title='bbox 1559 2251 1766 2295; x_wconf 88' lang='lat' dir='ltr'>Christus</span> <span class='ocrx_word' id='word_1_295' title='bbox 1785 2253 1892 2307; x_wconf 91' lang='lat' dir='ltr'>post</span> <span class='ocrx_word' id='word_1_296' title='bbox 1914 2261 2074 2294; x_wconf 86' lang='lat' dir='ltr'>resur-</span> 
     </span>
     <span class='ocr_line' id='line_1_36' title="bbox 198 2309 1167 2371; baseline 0.005 -18"><span class='ocrx_word' id='word_1_297' title='bbox 198 2309 446 2356; x_wconf 88' lang='lat' dir='ltr'>rectionem</span> <span class='ocrx_word' id='word_1_298' title='bbox 466 2324 560 2356; x_wconf 87' lang='lat' dir='ltr'>non</span> <span class='ocrx_word' id='word_1_299' title='bbox 577 2311 788 2357; x_wconf 89' lang='lat' dir='ltr'>habuerit</span> <span class='ocrx_word' id='word_1_300' title='bbox 805 2325 967 2358; x_wconf 82' lang='lat' dir='ltr'>verum</span> <span class='ocrx_word' id='word_1_301' title='bbox 986 2325 1167 2371; x_wconf 88' lang='lat' dir='ltr'>corpus.</span> 
     </span>
    </p>

    <p class='ocr_par' dir='ltr' id='par_1_16' title="bbox 197 2373 2074 2600">
     <span class='ocr_line' id='line_1_37' title="bbox 251 2373 2074 2432; baseline 0.001 -16"><span class='ocrx_word' id='word_1_302' title='bbox 251 2373 294 2416; x_wconf 87' lang='lat'>3.</span> <span class='ocrx_word' id='word_1_303' title='bbox 319 2373 556 2429; x_wconf 83' lang='lat' dir='ltr'>Praeterea,</span> <span class='ocrx_word' id='word_1_304' title='bbox 581 2374 828 2432; x_wconf 72' lang='lat' dir='ltr'>quuslibet</span> <span class='ocrx_word' id='word_1_305' title='bbox 846 2375 941 2419; x_wconf 88' lang='lat' dir='ltr'>veri</span> <span class='ocrx_word' id='word_1_306' title='bbox 964 2375 1168 2430; x_wconf 88' lang='lat' dir='ltr'>corporis</span> <span class='ocrx_word' id='word_1_307' title='bbox 1192 2378 1262 2419; x_wconf 91' lang='lat' dir='ltr'>est</span> <span class='ocrx_word' id='word_1_308' title='bbox 1281 2374 1583 2420; x_wconf 86' lang='lat' dir='ltr'>determinata</span> <span class='ocrx_word' id='word_1_309' title='bbox 1609 2374 1772 2430; x_wconf 83' lang='lat' dir='ltr'>figura.</span> <span class='ocrx_word' id='word_1_310' title='bbox 1797 2375 1885 2418; x_wconf 88' lang='lat' dir='ltr'>Sed</span> <span class='ocrx_word' id='word_1_311' title='bbox 1903 2383 2074 2429; x_wconf 86' lang='lat' dir='ltr'>corpus</span> 
     </span>
     <span class='ocr_line' id='line_1_38' title="bbox 198 2431 2071 2493; baseline 0.002 -17"><span class='ocrx_word' id='word_1_312' title='bbox 198 2431 357 2477; x_wconf 88' lang='lat' dir='ltr'>Christi</span> <span class='ocrx_word' id='word_1_313' title='bbox 398 2435 609 2490; x_wconf 84' lang='lat' dir='ltr'>apparuit</span> <span class='ocrx_word' id='word_1_314' title='bbox 642 2434 880 2492; x_wconf 88' lang='lat' dir='ltr'>discipulis</span> <span class='ocrx_word' id='word_1_315' title='bbox 916 2435 964 2479; x_wconf 90' lang='lat' dir='ltr'>in</span> <span class='ocrx_word' id='word_1_316' title='bbox 1004 2436 1093 2480; x_wconf 82' lang='lat' dir='ltr'>alia</span> <span class='ocrx_word' id='word_1_317' title='bbox 1133 2436 1301 2493; x_wconf 83' lang='lat' dir='ltr'>effigie,</span> <span class='ocrx_word' id='word_1_318' title='bbox 1338 2440 1392 2480; x_wconf 91' lang='lat' dir='ltr'>ut</span> <span class='ocrx_word' id='word_1_319' title='bbox 1430 2439 1556 2492; x_wconf 86' lang='lat' dir='ltr'>patet</span> <span class='ocrx_word' id='word_1_320' title='bbox 1585 2435 1755 2489; x_wconf 85' lang='lat' dir='ltr'>(Matth.</span> <span class='ocrx_word' id='word_1_321' title='bbox 1791 2434 1910 2489; x_wconf 89' lang='lat' dir='ltr'>ult.).</span> <span class='ocrx_word' id='word_1_322' title='bbox 1953 2436 2071 2491; x_wconf 83' lang='lat' dir='ltr'>Ergo</span> 
     </span>
     <span class='ocr_line' id='line_1_39' title="bbox 197 2494 2072 2600; baseline 0.001 -61"><span class='ocrx_word' id='word_1_323' title='bbox 197 2494 378 2600; x_wconf 51' lang='lat' dir='ltr'>{idetur</span> <span class='ocrx_word' id='word_1_324' title='bbox 404 2496 527 2552; x_wconf 81' lang='lat' dir='ltr'>quod</span> <span class='ocrx_word' id='word_1_325' title='bbox 566 2496 771 2542; x_wconf 87' lang='lat' dir='ltr'>Christus</span> <span class='ocrx_word' id='word_1_326' title='bbox 798 2501 903 2554; x_wconf 91' lang='lat' dir='ltr'>post</span> <span class='ocrx_word' id='word_1_327' title='bbox 931 2498 1314 2543; x_wconf 87' lang='lat' dir='ltr'>resurrectionem</span> <span class='ocrx_word' id='word_1_328' title='bbox 1350 2510 1445 2542; x_wconf 91' lang='lat' dir='ltr'>non</span> <span class='ocrx_word' id='word_1_329' title='bbox 1478 2497 1690 2542; x_wconf 89' lang='lat' dir='ltr'>habuerit</span> <span class='ocrx_word' id='word_1_330' title='bbox 1719 2507 1882 2542; x_wconf 86' lang='lat' dir='ltr'>verum</span> <span class='ocrx_word' id='word_1_331' title='bbox 1903 2507 2072 2553; x_wconf 89' lang='lat' dir='ltr'>corpus</span> 
     </span>
    </p>

    <p class='ocr_par' dir='ltr' id='par_1_17' title="bbox 230 2567 1415 2601">
     <span class='ocr_line' id='line_1_40' title="bbox 230 2567 1415 2601; baseline 0.002 -1"><span class='ocrx_word' id='word_1_332' title='bbox 230 2567 470 2601; x_wconf 87' lang='lat' dir='ltr'>umanum.</span> <span class='ocrx_word' id='word_1_333' title='bbox 1413 2576 1415 2578; x_wconf 95' lang='lat'>·</span> 
     </span>
    </p>

    <p class='ocr_par' dir='ltr' id='par_1_18' title="bbox 200 2618 2125 2924">
     <span class='ocr_line' id='line_1_41' title="bbox 252 2618 2125 2678; baseline 0.001 -16"><span class='ocrx_word' id='word_1_334' title='bbox 252 2618 337 2663; x_wconf 91' lang='lat' dir='ltr'>Sed</span> <span class='ocrx_word' id='word_1_335' title='bbox 358 2623 514 2663; x_wconf 81' lang='lat' dir='ltr'>contra</span> <span class='ocrx_word' id='word_1_336' title='bbox 545 2624 616 2664; x_wconf 87' lang='lat' dir='ltr'>est</span> <span class='ocrx_word' id='word_1_337' title='bbox 637 2620 762 2677; x_wconf 91' lang='lat' dir='ltr'>quod</span> <span class='ocrx_word' id='word_1_338' title='bbox 783 2621 947 2666; x_wconf 89' lang='lat' dir='ltr'>dicitur</span> <span class='ocrx_word' id='word_1_339' title='bbox 966 2625 1088 2677; x_wconf 87' lang='lat' dir='ltr'>(Luc.</span> <span class='ocrx_word' id='word_1_340' title='bbox 1117 2623 1202 2667; x_wconf 86' lang='lat' dir='ltr'>ult.</span> <span class='ocrx_word' id='word_1_341' title='bbox 1226 2623 1310 2677; x_wconf 70' lang='lat'>37),</span> <span class='ocrx_word' id='word_1_342' title='bbox 1333 2620 1456 2678; x_wconf 79' lang='lat' dir='ltr'>quod</span> <span class='ocrx_word' id='word_1_343' title='bbox 1478 2621 1657 2665; x_wconf 89' lang='lat' dir='ltr'>Christo</span> <span class='ocrx_word' id='word_1_344' title='bbox 1672 2619 1911 2676; x_wconf 88' lang='lat' dir='ltr'>discipulis</span> <span class='ocrx_word' id='word_1_345' title='bbox 1931 2631 2069 2676; x_wconf 85' lang='lat' dir='ltr'>appa·</span> <span class='ocrx_word' id='word_1_346' title='bbox 2124 2632 2125 2635; x_wconf 47' lang='lat'>¹</span> 
     </span>
     <span class='ocr_line' id='line_1_42' title="bbox 200 2681 2075 2739; baseline 0.002 -17"><span class='ocrx_word' id='word_1_347' title='bbox 200 2685 344 2735; x_wconf 83' lang='lat' dir='ltr'>rente,</span> <span class='ocrx_word' id='word_1_348' title='bbox 367 2683 622 2725; x_wconf 78' lang='lat' dir='ltr'>conturbati</span> <span class='ocrx_word' id='word_1_349' title='bbox 640 2686 682 2726; x_wconf 80' lang='lat' dir='ltr'>et</span> <span class='ocrx_word' id='word_1_350' title='bbox 698 2686 928 2728; x_wconf 79' lang='lat' dir='ltr'>conterriti</span> <span class='ocrx_word' id='word_1_351' title='bbox 943 2684 1266 2727; x_wconf 75' lang='lat' dir='ltr'>existimabant</span> <span class='ocrx_word' id='word_1_352' title='bbox 1281 2697 1324 2726; x_wconf 79' lang='lat' dir='ltr'>se</span> <span class='ocrx_word' id='word_1_353' title='bbox 1341 2685 1551 2739; x_wconf 75' lang='lat' dir='ltr'>spiritum</span> <span class='ocrx_word' id='word_1_354' title='bbox 1565 2683 1731 2737; x_wconf 70' lang='lat' dir='ltr'>videre,</span> <span class='ocrx_word' id='word_1_355' title='bbox 1749 2694 1803 2725; x_wconf 84' lang='lat' dir='ltr'>ac</span> <span class='ocrx_word' id='word_1_356' title='bbox 1821 2681 1861 2726; x_wconf 89' lang='lat' dir='ltr'>si</span> <span class='ocrx_word' id='word_1_357' title='bbox 1877 2693 1970 2725; x_wconf 89' lang='lat' dir='ltr'>non</span> <span class='ocrx_word' id='word_1_358' title='bbox 1988 2681 2075 2726; x_wconf 79' lang='lat' dir='ltr'>ha·</span> 
     </span>
     <span class='ocr_line' id='line_1_43' title="bbox 202 2739 2071 2802; baseline 0.002 -19"><span class='ocrx_word' id='word_1_359' title='bbox 202 2739 329 2784; x_wconf 88' lang='lat' dir='ltr'>beret</span> <span class='ocrx_word' id='word_1_360' title='bbox 342 2753 501 2785; x_wconf 82' lang='lat' dir='ltr'>verum</span> <span class='ocrx_word' id='word_1_361' title='bbox 519 2755 701 2800; x_wconf 82' lang='lat' dir='ltr'>corpuS,</span> <span class='ocrx_word' id='word_1_362' title='bbox 727 2743 809 2788; x_wconf 89' lang='lat' dir='ltr'>scd</span> <span class='ocrx_word' id='word_1_363' title='bbox 829 2745 1198 2802; x_wconf 78' lang='lat' dir='ltr'>phantasticum3</span> <span class='ocrx_word' id='word_1_364' title='bbox 1222 2744 1280 2788; x_wconf 87' lang='lat' dir='ltr'>ad</span> <span class='ocrx_word' id='word_1_365' title='bbox 1303 2744 1426 2800; x_wconf 93' lang='lat' dir='ltr'>quod</span> <span class='ocrx_word' id='word_1_366' title='bbox 1447 2742 1776 2788; x_wconf 86' lang='lat' dir='ltr'>removendum</span> <span class='ocrx_word' id='word_1_367' title='bbox 1794 2743 1892 2799; x_wconf 91' lang='lat' dir='ltr'>ipse</span> <span class='ocrx_word' id='word_1_368' title='bbox 1911 2746 2071 2799; x_wconf 83' lang='lat' dir='ltr'>postea</span> 
     </span>
     <span class='ocr_line' id='line_1_44' title="bbox 205 2801 2075 2863; baseline 0.002 -19"><span class='ocrx_word' id='word_1_369' title='bbox 205 2801 361 2846; x_wconf 86' lang='lat' dir='ltr'>subdit</span> <span class='ocrx_word' id='word_1_370' title='bbox 381 2818 390 2846; x_wconf 75' lang='grc' dir='ltr'>ε</span> <span class='ocrx_word' id='word_1_371' title='bbox 409 2804 603 2860; x_wconf 83' lang='lat' dir='ltr'>Palpate</span> <span class='ocrx_word' id='word_1_372' title='bbox 622 2807 664 2847; x_wconf 86' lang='lat' dir='ltr'>et</span> <span class='ocrx_word' id='word_1_373' title='bbox 685 2805 831 2849; x_wconf 73' lang='lat' dir='ltr'>videte</span> <span class='ocrx_word' id='word_1_374' title='bbox 853 2810 958 2862; x_wconf 78' lang='lat' dir='ltr'>quia</span> <span class='ocrx_word' id='word_1_375' title='bbox 983 2809 1169 2863; x_wconf 79' lang='lat' dir='ltr'>spiritus</span> <span class='ocrx_word' id='word_1_376' title='bbox 1186 2819 1367 2850; x_wconf 75' lang='lat' dir='ltr'>carnem</span> <span class='ocrx_word' id='word_1_377' title='bbox 1401 2809 1442 2849; x_wconf 81' lang='lat' dir='ltr'>et</span> <span class='ocrx_word' id='word_1_378' title='bbox 1470 2819 1569 2849; x_wconf 85' lang='lat' dir='ltr'>ossa</span> <span class='ocrx_word' id='word_1_379' title='bbox 1598 2819 1687 2849; x_wconf 78' lang='lat' dir='ltr'>non</span> <span class='ocrx_word' id='word_1_380' title='bbox 1710 2805 1860 2861; x_wconf 77' lang='lat' dir='ltr'>habet,</span> <span class='ocrx_word' id='word_1_381' title='bbox 1877 2807 1992 2848; x_wconf 78' lang='lat' dir='ltr'>sicut</span> <span class='ocrx_word' id='word_1_382' title='bbox 2003 2816 2075 2848; x_wconf 85' lang='lat' dir='ltr'>me</span> 
     </span>
     <span class='ocr_line' id='line_1_45' title="bbox 203 2864 1847 2924; baseline 0.003 -19"><span class='ocrx_word' id='word_1_383' title='bbox 203 2865 363 2906; x_wconf 78' lang='lat' dir='ltr'>violetis</span> <span class='ocrx_word' id='word_1_384' title='bbox 384 2864 563 2908; x_wconf 78' lang='lat' dir='ltr'>habere.</span> <span class='ocrx_word' id='word_1_385' title='bbox 582 2867 679 2909; x_wconf 89' lang='lat' dir='ltr'>Non</span> <span class='ocrx_word' id='word_1_386' title='bbox 702 2878 812 2922; x_wconf 85' lang='lat' dir='ltr'>ergo</span> <span class='ocrx_word' id='word_1_387' title='bbox 830 2868 988 2913; x_wconf 90' lang='lat' dir='ltr'>habuit</span> <span class='ocrx_word' id='word_1_388' title='bbox 1010 2881 1178 2924; x_wconf 88' lang='lat' dir='ltr'>corpus</span> <span class='ocrx_word' id='word_1_389' title='bbox 1195 2867 1554 2924; x_wconf 82' lang='lat' dir='ltr'>phantasticum,</span> <span class='ocrx_word' id='word_1_390' title='bbox 1574 2867 1657 2912; x_wconf 90' lang='lat' dir='ltr'>sed</span> <span class='ocrx_word' id='word_1_391' title='bbox 1671 2878 1847 2911; x_wconf 86' lang='lat' dir='ltr'>verum.</span> 
     </span>
    </p>

    <p class='ocr_par' dir='ltr' id='par_1_19' title="bbox 203 2931 2075 3042">
     <span class='ocr_line' id='line_1_46' title="bbox 251 2931 2075 2987; baseline 0.003 -17"><span class='ocrx_word' id='word_1_392' title='bbox 251 2931 542 2972; x_wconf 88' lang='lat' dir='ltr'>CONCLUSIO.</span> <span class='ocrx_word' id='word_1_393' title='bbox 560 2953 606 2961; x_wconf 93' lang='lat'><strong>—</strong></span> <span class='ocrx_word' id='word_1_394' title='bbox 621 2933 724 2973; x_wconf 78' lang='lat' dir='ltr'>Cum</span> <span class='ocrx_word' id='word_1_395' title='bbox 737 2945 831 2975; x_wconf 83' lang='lat' dir='ltr'>vera</span> <span class='ocrx_word' id='word_1_396' title='bbox 846 2936 970 2976; x_wconf 83' lang='lat' dir='ltr'>fuerit</span> <span class='ocrx_word' id='word_1_397' title='bbox 991 2935 1144 2977; x_wconf 88' lang='lat' dir='ltr'>Christi</span> <span class='ocrx_word' id='word_1_398' title='bbox 1166 2935 1412 2984; x_wconf 87' lang='lat' dir='ltr'>resurrectio,</span> <span class='ocrx_word' id='word_1_399' title='bbox 1432 2946 1578 2987; x_wconf 90' lang='lat' dir='ltr'>corpus</span> <span class='ocrx_word' id='word_1_400' title='bbox 1595 2935 1746 2975; x_wconf 86' lang='lat' dir='ltr'>Christi</span> <span class='ocrx_word' id='word_1_401' title='bbox 1766 2937 1856 2987; x_wconf 89' lang='lat' dir='ltr'>post</span> <span class='ocrx_word' id='word_1_402' title='bbox 1874 2945 2075 2976; x_wconf 80' lang='lat' dir='ltr'>resurree-</span> 
     </span>
     <span class='ocr_line' id='line_1_47' title="bbox 203 2984 1582 3042; baseline 0.005 -19"><span class='ocrx_word' id='word_1_403' title='bbox 203 2984 357 3025; x_wconf 87' lang='lat' dir='ltr'>tionem</span> <span class='ocrx_word' id='word_1_404' title='bbox 377 2986 613 3041; x_wconf 30' lang='lat' dir='ltr'>fuit-verum</span> <span class='ocrx_word' id='word_1_405' title='bbox 629 2999 787 3039; x_wconf 82' lang='lat' dir='ltr'>corpuS‚</span> <span class='ocrx_word' id='word_1_406' title='bbox 802 2990 983 3042; x_wconf 85' lang='lat' dir='ltr'>ejusdem</span> <span class='ocrx_word' id='word_1_407' title='bbox 1004 2994 1160 3030; x_wconf 84' lang='lat' dir='ltr'>naturae</span> <span class='ocrx_word' id='word_1_408' title='bbox 1173 2989 1290 3041; x_wconf 86' lang='lat' dir='ltr'>cujus</span> <span class='ocrx_word' id='word_1_409' title='bbox 1308 2990 1438 3030; x_wconf 80' lang='lat' dir='ltr'>fuerat</span> <span class='ocrx_word' id='word_1_410' title='bbox 1452 2990 1582 3042; x_wconf 81' lang='lat' dir='ltr'>prius.</span> 
     </span>
    </p>

    <p class='ocr_par' dir='ltr' id='par_1_20' title="bbox 203 3048 2074 3231">
     <span class='ocr_line' id='line_1_48' title="bbox 255 3048 2071 3109; baseline 0.003 -18"><span class='ocrx_word' id='word_1_411' title='bbox 255 3048 524 3104; x_wconf 89' lang='lat' dir='ltr'>Respondeo</span> <span class='ocrx_word' id='word_1_412' title='bbox 557 3048 804 3094; x_wconf 90' lang='lat' dir='ltr'>dicendum</span> <span class='ocrx_word' id='word_1_413' title='bbox 843 3052 982 3109; x_wconf 68' lang='lat' dir='ltr'>quod,</span> <span class='ocrx_word' id='word_1_414' title='bbox 1017 3053 1137 3097; x_wconf 90' lang='lat' dir='ltr'>sicut</span> <span class='ocrx_word' id='word_1_415' title='bbox 1170 3056 1480 3097; x_wconf 89' lang='lat' dir='ltr'>Damascenus</span> <span class='ocrx_word' id='word_1_416' title='bbox 1514 3051 1623 3096; x_wconf 91' lang='lat' dir='ltr'>dicit</span> <span class='ocrx_word' id='word_1_417' title='bbox 1646 3052 1784 3107; x_wconf 92' lang='lat' dir='ltr'>(Orth.</span> <span class='ocrx_word' id='word_1_418' title='bbox 1808 3052 1887 3098; x_wconf 89' lang='lat' dir='ltr'>fid.</span> <span class='ocrx_word' id='word_1_419' title='bbox 1908 3051 1990 3097; x_wconf 85' lang='lat' dir='ltr'>lib.</span> <span class='ocrx_word' id='word_1_420' title='bbox 2012 3065 2071 3108; x_wconf 79' lang='lat' dir='ltr'>lv,</span> 
     </span>
     <span class='ocr_line' id='line_1_49' title="bbox 203 3108 2074 3170; baseline 0.003 -18"><span class='ocrx_word' id='word_1_421' title='bbox 203 3120 303 3165; x_wconf 89' lang='lat' dir='ltr'>cap.</span> <span class='ocrx_word' id='word_1_422' title='bbox 328 3109 411 3154; x_wconf 87' lang='lat' dir='ltr'>ult.</span> <span class='ocrx_word' id='word_1_423' title='bbox 434 3108 461 3153; x_wconf 76' lang='lat' dir='ltr'>a</span> <span class='ocrx_word' id='word_1_424' title='bbox 484 3110 667 3166; x_wconf 63' lang='lat' dir='ltr'>princ),</span> <span class='ocrx_word' id='word_1_425' title='bbox 696 3128 714 3148; x_wconf 74' lang='grc' dir='ltr'>ι·</span> <span class='ocrx_word' id='word_1_426' title='bbox 735 3111 850 3158; x_wconf 91' lang='lat' dir='ltr'>illud</span> <span class='ocrx_word' id='word_1_427' title='bbox 869 3126 1110 3169; x_wconf 87' lang='lat' dir='ltr'>resurgere</span> <span class='ocrx_word' id='word_1_428' title='bbox 1143 3113 1308 3158; x_wconf 88' lang='lat' dir='ltr'>dicitur</span> <span class='ocrx_word' id='word_1_429' title='bbox 1331 3113 1455 3170; x_wconf 93' lang='lat' dir='ltr'>quod</span> <span class='ocrx_word' id='word_1_430' title='bbox 1476 3113 1654 3158; x_wconf 89' lang='lat' dir='ltr'>cecidit.</span> <span class='ocrx_word' id='word_1_431' title='bbox 1674 3132 1695 3153; x_wconf 84' lang='lat'><strong><em>»</em></strong></span> <span class='ocrx_word' id='word_1_432' title='bbox 1721 3114 1893 3170; x_wconf 92' lang='lat' dir='ltr'>Corpus</span> <span class='ocrx_word' id='word_1_433' title='bbox 1918 3117 2074 3158; x_wconf 85' lang='lat' dir='ltr'>autem</span> 
     </span>
     <span class='ocr_line' id='line_1_50' title="bbox 203 3170 2071 3231; baseline 0.003 -18"><span class='ocrx_word' id='word_1_434' title='bbox 203 3170 364 3214; x_wconf 89' lang='lat' dir='ltr'>Christi</span> <span class='ocrx_word' id='word_1_435' title='bbox 387 3182 469 3227; x_wconf 87' lang='lat' dir='ltr'>per</span> <span class='ocrx_word' id='word_1_436' title='bbox 489 3176 685 3216; x_wconf 89' lang='lat' dir='ltr'>mortem</span> <span class='ocrx_word' id='word_1_437' title='bbox 703 3172 883 3231; x_wconf 90' lang='lat' dir='ltr'>cecidit,</span> <span class='ocrx_word' id='word_1_438' title='bbox 903 3175 1180 3231; x_wconf 89' lang='lat' dir='ltr'>inquantum</span> <span class='ocrx_word' id='word_1_439' title='bbox 1206 3174 1380 3219; x_wconf 90' lang='lat' dir='ltr'>scilicet</span> <span class='ocrx_word' id='word_1_440' title='bbox 1398 3174 1485 3219; x_wconf 87' lang='lat' dir='ltr'>fuit</span> <span class='ocrx_word' id='word_1_441' title='bbox 1506 3175 1564 3219; x_wconf 87' lang='lat' dir='ltr'>ab</span> <span class='ocrx_word' id='word_1_442' title='bbox 1587 3186 1644 3221; x_wconf 92' lang='lat' dir='ltr'>eo</span> <span class='ocrx_word' id='word_1_443' title='bbox 1668 3175 1824 3219; x_wconf 87' lang='lat' dir='ltr'>anima</span> <span class='ocrx_word' id='word_1_444' title='bbox 1845 3178 2071 3231; x_wconf 76' lang='lat' dir='ltr'>separata,</span> 
     </span>
    </p>
   </div>
   <div class='ocr_carea' id='block_1_9' title="bbox 245 3294 2072 3340">
    <p class='ocr_par' dir='ltr' id='par_1_21' title="bbox 245 3294 2072 3340">
     <span class='ocr_line' id='line_1_51' title="bbox 245 3294 2072 3340; baseline 0.002 -12"><span class='ocrx_word' id='word_1_445' title='bbox 245 3294 288 3337; x_wconf 77' lang='lat' dir='ltr'>(l)</span> <span class='ocrx_word' id='word_1_446' title='bbox 301 3294 351 3329; x_wconf 85' lang='lat' dir='ltr'>Ita</span> <span class='ocrx_word' id='word_1_447' title='bbox 366 3306 441 3329; x_wconf 85' lang='lat' dir='ltr'>cum</span> <span class='ocrx_word' id='word_1_448' title='bbox 458 3294 535 3330; x_wconf 87' lang='lat' dir='ltr'>Mss.</span> <span class='ocrx_word' id='word_1_449' title='bbox 557 3294 640 3329; x_wconf 85' lang='lat' dir='ltr'>editi</span> <span class='ocrx_word' id='word_1_450' title='bbox 653 3306 778 3330; x_wconf 89' lang='lat' dir='ltr'>omnes.</span> <span class='ocrx_word' id='word_1_451' title='bbox 796 3295 837 3330; x_wconf 92' lang='lat' dir='ltr'>In</span> <span class='ocrx_word' id='word_1_452' title='bbox 852 3295 993 3336; x_wconf 82' lang='lat' dir='ltr'>Vulgata</span> <span class='ocrx_word' id='word_1_453' title='bbox 1007 3298 1096 3333; x_wconf 84' lang='lat' dir='ltr'>deest</span> <span class='ocrx_word' id='word_1_454' title='bbox 1220 3298 1263 3340; x_wconf 80' lang='lat'>(5)</span> <span class='ocrx_word' id='word_1_455' title='bbox 1289 3298 1457 3333; x_wconf 81' lang='lat' dir='ltr'>Articulus</span> <span class='ocrx_word' id='word_1_456' title='bbox 1480 3297 1539 3333; x_wconf 86' lang='lat' dir='ltr'>ille</span> <span class='ocrx_word' id='word_1_457' title='bbox 1560 3298 1754 3335; x_wconf 76' lang='lat' dir='ltr'>adversatur</span> <span class='ocrx_word' id='word_1_458' title='bbox 1780 3297 1935 3340; x_wconf 82' lang='lat' dir='ltr'>Apellitis</span> <span class='ocrx_word' id='word_1_459' title='bbox 1952 3299 1985 3331; x_wconf 84' lang='lat' dir='ltr'>et</span> <span class='ocrx_word' id='word_1_460' title='bbox 2000 3307 2072 3338; x_wconf 76' lang='lat' dir='ltr'>pas-</span> 
     </span>
    </p>
   </div>
   <div class='ocr_carea' id='block_1_10' title="bbox 204 3343 2072 3481">
    <p class='ocr_par' dir='ltr' id='par_1_22' title="bbox 204 3343 2072 3481">
     <span class='ocr_line' id='line_1_52' title="bbox 204 3343 2072 3387; baseline 0.002 -12"><span class='ocrx_word' id='word_1_461' title='bbox 204 3343 345 3376; x_wconf 68' lang='grc' dir='ltr'>ποσίν-ά.</span> <span class='ocrx_word' id='word_1_462' title='bbox 1179 3345 1325 3380; x_wconf 85' lang='lat' dir='ltr'>sionistis</span> <span class='ocrx_word' id='word_1_463' title='bbox 1347 3346 1405 3387; x_wconf 87' lang='lat' dir='ltr'>qui</span> <span class='ocrx_word' id='word_1_464' title='bbox 1430 3346 1619 3382; x_wconf 82' lang='lat' dir='ltr'>docuerunt</span> <span class='ocrx_word' id='word_1_465' title='bbox 1636 3347 1807 3382; x_wconf 87' lang='lat' dir='ltr'>Christum</span> <span class='ocrx_word' id='word_1_466' title='bbox 1827 3357 1894 3380; x_wconf 87' lang='lat' dir='ltr'>non</span> <span class='ocrx_word' id='word_1_467' title='bbox 1914 3345 1952 3380; x_wconf 87' lang='lat' dir='ltr'>in</span> <span class='ocrx_word' id='word_1_468' title='bbox 1970 3355 2072 3380; x_wconf 77' lang='lat' dir='ltr'>carne</span> 
     </span>
     <span class='ocr_line' id='line_1_53' title="bbox 245 3388 1504 3435; baseline 0.007 -13"><span class='ocrx_word' id='word_1_469' title='bbox 245 3389 287 3430; x_wconf 83' lang='lat'>(2)</span> <span class='ocrx_word' id='word_1_470' title='bbox 312 3389 408 3423; x_wconf 80' lang='lat' dir='ltr'>Juxta</span> <span class='ocrx_word' id='word_1_471' title='bbox 432 3388 515 3423; x_wconf 82' lang='lat' dir='ltr'>illud</span> <span class='ocrx_word' id='word_1_472' title='bbox 545 3402 554 3423; x_wconf 70' lang='grc' dir='ltr'><strong>ε</strong></span> <span class='ocrx_word' id='word_1_473' title='bbox 577 3389 815 3433; x_wconf 65' lang='lat' dir='ltr'>Quaecumque</span> <span class='ocrx_word' id='word_1_474' title='bbox 843 3390 954 3426; x_wconf 80' lang='lat' dir='ltr'>Pater</span> <span class='ocrx_word' id='word_1_475' title='bbox 979 3392 1096 3435; x_wconf 75' lang='lat' dir='ltr'>facit,</span> <span class='ocrx_word' id='word_1_476' title='bbox 1179 3405 1256 3428; x_wconf 78' lang='lat' dir='ltr'>vera</span> <span class='ocrx_word' id='word_1_477' title='bbox 1275 3394 1504 3431; x_wconf 79' lang='lat' dir='ltr'>resurrexisse.</span> 
     </span>
     <span class='ocr_line' id='line_1_54' title="bbox 205 3437 778 3481; baseline 0.003 -10"><span class='ocrx_word' id='word_1_478' title='bbox 205 3437 278 3473; x_wconf 82' lang='lat' dir='ltr'>hoec</span> <span class='ocrx_word' id='word_1_479' title='bbox 294 3441 327 3472; x_wconf 78' lang='lat' dir='ltr'>et</span> <span class='ocrx_word' id='word_1_480' title='bbox 341 3438 465 3472; x_wconf 79' lang='lat' dir='ltr'>Filius</span> <span class='ocrx_word' id='word_1_481' title='bbox 486 3438 660 3473; x_wconf 78' lang='lat' dir='ltr'>similiter</span> <span class='ocrx_word' id='word_1_482' title='bbox 677 3439 778 3481; x_wconf 73' lang='lat' dir='ltr'>facit.</span> 
     </span>
    </p>
   </div>
  </div>
 </body>
</html>
