2170 3808
743 205 924 257 QUEST.
955 205 1059 259 XVI,
1089 205 1206 248 ART.
1236 204 1323 249 xli.
1895 201 1972 246 161

91 289 397 346 suppositum,
417 291 463 332 et
483 297 558 331 res
572 286 788 330 humanae
807 290 985 330 naturae
1007 289 1078 329 est
1095 298 1311 341 persona.
1332 287 1450 340 Ergo
1471 284 1693 333 Christus,
1718 283 1977 328 secundum

90 352 215 408 quod
231 352 384 405 homo,
407 352 477 393 est
495 359 711 404 persona.

147 413 233 457 Sed
250 416 424 466 eontra,
447 409 670 463 Christus,
693 409 953 453 secundum
967 407 1092 464 quod
1109 408 1265 465 homo,
1286 421 1381 451 non
1404 413 1478 453 est
1496 420 1695 464 persona
1719 411 1908 451 aeterna.
1933 407 1976 451 Si

90 485 202 529 ergo
234 473 454 526 Christus,
488 469 746 515 secundum
775 469 900 525 quod
933 469 1088 526 homo,
1123 468 1183 512 sit
1217 458 1440 524 persona?
1470 474 1740 524 sequeretur
1773 467 1897 523 qued
1927 467 1976 511 in

90 536 266 580 Christo
287 535 381 579 sint
399 534 503 579 duae
524 544 753 588 personae,
779 544 875 576 una
903 530 1169 588 temporalis
1190 535 1237 575 et
1258 530 1348 574 alia
1369 536 1568 583 aeterna;
1603 532 1729 588 quod
1761 536 1832 575 est
1852 543 1978 575 erro·

91 609 250 652 neum,
269 602 322 641 ut
342 608 482 652 supra
498 594 674 639 dictum
698 599 770 639 est
788 597 968 650 (quaest.
991 607 1037 648 ii,
1064 597 1151 638 art.
1175 596 1202 637 3
1227 598 1273 637 et
1288 595 1331 648 6,
1357 597 1403 637 et
1423 597 1588 649 quaest.
1615 607 1674 648 iv,
1694 598 1780 637 art.
1803 595 1830 636 2
1848 597 1895 637 et
1917 595 1974 644 3).

139 664 426 706 CONCLUSIO.
440 684 489 693 -
507 663 601 702 Haec
614 661 852 714 propositio,
879 661 1081 709 Christus,
1108 659 1335 701 secundum
1361 660 1471 712 quod
1492 659 1640 708 homo,
1660 663 1720 700 est
1745 659 1978 711 hypostasis

91 720 154 759 vel
171 730 353 771 persona,
370 729 464 758 vera
485 721 560 766 est,
583 716 618 756 si
634 728 729 765 vox,
754 716 901 765 homo,
917 716 962 755 in
990 716 1328 766 reduplicatione,
1352 714 1577 765 accipiatur
1602 715 1760 754 ratione
1777 713 1977 764 suppositi

91 774 153 814 vel
175 778 345 822 naturae,
363 772 431 812 cui
454 770 646 822 competit
663 782 746 811 esse
764 772 809 810 in
826 771 964 822 aliqua
984 781 1155 821 persona
1170 800 1181 819 ‚
1199 782 1283 809 non
1309 769 1476 820 quidem
1493 769 1691 816 humana,
1710 768 1779 808 sed
1796 768 1952 809 divina.

146 835 415 893 Respondeo
435 834 684 879 dicendum
710 834 850 891 qued,
884 833 1005 878 sicut
1038 845 1179 890 supra
1202 832 1374 877 dictum
1399 836 1471 876 est
1502 833 1606 888 (art.
1640 834 1694 876 10
1724 835 1771 875 et
1791 834 1841 875 11
1876 830 1974 887 huj.

19 894 21 898 ⁴
90 900 292 954 quaest.),
315 897 402 942 iste
421 896 647 941 terminus
669 896 800 939 homo
815 895 862 939 in
888 894 1253 951 reduplicatione
1274 893 1454 950 positus
1468 898 1620 950 potest
1644 892 1789 950 accipi
1810 891 1881 936 vel
1899 904 1976 935 ra-

91 959 216 1004 tione
238 957 481 1015 suppositi,
501 957 577 1002 vel
596 957 775 1002 ratione
797 962 992 1002 naturae.
1012 957 1125 1000 Ciim
1143 967 1256 1011 ergo
1274 955 1444 1000 dicitur
1460 971 1471 999 z
1488 956 1713 1011 Christus,
1732 953 1976 997 secundum

91 1022 212 1077 quod
235 1021 377 1072 homo,
410 1022 477 1063 est
499 1033 695 1076 persona
704 1034 722 1074 ‚·
750 1019 790 1063 si
819 1019 1069 1075 accipiatur
1096 1017 1273 1062 ratione
1302 1017 1546 1074 suppositi,
1581 1017 1879 1060 manifestum
1906 1018 1978 1059 est

91 1081 215 1137 quod
239 1081 460 1135 Christus,
484 1080 743 1125 secundum
767 1080 893 1136 quod
915 1081 1070 1133 homO,
1099 1083 1170 1122 est
1191 1090 1414 1134 persona3
1436 1078 1544 1135 quia
1573 1077 1865 1133 suppositum
1885 1075 1978 1119 hu-

90 1153 242 1188 manae
261 1147 439 1187 naturae
452 1142 565 1186 nihil
583 1147 655 1187 est
673 1142 799 1186 aliud
817 1141 957 1198 quam
978 1152 1178 1197 persona
1195 1139 1292 1184 Filii
1306 1139 1384 1183 Dei
1401 1142 1477 1193 (1).
1494 1140 1537 1183 Si
1553 1152 1609 1183 au
1617 1143 1709 1184 tem
1726 1136 1977 1193 accipiatur

90 1205 267 1249 ratione
287 1210 482 1260 naturae,
509 1203 576 1247 sic
597 1207 748 1260 potest
775 1202 968 1258 intelligi
992 1202 1264 1259 dupliciter:
1299 1213 1393 1245 uno
1424 1201 1579 1253 modo,
1612 1207 1664 1245 ut
1692 1200 1976 1255 intelligatur

90 1265 215 1320 quod
235 1271 412 1310 naturae
424 1266 641 1310 humanae
659 1270 891 1321 competat
909 1276 1012 1309 esse
1026 1264 1075 1307 in
1091 1263 1246 1320 aliqua
1261 1276 1485 1320 persona3
1507 1268 1554 1308 et
1572 1263 1661 1307 hoc
1677 1262 1815 1307 etiam
1836 1262 1976 1306 modo

89 1338 250 1371 verum
272 1333 370 1372 est:
388 1339 526 1371 omne
545 1326 669 1371 enim
690 1326 815 1383 quod
838 1325 1047 1370 subsistit
1064 1325 1113 1369 in
1136 1325 1341 1369 humana
1360 1329 1544 1379 natura,
1560 1329 1632 1370 est
1646 1336 1862 1380 persona.
1877 1322 1976 1367 Allo

90 1388 227 1433 modo
253 1394 404 1445 potest
422 1388 632 1445 intelligi,
661 1394 715 1432 ut
743 1393 922 1433 naturae
944 1388 1159 1432 humanae
1191 1387 1239 1431 iri
1272 1387 1449 1432 Christo
1468 1386 1651 1443 propria
1671 1385 1978 1443 personalitas

90 1449 327 1505 debeatur,
345 1456 533 1495 causata
544 1464 602 1495 ex
619 1450 857 1508 principiis
870 1450 1088 1495 humanae
1102 1454 1281 1493 naturae
1299 1464 1310 1491 ε
1333 1454 1380 1493 et
1393 1449 1461 1493 sic
1477 1449 1701 1506 Christus,
1717 1448 1975 1492 secundum

91 1511 214 1568 quod
236 1512 389 1567 homo,
411 1523 503 1555 non
526 1517 596 1556 est
612 1524 834 1568 persona3
857 1511 967 1569 quia
988 1512 1193 1555 humana
1215 1515 1381 1555 natura
1402 1522 1497 1554 non
1516 1514 1588 1554 est
1599 1522 1683 1567 per
1696 1521 1748 1554 se
1762 1521 1975 1554 seorsum

91 1572 353 1618 subsistens
376 1573 404 1617 a
423 1573 579 1618 divina
600 1578 783 1631 natura,
805 1572 931 1630 quod
952 1573 1145 1630 requirit
1165 1573 1282 1617 ratio
1302 1585 1532 1629 personae.

146 1634 210 1679 Ad
224 1638 424 1690 primum
445 1646 555 1691 ergo
570 1634 834 1692 dicendum,
856 1634 981 1691 quod
1002 1634 1129 1679 omni
1151 1634 1327 1678 homini
1350 1633 1568 1679 convenit
1581 1645 1686 1677 esse
1707 1643 1976 1689 personam,

93 1696 349 1740 secundum
377 1695 503 1754 qued
524 1709 661 1742 omne
690 1696 951 1742 subsistens
973 1696 1023 1741 in
1045 1697 1252 1742 humana
1282 1701 1450 1741 natura
1471 1699 1543 1740 est
1563 1707 1763 1752 persona
1792 1696 1865 1748 (2).
1887 1693 1975 1738 Sed

93 1756 180 1800 hoc
194 1762 264 1801 est
285 1757 520 1813 proprium
542 1758 716 1803 homini
742 1758 920 1803 Christo
939 1757 1061 1816 quod
1086 1770 1285 1815 persona
1307 1757 1568 1802 subsistens
1596 1757 1643 1800 in
1663 1757 1868 1800 humana
1890 1767 1977 1799 na-

97 1821 201 1860 tura
219 1816 320 1873 eius
335 1830 430 1861 non
451 1818 510 1862 sit
528 1823 717 1864 causata
738 1831 797 1864 ex
815 1819 1051 1876 principiis
1070 1819 1288 1864 humanae
1309 1823 1503 1872 naturae,
1521 1818 1603 1862 sed
1626 1818 1686 1862 sit
1705 1821 1905 1862 aeterna:
1930 1820 1979 1861 et

93 1878 196 1924 ideo
230 1891 324 1924 uno
350 1879 488 1924 modo
507 1885 577 1925 est
592 1893 806 1937 persona,
827 1881 1086 1927 secundum
1104 1881 1230 1938 qued
1257 1881 1425 1937 homoz,
1446 1880 1536 1924 alio
1553 1880 1692 1925 modo
1714 1892 1826 1936 non,
1855 1878 1979 1924 sicut

94 1936 268 1985 dictum
290 1945 361 1985 est
383 1941 448 1994 (in
469 1952 596 1997 corp.
623 1941 788 1997 artic.).

147 2001 214 2047 Ad
231 2002 477 2045 secundum
498 2002 762 2060 dicendum,
787 2003 912 2060 quod
928 2004 1183 2047 substantia
1210 2004 1470 2057 individua,
1493 2015 1598 2059 quae
1623 2002 1810 2059 ponitur
1830 2002 1879 2046 in
1898 2002 1978 2047 de-

92 2062 299 2107 finitione
324 2075 550 2119 personae,
580 2064 798 2120 importat
827 2065 1135 2110 substantiam
1158 2065 1433 2121 completam
1462 2077 1544 2121 per
1571 2076 1623 2109 se
1647 2064 1979 2109 subsistentem

92 2124 336 2181 separatim
365 2124 424 2168 ab
446 2124 575 2169 aliis:
599 2125 804 2182 alioquin
832 2138 1001 2171 manus
1028 2126 1229 2171 hominis
1254 2130 1412 2183 posset
1439 2126 1530 2170 dici
1552 2137 1751 2182 persona
1771 2128 1845 2180 (3),
1869 2129 1978 2170 cum

93 2185 154 2230 sit
182 2185 440 2230 substantia
462 2186 675 2242 quaedam
706 2186 970 2232 individua:
997 2188 1106 2244 quia
1140 2193 1293 2233 tamen
1329 2191 1402 2232 est
1429 2187 1689 2232 substantia
1720 2187 1974 2243 individua,

94 2246 214 2291 sicut
227 2246 274 2291 in
283 2247 372 2291 alio
391 2247 611 2304 existens,
630 2260 724 2292 non
737 2253 889 2305 potest
898 2249 988 2293 dici
1003 2262 1202 2306 persona
1218 2264 1229 2293 ε
1247 2248 1465 2293 eteadem
1481 2248 1657 2293 ratione
1672 2261 1761 2292 nec
1775 2249 1979 2294 humana

95 2312 260 2415 natuligi
297 2308 343 2352 in
385 2308 579 2365 Christo,
624 2322 730 2367 quae
763 2315 918 2356 tamen
961 2314 1114 2367 potest
1155 2311 1246 2356 dici
1280 2310 1590 2365 individuum,
1629 2310 1702 2355 vel
1741 2310 1980 2368 singulare

93 2381 186 2426 quo
250 2381 342 2414 am.

147 2431 213 2476 Ad
235 2435 418 2475 tertium
435 2432 703 2489 dicendum,
727 2434 852 2490 quod
881 2434 1001 2478 sicut
1018 2447 1220 2491 persona
1244 2434 1477 2491 significat
1493 2434 1605 2491 quid
1633 2435 1913 2492 completum
1932 2440 1980 2480 et

93 2504 177 2549 per
196 2504 249 2537 se
265 2492 526 2539 subsistens
543 2494 590 2538 in
610 2499 776 2539 natura
794 2495 1027 2551 rationali3
1050 2496 1114 2540 ita
1127 2496 1411 2553 hypostasis,
1430 2495 1720 2553 suppositum
1739 2500 1787 2540 et
1806 2509 1881 2541 res
1899 2510 1980 2541 na-

93 2560 208 2599 turae
226 2555 284 2608 (4)
300 2554 348 2598 in
367 2566 535 2610 genere
556 2557 825 2601 substantiae
846 2558 1110 2614 significant
1131 2558 1353 2615 quiddam
1373 2570 1455 2614 per
1476 2570 1528 2602 se
1548 2557 1824 2603 subsistens.
1848 2559 1980 2604 Unde

93 2615 214 2660 sicut
231 2615 434 2660 humana
456 2620 623 2661 natura
655 2630 748 2662 non
777 2623 849 2664 est
865 2632 948 2675 per
966 2632 1018 2664 se
1040 2632 1241 2677 persona
1263 2622 1474 2664 seorsum
1499 2619 1527 2663 a
1546 2632 1744 2676 persona
1763 2619 1860 2664 Filii
1882 2621 1976 2677 Dei,

94 2677 156 2721 ita
169 2677 307 2722 etiam
323 2690 416 2721 non
439 2683 513 2723 est
530 2691 613 2735 per
628 2691 679 2724 se
698 2680 979 2738 hypostasis,
999 2682 1075 2727 vel
1088 2682 1399 2738 suppositum,
1414 2681 1489 2726 vel
1503 2693 1579 2726 res
1595 2687 1790 2727 naturae.
1806 2685 1860 2727 Et
1874 2683 1979 2728 ideo

95 2741 144 2782 in
162 2749 304 2783 sensu
325 2739 372 2783 in
398 2751 491 2802 quo
510 2746 708 2797 negatur
728 2744 846 2788 ista:
870 2744 1099 2800 Christus,
1123 2745 1370 2788 secundam
1389 2743 1508 2799 qued
1522 2744 1670 2799 homo,
1689 2747 1754 2788 est
1764 2758 1976 2802 persona,

95 2802 273 2853 oportet
288 2800 424 2844 etiam
441 2802 600 2858 negari
621 2814 785 2848 omnes
807 2803 936 2848 alias.

111 2967 117 2975 -
137 2919 180 2962 (4)
200 2919 244 2954 Ut
257 2921 302 2955 sit
317 2925 450 2976 ‘natum
468 2922 620 2960 humanae
633 2926 842 2967 suppositum
860 2927 987 2962 virtua—
1039 2927 1043 2931 ’
1113 2927 1158 2968 (5)
1192 2927 1289 2961 Sicut
1320 2931 1355 2962 et
1379 2927 1488 2961 multo
1515 2927 1620 2967 magis
1646 2927 1724 2963 talis
1745 2927 1883 2970 proprie
1909 2930 1977 2966 dici

96 2967 180 3021 liter.
194 2974 294 3021 prout
313 2968 409 3022 illam
431 2971 604 3012 terminat,
620 2977 654 3007 et
670 2975 841 3014 propriam
864 2975 987 3010 subsis-
1073 2978 1182 3015 posset
1215 2974 1348 3015 animm
1379 2975 1459 3015 quia
1492 2975 1673 3016 separatim
1707 2975 1857 3011 subsistit
1883 2982 1980 3012 extra

96 3019 239 3069 tentiam
270 3014 494 3071 ¹.¹¹!.⁶⁰¹¹f?¹'‘³
523 3029 591 3052 non
616 3019 805 3056 formaliter
824 3029 925 3063 prout
951 3035 990 3057 ex
1073 3033 1193 3062 corpus
1212 3033 1220 3052 τ
1241 3034 1309 3055 non
1328 3026 1376 3056 est
1400 3028 1515 3056 autem
1539 3034 1692 3064 persona.
1710 3024 1790 3064 quia
1811 3025 1977 3067 complete

94 3066 165 3101 ejus
179 3073 353 3103 principiis
383 3069 507 3104 oritur,
530 3064 616 3099 sicut
640 3068 847 3109 suppositum
872 3070 989 3104 huma·
1074 3080 1141 3102 non
1159 3068 1325 3103 subsistit.

96 3120 191 3142 nuni.
1115 3117 1159 3154 (4)
1186 3116 1263 3149 Haee
1289 3115 1390 3150 verba
1420 3127 1459 3150 ex
1491 3115 1637 3156 professo
1665 3119 1765 3160 (part.
1797 3118 1835 3161 Ι,
1859 3122 1977 3160 quest.

136 3156 180 3209 (2)
210 3155 245 3189 Si
275 3156 319 3190 sit
349 3169 411 3197 per
427 3170 474 3196 so..
501 3160 678 3203 complete,
707 3173 745 3194 ac
769 3174 829 3202 pei·
851 3163 990 3197 niodum
1074 3172 1168 3204 xxix,
1183 3170 1247 3198 art.
1264 3164 1295 3204 2)
1311 3163 1474 3201 explicata
1490 3169 1583 3200 sunt.

95 3208 197 3236 totius
213 3202 382 3244 adaequate
395 3204 588 3248 subsistens,
605 3212 642 3241 ut
663 3219 739 3242 mox
757 3209 888 3250 plenius
903 3210 945 3244 ad
968 3210 992 3246 2

93 3249 312 3290 explicabitur
325 3263 364 3285 ex
378 3251 539 3291 professo.

246 3496 310 3530 VI.
1719 3485 1742 3523 6
