2170 3808
222 212 306 256 280
787 210 988 262 QUAEST.
1012 209 1191 265 XXXIV,
1220 208 1339 252 ART.
1369 208 1479 253 l-ET
1507 209 1558 252 11.

222 294 339 338 tanti
359 307 458 339 suae
476 291 796 349 conceptionis
822 291 1030 336 Christus
1042 289 1259 335 habuerit
1277 289 1615 347 plenitudinem
1638 290 1798 347 gratiae
1820 289 2099 335 sanctifican-

221 355 281 400 tis
303 355 509 400 animam
524 358 571 399 et
592 366 764 411 corpus
787 353 908 410 ejus.

275 416 343 462 Ad
377 419 579 474 primum
610 428 721 473 ergo
750 415 999 461 dicendum
1015 447 1028 472 ,
1059 412 1185 471 quod
1214 412 1292 458 ille
1321 413 1435 459 ordo
1453 426 1591 471 quem
1614 413 1747 472 ponit
1767 413 1832 458 ibi
1852 412 2115 472 Apostolus,

219 478 423 536 pertinet
439 478 499 524 ad
516 490 598 524 eos
616 479 697 537 qui
719 491 802 536 per
820 478 1078 535 profectum
1099 475 1159 521 ad
1177 474 1465 533 spiritualem
1485 480 1660 522 statum
1678 474 1961 534 perveniunt
1974 476 2053 532 (1).
2066 477 2117 523 In

219 539 445 597 mysterio
463 544 621 586 autem
647 540 986 586 lncarnationis
1018 539 1170 595 magis
1202 537 1523 583 consideratur
1545 539 1804 585 descensus
1827 537 1998 585 divinae
2016 537 2119 596 ple-

219 601 445 648 nitudinis
485 603 534 648 in
562 606 781 648 naturam
809 603 1084 657 humanam,
1107 599 1250 658 quam
1272 599 1510 657 profectus
1538 601 1757 647 humanae
1780 604 1963 646 naturae
1983 601 2117 658 quasi

218 665 560 721 praeexistentis
571 664 619 710 in
633 667 796 711 Deum.
820 667 875 709 Et
891 663 996 709 ideo
1014 663 1061 707 in
1085 662 1273 707 homine
1300 661 1477 708 Christo
1499 663 1526 708 a
1551 663 1776 722 principio
1803 662 1893 708 fuit
1917 664 2118 720 perfecta
2161 671 2167 678 '

219 727 538 785 spiritualitas,

272 790 338 836 Ad
369 791 615 834 secundum
644 787 891 835 dicendum
906 821 918 844 ,
954 786 1079 844 quod
1116 786 1396 832 sanctificari
1430 792 1502 833 est
1533 787 1710 846 aliquid
1738 786 1839 832 fleri
1883 792 2114 833 sanctum.

217 852 284 897 Fit
305 857 463 898 autem
485 851 663 909 aliquid
688 863 784 895 non
807 850 959 894 solum
987 862 1047 894 ex
1068 849 1315 905 contrario,
1341 849 1423 895 sed
1443 850 1584 896 etiam
1606 862 1664 895 ex
1685 848 1904 907 negative
1924 849 1999 894 vel
2020 849 2133 907 pri-‘

217 915 373 960 vative
392 914 644 972 :opposit03
670 914 793 958 sicut
825 913 985 957 album
1009 912 1061 956 fit
1082 925 1141 956 ex
1163 912 1317 970 nigro,
1337 916 1386 958 et
1407 913 1547 958 etiam
1571 925 1630 958 ex
1654 926 1748 958 non
1769 912 1893 958 albo,
1923 913 2015 956 Nos
2035 925 2118 957 au-

217 981 311 1023 tem
334 990 393 1023 ex
411 975 736 1035 peccatoribus
759 974 909 1020 sancti
929 973 1177 1031 efficimur,
1197 980 1244 1019 et
1257 974 1322 1019 ita
1343 975 1647 1021 sanctificatio
1661 980 1822 1020 nostra
1841 978 1914 1020 est
1934 986 1990 1019 ex
2010 986 2116 1031 pec-

215 1043 338 1083 cato.
365 1038 454 1083 Sed
481 1036 690 1083 Christus
713 1036 903 1095 quidem
937 1036 1197 1081 secundum
1222 1036 1458 1081 hominem
1489 1033 1642 1081 factus
1672 1041 1746 1082 est
1773 1040 1986 1093 sanctus,
2008 1035 2117 1093 quia

214 1100 337 1145 hanc
355 1099 519 1157 gratiae
540 1099 835 1145 sanctitatem
854 1111 950 1143 non
967 1110 1153 1155 semper
1171 1097 1356 1155 habuit3
1378 1111 1472 1143 non
1495 1103 1652 1144 tamen
1668 1098 1819 1144 factus
1836 1102 1907 1143 est
1924 1102 2116 1143 sanctus

216 1173 274 1206 ex
295 1166 558 1220 peccatore,
580 1161 691 1220 quia
711 1165 954 1218 peccatum
980 1172 1226 1218 nunquam
1250 1160 1438 1218 habuit3
1464 1161 1548 1206 sed
1579 1160 1732 1206 factus
1754 1165 1827 1206 est
1846 1167 2039 1205 sanctus
2059 1172 2118 1205 ex

215 1230 325 1270 non‘
345 1228 510 1269 sancto
548 1223 812 1269 secundum
847 1222 1105 1278 hominem,
1139 1234 1236 1266 non
1274 1222 1463 1279 quidem
1496 1222 1738 1282 privative,
1761 1227 1815 1268 ut
1839 1222 2014 1268 scilicet
2034 1221 2117 1266 ali-

214 1285 404 1343 quando
437 1285 577 1330 fuerit
599 1285 740 1330 homo
772 1288 819 1330 et
855 1296 950 1328 non
983 1284 1124 1328 fuerit
1155 1289 1374 1341 sanctus3
1400 1284 1483 1330 sed
1522 1285 1752 1342 negative,
1802 1284 1911 1342 quia
1941 1283 2118 1330 scilicet
2167 1288 2170 1338 ζ

214 1349 404 1405 quando
423 1361 520 1393 non
544 1348 633 1393 fuit
650 1348 809 1405 hom0,
830 1360 926 1392 non
951 1347 1113 1392 habuit
1141 1347 1436 1393 sanctitatem
1463 1349 1747 1405 humanam3
1769 1352 1815 1393 et
1842 1347 1946 1393 ideo
1975 1346 2118 1392 simul

213 1410 366 1455 factus
384 1410 474 1456 fuit
498 1410 640 1455 homo
668 1414 715 1455 et
746 1414 939 1455 sanctus
971 1410 1127 1454 hom0.
1161 1411 1353 1466 Propter
1385 1409 1513 1468 quod
1537 1410 1736 1467 angelus
1767 1409 1878 1455 dicit
1898 1411 2024 1463 (Luc.
2047 1411 2077 1463 1)
2101 1421 2114 1451 ε

215 1474 345 1530 Quod
359 1477 576 1516 nascetur
597 1486 655 1516 ex
675 1475 718 1516 te
731 1476 942 1516 sanctum
967 1487 981 1512 :
1005 1471 1130 1529 quod
1155 1484 1396 1529 exponens
1417 1474 1665 1529 Gregorius
1685 1473 1858 1527 (Moral.
1889 1471 1972 1518 lib.
1994 1484 2115 1530 xvm,

213 1547 318 1592 cap.
338 1537 411 1591 27,
435 1534 558 1578 inter
577 1534 704 1579 med.
722 1539 770 1579 et
781 1533 884 1589 fin.)
904 1532 1016 1579 dicit
1036 1547 1048 1577 :
1071 1550 1091 1571 et
1111 1533 1178 1578 Ad
1201 1533 1549 1579 distinctionem
1569 1540 1743 1580 nostrae
1765 1533 2023 1579 sanctitatis
2043 1535 2117 1578 Je-
2168 1564 2170 1566 -

214 1608 297 1642 sus
313 1600 507 1642 sanctus
527 1597 796 1642 nasciturus
819 1596 1071 1641 asseritur:
1097 1608 1184 1640 nos
1206 1596 1395 1654 quippe,
1419 1596 1457 1642 si
1484 1596 1635 1642 sancti
1658 1596 1903 1651 efficimur,
1926 1608 2018 1641 non
2047 1599 2118 1640 ta-
2164 1616 2170 1623 -·

213 1670 320 1704 men
340 1659 597 1715 nascimur,
623 1658 733 1717 quia
752 1658 855 1716 ipsa
883 1663 1062 1703 naturae
1091 1658 1406 1716 corruptibilis
1438 1658 1705 1704 conditione
1729 1658 2115 1716 constringimur3

212 1718 290 1764 ille
309 1725 468 1766 autem
491 1721 622 1766 solus
652 1720 880 1766 veraciter
906 1724 1101 1765 sanctus
1125 1724 1264 1765 natus
1279 1725 1368 1777 est,
1387 1720 1468 1779 qui
1487 1733 1546 1766 ex
1563 1720 1897 1766 commixtione
1918 1718 2118 1764 carnalis

212 1783 391 1840 copulae
410 1786 666 1840 conceptus
684 1795 780 1827 non
795 1786 882 1828 est.
893 1801 915 1823 υ

268 1844 336 1889 Ad
359 1847 548 1888 tertium
570 1844 839 1902 dicendum,
859 1844 986 1902 quod
1004 1844 1137 1888 aliter
1151 1848 1371 1900 operatur
1390 1847 1523 1890 Pater
1539 1845 1821 1890 creationem
1849 1855 2007 1890 rerum
2032 1855 2119 1901 per

213 1906 397 1963 Filium,
417 1907 551 1952 aliter
571 1911 668 1951 tota
683 1907 881 1951 Trinitas
903 1905 1319 1951 sanctificationem
1337 1907 1583 1952 hominum
1605 1919 1690 1965 per
1706 1907 1946 1952 hominem
1966 1906 2117 1952 Chris·
2165 1963 2168 1966 p

214 1974 331 2015 tum.
346 1971 461 2015 Nam
482 1968 685 2014 Verbum
698 1969 775 2014 Dei
797 1974 870 2014 est
895 1968 1107 2027 ejusdem
1124 1968 1313 2016 virtutis
1333 1973 1380 2015 et
1404 1970 1688 2027 operationis
1706 1982 1817 2016 cum
1844 1973 1937 2015 Deo
1959 1971 2115 2022 Patre;

212 2031 339 2077 unde
357 2033 493 2077 Pater
514 2043 611 2076 non
632 2035 853 2089 operatur
870 2043 955 2089 per
973 2030 1155 2087 Filium,
1179 2031 1304 2077 sicut
1323 2044 1408 2090 per
1424 2032 1792 2078 instrumentum
1815 2031 1943 2089 quod
1962 2033 2119 2076 movet
2163 2065 2166 2071 .

212 2098 409 2139 motum.
433 2094 710 2139 Humanitas
738 2098 896 2139 autem
927 2093 1091 2138 Christi
1117 2098 1189 2139 est
1210 2093 1333 2139 sicut
1360 2095 1724 2140 instrumentum
1751 2092 2031 2152 Divinitatis,
2064 2096 2119 2139 ut
2166 2106 2170 2117 ·

209 2161 356 2213 'supra
375 2156 554 2202 dictum
577 2162 650 2200 est
668 2160 850 2213 (quaest.
868 2170 956 2213 xm,
978 2161 1066 2200 art.
1085 2158 1152 2214 3);
1176 2160 1223 2201 et
1237 2155 1341 2201 ideo
1362 2156 1632 2202 humanitas
1650 2155 1818 2203 Christi
1841 2159 1914 2201 est
1939 2154 2117 2200 sancti-

211 2217 359 2262 ficans
374 2223 420 2262 et
442 2218 747 2263 sanctificata.
2135 2235 2137 2237 ·

295 2290 642 2332 ARTICULUS
664 2291 724 2331 Π.
749 2312 805 2318 -
823 2300 964 2330 ornum
987 2299 1186 2330 cumsrus
1202 2300 1244 2330 nv
1267 2299 1393 2330 amno
1415 2300 1608 2331 ms'rmrt
1630 2301 1717 2332 SUAE
1738 2297 2035 2332 coneum-mma

767 2361 970 2390 uABussmr
991 2361 1098 2390 usum
1122 2361 1257 2390 unsm
1278 2361 1455 2391 Auanu
1475 2351 1555 2404 (2).

777 2424 825 2458 De
837 2423 891 2457 his
906 2422 1012 2457 etiam
1029 2422 1077 2456 De
1095 2434 1167 2457 ver.
1184 2426 1301 2465 quaest.
1322 2431 1419 2465 1¹11,
1437 2428 1504 2460 art.
1518 2425 1552 2458 8.

265 2485 333 2532 Ad
356 2485 617 2530 secundum
639 2485 708 2530 sic
730 2483 1010 2541 proceditur.
1035 2487 1078 2528 1.
1099 2483 1287 2529 Videtur
1301 2485 1428 2541 quod
1449 2485 1657 2530 Christus
1675 2485 1937 2530 secundum
1959 2484 2113 2530 homi·
2150 2483 2151 2486 ’

213 2560 322 2593 nem
346 2559 441 2591 non
452 2547 668 2592 habuerit
689 2559 829 2591 usum
846 2546 980 2590 liberi
996 2546 1171 2590 arbitrii
1198 2546 1245 2590 in
1270 2546 1422 2603 primo
1436 2547 1627 2592 instanti
1657 2559 1758 2592 suae
1774 2547 2112 2604 conceptionis.
2152 2551 2160 2565 ·’

210 2610 343 2655 Prius
362 2613 434 2655 est
450 2610 576 2654 enim
596 2621 701 2654 esse
721 2609 788 2654 rei
809 2609 951 2665 quam
971 2620 1110 2663 agere
1132 2607 1207 2652 vel
1228 2610 1410 2665 operari
1431 2611 1504 2663 (3).
1531 2611 1653 2655 Usus
1666 2613 1823 2654 autem
1838 2609 1971 2655 liberi
1986 2609 2113 2654 arbi-

212 2673 285 2718 trii
310 2677 384 2718 est
404 2673 622 2730 quaedam
645 2672 869 2729 operatio.
896 2671 1009 2715 cum
1029 2683 1142 2727 ergo
1157 2670 1315 2716 anima
1330 2671 1494 2717 Christi
1513 2684 1620 2718 esse
1638 2671 1884 2729 incoeperit
1895 2671 1944 2716 in
1964 2672 2114 2729 primo
2156 2668 2166 2712 f

211 2734 406 2779 instanti
426 2746 527 2779 suae
553 2733 892 2790 conceptionis,
915 2738 968 2777 ut
990 2745 1048 2777 ex
1071 2732 1300 2790 praedictis
1323 2737 1451 2791 patet
1472 2735 1575 2786 (art.
1595 2735 1773 2791 praec.),
1798 2733 1983 2779 videtur
2009 2745 2113 2780 esse

212 2796 502 2855 impossibile
520 2797 646 2855 quod
667 2797 717 2842 in
738 2796 891 2854 primo
909 2795 1102 2841 instanti
1125 2795 1445 2854 conceptionis
1465 2796 1680 2842 habuerit
1707 2808 1849 2841 usum
1870 2795 2003 2841 liberi
2036 2809 2114 2841 ar-

212 2861 354 2905 bitrii.

268 2925 310 2966 2.
338 2925 577 2981 Praeterea,
603 2933 722 2966 usus
751 2920 886 2966 liberi
911 2919 1088 2965 arbitrii
1120 2924 1194 2964 est
1221 2918 1403 2966 electio,
1427 2921 1598 2966 Electio
1616 2925 1772 2965 autem
1796 2919 2114 2979 praesupponit

214 2984 593 3029 deliberationem
615 2983 795 3029 consilii
821 2999 832 3028 z
854 2983 966 3028 dicit
984 2982 1110 3027 enim
1126 2981 1432 3039 Philosophus
1443 2983 1606 3036 (Ethic.
1625 2983 1708 3028 lib.
1723 2996 1786 3039 111,
1803 2994 1906 3039 cap.
1928 2984 1972 3039 3,
1989 2981 2112 3027 circa

214 3045 331 3101 fin.),
354 3045 482 3103 quod
504 3066 524 3085 ιι
538 3046 704 3092 electio
724 3050 796 3091 est
817 3046 1053 3103 appetitus
1074 3045 1419 3103 praeconsiliati.
1437 3065 1458 3086 ι)
1482 3049 1602 3103 Ergo
1615 3045 1802 3091 videtur
1820 3043 2110 3101 impossibile

253 3184 298 3224 (l)
314 3183 398 3218 Tam
422 3185 574 3224 corporis
594 3183 636 3218 de
655 3195 723 3225 quo
746 3184 987 3225 principaliter
1013 3194 1051 3217 ac
1070 3183 1121 3217 di-
1205 3183 1331 3225 porin-
1356 3185 1577 3219 maturitate
1603 3193 1799 3224 sensuum,
1815 3192 1893 3217 non
1916 3180 2110 3225 corpulen-

194 3242 197 3250 ¹
217 3232 307 3268 recte
326 3230 376 3265 ibi
399 3231 522 3271 agitur,
548 3233 649 3272 quam
674 3233 797 3267 animae
812 3233 884 3266 sine
909 3243 976 3274 qua
1000 3243 1122 3273 corpus
1208 3232 1261 3265 lici
1278 3232 1536 3268 membrorum.

217 3291 280 3313 non
297 3279 340 3314 sit
355 3279 534 3319 spirituale
550 3280 657 3319 quoad
673 3285 809 3315 statum.
1248 3280 1291 3321 (5)
1309 3280 1386 3315 nme
1405 3280 1505 3315 verba
1528 3279 1736 3315 substantive
1756 3278 1953 3320 accipiendo
1979 3289 2040 3319 pro
2055 3288 2107 3311 ac·
2151 3306 2155 3310 .

255 3327 298 3369 (2)
310 3326 525 3362 Affirmative
543 3328 722 3367 respondet
734 3330 769 3363 S.
788 3329 912 3362 Doctor
927 3333 1019 3369 juxta
1036 3327 1121 3362 illud
1206 3328 1296 3361 tione
1314 3328 1366 3362 vel
1387 3328 1584 3368 operatione
1597 3355 1604 3367 ,
1632 3327 1718 3361 sieut
1745 3333 1777 3360 ot
1799 3337 1872 3362 esse
1891 3338 1952 3367 pro
1969 3324 2107 3366 ipsamet

219 3377 253 3410 S.
279 3375 443 3411 Bernardi
467 3375 568 3409 1hou1.
588 3385 613 3409 11
638 3388 739 3417 super
767 3378 895 3416 missas)
922 3390 930 3410 :
962 3378 1025 3411 Vir
1041 3380 1122 3412 erat
1206 3377 1385 3411 exist‹·ntia
1411 3377 1462 3410 rei
1491 3387 1563 3417 quae
1597 3376 1720 3410 actioni
1739 3380 1810 3416 ejus
1838 3375 1890 3411 vel
1921 3373 2106 3416 operationi

215 3424 343 3464 ἄρεω,
379 3423 535 3457 necdum
559 3424 669 3458 ettam
696 3428 823 3465 natus,
848 3424 911 3459 sed
936 3425 1122 3468 sapientia
1205 3424 1420 3467 supponitur.

216 3481 288 3507 iton
309 3475 412 3508 aetatc
430 3484 441 3506 .·
466 3472 586 3506 animi
615 3473 751 3514 vigore,
778 3482 855 3506 non
879 3473 1019 3507 viribus
1043 3484 1119 3507 cor-
