2170 3808
653 248 847 299 QUAEST.
878 247 968 302 VII,
999 247 1118 290 ART.
1150 246 1216 289 VII
1244 247 1309 289 ET
1337 247 1440 289 VIII.
1934 249 1987 290 75

162 332 226 377 Ad
247 334 442 389 primum
463 341 575 386 ergo
597 328 861 384 dicendum,
887 328 1011 385 quod
1033 328 1152 372 sicut
1174 329 1320 384 gratia
1345 333 1527 385 gratum
1546 328 1720 372 faciens
1743 329 1984 374 ordinatur

108 393 168 438 ad
188 397 319 438 actus
339 390 594 437 meritorios
611 394 705 434 tarn
727 390 967 434 interiores
986 389 1127 445 quam
1147 389 1425 445 exteriores,
1451 389 1514 433 ita
1538 389 1681 446 grafia
1715 390 1857 446 gratis
1878 390 1983 434 data

109 455 347 501 ordinatur
367 452 426 499 ad
449 451 674 509 quosdam
694 456 827 496 actus
849 450 1099 496 exteriores
1117 447 1224 495 fidei
1243 451 1627 505 manifestativos‚
1643 450 1762 495 sicut
1782 456 1854 495 est
1874 463 1986 508 ope-

108 515 226 561 ratio
254 514 598 572 miraculorum,
629 517 675 559 et
696 513 786 558 alia
813 510 1093 569 hujusmodi.
1128 513 1177 555 In
1200 515 1396 567 utraque
1429 516 1584 556 autem
1607 511 1755 568 gratia
1782 511 1986 557 Christus

108 576 445 636 plenitudinem
477 575 664 632 hahuit,
685 575 961 632 inquantum
997 573 1122 618 enim
1143 572 1374 617 Divinitati
1396 573 1528 617 unita
1561 579 1658 618 erat
1679 573 1782 631 ejus
1814 574 1985 630 anima,

109 637 292 696 plenam
318 636 571 682 efficaciam
606 636 805 681 habebat
831 636 891 681 ad
916 646 1079 680 omnes
1115 634 1358 691 praedictos
1390 637 1522 678 actus
1544 632 1864 690 perficiendos.
1899 635 1987 680 Sed

111 698 187 744 alii
208 698 371 755 sancti,
408 698 487 756 qui
523 702 770 744 moventur
797 698 825 743 a
849 701 956 756 Deo,
973 697 1095 741 sicut
1123 696 1430 741 instrumenta
1459 708 1552 740 non
1581 697 1727 751 unita,
1749 697 1834 743 sed
1851 710 1986 754 sepa·

110 763 226 816 rata,
258 758 594 817 particulariter
624 759 876 805 efficaciam
904 757 1134 816 recipiunt
1155 758 1214 802 ad
1240 758 1325 802 hos
1346 757 1421 802 vel
1456 757 1515 801 ad
1549 756 1651 801 illos
1684 763 1816 802 actus
1848 758 1987 815 perfi-

112 820 312 866 ciendos.
334 823 389 865 Et
410 821 513 866 ideo
544 821 593 864 in
624 821 726 866 aliis
748 820 920 866 sanctis
941 818 1206 876 huiusmodi
1231 819 1390 875 gratiae
1412 817 1696 876 dividuntur,
1720 830 1814 862 non
1832 824 1986 865 autem

112 882 159 928 in
177 882 365 928 Christo.
844 914 850 926 ,

166 944 231 990 Ad
253 945 495 988 secundum
515 944 779 1000 dicendum,
801 944 923 999 quod
943 943 1150 988 Christus
1166 943 1333 988 dicitur
1354 945 1438 986 Dei
1454 945 1613 999 virtus,
1636 946 1679 986 et
1701 945 1786 985 Dei
1806 945 1987 998 sapiene

114 1008 197 1064 tia,
213 1005 490 1063 inquantum
523 1010 594 1051 est
612 1010 812 1051 aeternus
834 1005 911 1050 Dei
934 1005 1090 1049 Filius.
1116 1005 1187 1050 Sic
1210 1008 1366 1049 autem
1390 1017 1483 1049 non
1509 1004 1728 1060 competit
1754 1004 1796 1048 ei
1818 1003 1988 1049 habere

112 1067 306 1124 gratiam
321 1101 334 1121 ,
356 1068 439 1113 sed
462 1081 565 1113 esse
594 1068 747 1125 potius
773 1067 978 1112 datorem
1000 1067 1182 1124 gratiae,
1203 1066 1421 1122 competit
1442 1070 1595 1110 autem
1615 1065 1656 1110 ei
1685 1065 1856 1110 habere
1881 1077 1987 1122 gra-

112 1129 223 1174 tiam
242 1130 499 1174 secundum
516 1130 766 1174 humanam
784 1135 1011 1173 naturam.

165 1190 231 1236 Ad
250 1194 432 1235 tertium
452 1191 716 1246 dicendum,
736 1190 859 1247 quod
883 1190 1059 1234 donum
1076 1190 1340 1246 linguarum
1358 1189 1517 1234 datum
1532 1193 1604 1233 est
1621 1189 1864 1249 Apostolis,
1881 1190 1988 1247 quia

111 1250 414 1297 mittebantur
454 1251 513 1297 ad
555 1251 790 1297 docendas
821 1263 984 1296 omnes
1027 1256 1218 1308 gentes,
1257 1250 1463 1295 Christus
1498 1254 1653 1294 autem
1686 1250 1735 1293 in
1767 1263 1858 1294 una
1890 1251 1986 1295 sola

116 1316 256 1369 gente
274 1314 537 1359 Judaeorum
559 1313 703 1358 voluit
724 1313 1029 1370 personaliter
1050 1313 1324 1370 praedicare,
1352 1312 1609 1356 secundum
1633 1312 1758 1368 quod
1790 1312 1890 1369 ipse
1918 1313 1989 1358 di-

113 1373 175 1418 cit
198 1375 364 1432 (Matth.
390 1389 460 1433 xv,
469 1377 550 1431 ²24)
579 1390 591 1420 :
626 1379 727 1420 Non
753 1388 851 1419 sum
880 1378 1039 1419 missus
1061 1378 1149 1419 nisi
1170 1375 1234 1418 ad
1253 1388 1350 1418 oves
1369 1386 1463 1430 quae
1480 1377 1713 1430 perierunt
1733 1374 1892 1418 domus
1920 1378 1988 1418 Is-

111 1435 214 1479 rael
225 1449 245 1492 ‚⁸
267 1440 314 1481 et
347 1436 593 1492 Apostolus
629 1436 738 1481 dicit
765 1438 910 1492 (Rom.
930 1451 1000 1493 xv,
1032 1437 1104 1492 8):
1143 1441 1250 1480 Dico
1283 1437 1517 1480 Christum
1551 1439 1702 1478 Iesum
1735 1439 1988 1480 ministrum

113 1497 248 1551 fuisse
279 1500 641 1543 circumcisionis.
673 1500 726 1543 Et
759 1499 863 1544 ideo
892 1511 987 1543 non
1019 1500 1221 1556 oportuit
1239 1498 1362 1555 quod
1380 1498 1647 1555 loqueretur
1663 1497 1874 1554 pluribus
1898 1498 1988 1542 lin-

115 1558 234 1614 guis.
258 1561 349 1604 Nec
368 1564 517 1605 tamen
544 1560 690 1605 defuit
707 1560 749 1605 ei
770 1560 979 1606 omnium
1002 1561 1268 1617 linguarum
1287 1560 1451 1604 notitia
1473 1574 1484 1602 z
1509 1562 1615 1603 cum
1644 1560 1782 1604 etiam
1809 1561 1988 1605 occulta

114 1620 320 1665 cordium
356 1621 515 1666 cinon
550 1626 708 1667 essent
736 1623 1022 1681 abscondita,
1045 1627 1099 1667 ut
1129 1623 1248 1667 infra
1272 1623 1449 1667 dicetur
1473 1623 1653 1677 (quaest.
1678 1634 1722 1678 x,
1757 1626 1841 1665 art.
1871 1624 1915 1677 2,
1945 1626 1988 1666 et

114 1685 277 1737 quaest.
299 1695 373 1741 xu,
393 1688 478 1727 art.
501 1687 560 1740 1),
581 1697 779 1741 quorum
798 1697 937 1729 voces
966 1697 1271 1742 quaecumque
1290 1688 1399 1729 sunt
1424 1683 1574 1739 signa.
1597 1685 1686 1727 Nec
1709 1687 1866 1727 tamen
1886 1683 1989 1727 inu-

114 1741 253 1788 tiliter
273 1743 394 1788 hanc
414 1745 620 1790 notitiam
638 1747 826 1803 habuit3
852 1747 973 1792 sicut
990 1760 1083 1791 non
1101 1747 1321 1792 inutiliter
1339 1745 1477 1790 habet
1494 1744 1703 1789 habitum
1724 1745 1806 1802 qui
1823 1757 1878 1790 eo
1896 1757 1987 1790 non

113 1804 274 1861 utitur,
298 1807 483 1862 quando
506 1821 598 1852 non
623 1813 692 1853 est
722 1814 1034 1866 opportunum
1057 1812 1131 1863 (1).

334 1871 675 1913 ARTICULUS
696 1873 819 1915 VIII.
839 1896 892 1902 —
915 1885 1051 1915 uranu
1079 1885 1120 1914 m
1151 1883 1322 1914 cnmsro
1352 1884 1499 1913 FUEmT
1530 1883 1769 1913 pnornmm.

116 1933 166 1968 De
186 1933 239 1968 his
259 1934 359 1969 etiam
385 1935 485 1977 infra,
506 1942 620 1979 quaest.
637 1947 730 1978 xxxi,
758 1943 823 1972 art.
841 1940 875 1980 2,
893 1942 927 1973 et
951 1939 973 1973 2
993 1939 1027 1980 2,
1053 1945 1168 1979 quaest.
1189 1947 1323 1977 eLxxlv,
1348 1943 1413 1971 art.
1436 1940 1469 1976 5,
1484 1944 1518 1971 et
1536 1938 1587 1971 Ps.
1606 1946 1701 1978 XLIV,
1722 1943 1756 1971 et
1770 1937 1892 1972 Matth.
1911 1947 1938 1980 Ι,
1955 1941 1991 1975 οῦ

680 1986 774 2019 Joan.
793 1994 839 2027 lv,
856 1986 935 2020 lect.
953 1986 986 2028 6,
1005 1990 1039 2020 et
1054 1986 1082 2020 1.
1102 1987 1179 2020 Cor.
1195 1985 1364 2024 x111,lect.
1384 1986 1418 2019 4.

171 2036 239 2080 Ad
277 2040 491 2081 octavum
534 2038 601 2082 sic
639 2040 916 2095 proceditur.
953 2044 996 2085 1.
1038 2040 1224 2084 Videtur
1259 2038 1383 2095 quod
1424 2039 1469 2082 in
1504 2038 1682 2082 Christo
1721 2051 1817 2093 non
1852 2039 1990 2084 fuerit

113 2097 367 2154 prophetia.
396 2100 634 2154 Prophetia
660 2101 784 2144 enim
818 2101 1034 2157 importat
1054 2102 1301 2158 quamdam
1333 2100 1575 2144 obscuram
1601 2106 1646 2144 et
1677 2099 1988 2156 imperfectam

114 2158 338 2216 notitiam,
361 2160 618 2205 secundum
651 2161 764 2205 illud
799 2163 948 2217 (Num.
969 2176 1044 2218 ΧΠ,
1069 2164 1140 2217 6);
1167 2165 1217 2206 Si
1238 2164 1336 2217 quis
1364 2164 1506 2215 fuerit
1527 2165 1646 2204 inter
1669 2175 1745 2204 vos
1765 2164 1989 2217 propheta

114 2219 311 2277 Domini,
329 2233 419 2277 per
439 2226 657 2265 somnium·
691 2226 842 2267 autin
872 2226 1035 2267 visione
1067 2224 1229 2279 loquar
1248 2223 1312 2266 ad
1334 2236 1450 2266 eum.
1479 2223 1565 2267 Sed
1595 2223 1800 2267 Christus
1830 2224 1989 2271 hahuit

114 2280 296 2336 plenam
315 2285 362 2326 et
383 2287 589 2338 apertam
609 2284 834 2339 notitiam,
855 2284 1002 2329 multo
1017 2286 1167 2341 magis
1187 2285 1326 2342 quam
1344 2287 1538 2342 Moyses,
1559 2284 1617 2329 de
1639 2297 1731 2340 quo
1751 2284 1813 2328 ihi
1830 2286 1988 2331 subdi-

115 2346 207 2398 tur,
240 2342 359 2398 quad
376 2344 553 2401 palam,
580 2349 622 2389 et
645 2359 732 2388 non
753 2359 841 2403 per
873 2349 1129 2403 aeniqmata,
1157 2347 1272 2390 vidit
1295 2351 1454 2390 Deum.
1475 2347 1574 2390 Non
1604 2358 1715 2402 ergo
1744 2346 1791 2389 in
1812 2346 1987 2392 Christo

114 2402 253 2448 debet
270 2404 381 2461 poni
402 2406 658 2462 prophetia.
1811 2456 1815 2460 .

165 2466 206 2508 2.
239 2466 475 2524 Praeterea,
491 2467 611 2512 sicut
628 2469 742 2513 fides
763 2474 835 2514 est
853 2482 1012 2515 eorum
1030 2482 1134 2527 quae
1155 2482 1250 2515 non
1273 2469 1508 2527 videntur,
1528 2474 1575 2514 et
1589 2482 1697 2526 spes
1707 2481 1869 2515 eorum
1882 2483 1987 2528 quae

113 2537 206 2569 non
226 2525 469 2584 habentur,
492 2528 555 2573 ita
573 2530 813 2586 prophetia
844 2535 916 2576 est
933 2543 1094 2576 eorum
1115 2544 1221 2589 quae
1238 2544 1334 2575 non
1357 2534 1469 2575 sunt
1490 2532 1756 2588 praesentia,
1783 2531 1865 2576 sed
1892 2532 1986 2577 dis-

119 2588 248 2656 tantg
273 2600 382 2633 nam
399 2591 623 2647 propheta
650 2592 832 2650 dicitur,
850 2593 982 2650 quasi
1007 2594 1168 2650 procul
1186 2593 1291 2638 fans
1310 2596 1387 2648 (2).
1409 2592 1497 2637 Sed
1517 2593 1566 2637 in
1589 2594 1767 2638 Christo
1788 2606 1882 2637 non
1900 2607 1984 2650 po-

114 2651 239 2692 nitur
257 2646 391 2705 fideS,
415 2662 502 2695 nec
523 2664 647 2710 speS,
675 2657 728 2698 ut
761 2667 903 2711 supra
923 2655 1098 2700 dictum
1122 2660 1194 2700 est
1221 2658 1321 2711 (art.
1352 2657 1381 2699 3
1402 2658 1449 2699 et
1473 2658 1501 2700 4
1518 2654 1617 2712 huj.
1641 2655 1845 2712 quaest.).
1867 2658 1982 2712 Ergo

111 2710 349 2766 prophetia
367 2711 504 2757 etiam
524 2727 617 2759 non
638 2715 774 2761 dehet
792 2717 901 2773 poni
924 2717 971 2761 in
989 2718 1181 2762 Christo.

167 2773 211 2816 3.
240 2774 477 2831 Praeterea,
507 2777 729 2833 propheta
756 2783 826 2823 est
861 2779 1091 2824 inferioris
1112 2779 1288 2824 ordinis
1309 2779 1450 2836 quam
1472 2779 1695 2836 angelus3
1718 2779 1844 2824 unde
1863 2781 1984 2827 etde

114 2832 280 2888 Moyse,
306 2834 386 2890 qui
414 2834 501 2880 fuit
531 2849 775 2893 supremus
797 2840 1140 2897 prophetarum,
1161 2845 1213 2885 ut
1244 2841 1294 2884 in
1330 2841 1537 2885 secunda
1560 2846 1689 2897 parte
1718 2840 1890 2885 dictum
1912 2846 1984 2888 est

117 2893 160 2934 '2
178 2896 222 2962 ⁶7),
235 2899 398 2950 quaest.
414 2909 577 2952 cmxxiv,
593 2903 678 2944 art.
696 2902 755 2956 3),
770 2900 937 2946 dicitur
959 2904 1071 2956 (Act.
1084 2905 1175 2958 vn),
1192 2901 1316 2958 quod
1329 2902 1513 2947 locutus
1528 2906 1600 2947 est
1620 2914 1726 2946 cum
1750 2903 1917 2958 angelo
1933 2903 1983 2948 in

114 2952 382 3025 solitudine.
406 2958 492 3002 Sed
507 2959 713 3006 Christus
735 2974 827 3006 non
843 2967 916 3008 est
931 2964 1190 3009 minoratus
1208 2965 1264 3007 ab
1282 2964 1479 3021 angelis,
1498 2963 1755 3009 secundum
1776 2965 1982 3012 notitiam

115 3026 297 3086 ammae,
328 3017 408 3062 sed
435 3019 583 3064 solum
607 3024 865 3079 secundum
897 3026 1102 3083 corporis
1134 3026 1414 3082 passionem,
1445 3030 1498 3071 ut
1524 3026 1722 3071 habetur
1745 3027 1890 3080 (Hebr.
1914 3033 1979 3081 n).

115 3078 233 3132 Ergo
252 3078 435 3123 wdetur
452 3080 577 3136 quod
598 3083 802 3130 Christus
817 3098 911 3130 non
933 3086 1021 3131 fuit
1038 3088 1277 3144 propheta.

171 3138 257 3183 Sed
279 3143 440 3183 contra
458 3144 666 3199 estquod
689 3144 746 3189 de
764 3158 819 3190 eo
839 3148 1103 3204 praedicitur
1120 3152 1318 3202 (Denter,
1332 3163 1450 3206 xvm,
1471 3151 1543 3205 15)
1563 3163 1575 3194 :
1599 3150 1871 3206 prophetam
1888 3163 1980 3192 sus-

116 3199 269 3243 citabit
291 3201 412 3243 vobis
445 3206 564 3245 Deus
587 3203 643 3246 de
663 3206 880 3258 fratribus
902 3212 1059 3252 vestris
1080 3211 1166 3265 (3);
1193 3214 1238 3254 et
1264 3209 1364 3266 ipse
1393 3210 1452 3255 de
1483 3222 1534 3255 Se
1561 3210 1673 3255 dicit
1694 3210 1870 3264 (Matth.
1889 3223 1976 3265 xm,

115 3263 185 3315 57,
207 3264 251 3305 et
271 3263 400 3305 Joan.
423 3265 481 3317 lv)
500 3278 510 3307 ε
535 3267 634 3307 Non
656 3268 720 3308 est
737 3268 961 3322 propheta
983 3272 1079 3312 sine
1108 3270 1274 3313 honore
1292 3274 1379 3314 nisi
1396 3274 1445 3314 in
1461 3275 1621 3328 patria
1641 3285 1740 3315 sua.

157 3369 200 3409 (l)
216 3371 265 3404 De
284 3370 402 3410 gratiis
423 3373 526 3412 gratis
544 3372 629 3407 datis
656 3372 783 3413 plurali
801 3373 833 3415 2,
853 3387 908 3416 qu.
936 3383 1003 3410 cxl.
1130 3379 1173 3420 (5)
1193 3379 1288 3421 Quod
1303 3379 1342 3412 de
1359 3380 1490 3414 Christo
1505 3380 1701 3419 intelligunt
1726 3381 1842 3412 Petrus
1862 3381 1894 3412 et
1907 3379 1978 3412 Ste-

157 3417 201 3457 (2)
214 3416 387 3453 Allusione
408 3420 538 3453 tantum
557 3419 828 3462 significationis,
846 3433 912 3456 non
938 3424 1006 3457 ori·
1089 3425 1217 3465 phanus
1249 3427 1334 3468 (Act.
1354 3436 1395 3461 111
1428 3432 1461 3461 et
1492 3431 1568 3466 vn),
1600 3428 1688 3459 Iron.
1723 3426 1831 3458 ‹Cont.
1863 3424 1977 3459 haeres.

112 3463 192 3503 gine
206 3466 307 3500 vocis.
1089 3472 1148 3506 lib.
1175 3482 1226 3513 ιιι,
1250 3486 1320 3515 cap.
1340 3475 1404 3514 12),
1430 3474 1531 3513 Cyril.
1557 3472 1630 3510 (lib.
1658 3480 1669 3504 Ι
1693 3471 1727 3504 in
1747 3471 1840 3505 Joan.
1858 3484 1885 3504 c.
1911 3471 1976 3512 24),
