<?xml version="1.0" encoding="UTF-8"?>
<!DOCTYPE html PUBLIC "-//W3C//DTD XHTML 1.0 Transitional//EN"
    "http://www.w3.org/TR/xhtml1/DTD/xhtml1-transitional.dtd">
<html xmlns="http://www.w3.org/1999/xhtml" xml:lang="en" lang="en">
 <head>
  <title>
</title>
<meta http-equiv="Content-Type" content="text/html;charset=utf-8" />
  <meta name='ocr-system' content='tesseract 3.04.00' />
  <meta name='ocr-capabilities' content='ocr_page ocr_carea ocr_par ocr_line ocrx_word'/>
</head>
<body>
  <div class='ocr_page' id='page_1' title='image "./summatheologica06thomuoft_0103.png"; bbox 0 0 2170 3808; ppageno 0'>
   <div class='ocr_carea' id='block_1_1' title="bbox 23 0 305 70">
    <p class='ocr_par' dir='ltr' id='par_1_1' title="bbox 23 0 305 70">
     <span class='ocr_line' id='line_1_1' title="bbox 23 0 305 70; baseline 0 3738"><span class='ocrx_word' id='word_1_1' title='bbox 23 0 305 70; x_wconf 95' lang='lat' dir='ltr'> </span> 
     </span>
    </p>
   </div>
   <div class='ocr_carea' id='block_1_2' title="bbox 748 286 1953 341">
    <p class='ocr_par' dir='ltr' id='par_1_2' title="bbox 748 286 1953 341">
     <span class='ocr_line' id='line_1_2' title="bbox 748 286 1953 341; baseline 0.004 -11"><span class='ocrx_word' id='word_1_2' title='bbox 748 288 945 340; x_wconf 79' lang='lat' dir='ltr'>QUAEsr.</span> <span class='ocrx_word' id='word_1_3' title='bbox 976 288 1062 341; x_wconf 87' lang='lat' dir='ltr'>vn,</span> <span class='ocrx_word' id='word_1_4' title='bbox 1092 288 1210 332; x_wconf 84' lang='lat' dir='ltr'>ART.</span> <span class='ocrx_word' id='word_1_5' title='bbox 1239 287 1272 332; x_wconf 91' lang='grc'>1.</span> <span class='ocrx_word' id='word_1_6' title='bbox 1898 286 1953 328; x_wconf 83' lang='grc'>67</span> 
     </span>
    </p>
   </div>
   <div class='ocr_carea' id='block_1_3' title="bbox 70 367 1954 922">
    <p class='ocr_par' dir='ltr' id='par_1_3' title="bbox 70 367 1954 543">
     <span class='ocr_line' id='line_1_3' title="bbox 70 367 1954 433; baseline -0.005 -13"><span class='ocrx_word' id='word_1_7' title='bbox 70 373 218 433; x_wconf 86' lang='lat' dir='ltr'>gratia</span> <span class='ocrx_word' id='word_1_8' title='bbox 237 372 347 418; x_wconf 83' lang='lat' dir='ltr'>vero</span> <span class='ocrx_word' id='word_1_9' title='bbox 368 376 439 418; x_wconf 91' lang='lat' dir='ltr'>est</span> <span class='ocrx_word' id='word_1_10' title='bbox 459 370 678 429; x_wconf 81' lang='lat' dir='ltr'>perfectio</span> <span class='ocrx_word' id='word_1_11' title='bbox 701 369 868 414; x_wconf 83' lang='lat' dir='ltr'>animae</span> <span class='ocrx_word' id='word_1_12' title='bbox 890 369 1186 415; x_wconf 87' lang='lat' dir='ltr'>accidentalis</span> <span class='ocrx_word' id='word_1_13' title='bbox 1210 371 1285 424; x_wconf 82' lang='lat'>(1).</span> <span class='ocrx_word' id='word_1_14' title='bbox 1312 372 1364 414; x_wconf 88' lang='lat' dir='ltr'>Et</span> <span class='ocrx_word' id='word_1_15' title='bbox 1392 369 1497 415; x_wconf 91' lang='lat' dir='ltr'>ideo</span> <span class='ocrx_word' id='word_1_16' title='bbox 1519 367 1664 425; x_wconf 85' lang='lat' dir='ltr'>gratia</span> <span class='ocrx_word' id='word_1_17' title='bbox 1686 379 1778 411; x_wconf 92' lang='lat' dir='ltr'>non</span> <span class='ocrx_word' id='word_1_18' title='bbox 1801 369 1954 423; x_wconf 90' lang='lat' dir='ltr'>potest</span> 
     </span>
     <span class='ocr_line' id='line_1_4' title="bbox 71 427 1952 489; baseline -0.006 -7"><span class='ocrx_word' id='word_1_19' title='bbox 71 436 284 483; x_wconf 85' lang='lat' dir='ltr'>ordinare</span> <span class='ocrx_word' id='word_1_20' title='bbox 302 433 503 479; x_wconf 88' lang='lat' dir='ltr'>animam</span> <span class='ocrx_word' id='word_1_21' title='bbox 523 433 582 479; x_wconf 88' lang='lat' dir='ltr'>ad</span> <span class='ocrx_word' id='word_1_22' title='bbox 601 432 822 477; x_wconf 90' lang='lat' dir='ltr'>unionem</span> <span class='ocrx_word' id='word_1_23' title='bbox 843 432 1134 489; x_wconf 87' lang='lat' dir='ltr'>personalem</span> <span class='ocrx_word' id='word_1_24' title='bbox 1145 433 1264 487; x_wconf 85' lang='lat' dir='ltr'>(quae</span> <span class='ocrx_word' id='word_1_25' title='bbox 1288 444 1382 475; x_wconf 89' lang='lat' dir='ltr'>non</span> <span class='ocrx_word' id='word_1_26' title='bbox 1403 436 1474 476; x_wconf 91' lang='lat' dir='ltr'>est</span> <span class='ocrx_word' id='word_1_27' title='bbox 1493 428 1820 485; x_wconf 76' lang='lat' dir='ltr'>accidentalis),</span> <span class='ocrx_word' id='word_1_28' title='bbox 1832 427 1952 472; x_wconf 89' lang='lat' dir='ltr'>sicut</span> 
     </span>
     <span class='ocr_line' id='line_1_5' title="bbox 70 498 497 543; baseline -0.009 0"><span class='ocrx_word' id='word_1_29' title='bbox 70 498 226 543; x_wconf 86' lang='lat' dir='ltr'>anima</span> <span class='ocrx_word' id='word_1_30' title='bbox 247 500 293 541; x_wconf 91' lang='lat' dir='ltr'>et</span> <span class='ocrx_word' id='word_1_31' title='bbox 314 507 392 541; x_wconf 90' lang='lat' dir='ltr'>cor</span> <span class='ocrx_word' id='word_1_32' title='bbox 425 507 497 540; x_wconf 90' lang='lat' dir='ltr'>us.</span> 
     </span>
    </p>

    <p class='ocr_par' dir='ltr' id='par_1_4' title="bbox 71 507 1953 922">
     <span class='ocr_line' id='line_1_6' title="bbox 126 507 1953 614; baseline -0.006 -9"><span class='ocrx_word' id='word_1_33' title='bbox 126 560 194 605; x_wconf 84' lang='lat' dir='ltr'>Ad</span> <span class='ocrx_word' id='word_1_34' title='bbox 213 507 675 614; x_wconf 73' lang='lat' dir='ltr'>tertiumpdicendum‚</span> <span class='ocrx_word' id='word_1_35' title='bbox 697 557 822 613; x_wconf 82' lang='lat' dir='ltr'>quod</span> <span class='ocrx_word' id='word_1_36' title='bbox 844 556 1039 601; x_wconf 85' lang='lat' dir='ltr'>verbum</span> <span class='ocrx_word' id='word_1_37' title='bbox 1062 559 1274 599; x_wconf 90' lang='lat' dir='ltr'>nostrum</span> <span class='ocrx_word' id='word_1_38' title='bbox 1294 555 1455 599; x_wconf 89' lang='lat' dir='ltr'>unitur</span> <span class='ocrx_word' id='word_1_39' title='bbox 1470 554 1588 608; x_wconf 84' lang='lat' dir='ltr'>voci,</span> <span class='ocrx_word' id='word_1_40' title='bbox 1609 552 1840 598; x_wconf 78' lang='lat' dir='ltr'>mediante</span> <span class='ocrx_word' id='word_1_41' title='bbox 1858 550 1953 607; x_wconf 88' lang='lat' dir='ltr'>spi-</span> 
     </span>
     <span class='ocr_line' id='line_1_7' title="bbox 73 615 1952 677; baseline -0.004 -11"><span class='ocrx_word' id='word_1_42' title='bbox 73 621 187 676; x_wconf 81' lang='lat' dir='ltr'>ritu3</span> <span class='ocrx_word' id='word_1_43' title='bbox 203 631 297 664; x_wconf 91' lang='lat' dir='ltr'>non</span> <span class='ocrx_word' id='word_1_44' title='bbox 316 618 502 677; x_wconf 89' lang='lat' dir='ltr'>quidem</span> <span class='ocrx_word' id='word_1_45' title='bbox 523 618 643 663; x_wconf 87' lang='lat' dir='ltr'>sicut</span> <span class='ocrx_word' id='word_1_46' title='bbox 664 618 816 663; x_wconf 91' lang='lat' dir='ltr'>medio</span> <span class='ocrx_word' id='word_1_47' title='bbox 832 617 1025 672; x_wconf 84' lang='lat' dir='ltr'>formali,</span> <span class='ocrx_word' id='word_1_48' title='bbox 1049 617 1131 662; x_wconf 90' lang='lat' dir='ltr'>sed</span> <span class='ocrx_word' id='word_1_49' title='bbox 1145 617 1266 661; x_wconf 89' lang='lat' dir='ltr'>sicut</span> <span class='ocrx_word' id='word_1_50' title='bbox 1284 628 1366 673; x_wconf 92' lang='lat' dir='ltr'>per</span> <span class='ocrx_word' id='word_1_51' title='bbox 1384 615 1589 659; x_wconf 90' lang='lat' dir='ltr'>medium</span> <span class='ocrx_word' id='word_1_52' title='bbox 1608 626 1820 659; x_wconf 87' lang='lat' dir='ltr'>movens.</span> <span class='ocrx_word' id='word_1_53' title='bbox 1839 616 1952 658; x_wconf 88' lang='lat' dir='ltr'>Nam</span> 
     </span>
     <span class='ocr_line' id='line_1_8' title="bbox 72 674 1952 737; baseline -0.005 -10"><span class='ocrx_word' id='word_1_54' title='bbox 72 695 128 728; x_wconf 86' lang='lat' dir='ltr'>ex</span> <span class='ocrx_word' id='word_1_55' title='bbox 148 681 288 727; x_wconf 86' lang='lat' dir='ltr'>verbo</span> <span class='ocrx_word' id='word_1_56' title='bbox 309 686 531 736; x_wconf 85' lang='lat' dir='ltr'>concepto</span> <span class='ocrx_word' id='word_1_57' title='bbox 550 679 745 724; x_wconf 79' lang='lat' dir='ltr'>interius</span> <span class='ocrx_word' id='word_1_58' title='bbox 758 679 966 737; x_wconf 82' lang='lat' dir='ltr'>procedit</span> <span class='ocrx_word' id='word_1_59' title='bbox 984 678 1191 736; x_wconf 74' lang='lat' dir='ltr'>spiritus,</span> <span class='ocrx_word' id='word_1_60' title='bbox 1206 691 1262 723; x_wconf 90' lang='lat' dir='ltr'>ex</span> <span class='ocrx_word' id='word_1_61' title='bbox 1280 689 1372 734; x_wconf 93' lang='lat' dir='ltr'>quo</span> <span class='ocrx_word' id='word_1_62' title='bbox 1387 676 1612 721; x_wconf 83' lang='lat' dir='ltr'>formatur</span> <span class='ocrx_word' id='word_1_63' title='bbox 1624 688 1731 720; x_wconf 80' lang='lat' dir='ltr'>vox.</span> <span class='ocrx_word' id='word_1_64' title='bbox 1750 677 1804 719; x_wconf 91' lang='lat' dir='ltr'>Et</span> <span class='ocrx_word' id='word_1_65' title='bbox 1824 674 1952 719; x_wconf 88' lang='lat' dir='ltr'>simi-</span> 
     </span>
     <span class='ocr_line' id='line_1_9' title="bbox 71 735 1950 798; baseline -0.005 -9"><span class='ocrx_word' id='word_1_66' title='bbox 71 743 175 789; x_wconf 89' lang='lat' dir='ltr'>liter</span> <span class='ocrx_word' id='word_1_67' title='bbox 188 754 246 789; x_wconf 85' lang='lat' dir='ltr'>ex</span> <span class='ocrx_word' id='word_1_68' title='bbox 259 741 404 788; x_wconf 86' lang='lat' dir='ltr'>Verbo</span> <span class='ocrx_word' id='word_1_69' title='bbox 419 745 594 786; x_wconf 81' lang='lat' dir='ltr'>aeterno</span> <span class='ocrx_word' id='word_1_70' title='bbox 608 742 811 798; x_wconf 83' lang='lat' dir='ltr'>procedit</span> <span class='ocrx_word' id='word_1_71' title='bbox 830 741 1022 798; x_wconf 84' lang='lat' dir='ltr'>Spiritus</span> <span class='ocrx_word' id='word_1_72' title='bbox 1038 745 1245 796; x_wconf 83' lang='lat' dir='ltr'>sanctus,</span> <span class='ocrx_word' id='word_1_73' title='bbox 1261 739 1340 797; x_wconf 90' lang='lat' dir='ltr'>qui</span> <span class='ocrx_word' id='word_1_74' title='bbox 1361 737 1576 783; x_wconf 83' lang='lat' dir='ltr'>formavit</span> <span class='ocrx_word' id='word_1_75' title='bbox 1588 749 1755 794; x_wconf 89' lang='lat' dir='ltr'>corpus</span> <span class='ocrx_word' id='word_1_76' title='bbox 1771 735 1950 795; x_wconf 79' lang='lat' dir='ltr'>Christi,</span> 
     </span>
     <span class='ocr_line' id='line_1_10' title="bbox 73 796 1953 861; baseline -0.004 -13"><span class='ocrx_word' id='word_1_77' title='bbox 73 809 124 850; x_wconf 89' lang='lat' dir='ltr'>ut</span> <span class='ocrx_word' id='word_1_78' title='bbox 141 803 257 849; x_wconf 84' lang='lat' dir='ltr'>infra</span> <span class='ocrx_word' id='word_1_79' title='bbox 270 802 443 861; x_wconf 88' lang='lat' dir='ltr'>patebit</span> <span class='ocrx_word' id='word_1_80' title='bbox 458 803 637 859; x_wconf 85' lang='lat' dir='ltr'>(quaest.</span> <span class='ocrx_word' id='word_1_81' title='bbox 650 817 778 859; x_wconf 75' lang='lat' dir='ltr'>xxxu,</span> <span class='ocrx_word' id='word_1_82' title='bbox 793 807 879 847; x_wconf 87' lang='lat' dir='ltr'>art.</span> <span class='ocrx_word' id='word_1_83' title='bbox 896 805 955 857; x_wconf 77' lang='lat'>1).</span> <span class='ocrx_word' id='word_1_84' title='bbox 973 805 1069 847; x_wconf 89' lang='lat' dir='ltr'>Non</span> <span class='ocrx_word' id='word_1_85' title='bbox 1088 806 1245 847; x_wconf 91' lang='lat' dir='ltr'>autem</span> <span class='ocrx_word' id='word_1_86' title='bbox 1261 813 1319 846; x_wconf 85' lang='lat' dir='ltr'>ex</span> <span class='ocrx_word' id='word_1_87' title='bbox 1335 800 1425 845; x_wconf 88' lang='lat' dir='ltr'>hoc</span> <span class='ocrx_word' id='word_1_88' title='bbox 1439 798 1648 856; x_wconf 89' lang='lat' dir='ltr'>sequitur</span> <span class='ocrx_word' id='word_1_89' title='bbox 1661 796 1786 855; x_wconf 80' lang='lat' dir='ltr'>quod</span> <span class='ocrx_word' id='word_1_90' title='bbox 1805 797 1953 854; x_wconf 86' lang='lat' dir='ltr'>gratia</span> 
     </span>
     <span class='ocr_line' id='line_1_11' title="bbox 71 861 1450 922; baseline -0.003 -12"><span class='ocrx_word' id='word_1_91' title='bbox 71 863 262 922; x_wconf 75' lang='lat' dir='ltr'>Spiritus</span> <span class='ocrx_word' id='word_1_92' title='bbox 278 862 425 910; x_wconf 84' lang='lat' dir='ltr'>sancti</span> <span class='ocrx_word' id='word_1_93' title='bbox 443 862 503 909; x_wconf 91' lang='lat' dir='ltr'>sit</span> <span class='ocrx_word' id='word_1_94' title='bbox 520 863 712 910; x_wconf 90' lang='lat' dir='ltr'>formale</span> <span class='ocrx_word' id='word_1_95' title='bbox 730 863 934 909; x_wconf 89' lang='lat' dir='ltr'>medium</span> <span class='ocrx_word' id='word_1_96' title='bbox 953 864 1003 908; x_wconf 90' lang='lat' dir='ltr'>in</span> <span class='ocrx_word' id='word_1_97' title='bbox 1027 863 1198 908; x_wconf 89' lang='lat' dir='ltr'>unione</span> <span class='ocrx_word' id='word_1_98' title='bbox 1214 861 1450 919; x_wconf 85' lang='lat' dir='ltr'>praedicta.</span> 
     </span>
    </p>
   </div>
   <div class='ocr_carea' id='block_1_4' title="bbox 785 1004 1236 1069">
    <p class='ocr_par' dir='ltr' id='par_1_5' title="bbox 785 1004 1236 1069">
     <span class='ocr_line' id='line_1_12' title="bbox 785 1004 1236 1069; baseline -0.002 -10"><span class='ocrx_word' id='word_1_99' title='bbox 785 1005 1087 1069; x_wconf 87' lang='lat' dir='ltr'><strong>QUAESTIO</strong></span> <span class='ocrx_word' id='word_1_100' title='bbox 1126 1004 1236 1060; x_wconf 90' lang='lat' dir='ltr'>VII.</span> 
     </span>
    </p>
   </div>
   <div class='ocr_carea' id='block_1_5' title="bbox 69 1138 1953 1242">
    <p class='ocr_par' dir='ltr' id='par_1_6' title="bbox 69 1138 1953 1242">
     <span class='ocr_line' id='line_1_13' title="bbox 69 1138 1953 1194; baseline -0.002 -14"><span class='ocrx_word' id='word_1_101' title='bbox 69 1144 130 1180; x_wconf 76' lang='lat' dir='ltr'>lm</span> <span class='ocrx_word' id='word_1_102' title='bbox 162 1143 334 1181; x_wconf 72' lang='lat' dir='ltr'>GRATIA</span> <span class='ocrx_word' id='word_1_103' title='bbox 366 1144 569 1194; x_wconf 81' lang='lat' dir='ltr'>CHRISTI,</span> <span class='ocrx_word' id='word_1_104' title='bbox 604 1144 758 1181; x_wconf 86' lang='lat' dir='ltr'><strong>PROU&#39;I&#39;</strong></span> <span class='ocrx_word' id='word_1_105' title='bbox 790 1145 875 1179; x_wconf 86' lang='lat' dir='ltr'>EST</span> <span class='ocrx_word' id='word_1_106' title='bbox 913 1144 1090 1187; x_wconf 80' lang='lat' dir='ltr'><strong>QUIDAM</strong></span> <span class='ocrx_word' id='word_1_107' title='bbox 1124 1144 1400 1180; x_wconf 79' lang='lat' dir='ltr'>SINGULARIS</span> <span class='ocrx_word' id='word_1_108' title='bbox 1430 1141 1592 1192; x_wconf 80' lang='lat' dir='ltr'>HOMO,</span> <span class='ocrx_word' id='word_1_109' title='bbox 1628 1142 1676 1177; x_wconf 86' lang='lat' dir='ltr'>IN</span> <span class='ocrx_word' id='word_1_110' title='bbox 1713 1138 1953 1176; x_wconf 75' lang='lat' dir='ltr'>TREDECIM</span> 
     </span>
     <span class='ocr_line' id='line_1_14' title="bbox 779 1206 1237 1242; baseline 0.002 -2"><span class='ocrx_word' id='word_1_111' title='bbox 779 1206 1038 1242; x_wconf 80' lang='lat' dir='ltr'>ARTICULOS</span> <span class='ocrx_word' id='word_1_112' title='bbox 1070 1207 1237 1241; x_wconf 85' lang='lat' dir='ltr'>DIVISA.</span> 
     </span>
    </p>
   </div>
   <div class='ocr_carea' id='block_1_6' title="bbox 69 1317 1954 2150">
    <p class='ocr_par' dir='ltr' id='par_1_7' title="bbox 69 1317 1954 2084">
     <span class='ocr_line' id='line_1_15' title="bbox 119 1317 1953 1371; baseline -0.004 -8"><span class='ocrx_word' id='word_1_113' title='bbox 119 1322 272 1364; x_wconf 85' lang='lat' dir='ltr'>Deinde</span> <span class='ocrx_word' id='word_1_114' title='bbox 290 1322 632 1364; x_wconf 80' lang='lat' dir='ltr'>considerandum</span> <span class='ocrx_word' id='word_1_115' title='bbox 646 1325 705 1361; x_wconf 90' lang='lat' dir='ltr'>est</span> <span class='ocrx_word' id='word_1_116' title='bbox 720 1321 769 1362; x_wconf 87' lang='lat' dir='ltr'>de</span> <span class='ocrx_word' id='word_1_117' title='bbox 782 1321 1050 1371; x_wconf 79' lang='lat' dir='ltr'>coassumptis</span> <span class='ocrx_word' id='word_1_118' title='bbox 1065 1321 1089 1361; x_wconf 79' lang='lat' dir='ltr'>a</span> <span class='ocrx_word' id='word_1_119' title='bbox 1103 1319 1206 1361; x_wconf 87' lang='lat' dir='ltr'>Filio</span> <span class='ocrx_word' id='word_1_120' title='bbox 1220 1320 1291 1360; x_wconf 89' lang='lat' dir='ltr'>Dei</span> <span class='ocrx_word' id='word_1_121' title='bbox 1306 1319 1352 1360; x_wconf 88' lang='lat' dir='ltr'>iu</span> <span class='ocrx_word' id='word_1_122' title='bbox 1373 1319 1556 1359; x_wconf 89' lang='lat' dir='ltr'>humana</span> <span class='ocrx_word' id='word_1_123' title='bbox 1573 1321 1720 1358; x_wconf 86' lang='lat' dir='ltr'>natura</span> <span class='ocrx_word' id='word_1_124' title='bbox 1735 1332 1746 1358; x_wconf 69' lang='grc' dir='ltr'>ε</span> <span class='ocrx_word' id='word_1_125' title='bbox 1763 1321 1803 1357; x_wconf 87' lang='grc'>01</span> <span class='ocrx_word' id='word_1_126' title='bbox 1819 1317 1953 1368; x_wconf 84' lang='lat' dir='ltr'>primo</span> 
     </span>
     <span class='ocr_line' id='line_1_16' title="bbox 69 1372 1948 1430; baseline -0.003 -12"><span class='ocrx_word' id='word_1_127' title='bbox 69 1377 119 1419; x_wconf 88' lang='lat' dir='ltr'>de</span> <span class='ocrx_word' id='word_1_128' title='bbox 140 1376 206 1418; x_wconf 86' lang='lat' dir='ltr'>his</span> <span class='ocrx_word' id='word_1_129' title='bbox 223 1388 317 1430; x_wconf 84' lang='lat' dir='ltr'>quae</span> <span class='ocrx_word' id='word_1_130' title='bbox 342 1378 545 1429; x_wconf 79' lang='lat' dir='ltr'>pertinent</span> <span class='ocrx_word' id='word_1_131' title='bbox 563 1376 615 1416; x_wconf 88' lang='lat' dir='ltr'>ad</span> <span class='ocrx_word' id='word_1_132' title='bbox 635 1376 916 1427; x_wconf 81' lang='lat' dir='ltr'>perfectionem</span> <span class='ocrx_word' id='word_1_133' title='bbox 933 1406 944 1425; x_wconf 93' lang='lat'>,</span> <span class='ocrx_word' id='word_1_134' title='bbox 964 1375 1141 1416; x_wconf 78' lang='lat' dir='ltr'>secundo</span> <span class='ocrx_word' id='word_1_135' title='bbox 1164 1375 1214 1416; x_wconf 86' lang='lat' dir='ltr'>de</span> <span class='ocrx_word' id='word_1_136' title='bbox 1239 1375 1304 1415; x_wconf 90' lang='lat' dir='ltr'>his</span> <span class='ocrx_word' id='word_1_137' title='bbox 1321 1386 1413 1426; x_wconf 88' lang='lat' dir='ltr'>quae</span> <span class='ocrx_word' id='word_1_138' title='bbox 1432 1375 1638 1427; x_wconf 86' lang='lat' dir='ltr'>pertinent</span> <span class='ocrx_word' id='word_1_139' title='bbox 1663 1373 1716 1414; x_wconf 86' lang='lat' dir='ltr'>ad</span> <span class='ocrx_word' id='word_1_140' title='bbox 1734 1372 1948 1413; x_wconf 81' lang='lat' dir='ltr'>defectum.</span> 
     </span>
     <span class='ocr_line' id='line_1_17' title="bbox 70 1426 1953 1484; baseline -0.002 -12"><span class='ocrx_word' id='word_1_141' title='bbox 70 1432 182 1473; x_wconf 86' lang='lat' dir='ltr'>Circa</span> <span class='ocrx_word' id='word_1_142' title='bbox 198 1432 379 1484; x_wconf 92' lang='lat' dir='ltr'>primum</span> <span class='ocrx_word' id='word_1_143' title='bbox 396 1431 688 1474; x_wconf 84' lang='lat' dir='ltr'>consideranda</span> <span class='ocrx_word' id='word_1_144' title='bbox 702 1434 801 1471; x_wconf 89' lang='lat' dir='ltr'>sunt</span> <span class='ocrx_word' id='word_1_145' title='bbox 814 1432 919 1471; x_wconf 87' lang='lat' dir='ltr'>tria:</span> <span class='ocrx_word' id='word_1_146' title='bbox 939 1431 1086 1482; x_wconf 82' lang='lat' dir='ltr'>primo,</span> <span class='ocrx_word' id='word_1_147' title='bbox 1104 1430 1153 1471; x_wconf 94' lang='lat' dir='ltr'>de</span> <span class='ocrx_word' id='word_1_148' title='bbox 1169 1433 1301 1482; x_wconf 84' lang='lat' dir='ltr'>gratia</span> <span class='ocrx_word' id='word_1_149' title='bbox 1320 1430 1472 1470; x_wconf 87' lang='lat' dir='ltr'>Christi</span> <span class='ocrx_word' id='word_1_150' title='bbox 1484 1445 1495 1479; x_wconf 90' lang='lat'>;</span> <span class='ocrx_word' id='word_1_151' title='bbox 1507 1428 1698 1478; x_wconf 81' lang='lat' dir='ltr'>secundo,</span> <span class='ocrx_word' id='word_1_152' title='bbox 1716 1428 1766 1469; x_wconf 90' lang='lat' dir='ltr'>de</span> <span class='ocrx_word' id='word_1_153' title='bbox 1783 1426 1953 1468; x_wconf 84' lang='lat' dir='ltr'>scientia</span> 
     </span>
     <span class='ocr_line' id='line_1_18' title="bbox 70 1483 1952 1539; baseline -0.003 -11"><span class='ocrx_word' id='word_1_154' title='bbox 70 1487 179 1539; x_wconf 76' lang='lat' dir='ltr'>ejus3</span> <span class='ocrx_word' id='word_1_155' title='bbox 202 1488 334 1538; x_wconf 80' lang='lat' dir='ltr'>tertio,</span> <span class='ocrx_word' id='word_1_156' title='bbox 353 1487 402 1527; x_wconf 91' lang='lat' dir='ltr'>de</span> <span class='ocrx_word' id='word_1_157' title='bbox 423 1487 601 1539; x_wconf 88' lang='lat' dir='ltr'>potentia</span> <span class='ocrx_word' id='word_1_158' title='bbox 621 1486 883 1538; x_wconf 65' lang='lat' dir='ltr'>ipsius—De</span> <span class='ocrx_word' id='word_1_159' title='bbox 902 1488 1032 1537; x_wconf 83' lang='lat' dir='ltr'>gratia</span> <span class='ocrx_word' id='word_1_160' title='bbox 1054 1489 1192 1526; x_wconf 85' lang='lat' dir='ltr'>autem</span> <span class='ocrx_word' id='word_1_161' title='bbox 1207 1486 1359 1526; x_wconf 86' lang='lat' dir='ltr'>Christi</span> <span class='ocrx_word' id='word_1_162' title='bbox 1377 1485 1717 1526; x_wconf 87' lang='lat' dir='ltr'>considerandum</span> <span class='ocrx_word' id='word_1_163' title='bbox 1734 1486 1794 1524; x_wconf 90' lang='lat' dir='ltr'>est</span> <span class='ocrx_word' id='word_1_164' title='bbox 1807 1483 1952 1534; x_wconf 90' lang='lat' dir='ltr'>dupli-</span> 
     </span>
     <span class='ocr_line' id='line_1_19' title="bbox 70 1538 1949 1594; baseline -0.002 -13"><span class='ocrx_word' id='word_1_165' title='bbox 70 1542 168 1582; x_wconf 83' lang='lat' dir='ltr'>citer</span> <span class='ocrx_word' id='word_1_166' title='bbox 189 1556 199 1582; x_wconf 92' lang='lat'>:</span> <span class='ocrx_word' id='word_1_167' title='bbox 224 1542 356 1594; x_wconf 80' lang='lat' dir='ltr'>primo</span> <span class='ocrx_word' id='word_1_168' title='bbox 371 1541 537 1594; x_wconf 88' lang='lat' dir='ltr'>quidem</span> <span class='ocrx_word' id='word_1_169' title='bbox 555 1543 604 1582; x_wconf 90' lang='lat' dir='ltr'>de</span> <span class='ocrx_word' id='word_1_170' title='bbox 622 1542 754 1593; x_wconf 83' lang='lat' dir='ltr'>gratia</span> <span class='ocrx_word' id='word_1_171' title='bbox 775 1542 863 1593; x_wconf 85' lang='lat' dir='ltr'>ejus</span> <span class='ocrx_word' id='word_1_172' title='bbox 891 1540 1119 1582; x_wconf 82' lang='lat' dir='ltr'>secundum</span> <span class='ocrx_word' id='word_1_173' title='bbox 1144 1541 1255 1593; x_wconf 81' lang='lat' dir='ltr'>quod</span> <span class='ocrx_word' id='word_1_174' title='bbox 1282 1544 1343 1581; x_wconf 91' lang='lat' dir='ltr'>est</span> <span class='ocrx_word' id='word_1_175' title='bbox 1359 1540 1529 1593; x_wconf 86' lang='lat' dir='ltr'>quidam</span> <span class='ocrx_word' id='word_1_176' title='bbox 1556 1539 1779 1591; x_wconf 85' lang='lat' dir='ltr'>singularis</span> <span class='ocrx_word' id='word_1_177' title='bbox 1805 1538 1949 1578; x_wconf 90' lang='lat' dir='ltr'>homo:</span> 
     </span>
     <span class='ocr_line' id='line_1_20' title="bbox 72 1594 1954 1648; baseline -0.003 -10"><span class='ocrx_word' id='word_1_178' title='bbox 72 1595 250 1638; x_wconf 80' lang='lat' dir='ltr'>secundo</span> <span class='ocrx_word' id='word_1_179' title='bbox 268 1596 317 1638; x_wconf 90' lang='lat' dir='ltr'>de</span> <span class='ocrx_word' id='word_1_180' title='bbox 338 1598 468 1648; x_wconf 83' lang='lat' dir='ltr'>gratia</span> <span class='ocrx_word' id='word_1_181' title='bbox 485 1597 589 1648; x_wconf 90' lang='lat' dir='ltr'>ejus,</span> <span class='ocrx_word' id='word_1_182' title='bbox 618 1596 843 1637; x_wconf 84' lang='lat' dir='ltr'>secundum</span> <span class='ocrx_word' id='word_1_183' title='bbox 864 1597 974 1647; x_wconf 83' lang='lat' dir='ltr'>quod</span> <span class='ocrx_word' id='word_1_184' title='bbox 994 1599 1052 1636; x_wconf 90' lang='lat' dir='ltr'>est</span> <span class='ocrx_word' id='word_1_185' title='bbox 1070 1599 1192 1648; x_wconf 89' lang='lat' dir='ltr'>caput</span> <span class='ocrx_word' id='word_1_186' title='bbox 1211 1595 1417 1644; x_wconf 84' lang='lat' dir='ltr'>Ecclesiae;</span> <span class='ocrx_word' id='word_1_187' title='bbox 1439 1607 1537 1636; x_wconf 90' lang='lat' dir='ltr'>nam</span> <span class='ocrx_word' id='word_1_188' title='bbox 1559 1595 1608 1636; x_wconf 90' lang='lat' dir='ltr'>de</span> <span class='ocrx_word' id='word_1_189' title='bbox 1629 1595 1759 1645; x_wconf 84' lang='lat' dir='ltr'>gratia</span> <span class='ocrx_word' id='word_1_190' title='bbox 1782 1594 1954 1633; x_wconf 85' lang='lat' dir='ltr'>unionis</span> 
     </span>
     <span class='ocr_line' id='line_1_21' title="bbox 73 1649 1953 1704; baseline -0.002 -13"><span class='ocrx_word' id='word_1_191' title='bbox 73 1651 156 1704; x_wconf 78' lang='lat' dir='ltr'>iam</span> <span class='ocrx_word' id='word_1_192' title='bbox 174 1650 330 1693; x_wconf 89' lang='lat' dir='ltr'>dictum</span> <span class='ocrx_word' id='word_1_193' title='bbox 348 1655 407 1692; x_wconf 89' lang='lat' dir='ltr'>est</span> <span class='ocrx_word' id='word_1_194' title='bbox 421 1652 581 1704; x_wconf 84' lang='lat' dir='ltr'>(quaest.</span> <span class='ocrx_word' id='word_1_195' title='bbox 606 1654 667 1702; x_wconf 90' lang='grc'><strong>11),</strong></span> <span class='ocrx_word' id='word_1_196' title='bbox 689 1652 801 1692; x_wconf 86' lang='lat' dir='ltr'>Circa</span> <span class='ocrx_word' id='word_1_197' title='bbox 821 1652 1002 1702; x_wconf 88' lang='lat' dir='ltr'>primum</span> <span class='ocrx_word' id='word_1_198' title='bbox 1022 1656 1265 1704; x_wconf 87' lang='lat' dir='ltr'>quaeruntur</span> <span class='ocrx_word' id='word_1_199' title='bbox 1284 1651 1501 1692; x_wconf 85' lang='lat' dir='ltr'>tredecim:</span> <span class='ocrx_word' id='word_1_200' title='bbox 1531 1656 1564 1690; x_wconf 78' lang='lat'>1⁰</span> <span class='ocrx_word' id='word_1_201' title='bbox 1584 1651 1728 1692; x_wconf 82' lang='lat' dir='ltr'>Utrum</span> <span class='ocrx_word' id='word_1_202' title='bbox 1750 1649 1795 1689; x_wconf 91' lang='lat' dir='ltr'>in</span> <span class='ocrx_word' id='word_1_203' title='bbox 1810 1649 1953 1689; x_wconf 81' lang='lat' dir='ltr'>anima</span> 
     </span>
     <span class='ocr_line' id='line_1_22' title="bbox 72 1705 1954 1758; baseline -0.002 -11"><span class='ocrx_word' id='word_1_204' title='bbox 72 1706 222 1748; x_wconf 87' lang='lat' dir='ltr'>Christi</span> <span class='ocrx_word' id='word_1_205' title='bbox 240 1707 362 1747; x_wconf 79' lang='lat' dir='ltr'>fuerit</span> <span class='ocrx_word' id='word_1_206' title='bbox 387 1707 526 1758; x_wconf 82' lang='lat' dir='ltr'>aliqua</span> <span class='ocrx_word' id='word_1_207' title='bbox 556 1707 685 1758; x_wconf 86' lang='lat' dir='ltr'>gratia</span> <span class='ocrx_word' id='word_1_208' title='bbox 714 1706 949 1746; x_wconf 83' lang='lat' dir='ltr'>habitualis.</span> <span class='ocrx_word' id='word_1_209' title='bbox 973 1729 1019 1736; x_wconf 91' lang='lat'><em>-</em></span> <span class='ocrx_word' id='word_1_210' title='bbox 1043 1714 1081 1746; x_wconf 86' lang='lat'>2⁰</span> <span class='ocrx_word' id='word_1_211' title='bbox 1106 1708 1254 1747; x_wconf 79' lang='lat' dir='ltr'>Utrum</span> <span class='ocrx_word' id='word_1_212' title='bbox 1278 1708 1322 1747; x_wconf 91' lang='lat' dir='ltr'>in</span> <span class='ocrx_word' id='word_1_213' title='bbox 1340 1707 1498 1748; x_wconf 88' lang='lat' dir='ltr'>Christo</span> <span class='ocrx_word' id='word_1_214' title='bbox 1516 1707 1669 1746; x_wconf 82' lang='lat' dir='ltr'>luerint</span> <span class='ocrx_word' id='word_1_215' title='bbox 1691 1705 1876 1746; x_wconf 83' lang='lat' dir='ltr'>virtutes.</span> <span class='ocrx_word' id='word_1_216' title='bbox 1904 1724 1954 1733; x_wconf 91' lang='lat'>—</span> 
     </span>
     <span class='ocr_line' id='line_1_23' title="bbox 74 1757 1953 1813; baseline -0.001 -14"><span class='ocrx_word' id='word_1_217' title='bbox 74 1764 114 1799; x_wconf 85' lang='grc'>30</span> <span class='ocrx_word' id='word_1_218' title='bbox 137 1760 282 1800; x_wconf 75' lang='lat' dir='ltr'>Utrum</span> <span class='ocrx_word' id='word_1_219' title='bbox 308 1761 353 1800; x_wconf 93' lang='lat' dir='ltr'>in</span> <span class='ocrx_word' id='word_1_220' title='bbox 372 1771 418 1800; x_wconf 87' lang='lat' dir='ltr'>eo</span> <span class='ocrx_word' id='word_1_221' title='bbox 435 1761 558 1800; x_wconf 78' lang='lat' dir='ltr'>fuerit</span> <span class='ocrx_word' id='word_1_222' title='bbox 588 1760 701 1801; x_wconf 88' lang='lat' dir='ltr'>fides.</span> <span class='ocrx_word' id='word_1_223' title='bbox 725 1782 771 1789; x_wconf 91' lang='lat'>—-</span> <span class='ocrx_word' id='word_1_224' title='bbox 790 1765 829 1799; x_wconf 84' lang='lat'>4⁰</span> <span class='ocrx_word' id='word_1_225' title='bbox 852 1761 996 1800; x_wconf 82' lang='lat' dir='ltr'>Utrum</span> <span class='ocrx_word' id='word_1_226' title='bbox 1024 1761 1147 1801; x_wconf 82' lang='lat' dir='ltr'>fuerit</span> <span class='ocrx_word' id='word_1_227' title='bbox 1165 1762 1209 1801; x_wconf 92' lang='lat' dir='ltr'>in</span> <span class='ocrx_word' id='word_1_228' title='bbox 1230 1773 1276 1802; x_wconf 90' lang='lat' dir='ltr'>eo</span> <span class='ocrx_word' id='word_1_229' title='bbox 1299 1772 1401 1813; x_wconf 88' lang='lat' dir='ltr'>spes.</span> <span class='ocrx_word' id='word_1_230' title='bbox 1422 1782 1469 1791; x_wconf 97' lang='lat'><strong>—</strong></span> <span class='ocrx_word' id='word_1_231' title='bbox 1499 1767 1537 1800; x_wconf 87' lang='grc'>50</span> <span class='ocrx_word' id='word_1_232' title='bbox 1560 1761 1706 1800; x_wconf 79' lang='lat' dir='ltr'>Utrum</span> <span class='ocrx_word' id='word_1_233' title='bbox 1728 1759 1771 1799; x_wconf 90' lang='lat' dir='ltr'>in</span> <span class='ocrx_word' id='word_1_234' title='bbox 1791 1757 1953 1799; x_wconf 86' lang='lat' dir='ltr'>Christo</span> 
     </span>
     <span class='ocr_line' id='line_1_24' title="bbox 74 1813 1953 1856; baseline -0.001 -3"><span class='ocrx_word' id='word_1_235' title='bbox 74 1814 226 1854; x_wconf 81' lang='lat' dir='ltr'>fuerint</span> <span class='ocrx_word' id='word_1_236' title='bbox 243 1814 364 1855; x_wconf 85' lang='lat' dir='ltr'>dona.</span> <span class='ocrx_word' id='word_1_237' title='bbox 382 1836 430 1843; x_wconf 94' lang='lat'><strong>—</strong></span> <span class='ocrx_word' id='word_1_238' title='bbox 454 1821 492 1854; x_wconf 86' lang='lat'>6⁰</span> <span class='ocrx_word' id='word_1_239' title='bbox 517 1815 663 1856; x_wconf 81' lang='lat' dir='ltr'>Utrum</span> <span class='ocrx_word' id='word_1_240' title='bbox 682 1815 726 1854; x_wconf 91' lang='lat' dir='ltr'>in</span> <span class='ocrx_word' id='word_1_241' title='bbox 741 1815 899 1854; x_wconf 88' lang='lat' dir='ltr'>Christo</span> <span class='ocrx_word' id='word_1_242' title='bbox 924 1816 1046 1855; x_wconf 83' lang='lat' dir='ltr'>fuerit</span> <span class='ocrx_word' id='word_1_243' title='bbox 1067 1816 1229 1856; x_wconf 90' lang='lat' dir='ltr'>timoris</span> <span class='ocrx_word' id='word_1_244' title='bbox 1250 1816 1423 1856; x_wconf 87' lang='lat' dir='ltr'>donum.</span> <span class='ocrx_word' id='word_1_245' title='bbox 1444 1837 1494 1846; x_wconf 90' lang='lat'><em>-</em></span> <span class='ocrx_word' id='word_1_246' title='bbox 1509 1820 1548 1855; x_wconf 82' lang='lat'>7⁰</span> <span class='ocrx_word' id='word_1_247' title='bbox 1565 1816 1709 1855; x_wconf 81' lang='lat' dir='ltr'>Utrum</span> <span class='ocrx_word' id='word_1_248' title='bbox 1729 1814 1771 1854; x_wconf 90' lang='lat' dir='ltr'>in</span> <span class='ocrx_word' id='word_1_249' title='bbox 1792 1813 1953 1854; x_wconf 90' lang='lat' dir='ltr'>Christo</span> 
     </span>
     <span class='ocr_line' id='line_1_25' title="bbox 75 1868 1951 1923; baseline -0.002 -13"><span class='ocrx_word' id='word_1_250' title='bbox 75 1869 228 1910; x_wconf 87' lang='lat' dir='ltr'>fuerint</span> <span class='ocrx_word' id='word_1_251' title='bbox 243 1870 382 1920; x_wconf 84' lang='lat' dir='ltr'>gratiae</span> <span class='ocrx_word' id='word_1_252' title='bbox 402 1870 529 1920; x_wconf 84' lang='lat' dir='ltr'>gratis</span> <span class='ocrx_word' id='word_1_253' title='bbox 549 1870 668 1910; x_wconf 83' lang='lat' dir='ltr'>datae.</span> <span class='ocrx_word' id='word_1_254' title='bbox 686 1893 733 1899; x_wconf 92' lang='lat'>—</span> <span class='ocrx_word' id='word_1_255' title='bbox 753 1875 792 1910; x_wconf 87' lang='grc'>80</span> <span class='ocrx_word' id='word_1_256' title='bbox 808 1871 955 1910; x_wconf 77' lang='lat' dir='ltr'>Utrum</span> <span class='ocrx_word' id='word_1_257' title='bbox 975 1871 1018 1910; x_wconf 94' lang='lat' dir='ltr'>in</span> <span class='ocrx_word' id='word_1_258' title='bbox 1038 1871 1198 1911; x_wconf 84' lang='lat' dir='ltr'>Christo</span> <span class='ocrx_word' id='word_1_259' title='bbox 1217 1871 1339 1911; x_wconf 82' lang='lat' dir='ltr'>fuerit</span> <span class='ocrx_word' id='word_1_260' title='bbox 1355 1870 1579 1923; x_wconf 83' lang='lat' dir='ltr'>prophetia.</span> <span class='ocrx_word' id='word_1_261' title='bbox 1602 1893 1650 1900; x_wconf 89' lang='lat'><em>-</em></span> <span class='ocrx_word' id='word_1_262' title='bbox 1671 1876 1711 1911; x_wconf 85' lang='grc'>90</span> <span class='ocrx_word' id='word_1_263' title='bbox 1736 1870 1884 1910; x_wconf 80' lang='lat' dir='ltr'>Utrum</span> <span class='ocrx_word' id='word_1_264' title='bbox 1906 1868 1951 1908; x_wconf 92' lang='lat' dir='ltr'>in</span> 
     </span>
     <span class='ocr_line' id='line_1_26' title="bbox 74 1923 1953 1977; baseline -0.001 -12"><span class='ocrx_word' id='word_1_265' title='bbox 74 1935 120 1965; x_wconf 83' lang='lat' dir='ltr'>ee</span> <span class='ocrx_word' id='word_1_266' title='bbox 146 1923 270 1964; x_wconf 85' lang='lat' dir='ltr'>fuerit</span> <span class='ocrx_word' id='word_1_267' title='bbox 290 1923 504 1975; x_wconf 86' lang='lat' dir='ltr'>plenitudo</span> <span class='ocrx_word' id='word_1_268' title='bbox 535 1924 688 1974; x_wconf 84' lang='lat' dir='ltr'>gratiae.</span> <span class='ocrx_word' id='word_1_269' title='bbox 718 1946 764 1953; x_wconf 98' lang='lat'><strong>—</strong></span> <span class='ocrx_word' id='word_1_270' title='bbox 802 1930 860 1964; x_wconf 87' lang='grc' dir='ltr'>1οο</span> <span class='ocrx_word' id='word_1_271' title='bbox 893 1925 1038 1964; x_wconf 81' lang='lat' dir='ltr'>Utrum</span> <span class='ocrx_word' id='word_1_272' title='bbox 1070 1926 1165 1965; x_wconf 87' lang='lat' dir='ltr'>talis</span> <span class='ocrx_word' id='word_1_273' title='bbox 1194 1926 1403 1977; x_wconf 85' lang='lat' dir='ltr'>plenitudo</span> <span class='ocrx_word' id='word_1_274' title='bbox 1431 1927 1486 1965; x_wconf 89' lang='lat' dir='ltr'>sit</span> <span class='ocrx_word' id='word_1_275' title='bbox 1519 1925 1682 1977; x_wconf 82' lang='lat' dir='ltr'>propria</span> <span class='ocrx_word' id='word_1_276' title='bbox 1718 1924 1883 1963; x_wconf 78' lang='lat' dir='ltr'>Christi.</span> <span class='ocrx_word' id='word_1_277' title='bbox 1903 1943 1953 1951; x_wconf 95' lang='lat'>—</span> 
     </span>
     <span class='ocr_line' id='line_1_27' title="bbox 80 1977 1953 2031; baseline -0.002 -12"><span class='ocrx_word' id='word_1_278' title='bbox 80 1983 140 2019; x_wconf 86' lang='grc'>110</span> <span class='ocrx_word' id='word_1_279' title='bbox 165 1978 310 2018; x_wconf 77' lang='lat' dir='ltr'>Utrum</span> <span class='ocrx_word' id='word_1_280' title='bbox 332 1977 481 2018; x_wconf 87' lang='lat' dir='ltr'>Christi</span> <span class='ocrx_word' id='word_1_281' title='bbox 502 1978 631 2029; x_wconf 84' lang='lat' dir='ltr'>gratia</span> <span class='ocrx_word' id='word_1_282' title='bbox 654 1979 710 2018; x_wconf 90' lang='lat' dir='ltr'>sit</span> <span class='ocrx_word' id='word_1_283' title='bbox 731 1979 909 2020; x_wconf 85' lang='lat' dir='ltr'>infinita.</span> <span class='ocrx_word' id='word_1_284' title='bbox 930 2001 977 2009; x_wconf 90' lang='lat'><strong>—</strong></span> <span class='ocrx_word' id='word_1_285' title='bbox 1006 1985 1067 2019; x_wconf 82' lang='lat'>12⁰</span> <span class='ocrx_word' id='word_1_286' title='bbox 1083 1981 1229 2020; x_wconf 81' lang='lat' dir='ltr'>Utrum</span> <span class='ocrx_word' id='word_1_287' title='bbox 1253 1981 1427 2031; x_wconf 87' lang='lat' dir='ltr'>potuerit</span> <span class='ocrx_word' id='word_1_288' title='bbox 1452 1980 1604 2030; x_wconf 72' lang='lat' dir='ltr'>augeri.</span> <span class='ocrx_word' id='word_1_289' title='bbox 1624 2002 1673 2013; x_wconf 53' lang='grc' dir='ltr'>-ν-</span> <span class='ocrx_word' id='word_1_290' title='bbox 1695 1984 1754 2019; x_wconf 87' lang='grc'>130</span> <span class='ocrx_word' id='word_1_291' title='bbox 1771 1978 1953 2027; x_wconf 85' lang='lat' dir='ltr'>Qualiter</span> 
     </span>
     <span class='ocr_line' id='line_1_28' title="bbox 74 2032 846 2084; baseline 0 -10"><span class='ocrx_word' id='word_1_292' title='bbox 74 2033 161 2074; x_wconf 87' lang='lat' dir='ltr'>haec</span> <span class='ocrx_word' id='word_1_293' title='bbox 179 2033 309 2084; x_wconf 81' lang='lat' dir='ltr'>gratia</span> <span class='ocrx_word' id='word_1_294' title='bbox 330 2045 371 2073; x_wconf 90' lang='lat' dir='ltr'>se</span> <span class='ocrx_word' id='word_1_295' title='bbox 390 2032 536 2074; x_wconf 87' lang='lat' dir='ltr'>habeat</span> <span class='ocrx_word' id='word_1_296' title='bbox 557 2033 608 2074; x_wconf 86' lang='lat' dir='ltr'>ad</span> <span class='ocrx_word' id='word_1_297' title='bbox 634 2034 846 2074; x_wconf 90' lang='lat' dir='ltr'>unionem.</span> 
     </span>
    </p>

    <p class='ocr_par' dir='ltr' id='par_1_8' title="bbox 74 2097 1949 2150">
     <span class='ocr_line' id='line_1_29' title="bbox 74 2097 1949 2150; baseline -0.002 -8"><span class='ocrx_word' id='word_1_298' title='bbox 74 2098 418 2142; x_wconf 84' lang='lat' dir='ltr'>ARTICULUS</span> <span class='ocrx_word' id='word_1_299' title='bbox 440 2099 478 2140; x_wconf 94' lang='lat'>1.</span> <span class='ocrx_word' id='word_1_300' title='bbox 498 2121 552 2127; x_wconf 94' lang='lat'>—</span> <span class='ocrx_word' id='word_1_301' title='bbox 569 2110 702 2140; x_wconf 73' lang='lat' dir='ltr'>ornum</span> <span class='ocrx_word' id='word_1_302' title='bbox 721 2110 763 2139; x_wconf 79' lang='lat' dir='ltr'>m</span> <span class='ocrx_word' id='word_1_303' title='bbox 784 2110 909 2140; x_wconf 72' lang='lat' dir='ltr'>ANJMA</span> <span class='ocrx_word' id='word_1_304' title='bbox 927 2110 1086 2141; x_wconf 71' lang='grc'><strong>1111111311</strong></span> <span class='ocrx_word' id='word_1_305' title='bbox 1106 2112 1253 2142; x_wconf 73' lang='lat' dir='ltr'>ramur</span> <span class='ocrx_word' id='word_1_306' title='bbox 1271 2112 1425 2148; x_wconf 62' lang='grc' dir='ltr'><strong>,1010οΑ</strong></span> <span class='ocrx_word' id='word_1_307' title='bbox 1445 2110 1596 2142; x_wconf 69' lang='lat' dir='ltr'>annm</span> <span class='ocrx_word' id='word_1_308' title='bbox 1619 2110 1857 2140; x_wconf 75' lang='lat' dir='ltr'>nAmwAms</span> <span class='ocrx_word' id='word_1_309' title='bbox 1872 2097 1949 2150; x_wconf 77' lang='lat'>(2).</span> 
     </span>
    </p>
   </div>
   <div class='ocr_carea' id='block_1_7' title="bbox 74 2163 1950 2255">
    <p class='ocr_par' dir='ltr' id='par_1_9' title="bbox 74 2163 1950 2255">
     <span class='ocr_line' id='line_1_30' title="bbox 74 2163 1950 2207; baseline -0.001 -7"><span class='ocrx_word' id='word_1_310' title='bbox 74 2165 123 2201; x_wconf 81' lang='lat' dir='ltr'>De</span> <span class='ocrx_word' id='word_1_311' title='bbox 136 2164 190 2200; x_wconf 74' lang='lat' dir='ltr'>his</span> <span class='ocrx_word' id='word_1_312' title='bbox 211 2163 314 2200; x_wconf 78' lang='lat' dir='ltr'>etiam</span> <span class='ocrx_word' id='word_1_313' title='bbox 333 2164 426 2199; x_wconf 80' lang='lat' dir='ltr'>Sent.</span> <span class='ocrx_word' id='word_1_314' title='bbox 445 2172 499 2206; x_wconf 90' lang='lat'>111,</span> <span class='ocrx_word' id='word_1_315' title='bbox 517 2163 593 2200; x_wconf 85' lang='lat' dir='ltr'>dist.</span> <span class='ocrx_word' id='word_1_316' title='bbox 617 2164 671 2205; x_wconf 70' lang='lat'>⁴5,</span> <span class='ocrx_word' id='word_1_317' title='bbox 688 2169 801 2206; x_wconf 82' lang='lat' dir='ltr'>quaest.</span> <span class='ocrx_word' id='word_1_318' title='bbox 820 2173 845 2205; x_wconf 87' lang='lat'>1,</span> <span class='ocrx_word' id='word_1_319' title='bbox 865 2168 929 2199; x_wconf 84' lang='lat' dir='ltr'>art.</span> <span class='ocrx_word' id='word_1_320' title='bbox 948 2165 981 2206; x_wconf 88' lang='lat' dir='ltr'>-l,</span> <span class='ocrx_word' id='word_1_321' title='bbox 1001 2168 1034 2199; x_wconf 83' lang='lat' dir='ltr'>et</span> <span class='ocrx_word' id='word_1_322' title='bbox 1051 2165 1100 2199; x_wconf 85' lang='lat' dir='ltr'>De</span> <span class='ocrx_word' id='word_1_323' title='bbox 1120 2165 1218 2201; x_wconf 82' lang='lat' dir='ltr'>verit.</span> <span class='ocrx_word' id='word_1_324' title='bbox 1235 2169 1353 2207; x_wconf 66' lang='lat' dir='ltr'>quest.</span> <span class='ocrx_word' id='word_1_325' title='bbox 1368 2175 1477 2207; x_wconf 83' lang='lat' dir='ltr'>xxvn.</span> <span class='ocrx_word' id='word_1_326' title='bbox 1493 2169 1557 2200; x_wconf 79' lang='lat' dir='ltr'>art.</span> <span class='ocrx_word' id='word_1_327' title='bbox 1582 2166 1615 2207; x_wconf 70' lang='grc' dir='ltr'>Ἰ,</span> <span class='ocrx_word' id='word_1_328' title='bbox 1632 2169 1667 2200; x_wconf 82' lang='lat' dir='ltr'>et</span> <span class='ocrx_word' id='word_1_329' title='bbox 1682 2166 1804 2207; x_wconf 79' lang='lat' dir='ltr'>opusc.</span> <span class='ocrx_word' id='word_1_330' title='bbox 1822 2173 1860 2205; x_wconf 86' lang='lat' dir='ltr'>n,</span> <span class='ocrx_word' id='word_1_331' title='bbox 1877 2174 1950 2206; x_wconf 74' lang='lat' dir='ltr'>cap.</span> 
     </span>
     <span class='ocr_line' id='line_1_31' title="bbox 780 2213 1222 2255; baseline 0.002 -8"><span class='ocrx_word' id='word_1_332' title='bbox 780 2213 856 2254; x_wconf 78' lang='lat'><strong>2¹5,</strong></span> <span class='ocrx_word' id='word_1_333' title='bbox 873 2216 907 2248; x_wconf 90' lang='lat' dir='ltr'>et</span> <span class='ocrx_word' id='word_1_334' title='bbox 920 2213 1016 2246; x_wconf 66' lang='lat' dir='ltr'>joan.</span> <span class='ocrx_word' id='word_1_335' title='bbox 1031 2221 1086 2255; x_wconf 81' lang='lat'>111,</span> <span class='ocrx_word' id='word_1_336' title='bbox 1101 2213 1179 2248; x_wconf 84' lang='lat' dir='ltr'>lect.</span> <span class='ocrx_word' id='word_1_337' title='bbox 1191 2215 1222 2249; x_wconf 90' lang='grc'>6.</span> 
     </span>
    </p>
   </div>
   <div class='ocr_carea' id='block_1_8' title="bbox 71 2272 1951 3322">
    <p class='ocr_par' dir='ltr' id='par_1_10' title="bbox 72 2272 1951 2639">
     <span class='ocr_line' id='line_1_32' title="bbox 126 2272 1951 2332; baseline 0.001 -14"><span class='ocrx_word' id='word_1_338' title='bbox 126 2272 194 2318; x_wconf 81' lang='lat' dir='ltr'>Ad</span> <span class='ocrx_word' id='word_1_339' title='bbox 211 2273 413 2330; x_wconf 90' lang='lat' dir='ltr'>primnm</span> <span class='ocrx_word' id='word_1_340' title='bbox 433 2272 500 2317; x_wconf 90' lang='lat' dir='ltr'>sic</span> <span class='ocrx_word' id='word_1_341' title='bbox 521 2273 799 2330; x_wconf 84' lang='lat' dir='ltr'>proceditur.</span> <span class='ocrx_word' id='word_1_342' title='bbox 829 2277 871 2318; x_wconf 87' lang='lat'>1.</span> <span class='ocrx_word' id='word_1_343' title='bbox 902 2273 1086 2318; x_wconf 91' lang='lat' dir='ltr'>Videtur</span> <span class='ocrx_word' id='word_1_344' title='bbox 1109 2275 1233 2332; x_wconf 82' lang='lat' dir='ltr'>quod</span> <span class='ocrx_word' id='word_1_345' title='bbox 1254 2275 1302 2319; x_wconf 90' lang='lat' dir='ltr'>in</span> <span class='ocrx_word' id='word_1_346' title='bbox 1325 2275 1479 2320; x_wconf 90' lang='lat' dir='ltr'>anima</span> <span class='ocrx_word' id='word_1_347' title='bbox 1500 2280 1738 2331; x_wconf 90' lang='lat' dir='ltr'>assumpta</span> <span class='ocrx_word' id='word_1_348' title='bbox 1757 2274 1785 2318; x_wconf 81' lang='lat' dir='ltr'>a</span> <span class='ocrx_word' id='word_1_349' title='bbox 1804 2274 1951 2320; x_wconf 79' lang='lat' dir='ltr'>Verbo</span> 
     </span>
     <span class='ocr_line' id='line_1_33' title="bbox 73 2335 1950 2396; baseline 0.001 -16"><span class='ocrx_word' id='word_1_350' title='bbox 73 2347 167 2381; x_wconf 90' lang='lat' dir='ltr'>non</span> <span class='ocrx_word' id='word_1_351' title='bbox 187 2335 326 2381; x_wconf 88' lang='lat' dir='ltr'>fuerit</span> <span class='ocrx_word' id='word_1_352' title='bbox 350 2335 497 2392; x_wconf 85' lang='lat' dir='ltr'>gratia</span> <span class='ocrx_word' id='word_1_353' title='bbox 514 2336 774 2381; x_wconf 82' lang='lat' dir='ltr'>habitualis.</span> <span class='ocrx_word' id='word_1_354' title='bbox 799 2336 949 2380; x_wconf 84' lang='lat' dir='ltr'>Gratia</span> <span class='ocrx_word' id='word_1_355' title='bbox 972 2336 1096 2381; x_wconf 90' lang='lat' dir='ltr'>enim</span> <span class='ocrx_word' id='word_1_356' title='bbox 1118 2342 1189 2382; x_wconf 93' lang='lat' dir='ltr'>est</span> <span class='ocrx_word' id='word_1_357' title='bbox 1221 2339 1434 2395; x_wconf 83' lang='lat' dir='ltr'>quaedam</span> <span class='ocrx_word' id='word_1_358' title='bbox 1465 2337 1754 2396; x_wconf 78' lang='lat' dir='ltr'>participatio</span> <span class='ocrx_word' id='word_1_359' title='bbox 1777 2336 1950 2381; x_wconf 88' lang='lat' dir='ltr'>Divini-</span> 
     </span>
     <span class='ocr_line' id='line_1_34' title="bbox 73 2396 1951 2457; baseline 0.001 -15"><span class='ocrx_word' id='word_1_360' title='bbox 73 2396 179 2442; x_wconf 85' lang='lat' dir='ltr'>tatis</span> <span class='ocrx_word' id='word_1_361' title='bbox 196 2396 245 2441; x_wconf 91' lang='lat' dir='ltr'>in</span> <span class='ocrx_word' id='word_1_362' title='bbox 260 2401 469 2442; x_wconf 88' lang='lat' dir='ltr'>creatura</span> <span class='ocrx_word' id='word_1_363' title='bbox 484 2397 713 2457; x_wconf 85' lang='lat' dir='ltr'>rationali,</span> <span class='ocrx_word' id='word_1_364' title='bbox 733 2397 992 2442; x_wconf 80' lang='lat' dir='ltr'>secundum</span> <span class='ocrx_word' id='word_1_365' title='bbox 1008 2397 1124 2443; x_wconf 89' lang='lat' dir='ltr'>illud</span> <span class='ocrx_word' id='word_1_366' title='bbox 1141 2400 1207 2454; x_wconf 93' lang='lat' dir='ltr'>(II.</span> <span class='ocrx_word' id='word_1_367' title='bbox 1223 2399 1339 2444; x_wconf 89' lang='lat' dir='ltr'>Petri</span> <span class='ocrx_word' id='word_1_368' title='bbox 1360 2414 1390 2457; x_wconf 83' lang='lat'>1,</span> <span class='ocrx_word' id='word_1_369' title='bbox 1410 2402 1474 2455; x_wconf 71' lang='lat'>4):</span> <span class='ocrx_word' id='word_1_370' title='bbox 1496 2405 1582 2444; x_wconf 82' lang='lat' dir='ltr'>Per</span> <span class='ocrx_word' id='word_1_371' title='bbox 1600 2413 1728 2456; x_wconf 82' lang='lat' dir='ltr'>quem</span> <span class='ocrx_word' id='word_1_372' title='bbox 1743 2401 1951 2444; x_wconf 73' lang='lat' dir='ltr'>maxima</span> 
     </span>
     <span class='ocr_line' id='line_1_35' title="bbox 72 2460 1951 2517; baseline 0.002 -14"><span class='ocrx_word' id='word_1_373' title='bbox 72 2462 115 2504; x_wconf 81' lang='lat' dir='ltr'>et</span> <span class='ocrx_word' id='word_1_374' title='bbox 132 2463 335 2517; x_wconf 81' lang='lat' dir='ltr'>pretiosa</span> <span class='ocrx_word' id='word_1_375' title='bbox 348 2462 569 2516; x_wconf 78' lang='lat' dir='ltr'>promissa</span> <span class='ocrx_word' id='word_1_376' title='bbox 591 2460 714 2503; x_wconf 77' lang='lat' dir='ltr'>nobis</span> <span class='ocrx_word' id='word_1_377' title='bbox 735 2460 934 2512; x_wconf 77' lang='lat' dir='ltr'>donavit,</span> <span class='ocrx_word' id='word_1_378' title='bbox 950 2463 1001 2503; x_wconf 82' lang='lat' dir='ltr'>ut</span> <span class='ocrx_word' id='word_1_379' title='bbox 1016 2461 1177 2505; x_wconf 75' lang='lat' dir='ltr'>divinae</span> <span class='ocrx_word' id='word_1_380' title='bbox 1194 2464 1332 2505; x_wconf 81' lang='lat' dir='ltr'>simus</span> <span class='ocrx_word' id='word_1_381' title='bbox 1351 2467 1575 2507; x_wconf 79' lang='lat' dir='ltr'>consortes</span> <span class='ocrx_word' id='word_1_382' title='bbox 1592 2466 1783 2506; x_wconf 75' lang='lat' dir='ltr'>naturae.</span> <span class='ocrx_word' id='word_1_383' title='bbox 1805 2461 1951 2506; x_wconf 89' lang='lat' dir='ltr'>Chris-</span> 
     </span>
     <span class='ocr_line' id='line_1_36' title="bbox 72 2522 1949 2582; baseline 0.002 -17"><span class='ocrx_word' id='word_1_384' title='bbox 72 2524 148 2566; x_wconf 90' lang='lat' dir='ltr'>tus</span> <span class='ocrx_word' id='word_1_385' title='bbox 166 2525 321 2567; x_wconf 91' lang='lat' dir='ltr'>autem</span> <span class='ocrx_word' id='word_1_386' title='bbox 347 2525 419 2566; x_wconf 89' lang='lat' dir='ltr'>est</span> <span class='ocrx_word' id='word_1_387' title='bbox 435 2524 554 2566; x_wconf 88' lang='lat' dir='ltr'>Deus</span> <span class='ocrx_word' id='word_1_388' title='bbox 572 2535 666 2566; x_wconf 91' lang='lat' dir='ltr'>non</span> <span class='ocrx_word' id='word_1_389' title='bbox 691 2522 1019 2582; x_wconf 81' lang='lat' dir='ltr'>participative,</span> <span class='ocrx_word' id='word_1_390' title='bbox 1039 2523 1120 2568; x_wconf 89' lang='lat' dir='ltr'>sed</span> <span class='ocrx_word' id='word_1_391' title='bbox 1135 2525 1391 2569; x_wconf 79' lang='lat' dir='ltr'>secundum</span> <span class='ocrx_word' id='word_1_392' title='bbox 1412 2525 1663 2570; x_wconf 84' lang='lat' dir='ltr'>veritatem.</span> <span class='ocrx_word' id='word_1_393' title='bbox 1687 2528 1805 2581; x_wconf 85' lang='lat' dir='ltr'>Ergo</span> <span class='ocrx_word' id='word_1_394' title='bbox 1824 2524 1871 2568; x_wconf 91' lang='lat' dir='ltr'>in</span> <span class='ocrx_word' id='word_1_395' title='bbox 1894 2536 1949 2569; x_wconf 93' lang='lat' dir='ltr'>eo</span> 
     </span>
     <span class='ocr_line' id='line_1_37' title="bbox 72 2582 711 2639; baseline 0.002 -13"><span class='ocrx_word' id='word_1_396' title='bbox 72 2594 166 2627; x_wconf 91' lang='lat' dir='ltr'>non</span> <span class='ocrx_word' id='word_1_397' title='bbox 181 2582 267 2627; x_wconf 89' lang='lat' dir='ltr'>fuit</span> <span class='ocrx_word' id='word_1_398' title='bbox 288 2583 433 2639; x_wconf 80' lang='lat' dir='ltr'>gratia</span> <span class='ocrx_word' id='word_1_399' title='bbox 449 2582 711 2628; x_wconf 87' lang='lat' dir='ltr'>habitualis.</span> 
     </span>
    </p>

    <p class='ocr_par' dir='ltr' id='par_1_11' title="bbox 73 2645 1949 3133">
     <span class='ocr_line' id='line_1_38' title="bbox 125 2645 1949 2707; baseline 0.002 -18"><span class='ocrx_word' id='word_1_400' title='bbox 125 2646 167 2689; x_wconf 78' lang='lat'>2.</span> <span class='ocrx_word' id='word_1_401' title='bbox 198 2646 436 2700; x_wconf 84' lang='lat' dir='ltr'>Praeterea,</span> <span class='ocrx_word' id='word_1_402' title='bbox 456 2645 603 2701; x_wconf 87' lang='lat' dir='ltr'>gratia</span> <span class='ocrx_word' id='word_1_403' title='bbox 621 2645 680 2690; x_wconf 87' lang='lat' dir='ltr'>ad</span> <span class='ocrx_word' id='word_1_404' title='bbox 695 2645 783 2689; x_wconf 91' lang='lat' dir='ltr'>hoc</span> <span class='ocrx_word' id='word_1_405' title='bbox 798 2649 869 2690; x_wconf 88' lang='lat' dir='ltr'>est</span> <span class='ocrx_word' id='word_1_406' title='bbox 889 2646 1150 2691; x_wconf 89' lang='lat' dir='ltr'>necessaria</span> <span class='ocrx_word' id='word_1_407' title='bbox 1165 2647 1356 2707; x_wconf 78' lang='lat' dir='ltr'>homini,</span> <span class='ocrx_word' id='word_1_408' title='bbox 1372 2655 1423 2693; x_wconf 89' lang='lat' dir='ltr'>ut</span> <span class='ocrx_word' id='word_1_409' title='bbox 1444 2662 1524 2705; x_wconf 90' lang='lat' dir='ltr'>per</span> <span class='ocrx_word' id='word_1_410' title='bbox 1542 2661 1644 2692; x_wconf 90' lang='lat' dir='ltr'>eam</span> <span class='ocrx_word' id='word_1_411' title='bbox 1660 2649 1780 2693; x_wconf 87' lang='lat' dir='ltr'>hene</span> <span class='ocrx_word' id='word_1_412' title='bbox 1794 2659 1949 2705; x_wconf 90' lang='lat' dir='ltr'>opere-</span> 
     </span>
     <span class='ocr_line' id='line_1_39' title="bbox 74 2706 1948 2766; baseline 0.002 -16"><span class='ocrx_word' id='word_1_413' title='bbox 74 2709 163 2762; x_wconf 80' lang='lat' dir='ltr'>tur,</span> <span class='ocrx_word' id='word_1_414' title='bbox 181 2706 438 2751; x_wconf 75' lang='lat' dir='ltr'>secundum</span> <span class='ocrx_word' id='word_1_415' title='bbox 455 2706 570 2751; x_wconf 87' lang='lat' dir='ltr'>illud</span> <span class='ocrx_word' id='word_1_416' title='bbox 584 2708 633 2762; x_wconf 85' lang='lat'>(1.</span> <span class='ocrx_word' id='word_1_417' title='bbox 651 2706 850 2751; x_wconf 87' lang='lat' dir='ltr'>Corinth.</span> <span class='ocrx_word' id='word_1_418' title='bbox 869 2721 941 2762; x_wconf 78' lang='lat' dir='ltr'>xv,</span> <span class='ocrx_word' id='word_1_419' title='bbox 957 2710 1024 2759; x_wconf 79' lang='lat'>10)</span> <span class='ocrx_word' id='word_1_420' title='bbox 1042 2723 1052 2752; x_wconf 74' lang='grc' dir='ltr'>ε</span> <span class='ocrx_word' id='word_1_421' title='bbox 1067 2709 1382 2754; x_wconf 58' lang='lat' dir='ltr'>Abundantius</span> <span class='ocrx_word' id='word_1_422' title='bbox 1399 2711 1599 2754; x_wconf 77' lang='lat' dir='ltr'>omnibus</span> <span class='ocrx_word' id='word_1_423' title='bbox 1615 2711 1845 2766; x_wconf 76' lang='lat' dir='ltr'>laboravi5</span> <span class='ocrx_word' id='word_1_424' title='bbox 1860 2723 1948 2754; x_wconf 78' lang='lat' dir='ltr'>non</span> 
     </span>
     <span class='ocr_line' id='line_1_40' title="bbox 74 2769 1948 2829; baseline 0.003 -20"><span class='ocrx_word' id='word_1_425' title='bbox 74 2778 151 2823; x_wconf 74' lang='lat' dir='ltr'>eqo</span> <span class='ocrx_word' id='word_1_426' title='bbox 165 2770 334 2824; x_wconf 77' lang='lat' dir='ltr'>autem,</span> <span class='ocrx_word' id='word_1_427' title='bbox 352 2770 429 2812; x_wconf 83' lang='lat' dir='ltr'>sed</span> <span class='ocrx_word' id='word_1_428' title='bbox 442 2771 595 2825; x_wconf 77' lang='lat' dir='ltr'>qratia</span> <span class='ocrx_word' id='word_1_429' title='bbox 614 2771 698 2812; x_wconf 76' lang='lat' dir='ltr'>Dei</span> <span class='ocrx_word' id='word_1_430' title='bbox 718 2782 913 2821; x_wconf 80' lang='lat' dir='ltr'>mecum,·</span> <span class='ocrx_word' id='word_1_431' title='bbox 934 2774 979 2813; x_wconf 90' lang='lat' dir='ltr'>et</span> <span class='ocrx_word' id='word_1_432' title='bbox 1000 2769 1137 2814; x_wconf 88' lang='lat' dir='ltr'>etiam</span> <span class='ocrx_word' id='word_1_433' title='bbox 1153 2771 1212 2816; x_wconf 89' lang='lat' dir='ltr'>ad</span> <span class='ocrx_word' id='word_1_434' title='bbox 1234 2771 1322 2816; x_wconf 91' lang='lat' dir='ltr'>hoc</span> <span class='ocrx_word' id='word_1_435' title='bbox 1343 2772 1468 2829; x_wconf 74' lang='lat' dir='ltr'>qued</span> <span class='ocrx_word' id='word_1_436' title='bbox 1482 2773 1619 2817; x_wconf 89' lang='lat' dir='ltr'>homo</span> <span class='ocrx_word' id='word_1_437' title='bbox 1639 2775 1948 2828; x_wconf 87' lang='lat' dir='ltr'>consequatur</span> 
     </span>
     <span class='ocr_line' id='line_1_41' title="bbox 75 2826 1948 2889; baseline 0.003 -18"><span class='ocrx_word' id='word_1_438' title='bbox 75 2826 214 2872; x_wconf 82' lang='lat' dir='ltr'>vitam</span> <span class='ocrx_word' id='word_1_439' title='bbox 231 2833 467 2887; x_wconf 85' lang='lat' dir='ltr'>aeternam‚</span> <span class='ocrx_word' id='word_1_440' title='bbox 491 2830 748 2875; x_wconf 72' lang='lat' dir='ltr'>Secundum</span> <span class='ocrx_word' id='word_1_441' title='bbox 763 2831 875 2875; x_wconf 86' lang='lat' dir='ltr'>illud</span> <span class='ocrx_word' id='word_1_442' title='bbox 891 2833 1035 2885; x_wconf 87' lang='lat' dir='ltr'>(Rom.</span> <span class='ocrx_word' id='word_1_443' title='bbox 1057 2846 1114 2889; x_wconf 81' lang='lat' dir='ltr'>Vl,</span> <span class='ocrx_word' id='word_1_444' title='bbox 1134 2835 1228 2887; x_wconf 75' lang='lat'>23):</span> <span class='ocrx_word' id='word_1_445' title='bbox 1261 2837 1426 2878; x_wconf 80' lang='lat' dir='ltr'>Gratia</span> <span class='ocrx_word' id='word_1_446' title='bbox 1447 2836 1530 2877; x_wconf 76' lang='lat' dir='ltr'>Dei</span> <span class='ocrx_word' id='word_1_447' title='bbox 1547 2836 1642 2877; x_wconf 83' lang='lat' dir='ltr'>vita</span> <span class='ocrx_word' id='word_1_448' title='bbox 1657 2838 1842 2877; x_wconf 79' lang='lat' dir='ltr'>aeterna.</span> <span class='ocrx_word' id='word_1_449' title='bbox 1862 2831 1948 2876; x_wconf 88' lang='lat' dir='ltr'>Sed</span> 
     </span>
     <span class='ocr_line' id='line_1_42' title="bbox 73 2888 1948 2951; baseline 0.003 -19"><span class='ocrx_word' id='word_1_450' title='bbox 73 2888 247 2934; x_wconf 88' lang='lat' dir='ltr'>Christo</span> <span class='ocrx_word' id='word_1_451' title='bbox 260 2901 315 2934; x_wconf 87' lang='lat' dir='ltr'>ex</span> <span class='ocrx_word' id='word_1_452' title='bbox 333 2891 421 2935; x_wconf 91' lang='grc'><strong>1100</strong></span> <span class='ocrx_word' id='word_1_453' title='bbox 436 2891 534 2935; x_wconf 91' lang='lat' dir='ltr'>solo</span> <span class='ocrx_word' id='word_1_454' title='bbox 549 2891 673 2947; x_wconf 82' lang='lat' dir='ltr'>quod</span> <span class='ocrx_word' id='word_1_455' title='bbox 687 2897 784 2937; x_wconf 88' lang='lat' dir='ltr'>erat</span> <span class='ocrx_word' id='word_1_456' title='bbox 800 2892 1022 2937; x_wconf 86' lang='lat' dir='ltr'>naturalis</span> <span class='ocrx_word' id='word_1_457' title='bbox 1044 2894 1183 2938; x_wconf 87' lang='lat' dir='ltr'>Filius</span> <span class='ocrx_word' id='word_1_458' title='bbox 1201 2894 1294 2951; x_wconf 80' lang='lat' dir='ltr'>Dei,</span> <span class='ocrx_word' id='word_1_459' title='bbox 1313 2895 1565 2940; x_wconf 89' lang='lat' dir='ltr'>debebatur</span> <span class='ocrx_word' id='word_1_460' title='bbox 1586 2895 1830 2939; x_wconf 84' lang='lat' dir='ltr'>haereditas</span> <span class='ocrx_word' id='word_1_461' title='bbox 1844 2893 1948 2937; x_wconf 87' lang='lat' dir='ltr'>vitae</span> 
     </span>
     <span class='ocr_line' id='line_1_43' title="bbox 73 2951 1947 3013; baseline 0.003 -19"><span class='ocrx_word' id='word_1_462' title='bbox 73 2953 281 3007; x_wconf 73' lang='lat' dir='ltr'>aeternaet,</span> <span class='ocrx_word' id='word_1_463' title='bbox 303 2962 362 2995; x_wconf 86' lang='lat' dir='ltr'>ex</span> <span class='ocrx_word' id='word_1_464' title='bbox 375 2952 463 2996; x_wconf 90' lang='lat' dir='ltr'>hoc</span> <span class='ocrx_word' id='word_1_465' title='bbox 479 2951 616 2997; x_wconf 90' lang='lat' dir='ltr'>etiam</span> <span class='ocrx_word' id='word_1_466' title='bbox 635 2953 756 3010; x_wconf 83' lang='lat' dir='ltr'>quod</span> <span class='ocrx_word' id='word_1_467' title='bbox 779 2960 875 2998; x_wconf 89' lang='lat' dir='ltr'>erat</span> <span class='ocrx_word' id='word_1_468' title='bbox 893 2955 1107 3011; x_wconf 85' lang='lat' dir='ltr'>Verbum,</span> <span class='ocrx_word' id='word_1_469' title='bbox 1131 2968 1214 3012; x_wconf 90' lang='lat' dir='ltr'>per</span> <span class='ocrx_word' id='word_1_470' title='bbox 1231 2957 1357 3013; x_wconf 90' lang='lat' dir='ltr'>quod</span> <span class='ocrx_word' id='word_1_471' title='bbox 1375 2957 1496 3000; x_wconf 83' lang='lat' dir='ltr'>facta</span> <span class='ocrx_word' id='word_1_472' title='bbox 1522 2961 1633 3000; x_wconf 90' lang='lat' dir='ltr'>sunt</span> <span class='ocrx_word' id='word_1_473' title='bbox 1647 2956 1818 3011; x_wconf 75' lang='lat' dir='ltr'>omnia,</span> <span class='ocrx_word' id='word_1_474' title='bbox 1834 2954 1947 3000; x_wconf 90' lang='lat' dir='ltr'>ade-</span> 
     </span>
     <span class='ocr_line' id='line_1_44' title="bbox 73 3011 1946 3074; baseline 0.004 -19"><span class='ocrx_word' id='word_1_475' title='bbox 73 3015 146 3055; x_wconf 89' lang='lat' dir='ltr'>rat</span> <span class='ocrx_word' id='word_1_476' title='bbox 166 3011 209 3056; x_wconf 90' lang='lat' dir='ltr'>ei</span> <span class='ocrx_word' id='word_1_477' title='bbox 230 3011 426 3057; x_wconf 85' lang='lat' dir='ltr'>facultas</span> <span class='ocrx_word' id='word_1_478' title='bbox 443 3013 598 3057; x_wconf 89' lang='lat' dir='ltr'>omnia</span> <span class='ocrx_word' id='word_1_479' title='bbox 618 3013 738 3059; x_wconf 89' lang='lat' dir='ltr'>bene</span> <span class='ocrx_word' id='word_1_480' title='bbox 756 3017 993 3072; x_wconf 86' lang='lat' dir='ltr'>operandi.</span> <span class='ocrx_word' id='word_1_481' title='bbox 1016 3018 1114 3061; x_wconf 88' lang='lat' dir='ltr'>Non</span> <span class='ocrx_word' id='word_1_482' title='bbox 1134 3030 1246 3074; x_wconf 84' lang='lat' dir='ltr'>ergo</span> <span class='ocrx_word' id='word_1_483' title='bbox 1267 3018 1526 3063; x_wconf 82' lang='lat' dir='ltr'>secundum</span> <span class='ocrx_word' id='word_1_484' title='bbox 1548 3018 1800 3062; x_wconf 89' lang='lat' dir='ltr'>humanam</span> <span class='ocrx_word' id='word_1_485' title='bbox 1818 3022 1946 3062; x_wconf 88' lang='lat' dir='ltr'>natu-</span> 
     </span>
     <span class='ocr_line' id='line_1_45' title="bbox 73 3073 1320 3133; baseline 0.007 -16"><span class='ocrx_word' id='word_1_486' title='bbox 73 3084 173 3118; x_wconf 89' lang='lat' dir='ltr'>ram</span> <span class='ocrx_word' id='word_1_487' title='bbox 192 3073 430 3130; x_wconf 86' lang='lat' dir='ltr'>indigebat</span> <span class='ocrx_word' id='word_1_488' title='bbox 448 3074 537 3118; x_wconf 84' lang='lat' dir='ltr'>alia</span> <span class='ocrx_word' id='word_1_489' title='bbox 552 3075 712 3133; x_wconf 78' lang='lat' dir='ltr'>gratia,</span> <span class='ocrx_word' id='word_1_490' title='bbox 730 3077 817 3122; x_wconf 91' lang='lat' dir='ltr'>nisi</span> <span class='ocrx_word' id='word_1_491' title='bbox 841 3078 1013 3123; x_wconf 90' lang='lat' dir='ltr'>unione</span> <span class='ocrx_word' id='word_1_492' title='bbox 1029 3079 1088 3125; x_wconf 91' lang='lat' dir='ltr'>ad</span> <span class='ocrx_word' id='word_1_493' title='bbox 1106 3079 1320 3126; x_wconf 89' lang='lat' dir='ltr'>Verbum.</span> 
     </span>
    </p>

    <p class='ocr_par' dir='ltr' id='par_1_12' title="bbox 71 3136 1950 3322">
     <span class='ocr_line' id='line_1_46' title="bbox 127 3136 1950 3200; baseline 0.003 -20"><span class='ocrx_word' id='word_1_494' title='bbox 127 3137 170 3180; x_wconf 89' lang='grc'>3.</span> <span class='ocrx_word' id='word_1_495' title='bbox 202 3137 438 3194; x_wconf 81' lang='lat' dir='ltr'>Praeterea,</span> <span class='ocrx_word' id='word_1_496' title='bbox 462 3136 575 3180; x_wconf 87' lang='lat' dir='ltr'>illud</span> <span class='ocrx_word' id='word_1_497' title='bbox 604 3138 727 3194; x_wconf 88' lang='lat' dir='ltr'>quod</span> <span class='ocrx_word' id='word_1_498' title='bbox 749 3146 963 3196; x_wconf 88' lang='lat' dir='ltr'>operatur</span> <span class='ocrx_word' id='word_1_499' title='bbox 993 3154 1076 3198; x_wconf 89' lang='lat' dir='ltr'>per</span> <span class='ocrx_word' id='word_1_500' title='bbox 1098 3142 1289 3186; x_wconf 90' lang='lat' dir='ltr'>modum</span> <span class='ocrx_word' id='word_1_501' title='bbox 1318 3142 1630 3199; x_wconf 79' lang='lat' dir='ltr'>Instrumenti‚</span> <span class='ocrx_word' id='word_1_502' title='bbox 1655 3155 1751 3188; x_wconf 91' lang='lat' dir='ltr'>non</span> <span class='ocrx_word' id='word_1_503' title='bbox 1773 3141 1950 3200; x_wconf 86' lang='lat' dir='ltr'>indiget</span> 
     </span>
     <span class='ocr_line' id='line_1_47' title="bbox 71 3195 1948 3263; baseline 0.004 -23"><span class='ocrx_word' id='word_1_504' title='bbox 71 3195 234 3241; x_wconf 85' lang='lat' dir='ltr'>habitu</span> <span class='ocrx_word' id='word_1_505' title='bbox 251 3197 310 3242; x_wconf 88' lang='lat' dir='ltr'>ad</span> <span class='ocrx_word' id='word_1_506' title='bbox 327 3197 536 3254; x_wconf 87' lang='lat' dir='ltr'>proprias</span> <span class='ocrx_word' id='word_1_507' title='bbox 554 3198 860 3255; x_wconf 76' lang='lat' dir='ltr'>operationes3</span> <span class='ocrx_word' id='word_1_508' title='bbox 882 3202 990 3258; x_wconf 87' lang='lat' dir='ltr'>quia</span> <span class='ocrx_word' id='word_1_509' title='bbox 1010 3202 1193 3248; x_wconf 90' lang='lat' dir='ltr'>habitus</span> <span class='ocrx_word' id='word_1_510' title='bbox 1206 3203 1426 3249; x_wconf 87' lang='lat' dir='ltr'>fundatur</span> <span class='ocrx_word' id='word_1_511' title='bbox 1440 3204 1487 3249; x_wconf 90' lang='lat' dir='ltr'>in</span> <span class='ocrx_word' id='word_1_512' title='bbox 1504 3204 1744 3263; x_wconf 89' lang='lat' dir='ltr'>principali</span> <span class='ocrx_word' id='word_1_513' title='bbox 1764 3207 1948 3261; x_wconf 88' lang='lat' dir='ltr'>agente.</span> 
     </span>
     <span class='ocr_line' id='line_1_48' title="bbox 71 3259 1944 3322; baseline 0.004 -20"><span class='ocrx_word' id='word_1_514' title='bbox 71 3259 280 3303; x_wconf 86' lang='lat' dir='ltr'>Humana</span> <span class='ocrx_word' id='word_1_515' title='bbox 302 3263 457 3304; x_wconf 87' lang='lat' dir='ltr'>autem</span> <span class='ocrx_word' id='word_1_516' title='bbox 479 3264 644 3304; x_wconf 88' lang='lat' dir='ltr'>natura</span> <span class='ocrx_word' id='word_1_517' title='bbox 671 3260 718 3304; x_wconf 93' lang='lat' dir='ltr'>in</span> <span class='ocrx_word' id='word_1_518' title='bbox 742 3262 917 3307; x_wconf 87' lang='lat' dir='ltr'>Christo</span> <span class='ocrx_word' id='word_1_519' title='bbox 940 3263 1028 3309; x_wconf 85' lang='lat' dir='ltr'>fuit</span> <span class='ocrx_word' id='word_1_520' title='bbox 1053 3283 1074 3302; x_wconf 69' lang='grc' dir='ltr'>«ι</span> <span class='ocrx_word' id='word_1_521' title='bbox 1099 3265 1219 3310; x_wconf 92' lang='lat' dir='ltr'>sicut</span> <span class='ocrx_word' id='word_1_522' title='bbox 1247 3265 1609 3313; x_wconf 90' lang='lat' dir='ltr'>instrumentum</span> <span class='ocrx_word' id='word_1_523' title='bbox 1630 3267 1896 3322; x_wconf 88' lang='lat' dir='ltr'>divinitatis,</span> <span class='ocrx_word' id='word_1_524' title='bbox 1921 3283 1944 3305; x_wconf 82' lang='grc'><strong><em>»</em></strong></span> 
     </span>
    </p>
   </div>
   <div class='ocr_carea' id='block_1_9' title="bbox 73 3380 1947 3525">
    <p class='ocr_par' dir='ltr' id='par_1_13' title="bbox 73 3380 1947 3525">
     <span class='ocr_line' id='line_1_49' title="bbox 113 3380 1946 3431; baseline 0.005 -16"><span class='ocrx_word' id='word_1_525' title='bbox 113 3380 157 3422; x_wconf 76' lang='grc'>(4)</span> <span class='ocrx_word' id='word_1_526' title='bbox 172 3381 233 3416; x_wconf 86' lang='lat' dir='ltr'>Vel</span> <span class='ocrx_word' id='word_1_527' title='bbox 245 3382 375 3423; x_wconf 70' lang='lat' dir='ltr'>plenius</span> <span class='ocrx_word' id='word_1_528' title='bbox 384 3394 392 3416; x_wconf 71' lang='grc' dir='ltr'>ι</span> <span class='ocrx_word' id='word_1_529' title='bbox 401 3383 535 3417; x_wconf 80' lang='lat' dir='ltr'>Anima</span> <span class='ocrx_word' id='word_1_530' title='bbox 553 3386 604 3418; x_wconf 77' lang='lat' dir='ltr'>est</span> <span class='ocrx_word' id='word_1_531' title='bbox 618 3386 789 3426; x_wconf 77' lang='lat' dir='ltr'>perfectio</span> <span class='ocrx_word' id='word_1_532' title='bbox 801 3385 963 3420; x_wconf 73' lang='lat' dir='ltr'>substan·</span> <span class='ocrx_word' id='word_1_533' title='bbox 1088 3388 1132 3429; x_wconf 84' lang='lat'>(2)</span> <span class='ocrx_word' id='word_1_534' title='bbox 1148 3388 1323 3423; x_wconf 76' lang='lat' dir='ltr'>Probabile</span> <span class='ocrx_word' id='word_1_535' title='bbox 1331 3393 1391 3428; x_wconf 87' lang='lat' dir='ltr'>est,</span> <span class='ocrx_word' id='word_1_536' title='bbox 1404 3390 1451 3423; x_wconf 82' lang='lat' dir='ltr'>ait</span> <span class='ocrx_word' id='word_1_537' title='bbox 1461 3389 1694 3431; x_wconf 74' lang='lat' dir='ltr'>Sylvius,qubd</span> <span class='ocrx_word' id='word_1_538' title='bbox 1705 3390 1747 3424; x_wconf 80' lang='lat' dir='ltr'>ad</span> <span class='ocrx_word' id='word_1_539' title='bbox 1760 3390 1861 3424; x_wconf 83' lang='lat' dir='ltr'>fidem</span> <span class='ocrx_word' id='word_1_540' title='bbox 1870 3401 1946 3431; x_wconf 86' lang='lat' dir='ltr'>per-</span> 
     </span>
     <span class='ocr_line' id='line_1_50' title="bbox 74 3428 1946 3483; baseline 0.005 -21"><span class='ocrx_word' id='word_1_541' title='bbox 74 3428 195 3483; x_wconf 56' lang='lat' dir='ltr'>lffalis,</span> <span class='ocrx_word' id='word_1_542' title='bbox 207 3431 281 3473; x_wconf 74' lang='lat' dir='ltr'>qud</span> <span class='ocrx_word' id='word_1_543' title='bbox 295 3430 489 3472; x_wconf 78' lang='lat' dir='ltr'>perficitur</span> <span class='ocrx_word' id='word_1_544' title='bbox 504 3441 635 3473; x_wconf 79' lang='lat' dir='ltr'>corpus</span> <span class='ocrx_word' id='word_1_545' title='bbox 649 3432 867 3474; x_wconf 77' lang='lat' dir='ltr'>(intrinsece),</span> <span class='ocrx_word' id='word_1_546' title='bbox 880 3444 963 3476; x_wconf 77' lang='lat' dir='ltr'>qra-</span> <span class='ocrx_word' id='word_1_547' title='bbox 1050 3436 1152 3470; x_wconf 86' lang='lat' dir='ltr'>tineat</span> <span class='ocrx_word' id='word_1_548' title='bbox 1170 3437 1339 3471; x_wconf 79' lang='lat' dir='ltr'>Christum</span> <span class='ocrx_word' id='word_1_549' title='bbox 1363 3436 1463 3471; x_wconf 85' lang='lat' dir='ltr'>fuisse</span> <span class='ocrx_word' id='word_1_550' title='bbox 1485 3441 1636 3471; x_wconf 85' lang='lat' dir='ltr'>sanctum</span> <span class='ocrx_word' id='word_1_551' title='bbox 1656 3449 1716 3478; x_wconf 88' lang='lat' dir='ltr'>per</span> <span class='ocrx_word' id='word_1_552' title='bbox 1733 3437 1871 3476; x_wconf 80' lang='lat' dir='ltr'>gratiam</span> <span class='ocrx_word' id='word_1_553' title='bbox 1886 3438 1946 3473; x_wconf 73' lang='lat' dir='ltr'>ha-</span> 
     </span>
     <span class='ocr_line' id='line_1_51' title="bbox 73 3476 1947 3525; baseline 0.006 -17"><span class='ocrx_word' id='word_1_554' title='bbox 73 3476 128 3509; x_wconf 69' lang='lat' dir='ltr'>na</span> <span class='ocrx_word' id='word_1_555' title='bbox 148 3477 234 3510; x_wconf 78' lang='lat' dir='ltr'>vero</span> <span class='ocrx_word' id='word_1_556' title='bbox 255 3477 430 3519; x_wconf 78' lang='lat' dir='ltr'>perfectio</span> <span class='ocrx_word' id='word_1_557' title='bbox 458 3477 695 3513; x_wconf 68' lang='lat' dir='ltr'>accidentalis</span> <span class='ocrx_word' id='word_1_558' title='bbox 721 3483 792 3523; x_wconf 73' lang='lat' dir='ltr'>qua</span> <span class='ocrx_word' id='word_1_559' title='bbox 823 3482 965 3523; x_wconf 78' lang='lat' dir='ltr'>perfici-</span> <span class='ocrx_word' id='word_1_560' title='bbox 1049 3482 1213 3518; x_wconf 82' lang='lat' dir='ltr'>hitualem</span> <span class='ocrx_word' id='word_1_561' title='bbox 1230 3489 1299 3525; x_wconf 73' lang='lat' dir='ltr'>ejus</span> <span class='ocrx_word' id='word_1_562' title='bbox 1327 3485 1447 3518; x_wconf 79' lang='lat' dir='ltr'>animae</span> <span class='ocrx_word' id='word_1_563' title='bbox 1464 3484 1607 3517; x_wconf 68' lang='lat' dir='ltr'>infusam</span> <span class='ocrx_word' id='word_1_564' title='bbox 1619 3511 1627 3523; x_wconf 96' lang='lat'>‚</span> <span class='ocrx_word' id='word_1_565' title='bbox 1654 3488 1691 3518; x_wconf 87' lang='lat' dir='ltr'>ut</span> <span class='ocrx_word' id='word_1_566' title='bbox 1720 3486 1854 3525; x_wconf 80' lang='lat' dir='ltr'>Suarez,</span> <span class='ocrx_word' id='word_1_567' title='bbox 1880 3485 1947 3519; x_wconf 77' lang='lat' dir='ltr'>Al-</span> 
     </span>
    </p>
   </div>
   <div class='ocr_carea' id='block_1_10' title="bbox 75 3524 1782 3574">
    <p class='ocr_par' dir='ltr' id='par_1_14' title="bbox 75 3524 1782 3574">
     <span class='ocr_line' id='line_1_52' title="bbox 75 3524 1782 3574; baseline 0.006 -18"><span class='ocrx_word' id='word_1_568' title='bbox 75 3524 136 3557; x_wconf 72' lang='lat' dir='ltr'>lur</span> <span class='ocrx_word' id='word_1_569' title='bbox 149 3524 354 3566; x_wconf 64' lang='lat' dir='ltr'>(extrinsece)</span> <span class='ocrx_word' id='word_1_570' title='bbox 368 3525 508 3567; x_wconf 81' lang='lat' dir='ltr'>anima,</span> <span class='ocrx_word' id='word_1_571' title='bbox 530 3529 594 3560; x_wconf 81' lang='lat' dir='ltr'>etc.</span> <span class='ocrx_word' id='word_1_572' title='bbox 1052 3542 1159 3574; x_wconf 82' lang='lat' dir='ltr'>varez‚</span> <span class='ocrx_word' id='word_1_573' title='bbox 1180 3532 1355 3566; x_wconf 84' lang='lat' dir='ltr'>Pesantius</span> <span class='ocrx_word' id='word_1_574' title='bbox 1371 3536 1405 3565; x_wconf 85' lang='lat' dir='ltr'>et</span> <span class='ocrx_word' id='word_1_575' title='bbox 1423 3531 1481 3565; x_wconf 78' lang='lat' dir='ltr'>alii</span> <span class='ocrx_word' id='word_1_576' title='bbox 1499 3531 1636 3574; x_wconf 75' lang='lat' dir='ltr'>quidam</span> <span class='ocrx_word' id='word_1_577' title='bbox 1650 3532 1782 3567; x_wconf 85' lang='lat' dir='ltr'>docent.</span> 
     </span>
    </p>
   </div>
  </div>
 </body>
</html>
