2170 3808
63 0 254 30 *ciferersss
264 5 275 17 ἰ
292 6 298 10 >
350 10 353 13 -
368 8 370 10 v

660 231 857 283 QUAEST.
886 230 1023 287 XLVI,
1047 231 1166 273 ART.
1197 229 1265 273 111.
1822 226 1898 268 381

24 323 190 364 natura
209 330 303 362 non
323 314 432 361 facit
445 325 527 371 per
549 311 643 358 duo
663 311 790 369 quod
804 323 887 368 per
908 323 1055 356 unum
1074 314 1229 367 potest
1245 309 1414 354 facere.
1439 310 1550 353 Cum
1567 318 1678 365 ergo
1694 308 1815 350 Deus
1829 317 1906 362 po-

25 380 163 427 {uerit
181 378 417 425 hominem
444 375 643 421 liberare
668 374 770 419 sola
797 374 984 431 propria
1018 372 1276 426 voluntate,
1301 383 1397 416 non
1419 369 1605 416 videtur
1622 365 1907 413 conveniens

24 442 170 489 tuisse
184 441 308 500 quod
329 438 390 486 ad
401 437 721 485 liberationem
742 436 935 480 humani
959 434 1145 492 generis
1162 432 1328 477 Christi
1348 431 1504 489 passio
1520 431 1785 476 adderetur.

79 507 122 551 2.
153 506 391 558 Praeterea,
410 512 467 546 ea
487 511 592 557 quae
619 498 740 543 fiunt
767 509 853 555 per
881 501 1114 553 naturam,
1144 493 1500 539 convenientius
1530 492 1647 537 fiunt
1683 491 1826 549 quam
1851 502 1907 535 ea

24 577 130 624 quae
150 566 270 611 fiunt
285 575 370 622 per
379 561 676 607 violentiam:
700 560 811 617 quia
828 558 1051 604 violentia
1075 562 1148 602 est
1169 574 1190 594 «
1210 555 1426 612 quaedam
1445 554 1635 611 excisio,
1660 565 1746 598 seu
1768 565 1907 598 casus

27 627 88 674 ab
105 640 163 674 eo
177 626 303 685 quod
315 630 388 672 est
405 623 664 670 secundum
682 626 912 676 naturam,
937 641 957 660 ι»
984 626 1037 665 ut
1057 619 1226 664 dicitur
1247 620 1325 673 (De
1352 616 1491 672 coe10,
1514 615 1594 660 lib.
1619 628 1665 669 n,
1684 618 1799 659 text.
1817 616 1903 667 18).

25 688 114 736 Sed
135 687 290 747 passio
304 686 466 732 Christi
485 689 685 730 mortem
717 683 969 728 violentam
997 680 1197 726 induxit.
1221 682 1341 736 Ergo
1369 676 1728 724 convenientius
1741 676 1904 720 fuisset

26 754 80 797 ut
99 750 306 796 Christus
323 746 521 793 naturali
545 749 694 791 morte
713 744 956 790 moriendo
973 743 1210 789 hominem
1234 741 1451 786 liberaret
1467 738 1610 796 quam
1627 736 1754 795 quod
1774 741 1906 794 pate-

24 815 167 857 retur.

79 875 122 919 3.
139 875 378 927 Praeterea,
391 868 885 915 convenientissimum
903 867 1089 913 videtur
1102 865 1228 923 quod
1240 864 1319 909 ille
1335 863 1417 922 qui
1434 862 1660 908 violenter
1671 863 1718 905 et
1731 858 1906 917 injuste

24 934 199 982 detinet
219 932 407 991 aliquid,
427 944 510 990 per
534 930 787 988 superioris
815 929 1067 987 potentiam
1088 928 1343 986 spolietur:
1364 926 1491 971 unde
1508 928 1611 978 (lsa.
1636 937 1709 977 m,
1732 924 1773 977 3)
1789 920 1906 966 dici-

25 1003 130 1043 tur:
152 998 306 1042 Gratis
324 994 585 1039 venumdati
607 996 732 1050 estis,
752 996 798 1036 et
817 995 914 1036 sz'ne
935 995 1128 1048 arqento
1143 990 1448 1034 redimemini.
1467 987 1555 1032 Sed
1571 985 1782 1031 diabolus
1797 983 1906 1028 nul-

22 1058 121 1104 lum
135 1058 216 1115 jus
225 1057 274 1102 in
289 1055 473 1101 homine
490 1053 707 1110 habebat,
723 1065 863 1111 quem
881 1065 965 1110 per
981 1052 1192 1097 fraudem
1211 1052 1473 1108 deceperat,
1495 1053 1543 1094 et
1559 1059 1642 1105 per
1654 1046 1905 1117 quamdam

23 1120 290 1166 violentiam
313 1117 523 1163 servituti
565 1116 830 1174 subiectum
869 1114 1119 1160 detinebat.
1156 1117 1277 1170 Ergo
1310 1113 1495 1157 videtur
1519 1109 1906 1156 convenientissi-

0 1189 2 1192 ’
21 1192 153 1226 mum
174 1180 319 1226 fuisse
335 1179 460 1237 quod
473 1178 684 1223 Christus
702 1176 939 1223 diabolum
957 1188 1041 1232 per
1061 1175 1209 1220 solam
1223 1173 1478 1232 potentiam
1492 1171 1712 1229 spoliaret
1728 1170 1905 1227 absque

21 1255 108 1287 sua
158 1254 358 1288 assmne.
1130 1259 1134 1266 τ
1928 1270 1930 1273 ,

77 1255 165 1350 Segi
191 1308 348 1348 contra
366 1306 438 1347 est
454 1300 582 1358 quod
598 1299 886 1356 Augustinus
915 1298 1027 1344 dicit
1046 1301 1123 1353 (De
1149 1297 1309 1342 Trinit.
1336 1298 1412 1342 lib.
1443 1310 1542 1352 xm,
1570 1308 1671 1353 cap.
1702 1298 1773 1350 10,
1791 1293 1899 1339 circ.

20 1366 211 1422 princ.).:
245 1382 266 1402 α
300 1363 525 1407 Sanandae
556 1366 729 1406 nostrae
761 1360 960 1405 miseriae
990 1359 1340 1405 convenientior
1369 1359 1538 1404 modus
1557 1357 1678 1401 alius
1699 1369 1791 1400 non
1817 1355 1906 1414 fuit

23 1426 163 1484 quam
185 1437 269 1482 per
289 1424 453 1470 Christi
471 1423 754 1480 passionem.
771 1440 793 1462 »ι

64 1493 405 1535 CONCLUSIO.—
421 1491 741 1532 Convenientius
758 1490 840 1530 fuit
861 1489 1076 1530 hominem
1095 1489 1261 1530 liberari
1279 1500 1350 1540 per
1368 1489 1601 1539 passionem
1621 1486 1790 1536 Christi,
1808 1485 1903 1527 cum

19 1548 176 1600 majora
198 1551 238 1588 et
262 1547 419 1598 potiora
438 1546 547 1587 bona
563 1557 633 1596 per
660 1556 752 1585 eam
780 1545 988 1586 consecuti
1015 1546 1238 1593 fuerimus,
1264 1544 1390 1595 quam
1412 1555 1483 1595 per
1510 1542 1640 1582 solam
1658 1541 1728 1581 Dei
1755 1541 1903 1581 volun-

20 1606 161 1644 tatem.

76 1663 350 1721 Respondeo
367 1663 617 1709 dicendum
634 1662 760 1720 qued
773 1662 902 1707 tanto
924 1662 1092 1720 aliquis
1113 1662 1282 1707 modus
1303 1660 1653 1706 convenientior
1669 1663 1738 1703 est
1758 1659 1815 1703 ad
1830 1671 1901 1704 as-

22 1726 313 1783 sequendum
339 1725 499 1780 finem,
530 1724 706 1782 quanto
732 1737 817 1782 per
838 1724 992 1780 ipsum
1024 1724 1160 1781 plura
1181 1727 1469 1768 concurrunt
1493 1735 1598 1780 quae
1629 1725 1742 1765 sunt
1763 1733 1903 1778 expe·

21 1787 195 1834 dientia
216 1787 313 1831 fini.
325 1783 420 1832 -Per
439 1788 529 1831 hoc
548 1791 702 1831 autem
725 1786 848 1843 quod
868 1787 1005 1830 homo
1022 1798 1105 1843 per
1121 1786 1284 1830 Christi
1304 1785 1570 1842 passionem
1589 1788 1661 1829 est
1679 1782 1902 1828 liberatus

22 1849 172 1907 multa
198 1852 533 1893 concurrerunt
561 1848 622 1893 ad
639 1847 836 1892 salutem
861 1847 1064 1891 hominis
1092 1847 1370 1904 pertinentia
1389 1851 1556 1903 praeter
1583 1844 1901 1890 liberationem

23 1911 51 1955 a
67 1914 276 1968 peccato.
299 1909 450 1954 Primo
470 1909 596 1954 enim
620 1921 704 1966 per
728 1910 819 1954 hoc
838 1909 980 1954 homo
1007 1910 1248 1964 cognoscit
1268 1913 1495 1966 quantum
1526 1911 1646 1952 Deus
1667 1907 1902 1952 hominem

23 1972 201 2029 diligat,
222 1976 270 2016 et
285 1984 369 2029 per
388 1971 477 2016 hoc
494 1974 774 2027 provocatur
791 1971 851 2016 ad
870 1983 979 2016 eum
998 1971 1281 2027 diligendum
1293 2005 1306 2027 ,
1326 1971 1373 2015 in
1390 1984 1484 2029 quo
1499 1969 1720 2027 perfectio
1742 1969 1903 2013 huma·

21 2046 95 2078 nae
113 2033 279 2078 salutis
304 2033 546 2078 consistit:
570 2033 698 2078 unde
718 2033 966 2090 Apostolus
992 2033 1102 2078 dicit
1117 2035 1262 2088 (Rom.
1290 2047 1335 2089 v,
1358 2036 1399 2087 8)
1419 2049 1430 2077 ι
1458 2032 1756 2077 Commendat
1773 2044 1902 2074 suam

21 2095 295 2140 charitatem
316 2097 437 2137 Deus
456 2097 506 2136 in
525 2094 651 2137 nobis
669 2108 685 2134 .·
707 2097 921 2149 quoniam
942 2095 1043 2137 ciem
1063 2097 1235 2137 inimici
1252 2107 1459 2150 essemuS,
1486 2094 1695 2137 Christus
1715 2106 1799 2148 pro
1819 2105 1903 2135 no-

19 2156 86 2200 bis
105 2159 309 2200 mortuus
327 2159 393 2199 est
416 2158 491 2209 (1).
507 2154 742 2211 Secundo,
765 2156 876 2213 quia
892 2168 976 2212 per
995 2156 1084 2200 hoc
1105 2156 1230 2201 dedit
1249 2157 1382 2200 nobis
1397 2154 1662 2211 exemplum
1679 2153 1902 2199 obedien-

19 2217 111 2268 tiae.
127 2217 424 2273 humilitatis,
446 2216 744 2273 constantiae,
764 2217 958 2274 justitiae
987 2223 1034 2262 et
1063 2223 1336 2262 caeterarum
1358 2217 1585 2262 virtutum
1612 2217 1661 2260 in
1684 2215 1902 2273 passione

19 2279 183 2324 Christi
201 2284 508 2333 ostensarum,
529 2291 635 2335 quae
650 2283 761 2323 sunt
785 2279 1064 2324 necessariae
1083 2279 1142 2324 ad
1163 2280 1418 2324 humanam
1438 2278 1634 2323 salutem
1653 2290 1665 2321 :
1685 2278 1813 2323 unde
1837 2279 1901 2324 di-

20 2342 140 2386 citur
160 2343 207 2394 (1.
226 2343 345 2386 Petr.
367 2355 415 2397 11,
432 2342 531 2396 21):
552 2340 764 2383 Christus
783 2354 946 2397 passus
968 2345 1034 2385 est
1053 2355 1138 2398 pro
1161 2343 1310 2398 nobis,
1332 2342 1454 2384 vobis
1475 2341 1732 2396 relinquens
1750 2354 1900 2384 exem-

17 2403 164 2461 plum,
179 2406 231 2446 ut
248 2405 501 2459 sequamini
517 2405 708 2460 vestiqz‘a
727 2403 1023 2459 ejzcseTertio,
1040 2404 1149 2460 quia
1167 2404 1372 2447 Christus
1386 2415 1470 2460 per
1481 2403 1747 2459 passionem
1766 2415 1901 2447 suam

19 2476 116 2509 non
134 2464 285 2509 solum
302 2463 537 2509 hominem
564 2464 592 2508 a
616 2468 807 2520 peccato
825 2465 1051 2520 liberavit,
1082 2465 1167 2510 sed
1192 2466 1330 2510 etiam
1356 2464 1551 2520 gratiam
1568 2460 1901 2520 justificantem

21 2530 67 2570 et
78 2526 271 2581 gloriam
284 2525 583 2570 beatitudinis
597 2526 641 2571 ei
653 2526 923 2583 promeruit,
944 2531 998 2571 ut
1012 2527 1134 2571 infra
1151 2527 1330 2572 dicetur
1342 2528 1524 2583 (quaest.
1540 2527 1699 2580 xnvm).
1715 2526 1898 2582 Quarto,

22 2587 132 2644 quia
148 2599 232 2644 per
251 2588 340 2632 hoc
357 2592 429 2632 est
449 2587 625 2632 homini
652 2588 847 2633 inducta
866 2588 1016 2645 maJor
1034 2590 1288 2634 necessitas
1307 2601 1359 2633 se
1387 2588 1644 2632 immunem
1666 2586 1694 2629 a
1711 2593 1901 2643 peccato

22 2648 345 2703 conservandi,
364 2648 445 2705 qui
467 2660 518 2693 se
532 2650 763 2706 sanguine
782 2650 947 2694 Christi
966 2651 1257 2707 redemptum
1276 2649 1448 2706 cogitat
1467 2649 1495 2692 a
1510 2653 1717 2706 peccato,
1738 2661 1902 2694 secun·

23 2709 135 2753 dilm
152 2709 266 2754 illud
283 2713 328 2762 (l.
344 2711 548 2755 Corinth.
564 2725 624 2766 vx,
639 2714 741 2766 20):
764 2715 922 2768 Empti
941 2715 1060 2756 enim
1073 2715 1180 2756 estis
1197 2715 1342 2768 pretio
1361 2725 1525 2767 mayno
1545 2726 1562 2751 .-
1584 2711 1837 2767 9lorz'ficatc
1860 2715 1903 2756 et

54 2774 202 2815 ortate
223 2776 361 2816 Deum
381 2775 431 2815 in
451 2786 636 2830 corpore
655 2777 818 2818 vestro.
841 2773 1028 2829 Quinto,
1051 2774 1161 2831 quia
1185 2774 1275 2818 hoc
1295 2773 1351 2818 ad
1376 2774 1603 2830 maJ'orem
1629 2771 1901 2828 dignitatem

56 2832 224 2877 ominis
245 2832 399 2888 cessit,
415 2838 469 2877 ut
485 2834 606 2878 sicut
617 2834 756 2879 homo
774 2835 927 2879 victus
948 2836 1101 2880 suerat
1118 2840 1163 2880 et
1177 2835 1401 2890 deceptus
1419 2834 1446 2878 a
1465 2833 1666 2890 diabolo,
1682 2834 1747 2878 ita
1761 2835 1901 2880 etiam

23 2891 160 2939 homo
180 2898 304 2938 esset
325 2894 405 2951 qui
428 2895 663 2940 diabolum
683 2897 914 2951 vinceret3
939 2902 984 2942 et
1009 2898 1129 2941 sicut
1145 2897 1284 2941 homo
1305 2902 1503 2941 mortem
1531 2895 1716 2951 meruit,
1734 2896 1797 2940 ita
1815 2897 1902 2942 ho-

23 2967 100 3000 mo
116 2955 354 3000 moriendo
366 2961 564 3000 mortem
581 2962 836 3012 superaret.
856 2959 984 3003 Unde
1001 2959 1168 3004 dicitur
1187 2960 1232 3003 (l.
1253 2958 1455 3002 Corinth.
1471 2972 1544 3014 xv,
1563 2960 1633 3009 57)
1653 2962 1772 3001 :Deo
1789 2972 1900 3015 qra-

23 3019 126 3072 tias‚
150 3020 228 3074 qui
248 3018 375 3060 dedu
396 3017 521 3061 nobis
542 3021 783 3062 victoriam
802 3033 887 3075 per
915 3024 1155 3064 Dominum
1181 3024 1387 3063 ‘nostrum
1405 3023 1555 3062 Jesum
1576 3021 1824 3064 Christum.
1849 3022 1901 3065 Et

0 3091 1 3094 ¹
28 3077 132 3124 ideo
166 3078 515 3124 convenientius
557 3079 648 3123 fuit
676 3079 800 3136 quod
830 3093 914 3137 per
942 3082 1206 3138 passionem
1237 3080 1400 3125 Christi
1428 3080 1731 3125 liberaremur
1758 3081 1898 3139 quam

24 3151 106 3199 per
123 3139 271 3185 solam
291 3140 369 3185 Dei
390 3140 695 3185 voluntatem.
1756 3183 1760 3200 ἱ

78 3201 146 3246 Ad
159 3204 363 3257 primum
382 3213 494 3258 ergo
522 3201 787 3257 dicendum,
812 3201 936 3258 quod
962 3207 1129 3248 natura
1148 3203 1286 3248 etiam
1301 3236 1314 3258 ,
1337 3207 1392 3247 ut
1413 3202 1590 3259 aliquid
1621 3204 1902 3249 convenien-

29 3261 116 3308 tius
137 3262 300 3320 faciat,
323 3263 459 3320 plura
481 3264 541 3309 ad
561 3275 711 3308 unum
733 3264 945 3322 assumit,
979 3264 1101 3309 sicut
1126 3265 1243 3310 duos
1273 3265 1434 3309 oculos
1463 3265 1522 3309 ad
1556 3264 1833 3322 videndum,
1856 3270 1902 3310 et

33 3321 153 3369 idem
173 3329 300 3381 patet
319 3325 365 3368 ln
387 3324 505 3370 aliis.
1591 3328 1593 3330 ’

65 3419 108 3459 (l)
138 3420 224 3454 Hinc
258 3421 402 3454 Ecclesia
433 3423 465 3454 in
493 3421 724 3455 benedictione
752 3419 838 3454 cerei
862 3433 869 3452 :
896 3420 927 3454 O
956 3421 1217 3456 inestimabilis
1249 3421 1397 3457 dilectio
1430 3421 1647 3456 charitatis!
1688 3422 1731 3455 Ul
1758 3431 1902 3455 servam

31 3465 235 3506 redimeres,
252 3468 378 3501 Filium
395 3468 599 3503 tradidisti.
