2170 3808
198 183 284 227 236
849 178 1049 229 QUAEST.
1078 177 1239 231 XXXV,
1264 178 1382 221 ART.
1411 179 1462 223 ΙΙ.

259 265 301 306 3.
331 263 570 315 Praeterea,
601 256 820 302 nativitas
841 257 1026 314 proprie
1048 270 1260 313 personae
1279 259 1513 304 convenit.
1541 259 1628 305 Sed
1648 259 1696 304 in
1716 260 1895 306 Christo
1917 265 1991 306 est
2010 275 2104 309 una

205 324 386 368 tantum
408 333 622 379 persona.
646 322 765 376 Ergo
781 319 829 363 in
842 319 1018 364 Christo
1040 325 1111 364 est
1133 324 1316 364 tantum
1333 334 1430 365 una
1449 322 1682 367 nativitas.

260 389 303 431 4.
335 387 574 438 Praeterea,
598 381 723 439 quod
740 381 924 427 duabus
954 381 1272 427 nativitatibus
1293 383 1515 440 nascitur,
1533 384 1607 429 b1s
1644 383 1866 429 nascitur.
1902 384 1991 430 Sed
2006 385 2105 431 haec

205 447 389 493 videtur
414 456 518 490 esse
537 443 655 489 falsa
678 459 688 489 :
716 444 924 488 Christus
947 447 1012 488 est
1030 445 1095 487 bis
1117 448 1251 488 natus
1262 459 1278 498 ‚·
1300 445 1410 502 quia
1428 445 1645 491 nativitas
1667 445 1771 503 ejus
1787 447 1881 502 qua
1897 444 1956 490 de
1974 447 2104 491 Patre

203 511 276 554 est
294 511 450 565 natus,
474 505 860 562 interruptionem
881 519 975 550 non
992 504 1181 563 patitur,
1202 510 1310 551 cum
1332 505 1392 551 sit
1412 510 1687 564 aeterna(1);
1711 506 1837 564 quod
1854 510 2008 551 tamen
2031 518 2105 552 re-

203 569 402 626 quiritur
435 568 494 613 ad
530 568 618 612 hoc
648 565 920 612 adverbium
956 567 1021 610 bis
1051 582 1077 608 v:
1101 567 1177 612 ille
1201 568 1327 613 enim
1366 566 1534 613 dicitur
1556 568 1628 614 bis
1664 579 1850 613 currere
1882 568 1963 625 qui
1997 579 2103 613 cum

202 630 541 688 interruptione
562 630 722 675 currit.
748 631 867 685 Ergo
890 629 1074 675 videtur
1091 630 1217 687 quod
1236 631 1285 675 in
1301 630 1478 676 Christo
1499 643 1596 676 non
1618 632 1678 677 sit
1696 630 1913 688 ponenda
1933 630 2101 687 duplex

204 691 437 738 nativitas.

259 755 347 800 Sed
369 759 533 798 contra
553 757 623 798 est
640 752 767 809 quod
787 755 1102 798 Damascenus
1116 753 1228 799 dicit
1247 754 1390 810 (Orth.
1407 754 1487 801 fid.
1506 754 1587 800 lib.
1607 769 1671 812 111,
1688 767 1793 811 cap.
1813 757 1856 811 7,
1874 754 1923 799 in
1935 754 2099 810 med.):

202 815 520 862 «confitemur
552 814 672 859 duas
693 813 863 866 Christi,
881 813 1147 860 nativitates
1171 830 1184 860 ε
1208 828 1370 873 unam,
1388 828 1494 874 quae
1512 821 1585 862 est
1605 829 1666 862 ex
1686 819 1835 872 Patre,
1856 820 2101 874 aeternam3

202 883 249 925 et
268 890 430 934 unam,
453 889 560 935 quae
579 881 650 922 est
668 876 717 921 in
740 876 918 922 ultimis
936 878 1240 938 temporibus,
1261 883 1447 937 propter
1471 892 1572 925 nos.
1588 899 1608 920 n

249 947 541 991 CONCLUSIO.
559 968 608 976 —
630 947 736 986 Cum
762 946 856 987 duae
874 947 1029 987 fuerint
1051 947 1097 988 in
1121 948 1283 989 Christo
1308 951 1482 999 naturae,
1502 960 1661 990 necesse
1681 952 1741 990 est
1762 948 1866 989 duas
1891 947 1959 987 illi
1985 949 2104 989 attri-

202 1003 325 1045 buere
340 1001 589 1052 nativitates,
604 1013 735 1042 unam
749 1006 961 1052 aeternam,
983 1005 1065 1054 qua
1080 1003 1326 1045 aeternaliter
1341 1005 1366 1044 a
1384 1005 1501 1044 Patre
1522 1004 1736 1056 processit3
1759 1002 1886 1044 aliam
1904 1006 2105 1055 tempora-

202 1060 298 1108 lem,
322 1060 405 1109 qua
424 1057 699 1109 temporaliter
716 1057 741 1096 ἐι
758 1060 889 1098 matre
905 1060 1029 1098 natus
1043 1061 1116 1099 est.

256 1120 527 1178 Respondeo
541 1118 791 1164 dicendum
805 1119 945 1176 quod,
961 1120 1080 1166 sicut
1092 1121 1267 1166 dictum
1279 1125 1353 1166 est
1365 1123 1469 1167 (art.
1488 1122 1664 1178 praec.),
1678 1126 1844 1166 natura
1860 1132 2104 1177 compara-

203 1187 279 1227 tur
295 1182 355 1232 ad
376 1181 679 1237 nativitatem,
696 1182 817 1226 sicut
834 1183 1060 1227 terminus
1075 1183 1135 1229 ad
1149 1187 1329 1228 motum
1341 1183 1419 1228 vel
1433 1183 1754 1228 mutationem.
1777 1185 1923 1228 Motus
1948 1186 2104 1227 autem

201 1244 540 1290 diversificatur
551 1243 811 1289 seeundum
824 1244 1139 1290 diversitatem
1154 1246 1474 1301 terminorum,
1484 1249 1538 1289 ut
1545 1249 1670 1303 patet
1682 1257 1766 1303 per
1776 1244 2103 1301 Philosophum

200 1306 394 1364 (Physic.
415 1306 498 1351 lib.
511 1321 554 1363 v,
565 1310 677 1351 text.
695 1309 745 1351 41
763 1311 809 1351 et
822 1311 957 1364 seq.).
976 1308 1025 1352 In
1036 1308 1212 1352 Christo
1227 1313 1383 1353 autem
1396 1312 1506 1353 sunt
1517 1308 1624 1353 duae
1638 1307 1994 1364 naturae,divina
2007 1307 2103 1351 sci-

200 1366 307 1413 licet
325 1373 371 1413 et
388 1368 609 1423 humana,
631 1380 829 1424 quarum
847 1381 991 1414 unam
1025 1370 1202 1427 accepit
1224 1369 1282 1414 ab
1299 1374 1474 1415 aeterno
1492 1371 1519 1415 a
1542 1371 1689 1426 Patre,
1711 1368 1903 1414 alteram
1926 1367 2103 1426 accepit

201 1430 515 1488 temporaliter
535 1429 562 1474 a
584 1438 747 1475 matre.
759 1433 813 1475 Et
821 1430 926 1475 ideo
944 1443 1136 1477 necesse
1148 1437 1220 1477 est
1242 1431 1493 1478 attribuere
1504 1432 1679 1477 Christo
1691 1431 1808 1477 duas
1820 1430 2100 1488 nativitateS‚
2160 1472 2164 1474 ,

201 1505 345 1537 unam
363 1492 457 1549 qua
478 1492 758 1537 aeternaliter
777 1497 918 1537 natus
937 1498 1009 1538 est
1032 1494 1060 1537 a
1077 1496 1227 1552 Patre,
1259 1494 1398 1539 aliam
1416 1496 1510 1552 qua
1538 1493 1853 1552 temporaliter
1871 1497 2010 1538 natus
2031 1497 2103 1538 est

202 1554 228 1598 a
242 1559 390 1599 matre
411 1557 485 1608 (2).

255 1615 323 1660 Ad
342 1618 543 1672 primum
567 1625 677 1670 ergo
697 1613 964 1671 dicendum,
1000 1616 1124 1672 quod
1146 1617 1246 1661 baec
1282 1617 1369 1662 fuit
1388 1617 1588 1676 objectio
1610 1616 1855 1674 cuiusdam
1886 1617 2103 1662 Feliciani

201 1676 420 1736 haeretici,
441 1688 584 1733 quam
617 1676 906 1732 Augustinus
924 1677 988 1731 (in
1007 1677 1088 1722 lib.
1110 1683 1272 1723 contra
1303 1680 1601 1734 Felicianum,
1625 1691 1727 1736 cap.
1750 1682 1821 1734 12)
1844 1679 1912 1724 sic
1931 1679 2067 1724 solvit
2087 1694 2101 1724 ι

204 1740 500 1796 «Fingamus,
520 1737 687 1796 inquit,
709 1738 830 1784 sicut
847 1739 1056 1797 plerique
1078 1740 1258 1798 volunt,
1280 1754 1386 1788 esse
1400 1742 1450 1787 in
1470 1741 1648 1787 mundo
1669 1741 1873 1786 animam
1905 1752 2102 1798 genera-

199 1802 309 1858 lem,
320 1813 426 1858 quae
439 1800 506 1845 sic
522 1800 744 1845 ineffabili
764 1806 894 1846 motu
907 1802 1088 1847 semina
1104 1809 1275 1850 cuncta
1284 1803 1499 1860 vivificet,
1515 1808 1674 1849 utnon
1693 1803 1752 1848 sit
1766 1807 1981 1849 concreta
1993 1816 2103 1851 cum

200 1863 386 1921 genitiS‚
412 1863 494 1908 sed
508 1863 652 1906 vitam
674 1867 861 1919 praestet
874 1863 977 1921 ipsa
993 1865 1266 1923 gignendis3
1288 1878 1454 1924 nempe
1475 1870 1582 1911 cum
1601 1866 1702 1911 haec
1718 1866 1768 1910 in
1787 1870 1935 1921 uter0,
1953 1867 2102 1924 passi-

199 1926 339 1970 bilem
354 1924 595 1970 materiam
608 1924 667 1969 ad
692 1937 808 1969 usus
822 1938 935 1970 suos
950 1926 1220 1984 formatura,
1243 1928 1524 1985 pervenerit,
1540 1940 1684 1973 unam
1701 1927 1810 1973 facit
1822 1939 1983 1974 secum
1996 1940 2101 1974 esse

199 1998 447 2044 personam
471 1986 575 2042 ejus
596 1986 665 2031 rei
701 1998 842 2043 quam
864 2000 958 2031 non
981 1989 1190 2035 eamdem
1229 1995 1412 2036 constat
1439 1991 1611 2036 habere
1636 1989 1967 2049 substantiam3
1989 1999 2035 2036 et
2050 1991 2101 2036 fit

198 2053 419 2105 operante
435 2048 591 2091 anima
605 2052 652 2092 et
664 2049 869 2103 patiente
883 2050 1093 2107 materia,
1117 2064 1173 2097 ex
1195 2051 1379 2098 duabus
1400 2052 1675 2098 substantiis
1695 2064 1817 2096 unus
1832 2053 1993 2107 hom03
2015 2053 2100 2098 sic-

198 2122 290 2166 que
308 2108 513 2153 animam
533 2109 662 2153 nasci
678 2109 876 2155 fatemur
897 2123 955 2156 ex
977 2116 1122 2169 utero,
1145 2126 1239 2158 non
1262 2114 1370 2171 quia
1382 2118 1631 2171 antequam
1653 2118 1935 2170 nasceretur,
1947 2127 2100 2171 quan--

198 2173 297 2214 tum
322 2169 383 2215 ad
400 2181 451 2215 se
474 2170 654 2224 attinet,
678 2171 781 2227 ipsa
798 2172 984 2227 penitus
1008 2186 1102 2218 non
1127 2174 1305 2220 fuisset.
1333 2175 1405 2220 Sic
1422 2187 1550 2233 ergo,
1576 2174 1670 2220 imo
1692 2175 1941 2221 sublimius
1959 2181 2098 2222 natus

197 2235 269 2276 est
301 2231 359 2276 de
380 2235 530 2276 matre
558 2232 699 2278 Filius
720 2234 798 2279 Dei
822 2235 1085 2280 secundum
1106 2237 1359 2295 hominem,
1397 2250 1453 2284 eo
1474 2242 1610 2296 pacto
1647 2250 1740 2295 quo
1774 2249 1883 2282 cum
1908 2249 2099 2295 corpore

197 2293 327 2339 nasci
346 2293 538 2339 docetur
557 2298 604 2338 et
626 2295 828 2352 animus,
853 2309 947 2340 non
968 2297 1077 2354 quia
1109 2298 1354 2356 utriusque
1386 2299 1446 2344 sit
1466 2312 1564 2344 una
1582 2299 1862 2356 substantia,
1887 2299 1971 2345 sed
1990 2301 2099 2357 qnia

196 2366 256 2400 ex
274 2358 473 2411 utraque
494 2353 545 2398 fit
558 2367 656 2399 una
683 2367 900 2412 persona.
920 2360 1019 2401 Non
1045 2363 1200 2403 tamen
1223 2359 1283 2404 ab
1302 2359 1435 2405 initio
1452 2361 1606 2405 carnis
1627 2361 1877 2417 incoepisse
1900 2360 2099 2406 dicimus

196 2415 274 2461 Dei
293 2415 475 2471 Filium,
495 2428 557 2460 ne
578 2417 881 2472 temporalem
898 2419 1058 2463 credat
1076 2420 1244 2477 aliquis
1267 2421 1514 2477 Deitatem3
1531 2435 1626 2467 non
1646 2423 1705 2468 ab
1719 2426 1890 2467 aeterno
1908 2422 2004 2467 Filii
2019 2423 2097 2467 Dei

199 2477 416 2523 novimus
437 2489 645 2534 carnem,
679 2491 738 2522 ne
759 2491 854 2522 non
877 2479 1118 2526 veritatem
1137 2482 1329 2526 humani
1348 2485 1571 2541 corporis,
1605 2484 1688 2528 sed
1709 2483 1961 2541 quamdam
1988 2497 2097 2529 eum

197 2540 462 2596 suscepisse
479 2544 700 2596 putemus
723 2541 991 2597 imaginem.
1010 2561 1030 2582 »

251 2600 318 2646 Ad
355 2602 602 2645 secundum
634 2601 884 2647 dicendum
897 2637 909 2659 ,
945 2603 1072 2661 quod
1107 2605 1206 2649 haec
1239 2603 1329 2650 qut
1363 2605 1479 2651 ratio
1511 2607 1730 2662 Nestorii,
1771 2619 1914 2664 quam
1959 2608 2097 2654 solvit

195 2663 393 2720 Cyrillus
412 2662 460 2707 in
481 2663 683 2720 quadam
713 2664 906 2721 epistola
931 2667 1052 2723 (quae
1081 2666 1279 2712 habetur
1301 2668 1350 2714 in
1373 2680 1506 2713 conc.
1532 2670 1696 2725 EpheS.
1714 2674 1833 2726 part.
1865 2673 1908 2726 1,
1927 2682 2030 2727 cap.
2050 2674 2094 2730 8,

194 2723 244 2768 in
259 2724 421 2780 med),
433 2724 615 2770 dicens:
636 2742 656 2763 «
669 2727 768 2770 Non
785 2726 983 2771 dicimus
999 2727 1129 2785 quod
1150 2728 1290 2773 Filius
1310 2729 1390 2775 Dei
1410 2729 1660 2786 indiguerit
1678 2729 1940 2775 necessario
1957 2743 2096 2790 prop-
2167 2747 2169 2751 ’

195 2788 267 2830 ter
289 2797 341 2830 se
365 2786 574 2831 secunda
594 2787 852 2845 nativitate,
872 2794 979 2846 post
1001 2802 1103 2834 eam
1127 2802 1231 2848 quae
1249 2803 1307 2835 ex
1324 2793 1456 2837 Patre
1475 2797 1548 2837 est
1583 2807 1593 2835 :
1615 2796 1687 2837 est
1706 2791 1833 2837 enim
1847 2792 2028 2838 fatuum
2050 2798 2096 2840 et

194 2848 435 2894 indoctum
455 2851 733 2896 existentem
754 2856 863 2897 ante
877 2854 1035 2897 omnia
1056 2854 1227 2899 saecula
1245 2858 1292 2899 et
1308 2855 1734 2913 consempiternum
1749 2855 1870 2901 Patri
1887 2856 2094 2913 indigere

195 2910 349 2957 dicere
364 2912 511 2969 initi0,
530 2917 584 2958 ut
597 2913 659 2958 sit
672 2914 895 2960 secundo.
916 2915 1144 2968 Quoniam
1154 2921 1310 2961 autem
1326 2922 1514 2975 propter
1528 2930 1614 2963 nos
1625 2922 1672 2964 et
1688 2922 1877 2976 propter
1888 2923 2094 2965 nostram

195 2972 393 3018 salutem
423 2974 592 3019 uniens
626 2974 715 3020 sibi
742 2976 998 3021 secundum
1018 2977 1383 3035 subsistentiam,
1423 2979 1546 3036 quod
1574 2983 1645 3025 est
1676 2980 1951 3040 humanum,
1985 2993 2095 3038 pro-
2145 2976 2147 2978 ’

195 3034 337 3079 cessit
359 3046 415 3078 ex
439 3036 651 3093 muliere,
671 3037 732 3082 ob
762 3037 851 3082 hoc
871 3038 1039 3084 dicitur
1057 3040 1187 3085 nasci
1210 3042 1473 3086 carnaliter.
1489 3060 1510 3080 »

249 3094 317 3139 Ad
341 3096 521 3141 tertium
540 3098 806 3156 dicendum,
831 3100 958 3157 quod
994 3101 1211 3147 nativitas
1248 3107 1320 3147 est
1341 3115 1553 3159 personae
1580 3106 1634 3147 ut
1667 3102 1882 3159 subjecti,
1915 3107 2093 3148 naturae

195 3159 353 3227 autem
368 3161 421 3201 ut
441 3159 643 3205 termini.
664 3160 886 3206 Possibile
907 3166 979 3207 est
993 3166 1150 3207 autem
1172 3164 1255 3207 uni
1276 3164 1488 3222 subJecto
1509 3164 1668 3220 plures
1681 3164 2093 3208 transmutationes

194 3229 350 3262 messe
375 3231 387 3261 ;
413 3230 530 3274 quas
550 3225 705 3266 tamen
727 3235 920 3268 necesse
949 3229 1021 3268 est
1053 3226 1314 3270 secundnm
1334 3226 1558 3270 terminos
1576 3224 1744 3268 variari
1765 3240 1776 3268 ι
1795 3225 1918 3282 quod
1938 3230 2090 3268 tamen

239 3312 281 3364 (l)
299 3313 514 3356 Proindeque
543 3315 692 3356 perfecte
718 3321 789 3353 tota
813 3319 929 3360 simul,
953 3320 1042 3361 quod
1061 3321 1102 3354 acl
1188 3326 1264 3355 tate
1295 3327 1327 3355 et
1356 3322 1599 3361 humanitate,
1633 3325 1666 3354 et
1699 3332 1746 3355 ex
1771 3320 1913 3356 duabus
1940 3319 2091 3354 nataris

194 3364 362 3395 rabonem
382 3362 501 3396 aeterni
520 3368 659 3404 spectat.
1189 3369 1379 3403 Christum
1393 3369 1627 3403 nominantes
1640 3395 1649 3408 ,
1679 3371 1713 3403 et
1729 3368 1843 3403 Deum
1868 3367 2031 3402 eumdem
2058 3369 2091 3401 et

235 3408 281 3450 (2)
310 3408 398 3444 Hinc
417 3410 543 3445 dicitur
558 3411 594 3445 in
608 3423 679 3453 syn.
700 3420 747 3452 vx,
770 3418 837 3448 act.
862 3415 898 3448 lat
919 3427 928 3449 ι
952 3415 1014 3449 Ea·
1028 3415 1103 3450 dei·
1191 3417 1431 3458 hominem...
1452 3416 1715 3455 praedicamus.
