2170 3808
615 228 814 281 QUAEST.
844 226 982 279 XLIV,
1009 227 1128 270 ART.
1161 227 1216 267 m
1240 225 1307 268 ΕΤ
1332 224 1401 268 lv.
1867 223 1948 266 369

58 289 148 359 *mo
169 324 293 358 caeco
314 309 594 356 contrarium
615 307 703 353 fuit
719 310 906 365 propter
926 306 1240 352 infidelitatem
1257 303 1406 362 ipsius
1427 304 1498 360 (1),
1516 306 1569 348 ut
1591 301 1947 360 chrysostomus
1972 302 1975 305 ’

76 373 181 419 dicit
210 371 435 429 (innuitur
452 371 578 416 hom.
618 383 662 413 ix
681 368 731 413 in
765 368 918 413 Matth.
943 371 1108 427 parum
1140 366 1170 411 a
1188 365 1375 423 princ.).
1408 364 1505 419 Vel,
1547 364 1669 409 sicut
1688 363 1810 409 Beda
1837 363 1948 408 dicit

74 433 186 492 (cap.
206 437 262 481 34
282 435 332 479 in
346 433 514 488 Mare),
531 448 552 470 «
564 442 706 488 quem
727 442 824 475 uno
843 430 989 475 verbo
1009 433 1157 474 totum
1170 427 1312 474 simul
1330 439 1495 472 curare
1512 429 1706 483 poterat,
1723 424 1946 483 paulatim

74 499 213 554 curat,
232 499 286 540 ut
307 491 671 551 magnitudinem
685 492 901 536 humanae
916 489 1136 536 caecitatis
1156 488 1387 543 ostendat,
1411 499 1518 544 quae
1539 487 1636 545 vix,
1658 491 1704 533 et
1718 487 1852 546 quasi
1862 498 1946 545 per

73 555 240 613 gradus
258 555 319 601 ad
339 555 490 600 lucem
507 552 679 609 redeat,
697 557 744 597 et
765 551 961 610 gratiam
983 562 1119 597 suam
1132 549 1268 595 nobis
1287 549 1474 602 indicet,
1498 560 1582 606 per
1598 560 1740 605 quam
1758 548 1944 607 singula
1983 575 1987 578 -

71 615 358 673 perfectionis
377 615 660 659 incrementa
679 613 881 671 adJuvat.
894 631 916 653 »

121 678 187 723 Ad
209 681 388 723 tertium
405 675 669 731 dicendum,
694 675 836 732 quod,
858 675 977 720 sicut
1003 685 1146 729 supra
1165 672 1342 718 dictum
1380 674 1454 716 est
1474 672 1655 727 (quaest.
1687 683 1828 727 praec.
1852 677 1939 717 art.

71 738 130 795 2).
146 738 352 784 Christus
361 736 585 782 miracula
593 736 793 781 faciebat
803 735 972 780 virtute
986 732 1157 780 divina.
1178 733 1257 778 Dei
1277 735 1432 778 autem
1440 734 1646 789 perfecta
1666 735 1770 775 sunt
1782 745 1938 791 opera,

70 803 122 844 ut
130 798 300 844 dicitur
319 801 512 855 (neuter.
535 811 663 853 xxm,
682 799 744 852 4).
762 799 862 841 Non
877 800 950 841 est
969 798 1125 841 autem
1138 792 1314 851 aliquid
1329 792 1602 850 perfectum,
1626 791 1667 836 si
1681 789 1825 837 finem
1845 806 1940 838 non

69 864 391 917 consequatur.
414 859 537 903 Finis
573 864 728 903 autem
764 856 1004 904 exterioris
1036 855 1288 901 curationis
1322 866 1406 913 per
1436 854 1667 899 Christum
1694 854 1844 912 factae,
1868 859 1942 901 est

68 921 242 967 curatio
259 922 438 967 animae.
459 923 514 965 Et
529 920 634 966 ideo
654 931 750 965 non
765 918 1067 966 conveniebat
1084 918 1261 963 Christo
1274 921 1329 962 ut
1344 914 1543 974 alicujus
1554 928 1726 974 corpus
1738 921 1938 977 curaret,

68 980 158 1027 nisi
177 983 279 1040 ejus
295 986 479 1028 curaret
491 981 708 1027 animam.
726 980 855 1027 Unde
881 992 1024 1038 super
1042 980 1157 1024 illud
1174 982 1302 1024 Joan.
1326 992 1385 1023 vn
1403 991 1418 1023 ι
1439 980 1593 1022 Totum
1619 980 1844 1022 hominem
1859 992 1940 1022 sa-

67 1055 174 1087 num
198 1046 307 1099 lecit
332 1046 383 1088 in
411 1043 613 1102 sabbam,
637 1042 746 1088 dicit
763 1042 1050 1099 Augustinus
1069 1043 1214 1092 (tract.
1237 1053 1320 1084 xxx
1343 1039 1390 1083 in
1411 1041 1561 1097 Joan.‚
1583 1039 1610 1083 a
1627 1039 1792 1099 med.)‚
1814 1039 1939 1098 quod

68 1109 290 1151 «curatus
322 1110 411 1162 est,
431 1110 484 1150 ut
511 1117 656 1149 sanus
691 1109 817 1150 esset
836 1104 885 1148 in
920 1113 1139 1161 corpore3
1175 1105 1224 1147 et
1242 1100 1453 1157 credidit,
1489 1106 1542 1145 ut
1580 1112 1726 1146 sanus
1745 1106 1868 1146 esset
1888 1101 1938 1147 in

65 1165 235 1212 anima.
250 1185 271 1206 υ
293 1164 556 1223 specialiter
582 1168 739 1210 autem
774 1164 1028 1222 paralytico
1057 1162 1225 1208 dicitur
1247 1175 1260 1207 ε
1301 1165 1598 1206 Dimittuntur
1630 1162 1710 1207 tibi
1728 1166 1935 1220 peccata,

64 1227 189 1283 quia,
212 1233 266 1274 ut
284 1229 589 1286 Hieronymus
610 1227 721 1273 dicit
739 1229 900 1284 (Super
920 1225 1074 1270 Matth.
1092 1235 1198 1282 sup.
1218 1224 1333 1270 illud
1349 1236 1451 1281 cap.
1476 1227 1504 1269 9
1523 1240 1533 1267 z
1557 1226 1644 1282 Qui
1657 1228 1724 1268 est
1750 1225 1939 1280 facilius

63 1289 257 1343 dicerem
283 1307 305 1329 «
318 1290 454 1336 datur
471 1301 532 1334 ex
551 1289 642 1333 hoc
661 1286 795 1333 nobis
807 1286 1128 1344 intelligentia,
1151 1291 1338 1344 propter
1367 1290 1557 1342 peccata
1572 1285 1806 1344 pler1sque
1826 1298 1936 1333 eve-

63 1349 161 1395 nire
177 1361 422 1408 corporum
436 1348 731 1395 debilitates:
753 1354 801 1394 et
826 1348 930 1394 ideo
967 1348 1158 1393 forsitan
1182 1349 1313 1405 prius
1342 1347 1638 1393 dimittuntur
1655 1351 1862 1406 peccata,
1884 1353 1937 1396 ut

61 1411 213 1456 causis
226 1411 475 1456 debilitatis
498 1411 680 1470 ablatis,
695 1410 871 1456 sanitas
885 1410 1169 1456 restituatur.
1181 1428 1201 1449 »
1219 1409 1347 1454 Unde
1364 1414 1410 1454 et
1425 1412 1570 1463 (Joan.
1591 1423 1636 1463 v..
1648 1413 1719 1464 14)
1738 1409 1933 1456 dicitur:

61 1477 163 1517 Iam
183 1473 277 1516 noli
301 1474 499 1530 amplius
510 1486 715 1530 peccare,
735 1473 1001 1518 ne‘deteriics
1016 1474 1095 1517 tibi
1107 1472 1285 1528 aliquid
1300 1475 1556 1529 continqat3
1575 1472 1655 1516 ubi
1678 1472 1788 1517 dicit
1801 1473 1938 1532 Chry-

62 1538 297 1580 sostomus
314 1536 458 1589 (hom.
479 1548 619 1579 xxxvu
639 1535 689 1579 in
710 1537 842 1580 Joan.
860 1536 1025 1594 parum
1047 1535 1074 1578 a
1090 1534 1256 1592 princ.)
1281 1547 1294 1579 ε
1317 1552 1338 1572 «
1361 1534 1589 1578 Discimus
1607 1533 1733 1591 quod
1752 1546 1811 1578 ex
1828 1546 1934 1591 pec-

61 1594 176 1640 catis
211 1599 320 1640 nata
358 1601 456 1641 erat
499 1596 543 1642 ei
564 1596 804 1653 aegritudo.
822 1615 845 1636 2»
886 1596 1106 1650 Quamvis
1138 1600 1310 1648 autem,
1348 1601 1402 1641 ut
1437 1597 1791 1653 chrysostomus
1825 1596 1936 1642 dicit

60 1665 200 1711 super
219 1656 373 1701 Matth.
408 1657 550 1711 (hom.
583 1671 682 1714 xxx,
708 1657 737 1701 a
753 1657 914 1715 med.)‚
939 1676 958 1697 α
972 1657 1148 1715 quanto
1166 1658 1322 1702 anima
1338 1662 1409 1702 est
1426 1657 1576 1713 potior
1597 1668 1805 1713 corpore,
1827 1662 1936 1702 tan-

62 1716 109 1761 to
130 1723 370 1774 peccatum
406 1718 635 1765 dimittere
652 1719 807 1777 majus
840 1721 902 1766 sit
931 1722 1071 1777 quam
1091 1732 1263 1777 corpus
1294 1732 1480 1775 sanare3
1504 1719 1614 1778 quia
1639 1723 1796 1763 tamen
1817 1718 1936 1767 illud

62 1790 155 1824 non
177 1785 248 1825 est
267 1781 580 1837 manifestum,
617 1782 726 1827 facit
742 1782 915 1839 minus,
953 1783 1171 1840 quodrest
1190 1782 1501 1838 manifestius,
1519 1786 1574 1827 ut
1590 1782 1932 1827 demonstraret

37 1839 214 1898 -,majus
235 1846 283 1887 et
302 1853 399 1887 non
417 1842 730 1888 manifestum.

96 1900 183 1947 ‘Ad
205 1906 420 1958 quartum
439 1903 705 1958 dicendum„
722 1905 847 1962 quod
864 1917 1006 1962 super
1019 1905 1134 1950 illud
1153 1905 1364 1948 Matth.1x
1385 1916 1398 1948 ε
1423 1905 1598 1961 Videte,
1615 1917 1672 1948 ne
1686 1907 1784 1960 quis
1796 1906 1931 1964 scial,

59 1962 170 2009 dicit
186 1965 542 2022 Chrysostomus
558 1966 699 2019 (hom.
720 1979 794 2009 xm
824 1967 872 2010 in
892 1966 1046 2010 Matth.
1067 1966 1287 2022 aliquant.
1311 1966 1340 2009 a
1357 1966 1526 2023 princ.)
1557 1979 1572 2011 ι
1600 1984 1620 2005 «
1634 1969 1732 2011 Non
1756 1971 1829 2011 est
1846 1967 1934 2013 hoc

59 2026 341 2071 contrarium
359 2027 483 2083 quod
515 2026 590 2071 hic
610 2027 778 2071 dicitur
799 2027 842 2071 ei
861 2027 987 2084 quod
1008 2027 1138 2072 alteri
1160 2027 1271 2073 dicit
1292 2042 1303 2071 :
1330 2047 1350 2065 «ι
1366 2028 1485 2072 Vade
1503 2032 1550 2072 et
1582 2028 1810 2072 annuntia
1828 2027 1931 2086 glo-

57 2084 174 2131 riam
191 2085 292 2142 Dei3
315 2087 467 2132 erudit
487 2087 612 2132 enim
646 2099 732 2131 nos
748 2088 993 2144 prohibere
1012 2100 1095 2133 eos
1121 2088 1202 2145 qui
1234 2089 1397 2133 volunt
1418 2102 1504 2134 nos
1521 2095 1708 2147 propter
1724 2101 1811 2134 nos
1830 2090 1931 2136 lau-

58 2148 195 2204 dare3
217 2147 257 2193 si
276 2152 432 2193 autem
450 2149 510 2194 ad
529 2150 672 2194 Deum
693 2149 839 2206 gloria
859 2151 1073 2206 refertur,
1098 2162 1192 2195 non
1217 2150 1440 2195 debemus
1458 2152 1716 2208 prohibere,
1733 2151 1818 2197 scd
1831 2163 1930 2198 ma—

59 2207 131 2264 gis
147 2207 393 2266 injungere
405 2214 459 2254 ut
470 2211 561 2255 hoc
576 2209 672 2255 fiat.

105 2269 447 2315 ARTICULUS
474 2273 557 2315 IV.
574 2296 629 2303 —
651 2284 790 2316 u'rmm
809 2284 1123 2317 couvnuman
1143 2286 1337 2318 cmusws
1358 2287 1532 2318 racnm‘r
1550 2287 1755 2319 »nucum
1770 2290 1889 2322 cmm

280 2371 282 2374 .
720 2346 957 2377 CREATURAS
973 2348 1278 2379 IRRATIONALES.

111 2392 179 2437 Ad
204 2397 422 2449 quartum
466 2394 534 2439 sic
567 2394 848 2451 proceditur.
884 2399 929 2441 1.
973 2396 1160 2440 Videtur
1194 2397 1318 2453 quod
1353 2397 1729 2443 inconvenienter
1771 2399 1930 2448 fecerit

57 2453 262 2498 Christus
287 2455 510 2500 miracula
529 2456 653 2501 circa
684 2462 921 2502 creaturas
952 2458 1256 2503 irrationales.
1279 2462 1418 2503 Bruta
1438 2459 1562 2503 enim
1583 2460 1800 2505 animalia
1818 2468 1929 2508 sunt

58 2513 281 2561 nobiliora
297 2516 482 2572 plantis.
496 2517 586 2562 Sed
612 2517 818 2562 Christus
834 2518 944 2563 fecit
957 2518 1144 2577 aliquod
1166 2519 1442 2565 miraculum
1458 2520 1579 2565 circa
1596 2522 1795 2578 planum,
1817 2536 1877 2580 pu
1886 2525 1928 2569 ta

57 2575 165 2621 cum
185 2576 245 2622 ad
265 2576 460 2622 verbum
479 2578 582 2635 ejus
614 2583 687 2624 est
702 2579 871 2624 siccata
891 2580 1109 2638 ficulnea,
1128 2587 1182 2626 ut
1206 2581 1373 2627 dicitur
1398 2582 1564 2636 (Matth.
1582 2587 1685 2638 xxr).
1721 2586 1838 2641 Ergo
1860 2587 1927 2630 vi·

58 2636 192 2683 detur
208 2637 333 2695 qucd
353 2638 491 2683 etiam
509 2638 632 2685 circa
651 2640 868 2686 animaUa
885 2642 1019 2686 bruta
1040 2642 1264 2687 miracula
1283 2643 1435 2687 facere
1452 2643 1703 2688 debuisset.

110 2701 152 2744 2.
182 2700 418 2755 Praeterea,
458 2711 599 2757 poena
630 2713 725 2747 non
751 2702 881 2760 juste
914 2703 1110 2748 infertur
1150 2703 1240 2748 nisi
1274 2716 1359 2761 pro
1401 2705 1552 2761 culpa.
1592 2705 1680 2750 Sed
1710 2718 1806 2751 non
1841 2709 1929 2754 fuit

58 2758 193 2815 culpa
204 2758 416 2805 ficulneae
435 2761 560 2818 quod
578 2762 627 2806 in
647 2762 704 2808 ea
723 2764 938 2808 Christus
960 2768 1162 2820 [ructum
1187 2778 1278 2808 non
1298 2768 1482 2821 invenit,
1508 2766 1695 2822 quando
1714 2780 1803 2811 non
1824 2775 1923 2813 erat

57 2823 231 2877 tempus
250 2820 503 2867 fructuum.
524 2825 642 2881 Ergo
660 2824 840 2870 videtur
867 2827 993 2884 quod
1012 2827 1390 2872 inconvenienter
1409 2839 1512 2872 eam
1531 2827 1790 2874 siccaverit.

109 2886 153 2928 3.
183 2884 423 2940 Praeterea,
436 2896 557 2941 aqua
576 2890 623 2931 et
643 2899 722 2932 aer
738 2893 850 2933 sunt
871 2889 918 2934 in
932 2890 1086 2934 medio
1103 2890 1210 2934 coeli
1223 2894 1270 2934 et
1283 2895 1433 2935 terrae.
1454 2891 1542 2936 Sed
1555 2891 1760 2942 Christus
1773 2892 1922 2950 aliqua

57 2942 278 2988 miracula
294 2943 402 2988 fecit
425 2943 472 2988 in
487 2946 622 3002 coelo,
646 2947 767 2992 sicut
784 2961 926 3006 supra
947 2951 1121 2995 dictum
1140 2955 1210 2996 est
1232 2953 1333 3006 (art.
1350 2955 1371 2996 1
1398 2956 1446 2996 et
1469 2955 1495 2992 Ξ
1509 2953 1607 3009 huj.
1626 2955 1751 3009 qu.);
1769 2954 1929 2999 simili-

55 3008 124 3049 ter
138 3004 276 3050 etiam
298 3004 348 3048 in
379 3008 518 3062 terra,
552 3008 737 3063 quando
769 3008 819 3055 in
841 3011 944 3067 eJ'us
961 3012 1177 3068 passione
1193 3016 1316 3056 terra
1337 3017 1462 3056 mota
1486 3017 1572 3058 est.
1599 3016 1717 3070 Ergo
1743 3014 1926 3062 videtur

55 3065 179 3122 quod
196 3065 336 3110 etiam
349 3066 400 3110 in
417 3079 523 3112 aere
540 3072 586 3112 et
606 3080 728 3126 aqua
745 3069 898 3129 aliqua
918 3073 1140 3117 mIracula
1163 3074 1311 3118 facere
1324 3074 1559 3131 debuerit;
1583 3079 1637 3119 ut
1658 3087 1786 3121 mare
1806 3078 1925 3123 divi-

54 3127 178 3182 dere,
195 3126 315 3172 sicut
333 3128 439 3173 fecit
459 3131 637 3186 Moyses
654 3131 811 3186 (Exod.
828 3135 941 3189 xiv);
960 3133 1035 3177 vel
1048 3134 1187 3179 etiam
1205 3135 1398 3192 flumen,
1421 3135 1541 3181 sicut
1562 3137 1769 3183 fecerunt
1781 3141 1918 3186 Josue

55 3190 170 3257 (cap.
190 3191 250 3244 3),
269 3193 316 3234 et
337 3189 456 3234 Elias
469 3192 551 3244 (IV.
568 3193 677 3248 Reg.
702 3194 748 3246 n)
766 3206 777 3236 :
793 3197 838 3238 et
853 3199 907 3239 ut
926 3195 1089 3239 fierent
1110 3196 1158 3240 in
1173 3209 1279 3241 aere
1290 3198 1507 3256 tonitrua,
1523 3197 1644 3243 sicut
1662 3199 1835 3245 factum
1850 3206 1924 3247 est

53 3260 101 3353 ιῐξι
134 3253 290 3294 monte
311 3250 448 3367 Sinai,
489 3253 677 3309 quando
712 3253 789 3298 lex
819 3254 1015 3300 dabatur
1035 3257 1192 3310 (Exod.
1216 3261 1316 3316 xix),
1339 3263 1387 3303 et
1407 3259 1528 3303 sicut
1549 3261 1667 3305 Elias
1703 3261 1810 3306 fecit
1833 3265 1917 3312 (ΠΙ.

88 3322 224 3367 egum
242 3325 338 3355 xvm
357 3345 370 3357 .

92 3445 134 3487 (⁴)
154 3445 256 3480 Addit
289 3448 325 3481 B.
353 3448 497 3482 'ihomas
511 3449 547 3482 in
562 3449 687 3483 Catena
715 3460 819 3484 aurea
841 3449 938 3480 fuisse
959 3450 1063 3483 etiam
1078 3451 1310 3496 imnqrfectam
1325 3456 1425 3490 iidem
1440 3457 1690 3494 adducentium.
