2170 3808
711 309 906 361 QUAEsr.
936 308 1020 359 xv,
1051 307 1169 349 ΛΒΤ.
1199 305 1249 347 v1
1278 306 1343 347 Er
1371 304 1457 347 vn.
1929 303 2005 344 141

132 401 287 458 passio
306 397 409 448 fuit.
433 392 691 441 secundum
715 403 766 435 se
785 389 1093 443 considerata,
1114 386 1441 439 involuntaria,
1466 389 1511 428 et
1531 383 1759 428 tristitiam
1783 394 2009 453 causans3

136 464 242 508 licet
258 460 393 506 fuerit
411 453 668 501 voluntaria
690 453 735 496 in
770 452 932 496 ordine
955 450 1013 494 ad
1032 449 1170 492 finem
1188 479 1200 503 ,
1231 447 1307 503 qui
1340 453 1411 490 est
1434 445 1689 502 redemptio
1716 446 1908 490 humant
1933 455 2012 500 ge--

142 537 280 570 nems'
384 579 724 626 ARTICULUS
744 578 848 618 vn.
871 596 922 605 -
948 584 1086 616 urium
1108 583 1149 613 m
1172 580 1344 612 cnmsro
1365 581 1514 611 runnu·
1537 580 1666 611 ‘rmon
1684 569 1762 622 (1).
1796 557 1803 563 χ

256 653 304 688 De
322 651 374 687 his
388 650 486 685 etiam
495 659 606 689 supra,
621 649 737 688 quaest.
760 652 825 682 vu.
839 645 905 676 art.
923 641 955 680 ὃ,
971 644 1005 675 et
1026 640 1120 673 sent.
1136 647 1190 678 ιιι,
1216 637 1293 671 dist.
1310 636 1364 676 ⁴5,
1385 639 1498 678 quaest.
1514 644 1554 677 u,
1571 638 1635 669 art.
1647 635 1682 676 2,
1699 639 1814 677 quaest.
1834 643 1888 671 ιιι.

189 708 254 754 Ad
275 705 517 762 septimum
539 701 607 746 sio
628 698 906 757 proceditur.
924 698 968 739 1.
981 694 1167 738 Videtur
1184 690 1305 748 quod
1327 691 1374 734 in
1393 689 1570 735 Christo
1591 702 1686 732 non
1702 689 1842 734 suerit
1857 689 2010 735 timor.

134 770 302 814 Dicitur
323 767 446 812 enim
468 762 700 818 (Proverb.
720 772 868 813 xxviii,
887 759 930 811 l)
950 771 960 799 :
981 759 1133 800 Iustus
1155 756 1283 810 quasi
1302 753 1369 795 leo
1388 753 1631 806 confidem,
1656 751 1819 806 absque
1842 755 2014 794 terrore

135 833 243 874 erit.
279 828 364 873 Sed
399 825 604 870 Christus
628 822 713 867 suit
741 819 942 864 maxime
969 817 1140 873 Justus.
1174 818 1292 871 Ergo
1316 814 1362 857 in
1394 813 1571 857 Christo
1605 824 1699 855 non
1723 811 1810 856 fuit
1843 811 2014 867 aliquis

138 891 288 936 timor.

190 954 231 996 2.
251 954 490 1003 Praeterea.
512 945 709 990 Hilarius
731 943 841 988 dicit
862 943 939 995 (De
958 938 1115 983 Trinit.
1137 937 1216 981 lib.
1238 951 1279 990 x.
1306 936 1529 992 aliquant.
1554 933 1582 978 a
1599 934 1767 991 princ.)
1790 947 1802 976 z
1827 951 1848 972 α
1871 935 2015 978 Inter-

137 1025 249 1070 rogo
267 1024 347 1057 eos
369 1011 446 1068 qui
469 1010 557 1053 hoc
574 1007 638 1051 ita
655 1004 937 1058 existimant,
958 1014 1017 1046 an
1037 1000 1215 1044 ratione
1233 998 1484 1054 subsistat,
1503 1001 1556 1041 ut
1574 996 1691 1040 mori
1715 995 1919 1040 timuerit
1935 995 2014 1052 qui

137 1086 320 1119 omnem
340 1074 397 1117 ab
413 1069 638 1128 Apostolis
657 1066 818 1112 mortis
836 1065 1047 1110 timorem
1065 1061 1316 1118 expellens,
1341 1060 1399 1104 ad
1418 1059 1613 1115 gloriam
1632 1070 1713 1103 eos
1729 1058 1787 1103 sit
1803 1057 2015 1115 martyrii

134 1135 420 1181 exhortatus.
444 1153 462 1172 »
487 1134 582 1176 Non
602 1140 713 1185 ergo
730 1128 777 1171 in
796 1126 970 1171 Christo
988 1122 1259 1168 rationabile
1279 1125 1350 1165 est
1367 1120 1511 1164 fuisse
1528 1120 1757 1164 timorem.

193 1200 234 1241 3.
263 1199 500 1249 Praeterea,
523 1193 660 1236 timor
685 1201 776 1233 non
804 1187 983 1232 videtur
997 1196 1100 1230 esse
1122 1183 1209 1228 nisi
1231 1183 1288 1228 de
1309 1182 1432 1226 malo
1454 1182 1578 1238 quod
1597 1193 1690 1226 non
1712 1183 1866 1238 potest
1877 1179 2016 1224 homo

143 1258 306 1301 vitare.
337 1256 421 1300 Sed
457 1253 663 1298 Christus
693 1253 872 1306 poterat
902 1248 1046 1292 vitare
1079 1250 1125 1291 et
1159 1245 1333 1290 malum
1368 1256 1545 1300 poenae,
1576 1242 1702 1299 quod
1730 1254 1898 1298 passus
1927 1245 2014 1296 est,

134 1322 182 1361 et
205 1317 378 1361 malum
398 1315 562 1370 culpae.
581 1311 704 1369 quod
725 1311 826 1354 aliis
851 1309 1030 1354 accidit.
1048 1310 1166 1363 Ergo
1191 1307 1238 1351 in
1261 1306 1438 1350 Christo
1461 1317 1555 1349 non
1576 1304 1662 1348 fuit
1676 1303 1843 1360 aliquis
1863 1302 2016 1347 timor.

191 1377 276 1421 Sed
299 1380 455 1419 contra
471 1379 542 1419 est
557 1372 680 1429 quod
694 1371 859 1417 dicitur
880 1372 1026 1424 (Mare.
1046 1382 1132 1425 xiv,
1153 1369 1223 1422 33)
1245 1382 1256 1410 :
1283 1369 1430 1422 Coepit
1451 1369 1577 1409 Iesus
1590 1377 1756 1421 pavere
1775 1367 1819 1406 et
1836 1364 2016 1408 taedere.

185 1442 471 1484 CONCLUSlO.
490 1463 539 1470 -
562 1440 654 1480 Fuit
675 1438 840 1491 quidem
863 1437 987 1476 timor
1002 1436 1047 1475 in
1065 1435 1224 1476 Christo
1248 1438 1429 1485 respectu
1456 1432 1717 1473 imminentis
1736 1430 1869 1472 futuri
1890 1431 2018 1481 ma1i3

139 1511 222 1540 non
241 1499 320 1538 fuit
337 1501 475 1537 autern
491 1497 615 1536 timor
636 1496 681 1534 in
698 1494 771 1534 illo
786 1492 920 1543 quoad
935 1493 1105 1532 eventus
1127 1488 1477 1530 incertitudinem.

194 1559 461 1617 Respondeo
494 1557 742 1603 dicendum
776 1554 902 1612 quod
932 1554 1052 1599 sieut
1090 1552 1273 1597 tristitia
1307 1555 1526 1596 causatur
1558 1563 1614 1595 ex
1651 1550 2020 1608 apprehensione

141 1622 248 1666 mali
265 1620 524 1678 praesentiS‚
553 1620 616 1664 ita
642 1619 780 1663 timor
805 1621 1023 1661 causatur
1045 1628 1104 1660 ex
1125 1613 1497 1671 apprehensione
1518 1613 1628 1656 mali
1658 1612 1820 1656 futuri.
1845 1615 2022 1669 Appre-

142 1684 303 1728 hensio
322 1687 475 1727 autem
493 1681 602 1725 mali
619 1680 778 1733 futuri.
800 1679 839 1723 si
857 1677 1174 1723 omnimodam
1184 1675 1510 1721 certitudinem
1529 1675 1713 1730 habeat,
1728 1687 1823 1719 non
1842 1674 2022 1719 inducit

71 1772 73 1774 -
150 1743 374 1787 timorem.
399 1742 524 1786 Unde
545 1741 848 1797 Philosophus
871 1738 979 1784 dicit
999 1739 1198 1792 (Rhetor.
1218 1737 1299 1781 lib.
1323 1750 1369 1792 11,
1396 1749 1496 1792 cap.
1517 1739 1560 1793 5,
1585 1736 1700 1780 circ.
1716 1736 1876 1792 med),
1896 1735 2023 1792 quod

146 1805 281 1849 timor
303 1816 397 1847 non
414 1807 484 1847 est
504 1802 590 1846 nisi
611 1801 690 1846 ubi
707 1806 779 1845 est
803 1801 956 1855 aliqua
970 1812 1076 1856 spes
1100 1798 1342 1844 evadendi.
1363 1800 1474 1843 Nam
1491 1798 1676 1854 quando
1688 1798 1816 1841 nulla
1833 1808 1941 1854 spes
1952 1801 2023 1841 est

144 1864 386 1919 evadendi,
411 1862 768 1919 apprehenditur
786 1861 958 1905 malum
983 1865 1034 1904 ut
1051 1862 1280 1917 praesens,
1302 1859 1430 1903 etsie
1445 1859 1596 1914 magis
1612 1862 1774 1903 causat
1788 1857 2023 1902 tristitiam
2041 1917 2045 1921 .

145 1926 284 1983 quam
309 1925 534 1969 timorem.
558 1925 629 1968 Sic
658 1935 769 1980 ergo
791 1924 925 1967 timor
955 1926 1108 1978 potest
1125 1921 1406 1966 considerari
1431 1923 1658 1976 quantum
1681 1920 1741 1965 ad
1769 1920 1895 1965 duo:
1920 1931 2019 1964 uno

145 1987 282 2032 modo
300 1987 522 2043 quantum
540 1985 599 2029 ad
622 1985 709 2028 hoe
733 1984 857 2041 quod
884 1984 1115 2040 appetitus
1144 1982 1396 2028 sensitivus
1421 1981 1693 2026 naturaliter
1716 1981 1888 2037 refugit
1916 1992 2022 2026 cor-

143 2048 267 2104 poris
283 2047 532 2101 laesionem‚
547 2049 593 2090 et
606 2058 688 2102 per
701 2045 946 2099 tristitiam,
963 2044 1002 2089 si
1018 2044 1079 2089 sit
1091 2055 1312 2100 praesens,
1327 2046 1372 2087 et
1382 2055 1465 2099 per
1479 2042 1707 2097 timorem,
1719 2042 1756 2086 si
1771 2042 2020 2099 sitfutura3

142 2113 190 2152 et
206 2109 295 2153 hoe
310 2108 448 2152 modo
470 2108 605 2151 timor
619 2106 705 2151 fuit
719 2106 765 2150 in
787 2106 981 2159 Christo,
1000 2106 1123 2150 sicut
1137 2110 1183 2150 et
1197 2105 1398 2148 tristitia.
1420 2104 1518 2147 Alio
1540 2103 1678 2148 modo
1694 2107 1847 2160 potest
1872 2104 2024 2149 consi-

143 2169 292 2214 derari
313 2169 567 2214 secundum
586 2167 961 2213 incertitudinem
980 2167 1121 2211 futuri
1141 2169 1355 2219 eventus.
1374 2165 1494 2209 sieut
1522 2165 1709 2222 quando
1728 2170 1862 2210 nocte
1889 2165 2023 2211 time-

145 2244 249 2275 mus
277 2243 334 2276 ex
362 2231 515 2287 aliquo
536 2231 707 2283 sonitu,
728 2230 861 2287 quasi
884 2230 1152 2285 ignorantes
1170 2229 1286 2285 quid
1314 2229 1401 2272 hoc
1429 2227 1514 2281 sit3
1535 2233 1581 2272 et
1603 2231 1829 2284 quantum
1849 2228 1907 2272 ad
1935 2228 2024 2274 hoc

147 2295 279 2337 timor
293 2306 387 2336 non
405 2293 490 2336 fuit
515 2293 562 2336 in
583 2292 786 2350 Christo,
815 2295 866 2335 ut
888 2295 1202 2335 Damascenus
1226 2290 1336 2334 dicit
1357 2290 1493 2342 (Orth.
1522 2286 1602 2334 fid.
1630 2288 1710 2333 lib.
1741 2303 1802 2344 ιιι,
1826 2302 1929 2346 cap.
1950 2294 2021 2347 23,

150 2353 196 2396 in
219 2354 374 2407 med).
1963 2401 1967 2405 ,

199 2414 265 2459 Ad
290 2418 492 2471 primum
514 2426 626 2470 ergo
647 2414 921 2469 dicendum,
952 2413 1078 2470 quod
1109 2414 1271 2470 Justus
1299 2412 1467 2456 dicitur
1499 2424 1603 2457 esse
1625 2411 1802 2469 absque
1830 2415 2022 2471 terrore,

146 2476 402 2520 secundum
429 2475 550 2531 quod
572 2480 717 2519 terror
742 2475 958 2532 importat
983 2476 1238 2532 perfectam
1266 2474 1531 2530 passionem
1560 2479 1844 2519 avertentem
1874 2476 2024 2521 homi-

148 2549 254 2581 nem
271 2537 331 2580 ab
350 2550 404 2582 eo
425 2536 549 2593 quod
568 2541 639 2581 est
659 2537 868 2581 rationis.
886 2540 939 2581 Et
954 2538 1023 2581 sie
1043 2537 1178 2581 timor
1196 2549 1289 2580 non
1306 2536 1394 2580 suit
1410 2537 1455 2579 in
1476 2536 1670 2594 Christo,
1688 2536 1770 2581 sed
1785 2537 1934 2581 solum
1955 2549 2026 2584 se-

146 2598 347 2643 cundum
371 2598 735 2655 propassionem.
759 2601 813 2642 Et
840 2598 944 2643 ideo
965 2599 1134 2653 dicitur
1158 2598 1285 2655 quod
1305 2601 1431 2641 Iesus
1452 2601 1585 2654 coepit
1609 2599 1775 2641 taedere
1794 2601 1839 2640 et
1857 2612 2024 2654 pavere

149 2659 278 2713 quasi
314 2677 333 2696 «
363 2659 620 2704 secundum
638 2659 987 2716 propassionem
1005 2694 1018 2716 ,
1054 2678 1074 2699 »
1112 2666 1164 2703 ut
1193 2660 1502 2716 Hieronymus
1536 2658 1723 2714 exponit
1758 2661 1883 2716 (Sup.
1911 2659 2024 2705 illud

150 2720 295 2764 Matth.
318 2733 441 2763 xxvi:
465 2723 610 2777 Coepit
634 2724 931 2777 contristari).

203 2780 268 2824 Ad
287 2781 527 2824 secundum
559 2782 820 2839 dicendum,
842 2783 975 2840 quod
991 2782 1190 2827 Hilarius
1205 2794 1260 2826 eo
1278 2781 1416 2826 modo
1434 2781 1461 2824 a
1476 2780 1655 2825 Christo
1670 2780 1875 2825 excludit
1896 2781 2024 2827 timo-

154 2852 262 2896 rem,
288 2853 379 2897 quo
403 2843 603 2887 excludit
626 2844 879 2898 tristitiam3
899 2844 1074 2889 seilicet
1096 2843 1247 2900 quoad
1267 2843 1589 2887 necessitatem
1615 2842 1823 2886 timendi.
1851 2842 1938 2886 Sed
1953 2847 2025 2887 ta-

154 2912 258 2944 men
293 2902 350 2946 ad
379 2904 764 2959 comprobandam
796 2906 1038 2950 veritatem
1070 2907 1286 2949 humanae
1306 2909 1500 2959 naturae,
1517 2903 1776 2947 voluntarie
1808 2902 2024 2948 timorem

155 2963 417 3019 assumpsit,
439 2965 558 3008 sieut
577 2966 712 3010 etiam
729 2971 775 3011 et
794 2967 1044 3011 tristitiam.

204 3023 270 3067 Ad
296 3027 478 3066 tertium
502 3024 764 3083 dicendum,
789 3028 907 3084 quod
923 3062 934 3083 .
955 3028 1060 3072 licet
1085 3026 1290 3072 Christus
1311 3026 1512 3082 potuerit
1541 3025 1685 3071 vitare
1709 3026 1831 3070 mala
1864 3026 2026 3071 futura

156 3086 407 3129 secundum
422 3086 636 3131 virtutem
653 3087 917 3145 divinitatis,
950 3094 1083 3136 erant
1113 3094 1267 3133 tamen
1289 3088 1588 3144 inevitabilia,
1611 3087 1688 3133 vel
1709 3101 1802 3133 non
1820 3088 1876 3134 de
1900 3087 2019 3133 facili

155 3145 354 3190 vitabilia
380 3147 639 3192 secundum
667 3148 981 3195 infirmitatem
1010 3151 1252 3205 carnis(2).

191 3284 235 3323 (Ι)
250 3284 285 3317 S.
305 3283 424 3316 Doctor
441 3284 536 3318 docet
549 3284 585 3319 iu
597 3285 730 3319 Christo
746 3286 844 3320 fuisse
863 3286 1043 3330 timorem3
1170 3286 1214 3329 (2)
1241 3286 1327 3321 Addi
1355 3289 1475 3329 potest,
1498 3287 1545 3323 ait
1573 3287 1717 3328 Sylvius,
1741 3287 1900 3320 timorem
1922 3284 2023 3321 etiam

80 3360 84 3363 .
152 3342 226 3365 nam
253 3341 291 3364 ex
315 3330 435 3363 timore
460 3332 578 3365 mortis
600 3331 802 3372 procedebat
819 3332 878 3367 illa
905 3334 1010 3368 oratio
1034 3346 1043 3367 :
1129 3345 1197 3368 esse
1217 3333 1357 3368 demate
1378 3335 1469 3376 quod
1494 3347 1560 3369 non
1580 3339 1686 3376 potest
1710 3334 1847 3368 honeste
1871 3336 1905 3366 et
1923 3332 2025 3366 ratio-

151 3379 196 3411 St·
211 3377 381 3419 possibile
396 3382 458 3416 est,
478 3381 640 3413 transeat
656 3380 679 3414 ὰ
700 3390 755 3413 me
773 3381 878 3415 calix
902 3382 981 3422 iste,
1006 3384 1043 3416 ut
1128 3381 1286 3418 n‘abiliter
1317 3383 1442 3427 vitari3
1477 3383 1643 3424 quomodo
1678 3387 1842 3421 martyres
1880 3384 2024 3415 mortem

152 3424 264 3458 videre
283 3432 331 3458 est
350 3426 435 3467 apud
461 3426 613 3461 Ambros.
628 3428 690 3468 (De
715 3427 791 3468 fide,
815 3428 876 3463 lib.
897 3438 934 3469 11,
950 3441 978 3463 c.
997 3430 1041 3471 5),
1127 3430 1247 3464 timere
1258 3434 1451 3471 potuerunt,
1467 3442 1567 3472 quam
1578 3436 1689 3465 tamen
1704 3430 1808 3464 vitare
1822 3428 2025 3469 potuissent.

153 3472 333 3562 kluclihssfr.
356 3481 405 3507 vn
430 3474 476 3508 De
488 3475 659 3517 passione),
683 3476 851 3517 Chrysost.
872 3477 918 3517 (in
942 3478 973 3518 4,
1000 3478 1041 3512 20
1127 3478 1183 3511 sed
1199 3489 1265 3512 non
1281 3479 1417 3513 honeste
1432 3478 1485 3514 vel
1503 3479 1575 3514 sine
1586 3482 1733 3520 peccato.

191 3531 206 3553 a
263 3545 271 3554 .
288 3545 298 3556 .
