2170 3808
715 215 908 265 QUAEST.
940 214 990 266 11,
1021 214 1139 256 ART.
1170 213 1222 256 1v
1248 213 1313 256 ET
1340 213 1393 257 v.
1936 207 2007 256 21'

127 303 213 343 test
231 295 508 342 considerari
531 306 653 339 :uno
674 293 812 338 modo
830 293 1087 338 secundum
1109 293 1224 337 illud
1248 292 1374 350 quod
1397 296 1467 337 est
1487 291 1535 336 in
1554 304 1604 337 se
1619 307 1632 349 ς
1650 295 1694 337 et
1717 292 1783 336 sic
1800 297 1871 337 est
1890 305 1992 338 om-

122 360 233 405 nino
247 358 457 414 simplex,
470 356 589 401 sicut
600 359 646 400 et
660 359 825 399 natura
834 354 962 398 Verbi
978 369 990 410 3
1008 354 1098 397 alio
1113 355 1250 398 modo
1267 354 1524 400 secundum
1542 354 1767 398 rationem
1779 366 1991 410 personae

119 422 191 467 vel
231 420 506 478 hypostasis,
537 418 596 463 ad
615 430 755 475 quam
790 418 988 474 pertinet
1016 417 1270 461 subsistere
1310 417 1358 461 in
1411 417 1564 473 aliqua
1600 422 1766 461 natura
1788 431 1801 472 ς
1837 422 1882 461 et
1917 430 1990 462 se-

121 483 324 528 cundum
347 482 432 525 hoc
453 491 650 537 persona
667 478 828 524 Christi
851 478 1064 523 subsistit
1085 477 1132 520 in
1156 477 1338 522 duabus
1359 478 1553 523 naturis.
1575 479 1704 523 Unde
1724 478 1829 522 licet
1847 478 1907 523 sit
1925 479 1987 523 ibi

120 556 266 589 unum
288 543 562 597 subsistens,
582 545 654 586 est
678 545 830 586 tamen
853 540 915 584 ibi
939 539 1028 584 alia
1047 543 1092 584 et
1113 539 1202 583 alia
1219 539 1335 584 ratio
1355 539 1639 583 subsistendi
1660 544 1732 585 :et
1744 540 1811 586 sic
1821 540 1988 585 dicitur

122 618 317 663 persona
334 603 602 660 composita,
623 603 900 659 inquantum
923 613 1071 645 unum
1095 600 1277 646 duobus
1299 600 1524 646 subsistit.

171 670 225 712 Et
246 679 325 724 per
345 667 432 710 hoc
455 669 579 722 patet
599 663 838 720 responsio
860 662 917 707 ad
937 666 1150 719 primum.

172 729 237 773 Ad
255 729 493 772 secundum
513 726 779 782 dicendum,
799 724 923 782 quod
947 725 1024 769 ilia
1055 725 1323 781 compositio
1358 736 1569 781 personae
1601 736 1660 768 ex
1688 727 1864 772 naturis
1891 740 1986 772 non

119 788 282 835 dicitur
298 803 400 835 esse
420 789 596 833 ratione
607 789 805 844 partium
819 789 891 844 (1),
907 787 989 832 sed
999 787 1152 843 potius
1170 787 1346 832 ratione
1359 785 1539 830 numeri
1554 800 1567 841 ;
1584 786 1704 831 sicut
1715 799 1853 833 omne
1872 789 1988 835 illud

120 847 165 892 in
187 863 277 905 quo
299 851 390 895 duo
413 850 709 906 convenIunt,
730 854 880 905 potest
896 848 983 893 dici
1003 860 1060 892 ex
1086 848 1153 892 eis
1174 847 1497 905 compositum.

170 911 237 956 Ad
257 915 437 956 tertium
462 910 724 967 dicendum,
749 909 874 967 qubd
902 922 994 953 non
1018 909 1063 953 in
1089 909 1215 954 omni
1247 908 1578 965 compositione
1604 908 1691 953 hoc
1725 909 1986 955 verificatur

118 972 239 1028 quod
263 973 374 1018 illud
390 973 512 1030 quod
536 971 913 1029 componitur-sit
934 972 1274 1028 homogeneum
1297 970 1697 1028 componentibus,
1720 972 1803 1016 sed
1834 973 1984 1017 solum

116 1033 163 1077 in
185 1034 392 1091 partibus
420 1034 642 1079 continui.
667 1037 780 1078 Nam
805 1033 1077 1078 continuum
1106 1047 1199 1078 non
1222 1034 1515 1090 componitur
1536 1032 1700 1077 nisiex
1724 1033 1983 1088 continuis;

118 1096 288 1140 animal
303 1097 411 1141 vero
430 1097 720 1153 componitur
737 1108 795 1140 ex
810 1095 964 1139 anima
986 1099 1029 1140 et
1043 1107 1250 1153 corpore,
1264 1107 1462 1153 quorum
1478 1098 1695 1139 neutrum
1713 1099 1782 1139 est
1794 1096 1976 1139 animal.

168 1160 506 1203 ARTICULUS
533 1160 593 1202 V.
611 1182 668 1190 -—
688 1170 823 1201 urium
863 1170 925 1201 sn·
960 1170 1090 1201 FACTA
1119 1170 1264 1208 AuQUA
1301 1170 1394 1201 umo
1430 1170 1568 1200 Anum:
1598 1170 1649 1199 m·
1685 1170 1856 1201 coroms
1887 1171 1928 1200 m

905 1231 1073 1263 cnmsro
1094 1222 1170 1274 (2).

116 1286 164 1321 Do
181 1286 231 1321 hia
248 1289 349 1323 etiam
366 1287 467 1328 infra,
490 1290 604 1330 quaest.
626 1296 696 1329 xvi,
724 1290 791 1323 art.
808 1288 823 1322 4
848 1299 939 1329 corp.
960 1290 993 1322 et
1018 1289 1112 1323 Sent.
1147 1297 1201 1328 111,
1217 1287 1294 1322 dist.
1311 1288 1343 1328 6,
1361 1290 1474 1328 quaest.
1492 1296 1547 1330 11¹,
1573 1290 1639 1323 art.
1661 1287 1694 1330 1,
1713 1291 1748 1323 et
1769 1289 1867 1323 Cont.
1891 1291 1982 1329 gent.

710 1346 781 1376 cap.
797 1335 838 1369 57
854 1339 887 1370 et
903 1335 958 1377 Μ,
974 1338 1009 1370 et
1029 1337 1151 1376 opusc.
1165 1344 1203 1377 11,
1225 1347 1297 1376 cap.
1309 1335 1383 1369 211.

167 1390 233 1435 Ad
250 1390 463 1447 quintum
490 1372 559 1435 >sic
583 1389 862 1447 proceditur.
884 1392 926 1433 1.
956 1389 1140 1434 Videtur
1161 1389 1286 1446 quod
1319 1390 1365 1433 in
1389 1390 1566 1433 Christo
1590 1402 1682 1433 non
1707 1390 1845 1434 fuerit
1871 1390 1983 1435 unio

118 1451 283 1496 animae
300 1456 347 1497 et
363 1452 582 1508 corporis.
602 1454 667 1496 Ex
685 1452 857 1496 unione
880 1451 1005 1496 enim
1035 1452 1198 1496 animae
1225 1455 1271 1496 et
1299 1452 1502 1508 corporis
1532 1452 1580 1496 in
1607 1452 1742 1496 nobis
1766 1458 1984 1497 causatur

117 1524 311 1569 persona
335 1513 406 1558 vel
423 1514 686 1571 hypostasis
707 1513 921 1558 hominis
934 1512 976 1557 Si
1000 1525 1111 1570 ergo
1130 1513 1284 1557 anima
1301 1517 1347 1558 et
1362 1525 1532 1570 corpus
1545 1514 1735 1558 fuerunt
1747 1513 1794 1558 in
1806 1514 1983 1559 Christo

116 1574 258 1629 unita,
281 1575 488 1632 sequitur
508 1575 631 1632 quod
663 1575 800 1620 fuerit
831 1587 889 1620 ex
921 1575 1095 1620 unione
1132 1587 1293 1620 eorum
1327 1575 1482 1632 aliqua
1520 1575 1786 1633 hypostasis
1807 1577 1984 1621 consti-

115 1639 228 1680 tuta.
264 1638 360 1680 Non
385 1643 538 1681 autem
559 1636 819 1694 hypostasis
836 1636 966 1680 Verbi
995 1636 1085 1694 Dei,
1112 1649 1217 1693 quae
1249 1640 1320 1681 est
1351 1642 1540 1681 aeterna.
1572 1639 1690 1692 Ergo
1721 1637 1770 1681 in
1807 1638 1983 1682 Christo

115 1697 200 1741 erit
214 1697 365 1754 aliqua
383 1710 583 1754 persona
603 1698 678 1742 vel
692 1697 954 1754 hypostasis
976 1702 1143 1754 praeter
1162 1698 1447 1755 hypostasim
1469 1698 1602 1743 Verbi
1615 1713 1628 1755 ς
1642 1699 1768 1755 quod
1782 1706 1854 1744 est
1870 1713 1982 1744 con-

115 1762 186 1802 tra
202 1759 414 1814 praedicta
435 1761 536 1815 (art.
557 1763 584 1804 2
606 1764 651 1804 et
667 1763 693 1804 3
708 1761 880 1815 praec.).

170 1821 213 1863 2.
246 1821 479 1875 Praeterea,
502 1833 560 1864 ex
580 1821 752 1865 unione
772 1821 936 1866 animae
954 1826 1000 1866 et
1017 1822 1223 1878 corporis
1243 1822 1540 1867 constituitur
1571 1827 1740 1869 natura
1766 1826 1983 1870 humanae

38 1864 41 1865 ⁷
116 1881 298 1937 speciei.
316 1884 620 1926 Damascenus
632 1888 785 1927 autem
798 1882 906 1927 dicit
923 1885 1062 1936 (Orth.
1080 1884 1157 1928 fid.
1180 1884 1260 1928 lib.
1279 1898 1339 1940 ιιι,
1357 1896 1458 1940 cap.
1478 1887 1523 1940 3,
1539 1883 1661 1928 circa
1680 1886 1837 1943 med),
1858 1887 1982 1944 qubd

119 1958 139 1980 α
158 1942 207 1986 in
228 1942 416 1987 Domino
437 1945 543 1988 Jesu
563 1943 739 1988 Christo
761 1956 853 1988 non
876 1948 947 1989 est
967 1957 1262 1989 communem
1281 1945 1484 2002 speciem
1506 1946 1730 2002 accipere.
1749 1966 1770 1988 »
1795 1951 1915 2004 Ergo
1931 1948 1981 1993 in

114 2015 168 2048 eo
189 2016 282 2048 non
302 2009 371 2049 est
391 2005 510 2049 facta
530 2005 696 2050 animae
716 2010 762 2050 et
777 2006 980 2062 corporis
999 2006 1126 2051 unio.

166 2067 209 2110 3.
246 2067 479 2123 Praeterea,
503 2067 656 2110 anima
678 2079 770 2111 non
790 2067 1087 2124 conjungitur
1106 2067 1301 2124 corpori,
1324 2068 1413 2113 nisi
1429 2067 1872 2128 utvivificetipsum.
1893 2073 1981 2118 Sed

113 2139 280 2184 corpus
299 2127 461 2171 Christi
471 2133 649 2183 poterat
662 2128 883 2173 vivificari
905 2129 963 2173 ab
987 2129 1086 2185 ipso
1101 2130 1246 2174 Verbo
1267 2130 1360 2184 Dei,
1385 2131 1508 2187 quod
1525 2135 1596 2176 est
1625 2133 1729 2177 fons
1747 2137 1794 2178 et
1811 2134 1980 2191 princi-

113 2187 241 2244 pium
258 2188 362 2232 vitae
383 2190 454 2242 (3).
475 2191 591 2245 Ergo
612 2190 659 2233 in
678 2190 853 2234 Christo
876 2203 968 2234 non
989 2190 1077 2235 fuit
1097 2191 1208 2235 unio
1237 2192 1404 2236 animae
1424 2196 1471 2236 et
1484 2193 1702 2249 corporis.

168 2248 252 2294 Sed
274 2253 429 2293 contra
447 2255 517 2294 est
535 2250 658 2307 quod
676 2263 843 2308 corpus
857 2264 950 2296 non
972 2252 1139 2297 dicitur
1152 2252 1406 2297 animatum
1425 2253 1512 2298 nisi
1531 2266 1591 2298 ex
1604 2255 1776 2301 unione
1795 2256 1977 2304 animae.

115 2310 201 2354 Sed
221 2322 388 2367 corpus
408 2310 568 2356 Christi
589 2311 755 2357 dicitur
776 2313 1048 2369 animatum,
1073 2314 1330 2359 secundum
1351 2313 1465 2358 illud
1493 2315 1618 2370 quod
1639 2316 1840 2361 Ecclesia
1865 2331 1979 2363 can-

115 2374 178 2415 tat
191 2373 248 2427 (4)
272 2386 283 2414 ε
308 2388 328 2409 α
340 2371 599 2416 Animatum
617 2385 784 2430 corpus
815 2386 1021 2429 sumens,
1053 2374 1111 2419 de
1139 2375 1321 2432 Virgine
1338 2374 1462 2420 nasci
1478 2375 1697 2432 dignatus
1715 2382 1803 2423 est.
1821 2397 1842 2418 ι»
1860 2382 1977 2436 Ergo

113 2432 160 2476 in
178 2432 349 2478 Christo
366 2433 452 2477 fuit
472 2434 583 2478 unio
605 2435 771 2479 animae
790 2442 836 2480 et
857 2436 1076 2492 corporis.

159 2500 439 2540 CONCLUSIO.
464 2523 508 2530 -
534 2501 637 2542 Cum
663 2502 847 2543 Christus
874 2503 997 2543 fuerit
1015 2502 1199 2555 eJusdem
1235 2503 1380 2555 speciei
1409 2516 1504 2544 cum
1532 2505 1625 2545 aliis
1652 2506 1906 2558 hominibus,
1931 2509 1978 2551 in

113 2553 199 2647 {pso
217 2566 331 2648 ορετξ
348 2554 639 2596 incarnationis
659 2557 740 2598 fuit
758 2558 848 2598 vere
865 2558 1006 2598 anima
1024 2559 1179 2609 corpori
1195 2558 1311 2599 unita
1329 2572 1338 2599 z
1359 2563 1398 2599 et
1411 2560 1664 2601 contrarium
1682 2562 1825 2613 dicere,
1845 2563 1976 2606 haere-

131 2619 240 2649 lcum
262 2621 302 2649 eS
325 2639 335 2648 .

166 2671 433 2727 Respondeo
454 2672 695 2718 dicendum
719 2675 843 2731 quod
865 2676 1070 2721 Christus
1092 2676 1259 2721 dicitur
1276 2678 1414 2722 homo
1432 2678 1630 2723 univoce
1647 2692 1754 2724 cum
1774 2680 1876 2726 aliis
1894 2682 1976 2726 ho-

112 2731 330 2788 mInibus,
348 2737 504 2789 utpote
521 2734 730 2791 ejusdem
757 2737 925 2793 speciei
950 2737 1155 2783 existens
1170 2772 1182 2794 ,
1206 2739 1461 2784 secundnm
1483 2740 1594 2784 illud
1616 2742 1817 2798 Apostoli
1848 2744 1975 2798 (Phi-

113 2791 223 2847 lipp.
246 2806 292 2849 11,
317 2794 359 2847 7)
380 2807 392 2837 :
415 2798 467 2837 In
485 2796 825 2840 similitudinem
843 2798 1071 2842 hominum
1088 2801 1257 2853 sactus.
1283 2800 1481 2845 Pertinet
1498 2806 1653 2845 autem
1674 2802 1730 2847 ad
1750 2803 1974 2848 rationem

115 2852 278 2921 speciei
299 2853 512 2899 humanae
533 2855 656 2912 quod
677 2858 829 2902 anima
852 2860 1030 2916 corpori
1051 2860 1263 2917 uniatur3
1288 2874 1383 2906 non
1409 2862 1534 2907 enim
1567 2862 1714 2907 forma
1738 2864 1975 2911 constituit

115 2922 320 2982 speci-em·
333 2914 420 2958 nisi
441 2927 522 2971 per
541 2918 628 2961 hoc
649 2919 772 2974 quod
790 2919 842 2964 fit
862 2925 993 2965 actus
1013 2922 1242 2978 materiae3
1266 2926 1312 2967 et
1331 2923 1418 2967 hoc
1439 2927 1510 2967 est
1523 2922 1581 2966 ad
1598 2923 1722 2980 quod
1739 2927 1973 2980 generatio

114 2975 399 3030 terminatur,
431 2987 513 3032 per
534 2989 672 3033 quam
701 2984 867 3025 natura
894 2981 1094 3039 speciem
1126 2982 1336 3028 intendit.
1369 2983 1497 3028 Unde
1519 2996 1708 3030 necesse
1729 2991 1800 3030 est
1822 2987 1973 3034 dicere

113 3141 124 3151 ι
153 3095 197 3137 (Ι)
225 3096 274 3131 De
308 3097 435 3132 ratione
464 3099 569 3139 partis
608 3104 657 3135 est
685 3112 753 3137 esse
789 3102 994 3147 imperfecta,
1078 3106 1202 3148 anima,
1235 3110 1273 3142 ut
1302 3107 1402 3142 Arius
1431 3107 1495 3148 (Cf.
1517 3108 1637 3143 Athon.
1667 3108 1729 3144 lib.
1763 3110 1811 3145 De
1843 3110 1971 3147 adorat.

111 3144 225 3196 :taque
245 3147 364 3198 neutra
390 3149 587 3201 naturarum
608 3147 644 3181 in
665 3148 795 3185 Christo
810 3151 911 3187 habet
936 3164 996 3188 ra·
1078 3154 1202 3189 Christi
1213 3154 1442 3197 &incarnat-L
1453 3155 1573 3197 Epiph.
1592 3156 1719 3198 (hoeres.
1733 3157 1778 3199 9),
1795 3158 1971 3199 Angustia.

111 3190 237 3224 tionem
268 3198 384 3245 partis,
413 3205 490 3234 quia
527 3198 668 3235 utraque
696 3199 745 3232 est
776 3199 939 3240 completa
963 3203 998 3236 et
1078 3201 1198 3236 etalii.

109 3236 257 3278 perfecta
272 3250 307 3272 1n
324 3251 383 3274 suo
396 3252 479 3275 esse.
1119 3250 1163 3291 (5)
1179 3250 1362 3285 Alludendo
1381 3251 1422 3286 ad
1442 3251 1527 3285 illud
1544 3252 1610 3294 (Ps.
1632 3261 1738 3294 xxxv,
1761 3253 1816 3294 ⁴0)
1836 3265 1844 3287 :
1862 3253 1971 3297 Apud

151 3283 194 3326 (2)
210 3285 256 3319 De
276 3284 340 3320 fide
358 3291 407 3321 est
423 3299 542 3329 corpus
557 3289 681 3325 Christi
696 3290 795 3326 fuisse
811 3294 996 3330 animatum
1081 3300 1115 3331 te
1131 3302 1181 3332 est
1195 3298 1278 3340 fons
1292 3300 1385 3334 vitoe.

110 3338 224 3365 contra
238 3333 579 3377 haereticos3quorum
592 3338 649 3372 alii
664 3340 842 3375 voluerunt
851 3342 997 3377 animam
1121 3344 1162 3385 (4)
1182 3345 1222 3379 In
1242 3350 1357 3383 octava
1382 3345 1574 3383 Nativitatis
1603 3347 1727 3382 Christi
1753 3349 1787 3382 et
1810 3347 1938 3389 antiph.
1956 3358 1970 3384 ι

109 3378 145 3411 in
155 3379 284 3414 Christo
296 3381 393 3416 fuisse
401 3395 465 3416 non
478 3385 682 3426 corpori.sed
692 3387 802 3422 Verbo
812 3390 952 3431 unitam,
961 3395 999 3425 ut
1080 3392 1241 3429 Laudum.

109 3424 287 3470 Origenesg
303 3428 362 3464 alii
376 3432 455 3467 verb
466 3442 583 3474 corpus
598 3432 695 3469 fuisse
710 3440 911 3478 assumptum
925 3438 996 3473 sine
