2170 3808
0 2 6 8 ··
85 0 429 61 'VQW
456 0 643 38 “³11
726 16 739 31 ι

91 54 276 84 ,ι
323 69 326 74 ,
410 53 411 58 ¹

582 169 779 222 QUAEST.
808 169 962 222 XLVII,
991 169 1109 211 ART.
1137 168 1192 210 111
1219 168 1284 210 ΕΤ
1315 167 1382 209 IV.
1840 166 1923 209 403

53 254 179 301 Unde
200 265 291 298 non
310 255 379 298 est
395 251 696 297 contrarietas
713 249 761 293 in
783 250 871 294 hoc
889 248 1014 306 quod
1031 251 1160 293 Pater
1180 247 1366 293 tradidit
1383 246 1630 300 Christum,
1647 251 1694 291 et
1714 244 1814 302 ipse
1830 248 1923 290 tra-

52 334 78 361 t
76 330 99 363 ι
149 315 344 361 tsemeti
379 325 498 359 sum.

85 316 173 425 {id
197 327 379 422 tertiari}
398 373 660 427 dicendum,
681 372 806 430 quod
836 372 999 418 eadem
1018 370 1136 416 actio
1155 370 1461 416 diversimodo
1485 368 1742 428 judicatur
1730 382 1779 413 m
1798 367 1923 413 bono

0 447 1 468 l
52 438 159 486 el
146 451 194 484 ιιι
213 438 351 490 male,
367 434 622 483 secundum
644 434 769 492 quod
789 447 845 480 ex
865 432 1048 479 diversa
1065 431 1220 477 radice
1240 431 1463 489 procedit.
1488 434 1618 476 Pater
1640 431 1763 476 enim
1779 429 1923 475 tradi-

54 500 120 546 «lit
150 499 392 555 Christum,
413 502 460 544 et
481 496 580 554 ipse
599 497 900 553 semetipsum
919 508 979 541 ex
1009 493 1244 549 charitate,
1272 497 1318 538 et
1343 492 1449 537 ideo
1484 492 1762 538 laudantur:
1782 492 1922 538 ludas

54 566 209 608 mitem
237 559 422 607 tradidit
448 559 598 616 ipsum
635 570 694 602 ex
728 558 994 615 cupiditate,
1029 555 1171 601 ludaei
1196 559 1358 600 autem
1377 566 1436 600 ex
1464 554 1649 611 invidia,
1668 556 1840 600 Pilatus
1863 567 1924 601 ex

55 622 218 669 timore
235 621 482 674 mundano
500 632 592 677 quo
609 619 762 664 timuit
784 621 1008 664 Caesarem
1022 620 1112 673 (1).
1130 616 1325 662 etideo
1314 615 1401 673 ipsi
1422 615 1758 673 vituperantur.

109 685 444 730 ARTICULUS
471 675 551 727 IV.
562 706 620 714 --
633 695 768 725 uranu
791 695 939 727 ruam-r
959 691 1211 725 convssnmns
1233 691 1434 722 cnmsrum
1456 690 1552 721 rm
1567 690 1595 721 A
1611 691 1868 722 cumanus.

107 747 176 793 Ad
193 751 404 803 quartum
427 744 493 790 sic
513 743 792 801 proceditur.
813 747 856 789 1.
869 743 1055 788 Videtur
1065 741 1195 799 quod
1207 754 1299 785 non
1315 740 1453 785 fuerit
1474 739 1759 784 conveniens
1776 739 1924 785 Chris·

54 812 152 852 tum
181 808 276 865 pati
307 806 336 852 ἡ
358 804 621 863 gentilibus
633 805 747 859 Quia
762 804 885 850 enim
904 817 987 862 per
1003 810 1199 848 mortem
1216 802 1380 847 Christi
1397 801 1606 873 homines
1624 806 1757 846 erant
1775 802 1802 844 a
1820 812 1915 857 pec

54 873 158 914 cato
182 868 424 923 libera-ndi,
445 868 732 913 conveniens
763 867 1007 912 videbatur
1034 870 1087 911 ut
1113 862 1382 923 paucissimi
1406 864 1452 908 in
1472 868 1620 908 morte
1642 862 1744 920 eJus
1764 874 1924 919 pecca-

54 935 174 976 rent.
194 933 498 976 Peccaverunt
512 929 697 974 autem
686 942 735 974 in
755 933 905 974 morte
922 930 1026 986 eJ'us
1051 927 1213 982 ludaei,
1238 938 1297 970 ex
1316 938 1518 982 quorum
1541 937 1741 982 persona
1759 922 1929 969 dicitur

56 994 219 1048 (matth.
236 1007 318 1050 xxx,
335 995 438 1047 38):
468 996 553 1037 Hie
581 996 646 1036 est
666 993 841 1036 haeres:
867 994 1028 1048 venite,
1047 990 1306 1034 occidamus
1331 1002 1447 1033 eum.
1473 991 1592 1043 Ergo
1609 987 1791 1034 videtur
1810 999 1926 1032 con-

56 1054 248 1100 veniens
277 1053 420 1099 fuisse
448 1054 604 1111 qucd'
593 1067 639 1098 m
665 1058 855 1111 peccato
886 1052 1130 1098 occisionis
1163 1050 1328 1097 Christi
1366 1049 1565 1132 gentiles
1597 1061 1693 1094 non
1718 1047 1926 1107 implica-

55 1119 234 1162 rentur.

109 1179 154 1223 2.
173 1179 410 1231 Praeterea,
440 1175 613 1222 veritas
639 1176 776 1222 debet
807 1174 1086 1233 respondere
1115 1170 1294 1230 figurae.
1324 1172 1414 1219 Sed
1450 1172 1666 1230 figuralia
1704 1171 1928 1231 sacrificia

55 1238 224 1284 veteris
244 1239 360 1295 legis
382 1251 474 1284 non
497 1238 711 1296 gentiles,
727 1236 965 1283 sedJudaei
977 1235 1250 1280 offerebant.
1263 1237 1382 1291 Ergo
1402 1247 1555 1292 neque
1573 1234 1729 1291 passio
1746 1233 1924 1290 Christi,

55 1312 159 1358 quae
177 1301 263 1346 fuit
282 1313 444 1346 verum
462 1297 756 1355 sacrificium,
771 1298 952 1356 impleri
973 1297 1132 1344 debuit
1150 1310 1234 1355 per
1248 1309 1418 1342 manus
1440 1298 1699 1354 gentilium.

0 1416 1 1419 Ἴ
106 1364 149 1407 3.
173 1364 409 1416 Praeterea,
434 1361 554 1409 sicut
586 1361 753 1407 dicitur
770 1364 916 1416 (Joan.
953 1363 1015 1419 v),
1036 1360 1181 1405 Judaei
1205 1359 1476 1417 quaerebant
1507 1360 1737 1404 Christum
1754 1357 1926 1404 interfi-

54 1435 173 1480 cere,
186 1436 278 1468 non
297 1424 447 1469 solum
467 1423 574 1481 quia
596 1423 804 1468 solvebat
821 1423 1085 1478 sabbatum,
1106 1422 1187 1468 sed
1212 1423 1354 1468 etiam
1368 1422 1480 1480 quia
1507 1420 1687 1467 Patrem
1701 1434 1840 1468 suum
1846 1419 1931 1468 di-

55 1484 186 1530 cebat
201 1486 356 1542 Deum,
378 1485 603 1542 aequalem
625 1496 676 1530 se
689 1488 782 1531 Deo
800 1485 988 1531 faciens.
1013 1483 1101 1530 Sed
1119 1485 1207 1529 hoc
1227 1483 1470 1529 videbatur
1485 1495 1589 1529 esse
1601 1484 1753 1528 solum
1766 1490 1929 1532 contra

0 1584 2 1606 ,
53 1545 205 1603 legem
221 1547 508 1591 ludaeorum:
530 1545 656 1591 unde
677 1550 724 1592 et
745 1546 833 1604 ipsi
862 1546 1022 1592 dicunt
1045 1547 1190 1601 (Ioan.
1223 1560 1294 1601 xx,
1319 1548 1361 1602 7)
1383 1561 1395 1592 ι
1418 1547 1674 1591 Secundum
1692 1545 1832 1603 leqem
1856 1549 1929 1592 de-

0 1612 1 1619 *
56 1609 126 1653 bet
149 1611 281 1665 mori,
303 1612 407 1664 quia
429 1609 572 1663 filium
603 1611 687 1651 Dei
706 1621 753 1652 se
779 1611 906 1663 fecit.
934 1608 1121 1653 Videtur
1145 1620 1259 1665 ergo
1277 1607 1609 1653 inconveniens
1629 1607 1775 1653 fuisse
1803 1608 1929 1666 quod

0 1725 3 1729 .
57 1670 261 1715 (hristus
289 1682 383 1714 non
414 1670 445 1714 a
474 1669 745 1728 gentilibus,
763 1670 847 1716 sed
881 1670 910 1714 a
928 1670 1100 1715 ludaeis
1123 1674 1374 1729 pateretur,
1397 1673 1445 1715 et
1466 1670 1636 1715 falsum
1673 1682 1778 1715 esse
1804 1671 1926 1727 quod

0 1773 2 1793 ÷
59 1731 304 1777 dixerunt.
293 1747 304 1758 ·
322 1732 455 1776 Nobis
469 1746 558 1775 uon
578 1732 682 1776 lieet
698 1735 950 1788 interficere
968 1745 1249 1789 quemquam,
1266 1733 1375 1776 cum
1397 1732 1544 1777 multa
1561 1736 1750 1790 peccata
1767 1745 1930 1778 secun-

0 1799 2 1850 }
55 1793 170 1839 dum
185 1793 336 1850 legem
353 1797 501 1837 morte
519 1794 790 1850 puniantur,
809 1798 861 1838 ut
873 1798 1000 1851 patet
1017 1794 1177 1848 (Levit.
1194 1796 1283 1849 xx).

0 1860 1 1863 ’
113 1856 200 1900 Sed
230 1858 391 1900 contra
411 1859 482 1900 est
499 1855 627 1912 quod
657 1855 755 1912 ipse
775 1857 995 1900 Dominus
1015 1856 1126 1901 dicit
1164 1857 1333 1911 (Matth.
1367 1870 1439 1913 xx,
1465 1858 1576 1911 19):
1602 1856 1801 1902 Tradent
1828 1871 1928 1902 eum

0 1915 2 1964 ὲ
58 1918 258 1975 mnitibus
271 1919 333 1961 ad
346 1917 630 1961 illudendum
642 1921 688 1961 et
704 1918 1050 1974 slaqellandum,
1066 1922 1109 1963 et
1121 1919 1486 1976 crucifiqendum.
1926 1929 1929 1932 ·

105 1985 396 2026 CONCLUSIO.
413 2006 462 2014 —
474 1985 555 2025 Ut
544 1997 633 2048 ipso
654 1985 851 2036 passionis
869 1986 1005 2035 modo,
1025 1986 1189 2026 effectus
1209 1986 1298 2036 ejus
1317 1985 1665 2036 praefiguraremr‚
1680 1986 1931 2027 conveniens

58 2038 153 2090 tuit,
170 2041 221 2079 ut
237 2038 388 2079 Christi
409 2039 541 2091 passio
563 2052 586 2079 a
598 2040 620 2079 J
626 2039 752 2079 udaeis
768 2040 979 2092 inciperet,
996 2040 1063 2081 et'
1052 2041 1153 2091 ipsis
1167 2039 1423 2080 tradentibus
1444 2051 1515 2092 per
1535 2039 1707 2090 gentiles
1728 2040 1927 2082 finiretur.

111 2101 382 2158 Respondeo
401 2101 650 2146 dicendum
674 2101 799 2159 quod
816 2102 862 2146 in
888 2103 988 2159 ipso
1007 2103 1145 2147 modo
1162 2102 1394 2160 passionis
1410 2102 1572 2147 Christi
1607 2101 1930 2159 praefiguratus

58 2167 130 2209 est
145 2163 338 2208 effectus
359 2163 506 2220 ipsius
537 2177 550 2208 ε
583 2163 732 2220 primo
763 2164 886 2208 enim
908 2164 1061 2222 passio
1082 2164 1242 2209 Christi
1265 2165 1480 2210 effectum
1505 2163 1674 2209 militis
1705 2164 1865 2210 habuit
1880 2165 1925 2210 in

59 2225 243 2281 Judaeis,
267 2238 464 2282 quorum
486 2225 672 2282 plurimi
694 2225 743 2269 in
765 2230 914 2271 morte
931 2226 1098 2272 Christi
1119 2226 1336 2282 baptizati
1359 2230 1486 2283 sunt,
1500 2230 1555 2270 ut
1571 2230 1695 2283 patet
1709 2229 1823 2280 (Act.
1840 2240 1871 2271 ιι
1885 2232 1930 2272 et

59 2289 136 2342 m).
150 2286 358 2331 Secundo
373 2287 484 2330 vero
505 2287 674 2332 ludaeis
692 2288 1070 2345 praedicantibus,
1097 2288 1288 2333 effectus
1312 2287 1543 2345 passionis
1575 2287 1739 2332 Christi
1762 2288 1930 2333 transi-

0 2370 5 2404 ς
59 2346 126 2393 vit
145 2347 206 2393 ad
223 2353 399 2406 gentes.
420 2350 473 2392 Et
492 2347 596 2392 ideo
614 2348 901 2394 conveniens
922 2350 1010 2394 fuit
1027 2354 1081 2394 ut
1106 2350 1313 2394 Christus
1332 2350 1360 2393 a
1379 2349 1550 2394 Judaeis
1566 2349 1660 2406 pati
1688 2348 1928 2407 inciperet,

59 2413 103 2455 et
116 2413 276 2468 postea
287 2408 456 2454 ludaeis
473 2409 777 2464 tradentibus,
799 2420 882 2467 per
900 2422 1069 2455 manus
1084 2411 1328 2467 gentilium
1342 2410 1445 2468 ejus
1464 2412 1622 2468 passio
1638 2411 1863 2457 finiretur.

110 2472 176 2518 Ad
189 2475 390 2530 primum
399 2483 511 2528 ergo
525 2471 791 2528 dicendum,
810 2473 936 2530 quod
951 2473 1158 2519 Christus
1168 2474 1228 2518 ad
1246 2473 1581 2529 ostendendam
1597 2473 1929 2519 abundantiam

58 2533 288 2579 charitatis
309 2546 424 2589 suae,
442 2546 500 2578 ex
521 2545 614 2591 qua
635 2534 916 2591 patiebatur,
935 2535 984 2579 in
1003 2547 1141 2580 cruce
1156 2535 1334 2591 positus
1354 2536 1538 2581 veniam
1560 2548 1644 2592 pro
1663 2540 1931 2592 persecuto-

57 2595 187 2642 ribus
206 2593 465 2652 postulavit.
489 2597 540 2639 Et
557 2594 676 2652 ideo,
705 2599 760 2640 ut
780 2595 922 2654 huJus
938 2596 1174 2653 petitionis
1192 2597 1372 2642 fructus
1389 2597 1449 2642 ad
1471 2597 1655 2642 Judaeos
1671 2601 1717 2642 et
1734 2596 1932 2653 gentiles

57 2655 331 2714 perveniret,
347 2654 491 2699 voluit
507 2656 717 2701 Christus
738 2655 798 2701 ab
812 2656 1026 2714 utrisque
1043 2657 1155 2715 pati.

112 2717 179 2764 Ad
195 2718 438 2762 secuudum
456 2717 721 2772 dicendum,
740 2719 864 2777 quod
899 2720 1054 2776 passio
1079 2720 1244 2765 Christi
1275 2720 1364 2765 fuit
1392 2719 1605 2764 sacrificii
1642 2719 1828 2778 oblatio,
1860 2720 1926 2764 in·

59 2783 284 2839 quantum
302 2780 507 2825 Christus
529 2781 713 2839 propria
732 2782 972 2828 voluntate
1004 2787 1203 2828 mortem
1236 2781 1462 2827 sustinuit
1495 2794 1551 2827 ex
1580 2781 1833 2839 charitate,
1856 2781 1930 2826 in-

60 2845 282 2900 quantum
316 2845 471 2886 autem
502 2841 532 2896 a
567 2843 941 2898 persecutoribus
981 2847 1053 2889 est
1083 2856 1269 2901 passus,
1290 2856 1386 2888 non
1409 2842 1496 2888 fuit
1525 2843 1819 2888 sacrificium.
1848 2843 1931 2888 sed

12 2922 13 2927 ¹
59 2907 299 2961 peccatum
323 2903 664 2959 gravissimum.

114 2964 181 3010 Ad
203 2967 387 3008 tertium
406 2964 667 3022 dicendum,
693 2967 833 3024 qued,
858 2968 981 3013 sicut
1001 2967 1290 3026 Augustinus
1309 2966 1420 3012 dicit
1451 2968 1597 3022 (tract.
1619 2965 1732 3011 114
1720 2979 1769 3010 ιιι
1800 2968 1928 3012 Joan.

60 3024 183 3071 circa
197 3025 318 3071 med.
323 3027 366 3080 ):
392 3028 453 3069 J
458 3025 572 3070 udae]
594 3026 833 3073 dicentes·
822 3030 987 3073 ·Nobis
1006 3043 1095 3073 non
1114 3030 1215 3073 licet
1229 3030 1483 3083 interficere
1501 3042 1782 3086 quemquam,
1805 3027 1933 3073 intel-

0 3088 10 3151 ξ
61 3085 274 3133 lexerunt
294 3099 387 3131 non
411 3087 499 3132 sibi
522 3087 657 3133 licere
692 3091 941 3144 interficere
973 3104 1238 3148 quemquam
1266 3094 1452 3147 propter
1480 3090 1586 3134 festi
1608 3089 1698 3135 diei
1720 3090 1935 3134 sanctita-

0 3229 11 3254 ι·
100 3208 208 3249 (1)[)ο
233 3207 332 3242 Patre
353 3220 396 3249 qu
398 3208 473 3249 ippe
492 3207 539 3243 sic
521 3209 616 3251 (τοῦ
619 3219 660 3242 an
666 3218 749 3251 .‚m
775 3209 862 3249 16)·
890 3210 954 3245 S'c
1037 3213 1134 3247 enim
1160 3212 1242 3251 (Pial
1244 3212 1311 3253 tus)
1336 3212 1435 3255 quod
1460 3213 1625 3256 per-inm
1613 3213 1730 3247 idiam
1757 3212 1930 3246 aradii-ds

0 3264 4 3304 ι
65 3255 159 3290 Deus
174 3255 501 3290 dilexitmundum
519 3259 560 3290 ut
585 3257 633 3290 Fi
637 3257 664 3290 li
653 3267 728 3291 tum
742 3267 850 3291 suum
869 3259 954 3293 wm'·
1037 3272 1073 3295 se
1057 3265 1115 3295 ent
1130 3271 1239 3295 e:um
1256 3260 1379 3300 deniqu
1384 3259 1457 3294 ede
1471 3261 1511 3294 Pi
1516 3259 1580 3294 lato
1602 3262 1667 3297 (eal
1672 3261 1825 3302 mmo:
1842 3260 1931 3293 indi-

0 3302 952 3360 5quntumdretnldffltthxxvxwz
1038 3307 1934 3349 eatquxbd‹xitxtldtmau1‹ilaes

66 3348 122 3390 Qu
124 3349 163 3382 id
194 3350 289 3383 vulti
275 3360 307 3384 ts
336 3361 384 3383 mi
378 3351 428 3384 ’ih
459 3351 530 3384 dar
510 3362 562 3391 re,
586 3355 661 3386 ete
644 3362 705 3395 eqo
743 3363 822 3387 eum
858 3353 954 3387 vobis
1039 3355 1101 3388 clax
1126 3360 1264 3390 ane:tm
1285 3356 1329 3390 Si
1348 3320 1551 3391 huomdiim
1555 3357 1629 3397 ctis,
1644 3367 1719 3391 non
1737 3365 1772 3391 es
1790 3355 1930 3389 amicus

0 3406 4 3425 r
69 3396 239 3431 tradam?
254 3398 302 3432 De
316 3397 438 3432 Judaeis
452 3398 787 3441 (Matth.xxv11,48):
812 3400 954 3435 Sciebat
1040 3401 1207 3439 Coesaris.
