2170 3808
726 239 922 291 QUAEST.
953 239 1023 291 Ill,
1052 238 1169 280 ART.
1199 237 1233 278 V
1262 236 1326 278 ET
1353 236 1422 278 Vl.
1968 234 2021 276 39

131 332 203 376 est
227 323 447 385 quiddam
467 331 760 377 consequens
790 317 1073 363 nativitatem
1104 314 1422 372 temporalem.
1454 311 1583 357 Unde
1610 311 1649 356 si
1670 323 1754 368 per
1776 311 1904 355 hunc
1927 323 2023 355 mo-

132 390 244 436 dum
268 397 437 432 nomen
454 380 690 427 filiationis
702 380 760 425 ad
780 382 960 424 Patrem
977 377 1052 422 vel
1066 377 1284 433 Spiritum
1299 379 1515 421 sanctum
1534 373 1879 429 transferretur,
1894 372 2023 416 nulla

133 452 407 507 sequeretur
427 442 640 490 confusio
663 442 927 487 divinarum
949 449 1256 495 personarum
1277 440 1352 491 (1).

186 510 255 557 Ad
272 507 514 554 secundum
533 504 799 560 dicendum,
830 500 957 559 quod
983 499 1144 544 filiatio
1173 498 1392 554 adoptiva
1413 502 1484 541 est
1514 496 1732 554 quaedam
1751 494 2024 553 participata

133 568 385 618 similitudo
399 565 636 612 filiationis
653 562 906 618 naturalis,
923 560 1004 605 sed
1020 560 1073 604 fit
1094 559 1142 603 in
1168 558 1303 603 nobis
1322 557 1614 615 appropriate
1635 557 1662 600 a
1683 559 1830 613 Patre,
1854 556 1936 614 qui
1954 561 2025 601 est

137 631 416 690 principium
433 627 658 673 naturalis
679 624 929 681 filiationis,
955 629 1001 668 et
1022 634 1106 679 per
1121 621 1296 665 donum
1314 620 1510 677 Spiritus
1528 619 1694 674 sancti,
1714 618 1794 676 qui
1814 623 2026 663 estamor

140 694 284 739 Patris
307 697 354 737 et
373 690 487 748 Filii,
511 689 772 734 secundum
789 685 904 731 illud
925 684 1036 740 (Gal.
1058 698 1116 738 iv,
1143 685 1184 738 6)
1203 698 1214 726 ε
1238 685 1364 726 Misit
1383 686 1504 724 Deus
1520 684 1740 737 Spiritum
1758 681 1868 723 Filia·
1885 683 1956 723 sui
1976 683 2025 723 in

135 755 276 801 corda
289 756 448 798 nostra
467 752 737 795 clamantem
750 765 766 790 .-
783 749 927 804 Abba,
944 750 1102 803 pater.
1116 748 1171 789 Et
1189 744 1310 800 ideO,
1340 744 1461 788 Sicut
1478 743 1589 787 Filio
1604 742 1860 796 incarnato,
1884 742 2025 799 adop-
2044 789 2047 790 ⁷

134 818 276 862 tivam
293 815 563 861 filiationem
578 812 844 869 accepimus
862 810 921 854 ad
937 807 1287 853 similitudinem
1301 805 1537 850 filiationis
1556 803 1780 849 naturalis
1798 804 1926 860 ejust,
1942 804 2022 860 ita,

133 881 265 924 Patre
300 877 557 931 incarnato,
596 873 860 930 adoptivam
894 871 1166 915 filiationem
1202 868 1516 924 reciperemus
1551 866 1609 910 ab
1645 878 1701 910 eo
1739 869 1963 922 tanquam
1997 866 2026 911 a

132 938 359 998 principio
371 936 595 982 naturalis
606 935 861 991 filiationiS,
878 932 967 978 eta
982 931 1152 989 Spiritu
1169 934 1347 986 sancto,
1364 935 1588 985 tanquam
1605 927 1633 971 a
1647 940 1774 972 nexu
1790 930 2021 972 communi

132 1002 278 1047 Patris
299 1005 346 1046 et
361 999 477 1044 Filii.

186 1062 253 1107 Ad
274 1064 459 1106 tertium
481 1060 748 1114 dicendum,
765 1056 891 1115 qued
904 1055 1023 1099 Patri
1043 1053 1262 1099 convenit
1281 1065 1385 1097 esse
1413 1050 1740 1096 innascibilem
1767 1050 2026 1096 secundum

133 1123 419 1167 nativitatem
430 1127 667 1177 aeternam3
684 1118 809 1176 quod
822 1129 916 1161 non
931 1115 1200 1161 excluderet
1212 1113 1427 1158 nativitas
1443 1111 1725 1170 temporalis.
1741 1110 1851 1155 Mitti
1871 1116 2026 1156 autem

133 1185 300 1230 dicitur
322 1184 462 1229 Filius
482 1183 561 1228 Dei
581 1180 839 1227 secundnm
862 1178 1245 1233 incarnationem,
1268 1176 1323 1220 eo
1345 1175 1467 1232 quod
1492 1180 1564 1219 est
1589 1174 1649 1219 ab
1671 1174 1777 1228 alio,
1802 1172 1904 1218 sine
1932 1185 2027 1230 quo

133 1246 388 1292 incarnatio
413 1257 506 1290 non
525 1244 760 1289 sufficeret
778 1242 839 1286 ad
855 1240 1082 1285 rationem
1107 1238 1346 1283 missionis
1364 1240 1437 1292 (2).

132 1323 475 1367 ARTICULUS
501 1322 586 1364 vl.
615 1342 670 1350 —-
705 1331 845 1361 urium
880 1329 1037 1359 prunas
1066 1328 1261 1359 ransom:
1289 1327 1442 1357 111leAE
1473 1325 1642 1372 Possim·
1672 1318 1886 1355 Assuunnu
1917 1325 2028 1356 mun

467 1384 479 1393 ²
722 1391 889 1423 nnn-sno
910 1390 1103 1421 nnumin
1125 1389 1325 1420 numum
1351 1377 1426 1430 (3).

631 1464 680 1499 De
692 1463 746 1498 his
759 1464 862 1498 etiam
881 1463 975 1497 Sent.
995 1470 1048 1501 ιιι,
1065 1461 1141 1495 dist.
1162 1462 1194 1502 ⁴,
1208 1464 1325 1502 quaest.
1344 1469 1382 1500 Π,
1405 1463 1469 1494 art.
1489 1460 1523 1494 k.

188 1536 254 1581 Ad
285 1539 470 1580 sextum
502 1534 570 1578 sic
602 1533 883 1590 proceditur.
910 1535 953 1576 1.
986 1531 1172 1575 Videtur
1195 1530 1320 1586 quod
1355 1530 1460 1574 duae
1485 1540 1699 1586 personae
1734 1527 1905 1572 divinae
1931 1535 2028 1571 non

134 1597 314 1655 possint
332 1608 569 1642 assumere
586 1607 730 1639 unam
750 1600 795 1639 et
814 1594 1024 1639 eamdem
1041 1605 1237 1637 numero
1256 1597 1490 1636 naturam.
1511 1594 1604 1635 Hoc
1623 1590 1749 1635 enim
1769 1590 2026 1647 supposito,

135 1664 216 1704 aut
236 1664 395 1704 essent
411 1670 538 1703 unus
555 1657 711 1713 homo,
731 1657 806 1701 vel
827 1656 1004 1713 plures.
1025 1656 1114 1700 Sed
1137 1668 1230 1699 non
1248 1656 1434 1711 plures:
1460 1654 1581 1698 sicut
1603 1653 1728 1697 enim
1750 1665 1844 1696 una
1865 1656 2030 1697 natura

135 1721 292 1766 divina
317 1722 367 1765 in
386 1720 600 1777 personis
632 1718 846 1776 pluribus
866 1731 961 1762 non
985 1718 1159 1775 patitur
1180 1730 1284 1762 esse
1312 1717 1471 1774 plures
1496 1716 1623 1772 deos,
1655 1715 1720 1759 ita
1746 1727 1842 1759 una
1864 1719 2030 1760 natura

135 1784 340 1827 humana
368 1782 416 1826 in
437 1781 652 1838 pluribus
673 1780 888 1836 personis
918 1793 1013 1824 non
1044 1780 1221 1837 patitur
1240 1792 1345 1824 esse
1365 1779 1526 1835 plures
1551 1778 1780 1822 homines.
1816 1777 2031 1822 Similiter

137 1843 277 1888 etiam
298 1855 394 1887 non
413 1846 608 1898 possent
636 1854 740 1886 esse
762 1854 888 1886 unus
909 1843 1079 1898 homo,
1110 1842 1219 1898 quia
1240 1854 1367 1886 unus
1401 1842 1540 1885 homo
1571 1844 1644 1884 est
1663 1840 1751 1884 iste
1774 1840 1928 1894 hom0,
1950 1841 2030 1896 qui

139 1905 423 1950 demonstrat
438 1915 581 1948 unam
601 1915 879 1960 personam3
904 1909 951 1948 et
973 1904 1040 1947 sic
1059 1903 1298 1947 tolleretur
1320 1902 1553 1947 distinctio
1563 1901 1704 1945 trium
1722 1913 2029 1958 personarum

138 1965 416 2020 divinarum,
437 1964 563 2021 quod
578 1968 651 2009 est
670 1963 1019 2011 inconvenienS.
1040 1965 1139 2006 Non
1156 1974 1267 2019 ergo
1286 1963 1392 2007 duae
1407 1967 1488 2007 aut
1501 1967 1595 2007 tres
1607 1974 1818 2018 personae
1834 1968 2031 2018 possunt

136 2026 343 2083 accipere
359 2037 504 2070 unam
521 2029 735 2069 naturam
748 2026 1016 2068 humanam.

191 2089 234 2130 2.
262 2089 504 2143 Praeterea,
529 2086 788 2142 assumptio
812 2086 1086 2130 terminatur
1108 2086 1168 2130 ad
1184 2086 1412 2130 unitatem
1436 2097 1663 2141 personae,
1688 2089 1742 2129 ut
1759 2085 1934 2130 dictum
1958 2094 2029 2135 est

135 2150 239 2204 (art.
262 2152 290 2193 2
309 2148 451 2204 hujus
473 2149 676 2204 quaest.).
702 2148 789 2192 Sed
813 2160 907 2192 non
927 2152 999 2192 est
1019 2159 1118 2192 una
1135 2159 1337 2203 persona
1357 2147 1526 2204 Patris,
1549 2151 1595 2191 et
1626 2146 1741 2200 Filii,
1766 2152 1812 2191 et
1835 2147 2029 2203 Spiritus

135 2208 298 2254 sancti.
312 2210 430 2265 Ergo
446 2219 540 2252 non
551 2212 750 2264 possunt
763 2212 857 2252 tres
876 2220 1087 2264 personae
1109 2220 1347 2252 assumere
1359 2220 1502 2252 unam
1523 2212 1737 2251 naturam
1756 2209 2027 2255 humanam.

187 2273 230 2314 3.
252 2273 489 2327 Praeterea,
502 2272 814 2313 Damascenus
836 2269 947 2315 dicit
963 2270 1103 2323 (Orth.
1126 2270 1206 2315 fid.
1227 2270 1308 2314 lib.
1326 2284 1389 2325 111,
1412 2282 1515 2326 cap.
1539 2272 1566 2313 3
1585 2275 1633 2313 et
1649 2282 1752 2326 cap.
1768 2273 1811 2328 4,
1829 2271 1888 2316 ad
1906 2270 2025 2328 fiir),

136 2334 183 2375 et
200 2330 487 2388 Augustinus
505 2333 581 2384 (De
607 2330 767 2375 Trinit.
798 2330 878 2375 lib.
905 2345 943 2387 1,
964 2343 1067 2388 cap.
1103 2335 1174 2388 11,
1202 2334 1257 2375 12
1286 2335 1332 2376 et
1354 2333 1425 2385 13)
1443 2364 1456 2390 ,
1481 2331 1606 2387 quod
1627 2343 1686 2375 ex
1708 2331 2028 2379 incarnatione

139 2391 239 2436 Filii
261 2392 338 2437 Dei
370 2392 672 2448 consequitur
698 2391 824 2448 quod
857 2392 1086 2449 quidquid
1110 2389 1281 2438 di'citur
1312 2392 1370 2437 de
1401 2393 1513 2436 Filio
1541 2392 1647 2449 Dei,
1664 2392 1831 2437 dicitur
1851 2394 1909 2439 de
1932 2394 2028 2440 filio

136 2453 336 2498 hominis
350 2486 364 2510 ,
401 2457 447 2498 et
468 2454 495 2498 e
515 2465 756 2498 converso.
789 2454 833 2498 Si
856 2466 968 2511 ergo
991 2459 1087 2499 tres
1102 2467 1316 2511 personae
1335 2459 1631 2499 assumerent
1648 2467 1793 2499 unam
1810 2461 2025 2502 naturam

136 2515 388 2559 humanam
407 2548 419 2571 ,
439 2520 712 2572 sequeretur
731 2515 857 2572 qued
879 2515 1107 2573 quidquid
1129 2517 1298 2561 dicitur
1318 2517 1375 2562 de
1394 2515 1600 2573 qualibet
1630 2517 1770 2561 trium
1798 2530 2027 2574 persona-

138 2588 258 2631 rum,
281 2576 511 2621 diceretur
538 2576 595 2621 de
615 2575 695 2620 illo
714 2575 928 2633 homine,
955 2581 1001 2621 et
1022 2578 1049 2621 e
1073 2590 1301 2622 converso
1335 2590 1440 2634 quae
1463 2577 1729 2622 dicerentur
1753 2579 1811 2624 de
1838 2579 1919 2625 illo
1938 2581 2027 2626 ho-

138 2637 286 2694 mine,
308 2642 500 2693 possent
532 2637 622 2682 dici
653 2638 711 2683 de
737 2637 944 2694 qualibet
975 2639 1116 2683 trium
1144 2652 1465 2695 personarum.
1500 2639 1571 2684 Sic
1604 2652 1714 2696 ergo
1738 2640 1784 2684 id
1808 2643 1934 2698 quod
1954 2648 2027 2688 est

137 2699 374 2756 proprium
403 2699 574 2753 Patris,
605 2699 783 2744 scilicet
821 2711 1046 2756 generare
1076 2702 1240 2746 Filium
1278 2701 1337 2746 ab
1373 2706 1570 2757 aeterno,
1603 2702 1834 2748 diceretur
1862 2706 1919 2749 (lc
1946 2704 2026 2751 illo

137 2760 323 2805 homine
338 2775 352 2816 ς
375 2764 422 2805 et
441 2772 524 2817 per
540 2772 835 2817 consequens
852 2762 1085 2808 diceretur
1102 2763 1159 2808 de
1180 2764 1292 2808 Filio
1310 2764 1388 2808 Dei
1403 2778 1415 2819 ς
1436 2764 1562 2820 quod
1580 2768 1652 2808 est
1669 2765 2021 2814 inconveniens.

138 2822 235 2865 Non
255 2833 368 2878 ergo
389 2826 460 2865 est
482 2821 702 2878 possibile
726 2822 852 2879 quod
882 2828 977 2868 tres
998 2836 1212 2880 personae
1235 2825 1407 2869 divinae
1437 2830 1681 2870 assumant
1709 2838 1855 2872 unam
1885 2833 2025 2874 natu-

140 2892 239 2925 ram
256 2881 523 2928 humanam.

196 2942 282 2986 Sed
299 2945 476 2998 contra,
498 2955 699 2999 persona
716 2945 957 2991 incarnata
980 2947 1192 2992 subsistit
1209 2947 1258 2991 in
1281 2947 1466 2992 duabus
1488 2948 1670 2992 naturis
1685 2980 1697 3004 ,
1722 2949 1878 2994 divina
1896 2951 2023 2996 scili-

140 3008 213 3048 cet
230 3007 275 3048 et
291 3003 511 3047 humana.
533 3006 620 3050 Sed
640 3009 736 3051 tres
755 3019 967 3064 personae
986 3014 1186 3066 possunt
1208 3009 1461 3053 subsistere
1483 3009 1530 3052 in
1546 3022 1642 3053 una
1664 3016 1832 3056 natura
1849 3013 2022 3060 divina.

139 3068 258 3121 Ergo
282 3064 420 3109 etiam
440 3069 639 3120 possunt
654 3067 911 3114 subsistere
927 3070 975 3114 in
995 3083 1090 3115 una
1110 3075 1277 3115 natura
1295 3070 1516 3127 humana,
1540 3070 1605 3114 ita
1624 3072 1799 3118 scilicet
1820 3075 1947 3131 quod
1966 3076 2025 3122 sit

139 3140 232 3171 una
254 3131 422 3171 natura
443 3127 647 3172 humana
670 3127 698 3172 a
720 3129 870 3176 tribus
887 3133 1101 3189 personis
1123 3137 1378 3190 assumpta.

184 3194 471 3236 CONCLUSIO.
496 3216 544 3223 —-
569 3194 660 3235 Non
682 3198 743 3236 est
761 3196 1012 3249 impossibile
1034 3200 1216 3252 personis
1240 3199 1409 3250 divinis,
1434 3204 1480 3240 ut
1500 3200 1593 3241 duae
1618 3202 1682 3243 vel
1716 3207 1792 3243 tres
1811 3210 2024 3246 assumant

183 3310 227 3351 (3)
251 3312 316 3345 Aut
343 3310 460 3347 saltem
482 3312 546 3347 ista
568 3312 718 3347 confusio
739 3315 867 3348 tantam
888 3323 973 3351 esset
997 3316 1034 3350 in
1161 3319 1203 3358 (2)
1229 3318 1275 3352 Ea
1309 3319 1349 3353 de
1375 3331 1413 3353 re
1442 3319 1557 3353 confer
1584 3320 1672 3360 quod
1699 3321 1826 3354 dictum
1862 3322 1899 3353 zi.
1934 3326 2020 3362 part.

139 3369 305 3397 sermone.
328 3363 363 3393 et
384 3371 452 3394 non
474 3360 510 3394 in
535 3372 591 3402 re;
610 3372 648 3394 ac
665 3361 806 3401 proinde
824 3362 911 3398 istud
935 3376 1034 3405 argu·
1120 3372 1234 3407 quaest.
1256 3375 1354 3409 mn,
1376 3372 1440 3401 art.
1460 3369 1503 3409 8).

139 3412 292 3441 mentum
321 3407 410 3448 quod
448 3408 551 3444 affert
587 3409 622 3444 S.
651 3410 828 3444 Anselmus
862 3411 1035 3447 evidenter
1161 3415 1615 3457 (5)Responsaaffirmativa
1636 3422 2020 3452 ce;:.2;1:.211÷1-aaronita

139 3451 314 3489 claudicat.
1119 3463 1280 3498 sentimas.
