2170 3808
791 222 949 265 INDEX
977 221 1170 264 RERUM.

41 311 60 348 k
78 320 146 348 ιιτ.
157 319 205 347 ιι.
215 307 361 347 Utrum
368 306 606 346 humanitas
614 303 787 344 christia
799 303 865 343 do·

89 361 216 402 randa
236 361 292 401 sit
307 360 539 401 adoratione
561 360 703 400 latriae.
891 360 961 396 213

40 420 62 458 A
77 429 148 457 ιιτ.
165 428 229 456 ιιι.
245 417 392 456 Utrum
403 415 694 464 imagoChristi
709 415 764 454 sit
774 411 865 454 ado-

86 470 214 511 randa
234 470 468 510 adoratione
483 469 627 509 latriae.
891 468 959 505 214

41 528 63 568 Α
77 539 146 566 nr.
173 538 234 566 iv.
259 526 404 566 Utrum
425 537 523 566 crux
535 524 685 564 Christi
705 523 759 564 sit
773 523 866 563 ado·

89 580 217 620 randa
231 580 464 621 adoratione
480 580 622 619 latriae.
890 581 961 615 216

40 638 146 679 Aur.
183 646 227 676 v.
266 636 411 676 Utrum
448 635 575 676 Mater
615 633 766 675 Christi
811 632 866 671 sit

88 690 295 731 adoranda
313 690 546 730 adoratione
558 690 701 729 latriae.

41 747 147 786 Aur.
171 757 232 786 vr.
259 746 406 785 Utrum
429 745 610 797 reliquiae
631 745 866 784 sanctorum

89 800 173 840 sint
185 800 413 841 adorandae.

254 885 479 934 QUAESTIO
503 884 644 925 XXVI.

41 954 94 990 Dc
109 965 150 989 eo
168 954 264 998 quod
283 954 450 990 Christus
472 955 653 989 mediator
670 953 738 988 Dei
758 954 791 988 et
810 951 878 985 ho-

76 1002 220 1037 minum
237 1002 388 1043 dicitur,
399 1003 442 1036 in
450 1002 539 1037 duos
550 1001 730 1037 articulos
743 999 878 1034 divisa.
899 996 962 1032 249

891 687 958 724 217

892 800 961 834 218

40 1070 145 1109 Aur.
167 1079 196 1108 1.
225 1068 369 1108 Utrum
397 1081 481 1109 esse
510 1068 772 1108 mediatorem
794 1067 862 1105 Dei

88 1126 129 1162 et
153 1122 372 1163 hominum
389 1124 442 1163 sit
461 1124 672 1174 proprium
693 1121 866 1162 Christo.
890 1124 960 1160 219

41 1178 149 1218 Aur.
174 1190 221 1218 11.
243 1178 389 1217 Utrum
414 1178 618 1227 Christus,
641 1175 868 1217 secundum

89 1233 198 1283 quod
212 1234 351 1283 homo,
367 1235 423 1273 sit
440 1232 640 1274 mediator
653 1232 725 1273 Dei
738 1234 778 1272 et
793 1231 866 1271 ho-

89 1298 267 1329 minum.

281 1371 504 1420 QUAESTIO
538 1370 698 1412 XXVII.

41 1439 95 1474 Dc
108 1439 221 1476 beatoe
238 1441 403 1484 Virqinis
425 1441 557 1476 ’Πανία
568 1439 881 1482 sanctificatione,

233 1489 276 1523 in
292 1499 359 1523 sea:
377 1488 556 1523 articulos
578 1489 711 1522 divisa.

40 1554 155 1594 Aur:
183 1566 214 1595 ι.
247 1556 392 1596 Utrum
414 1544 458 1596 B‘.
484 1555 606 1606 Virgo
634 1558 765 1595 mater
796 1553 868 1593 Dei

88 1607 212 1648 fuerit
228 1611 477 1651 sanctificata
494 1614 588 1650 ante
610 1610 867 1650 nativitatem

89 1674 137 1703 ex
154 1669 283 1706 utero.

40 1719 147 1758 Aur.
170 1731 217 1760 ιι.
241 1720 390 1762 Utrum
412 1722 456 1761 B.
472 1721 594 1772 Virgo
614 1719 737 1760 fuerit
751 1729 869 1759 sane-

91 1773 243 1814 tificata
263 1780 359 1816 ante
378 1776 687 1816 animationem.

41 1828 147 1868 Aur.
164 1841 230 1870 111.
254 1831 398 1870 Utrum
419 1843 485 1882 per
502 1831 865 1875 sanctificationem

88 1884 211 1924 fuerit
237 1885 363 1925 beatae
388 1886 549 1936 Virgini
576 1886 703 1926 fomes
729 1883 866 1924 totali·

91 1942 149 1977 ter
161 1939 362 1980 sublatus.
833 1982 840 1988 ,

41 1993 148 2034 Am.
165 2005 223 2034 iv.
253 1995 401 2035 Utrum
417 2007 486 2047 per
497 1994 734 2048 hujusmodi
757 2005 868 2035 sanc-

89 2047 355 2089 tificationem
398 2050 523 2090 fuerit
559 2052 771 2090 consecuta
819 2050 868 2087 ut

89 2105 304 2155 nunquam
320 2108 508 2155 peccaret.

41 2159 147 2199 Aur.
161 2171 204 2199 v.
220 2159 366 2199 Utrum
378 2159 493 2199 beata
512 2160 633 2210 Virgo
647 2171 713 2211 per
725 2159 866 2211 hujus-

88 2213 201 2254 modi
211 2215 573 2254 sanctificationem
588 2215 732 2264 adepta
746 2215 764 2253 f
766 2213 868 2253 uerit

89 2268 388 2319 plenitudinem
414 2270 603 2308 omnium
623 2269 862 2318 gratiarum.
883 2275 961 2308 230

41 2325 146 2364 Am.
173 2335 232 2364 vi.
258 2324 401 2364 Utrum
415 2324 472 2364 sio
487 2324 730 2365 sanctificari
745 2324 868 2364 ruerit

91 2378 303 2431 proprium
325 2378 449 2418 beatae
475 2379 650 2429 Virgini.

296 2469 522 2517 QUAESTIO
546 2469 725 2509 XXVIII.

39 2537 95 2574 Dc
116 2536 334 2583 virginitate
359 2539 471 2573 bentae
493 2540 645 2579 Maria,
659 2539 703 2573 in
720 2541 880 2583 quatuor

340 2587 517 2622 articulos
533 2587 664 2622 divisa.

891 1288 956 1324 221

898 1484 964 1520 222

892 1669 961 1703 222

891 1777 959 1813 224

891 1943 961 1977 226

890 2109 960 2143 229

891 2385 960 2420 232

898 2587 960 2623 254

42 2662 148 2701 Aur.
173 2672 204 2700 1.
228 2660 377 2700 Utrum
395 2662 439 2700 B.
462 2661 591 2702 Maria
614 2661 738 2702 fuerit
754 2660 870 2714 virgo

89 2715 133 2754 in
151 2715 427 2765 concipienda.

46 2774 150 2811 Διιτ.
163 2782 211 2810 ιι.
227 2770 375 2810 Utrum
386 2770 514 2811 Mater
527 2769 599 2810 Dei
611 2770 735 2811 fuerit
749 2770 866 2822 virgo

889 2721 960 2757 234

88 2825 133 2865 in
152 2827 283 2877 partu.
888 2832 961 2868 236

39 2881 148 2922 Ait-r.
162 2892 228 2920 ιιι.
243 2880 390 2920 Utrum
408 2881 534 2920 Mater
546 2880 618 2919 Dei
634 2892 865 2933 permanse-

88 2935 142 2975 rit
161 2937 277 2986 virgo
300 2938 388 2986 post
406 2940 582 2986 partum.
891 2942 959 2977 237

40 2990 147 3031 An'r.
171 3001 231 3030 iv.
252 2989 400 3030 Utrum
418 2991 544 3030 Mater
564 2989 633 3030 Dei
648 2990 864 3042 virginita-

88 3048 172 3085 tem
189 3045 358 3085 voverit.

311 3127 536 3175 QUAESTIO
560 3127 705 3168 XXIX.

41 3195 94 3233 Dc
108 3197 247 3233 Matris
261 3198 330 3233 Dei
341 3198 635 3240 desponsatione,
645 3199 688 3232 in
703 3198 878 3238 duosffar-

345 3246 474 3280 titulos
496 3246 628 3280 divisa.

40 3309 146 3351 Aur.
171 3322 202 3351 1.
225 3310 372 3350 Utrum
387 3311 571 3350 Christus
587 3312 698 3352 nasci
717 3311 865 3352 debue-

89 3366 144 3405 rit
156 3365 205 3405 de
227 3367 384 3415 virgine
399 3368 653 3418 desponsata.

40 3419 145 3461 Aur.
171 3432 219 3461 ιι.
246 3422 394 3461 Utrum
421 3422 527 3461 inter
548 3423 719 3462 Mariam
745 3425 785 3461 et
804 3423 877 3497 Jo-⁴

891 3052 962 3088 240

897 3247 962 3283 242

890 3369 933 3407 24
940 3375 959 3407 2

1848 221 1931 264 633

1054 301 1153 353 seph
1174 301 1298 341 fuerit
1317 312 1463 342 verum
1477 300 1806 342 matrimonium.
1857 305 1928 341 244

1283 378 1508 427 QUAESTIO
1534 379 1660 419 XXX.

1007 440 1059 473 De
1074 439 1118 474 Β.
1131 440 1271 476 Πατίω
1298 442 1463 484 Virginis
1478 442 1782 480 annuntiatione,
1802 441 1845 475 in

1213 493 1377 532 quatuor
1400 490 1581 524 articulos
1604 490 1739 523 divisa.

1005 548 1109 588 Antr.
1131 561 1160 588 ι.
1178 550 1326 589 Utrum
1342 551 1610 589 necessarium
1629 550 1747 590 fuerit
1769 561 1836 589 an—

1055 604 1238 643 nuntiari
1254 605 1296 643 Β.
1316 605 1475 653 Virgini
1489 604 1598 656 quod
1619 605 1662 644 in
1682 615 1729 644 ea
1745 608 1830 644 erat

1053 659 1348 706 generandum.
1564 666 1566 668 ·

1007 712 1111 752 Amr.
1141 725 1189 752 ιι.
1217 714 1363 754 Utrum
1392 714 1654 753 annuntiatio
1677 715 1721 754 Β.
1741 714 1832 754 vir-

1053 767 1143 817 gini
1161 768 1246 808 [ieri
1264 768 1449 808 debuerit
1463 781 1532 820 per
1546 768 1754 818 angelum.

1006 822 1110 861 Am‘.
1138 834 1204 862 ιιι.
1224 824 1369 863 Utrum
1385 824 1554 874 angelus
1575 825 1831 864 annuntians

1054 875 1238 917 debuerit
1261 880 1305 919 B.
1332 878 1491 927 Virgini
1513 878 1670 918 visione
1689 890 1828 930 corpo-

1862 486 1929 524 246

1855 663 1927 699 24⁶

1855 772 1925 809 247

1055 932 1130 970 rali
1149 943 1353 984 apparere.
1855 938 1927 974 249

1005 986 1112 1026 Aur.
1134 998 1192 1031 IV·
1221 988 1369 1027 Utrum
1393 987 1656 1027 annuntiatio
1684 999 1828 1028 conve·
1858 998 1860 1002 ’

1053 1040 1186 1081 nienti
1200 1042 1322 1081 fuerit
1342 1042 1484 1082 ordine
1499 1043 1685 1093 perfecta.
1856 1049 1922 1083 251

1262 1125 1485 1172 QUAESTIO
1518 1125 1662 1164 XXXI.

1007 1184 1057 1218 De
1069 1187 1301 1229 conceptione
1312 1187 1519 1221 salvatoris
1532 1187 1652 1228 quoad
1660 1188 1850 1222 materiam

1046 1232 1090 1267 de
1097 1242 1168 1277 qua
1181 1243 1316 1276 corpus
1329 1234 1406 1276 ejus
1420 1239 1630 1277 conceptum
1642 1239 1706 1276 est,
1714 1239 1755 1268 in
1766 1238 1843 1268 octo

1046 1280 1227 1314 articulos
1237 1281 1369 1316 divisa.

1007 1334 1112 1372 Aur.
1151 1345 1180 1373 1.
1220 1334 1366 1374 Utrum
1399 1346 1491 1375 caro
1525 1335 1675 1375 Christi
1708 1337 1832 1376 fuerit

1055 1392 1220 1438 sumpta
1237 1389 1285 1428 de
1301 1389 1446 1430 Adam.

1006 1443 1113 1483 Am.
1148 1456 1194 1483 ιι.
1224 1445 1368 1485 Utrum
1400 1457 1491 1486 caro
1522 1444 1674 1486 Christi
1709 1446 1832 1487 fuerit

1055 1504 1222 1550 sumpta
1244 1499 1293 1540 de
1309 1500 1452 1539 David.

1008 1557 1110 1593 Aur.
1138 1565 1200 1593 111.
1222 1554 1368 1593 Utrum
1388 1554 1672 1595 convenienter
1694 1567 1832 1606 genea-

1055 1607 1161 1657 logia
1169 1607 1318 1647 Christi
1326 1608 1376 1647 ab
1389 1610 1658 1658 Evangelistis
1669 1614 1837 1650 texatur.
1856 1617 1926 1651 255

1008 1663 1112 1702 Aur.
1146 1675 1204 1702 iv.
1239 1664 1382 1703 Utrum
1413 1664 1590 1703 decuerit
1623 1664 1831 1706 Christum

1056 1719 1166 1758 nasci
1182 1718 1231 1757 de
1250 1718 1416 1757 femina.

1006 1772 1112 1812 Aur.
1138 1784 1180 1812 v.
1199 1773 1346 1812 Utrum
1364 1783 1509 1823 corpus
1525 1772 1675 1813 Christi
1693 1773 1742 1814 de
1760 1785 1832 1826 pu·

1056 1825 1229 1866 rissimis
1256 1826 1528 1876 sanguinibus
1550 1827 1731 1878 Virginis
1755 1828 1834 1868 for-

1054 1884 1213 1920 matum
1231 1881 1367 1921 fuerit.

1007 1936 1110 1975 Αιιϊ.
1130 1948 1188 1975 vi.
1209 1937 1356 1975 Utrum
1371 1948 1516 1987 corpus
1531 1936 1681 1977 Christi
1697 1938 1739 1977 in
1758 1949 1830 1977 an-

1054 1990 1181 2041 tiquis
1192 1991 1377 2042 patribus
1388 1991 1513 2030 fuerit
1527 1992 1751 2033 secundum
1761 1993 1832 2033 ali·

1053 2045 1153 2096 quid
1171 2047 1393 2096 signatum.

1007 2102 1111 2140 Aur.
1137 2113 1213 2140 vn.
1232 2102 1378 2141 Utrum
1398 2113 1490 2142 caro
1508 2102 1660 2142 Christi
1689 2103 1733 2143 in
1758 2115 1809 2154 pa

1054 2155 1185 2195 tribus
1203 2156 1324 2195 fuerit
1340 2160 1496 2207 peceato
1518 2158 1706 2197 obnoxia.

1006 2211 1110 2249 Αιιτ.
1133 2222 1227 2249 vni.
1244 2211 1392 2250 Utrum
1416 2211 1599 2251 Christus
1618 2212 1660 2250 in
1676 2212 1831 2252 lumbis

1052 2265 1223 2305 Abrahae
1242 2266 1364 2306 fuerit
1381 2266 1619 2306 decimatus.

1246 2347 1468 2395 QUAESTIO
1494 2347 1658 2388 XXXII.

1007 2409 1058 2444 De
1087 2411 1318 2451 conceptione
1352 2409 1496 2444 Christi
1526 2410 1647 2452 quoad
1684 2410 1843 2444 activum

1042 2457 1289 2499 principium,
1303 2457 1342 2491 in
1353 2461 1514 2501 quatuor
1524 2459 1701 2492 articulos
1711 2458 1844 2493 divisa.
1863 2457 1929 2493 267

1006 2517 1110 2556 AnT.
1128 2529 1156 2556 1.
1180 2517 1328 2557 Utrum
1341 2518 1514 2567 Spiritus
1528 2522 1692 2558 sanctus
1710 2519 1833 2558 fuerit

1054 2572 1305 2623 principium
1339 2573 1520 2612 activum
1558 2573 1832 2624 conceptionis

1863 1281 1927 1319 m

1855 1396 1927 1431 253

1857 1507 1926 1541 254

1856 1725 1926 1759 259

1855 1887 1920 1922 261

1855 2054 1925 2089 263

1855 2163 1924 2199 264

1854 2273 1926 2307 266

1006 2626 1359 2722 Agit-:summm
1383 2681 1569 2721 Christus
1591 2681 1731 2721 debeat
1747 2681 1828 2722 dici

1052 2741 1267 2789 conceptus
1286 2737 1336 2776 de
1360 2736 1513 2786 Spiritu
1531 2739 1682 2776 sancto.

1006 2795 1110 2835 Αιιτ.
1132 2805 1197 2832 ιιι.
1217 2792 1364 2832 Utrum
1378 2792 1550 2841 Spiritus
1569 2795 1733 2831 sanctus
1749 2790 1830 2831 dici

1053 2849 1193 2889 debeat
1208 2849 1323 2887 Pater
1337 2846 1487 2885 Christi
1507 2846 1731 2886 secundum
1745 2858 1831 2886 car·

1007 2915 1197 2999 Αιιῃιῗῐῖὶ
1223 2956 1370 2996 Utrum
1394 2957 1435 2996 B.
1454 2956 1575 3005 Virgo
1591 2955 1749 3007 aliquid
1764 2968 1831 2997 ac·

1053 3013 1135 3051 tivo
1157 3013 1281 3061 egerit
1309 3011 1354 3050 in
1380 3012 1639 3061 conceptione
1653 3012 1831 3063 corporis

1053 3066 1218 3107 Christi.

1245 3140 1471 3190 QUAESTIO
1498 3140 1680 3180 XXXIII.

1005 3213 1058 3248 De
1072 3211 1178 3247 modo
1193 3215 1225 3245 et
1237 3211 1367 3245 ordine
1380 3211 1629 3251 conceptionis
1639 3209 1789 3251 Christi,
1804 3211 1847 3245 in

1178 3263 1342 3301 quatuor
1359 3258 1539 3292 articulos
1555 3258 1689 3292 divisa.

1004 3317 1109 3356 AnT.
1133 3325 1163 3353 1.
1190 3311 1338 3351 Utrum
1364 3322 1509 3361 corpus
1531 3310 1680 3350 Christi
1711 3311 1832 3350 suerit

1053 3369 1278 3408 formatum
1307 3366 1353 3406 in
1381 3367 1513 3417 primo
1541 3365 1715 3405 instanti
1737 3377 1833 3407 con-

1054 3421 1263 3473 ceptionis.

1854 2633 1925 2670 267

1854 2740 1925 2777 269

1855 2907 1926 2943 270

1849 3071 1921 3106 272

1864 3258 1929 3293 275

1856 3424 1925 3463 274
