2170 3808
188 194 275 238 238
821 189 1019 241 QUAEST.
1049 188 1228 240 xxvm„
1258 188 1379 231 ART.
1409 189 1480 231 111.

185 273 318 330 virgo
339 277 447 331 post
477 276 681 330 partum.
706 269 879 314 Dicitur
897 268 1022 313 enim
1046 267 1217 321 (Matth.
1242 269 1365 323 1518)
1384 280 1396 311 ε
1417 270 1678 323 Antequam
1703 270 1993 312 convenirent
2013 272 2092 315 Jo-

183 335 302 393 seph
322 339 372 380 et
390 335 544 385 Maria,
569 335 755 376 inventa
774 334 843 374 est
863 332 913 373 in
943 333 1073 374 atero
1106 329 1278 373 habens
1315 329 1375 373 de
1403 331 1582 386 Spiritu
1603 332 1779 375 sancto.
1803 330 1903 375 Non
1936 334 2092 378 autem

182 396 477 452 Evangelista
496 394 688 449 diceret,
704 395 952 449 antequam
965 394 1267 446 convenirent,
1291 390 1383 435 nisi
1399 390 1457 436 de
1475 390 1804 448 conventuris3
1829 389 1940 449 quia
1956 404 2093 440 nemo

184 457 297 503 dicit
313 457 372 503 de
391 467 487 500 non
506 466 753 512 pransuro,
771 457 1026 510 antequam
1043 452 1311 510 pranderet.
1328 453 1447 509 Ergo
1463 451 1648 497 videtur
1666 451 1792 509 quod
1805 451 1943 498 beata
1958 454 2092 512 Virgo

184 517 468 577 quandoque
490 516 761 561 convenerit
783 515 959 560 carnali
974 514 1145 572 copula
1166 525 1275 559 cum
1288 513 1490 571 Joseph3
1514 518 1561 559 et
1584 514 1649 558 ita
1662 526 1760 558 non
1783 516 2092 572 permanserit

184 582 317 637 virgo
341 582 449 636 post
473 582 678 636 partum.
2151 626 2154 628 v

238 645 281 687 2.
304 643 551 696 Praeterea,
573 639 747 686 ibidem
766 638 985 685 subditur
1004 650 1064 683 ex
1081 636 1240 683 verbis
1255 636 1411 693 angeli
1433 636 1671 695 loquentis
1690 636 1751 683 ad
1764 637 1935 696 Ioseph
1950 653 1966 683 ε
1983 640 2093 685 Noli

186 707 345 749 timere
373 707 582 760 accipere
602 705 804 747 Mariam
825 703 1059 757 coniuqem
1082 703 1227 744 tuam.
1252 698 1532 756 conjugium
1562 703 1719 744 autem
1739 699 2094 746 censummatur

181 777 267 823 per
282 764 521 810 carnalem
540 764 774 822 copulam.
794 765 914 818 Ergo
932 762 1119 807 videtur
1140 761 1268 819 quod
1301 761 1584 818 quandoque
1599 761 1801 806 carnalis
1827 761 1995 820 copula
2016 762 2092 808 in-

183 826 436 872 tervenerit
468 826 590 870 inter
620 824 810 869 Mariam
836 829 883 868 et
909 822 1104 880 Joseph3
1130 828 1175 867 et
1206 821 1272 867 ita
1289 822 1477 867 videtur
1505 822 1631 879 quod
1667 835 1763 867 non
1784 824 2092 880 permanserit

181 888 312 946 virgo
329 891 438 946 post
454 892 661 945 partum.

237 954 282 997 3.
302 953 547 1005 Praeterea,
567 948 741 994 ibidem
760 951 868 1006 post
893 960 1045 1006 pauca
1069 947 1315 992 subditur:
1341 949 1403 990 Et
1425 950 1602 1005 accepit
1624 949 2024 1006 conju9emsaam,
2048 952 2092 995 et

180 1027 272 1059 non
292 1012 586 1071 coqnoscebat
600 1024 719 1067 eam,
739 1011 881 1055 donec
898 1012 1075 1068 peperit
1094 1010 1241 1065 filium
1252 1011 1621 1067 primoqenz‘tam.
1639 1012 1733 1055 Hoc
1754 1014 1910 1056 autem
1927 1010 2091 1057 adver-

180 1074 313 1121 bium
337 1076 477 1118 (lonec
499 1072 746 1119 consuevit
773 1073 1135 1119 determinatum
1158 1075 1345 1129 tempus
1369 1071 1651 1130 significare,
1676 1084 1771 1129 quo
1792 1072 1981 1131 impleto
2012 1072 2092 1120 fiat

179 1136 229 1182 id
248 1136 374 1194 quod
387 1148 542 1194 usque
564 1136 625 1182 ad
643 1135 760 1181 illud
779 1138 969 1192 tempus
987 1147 1083 1180 non
1106 1133 1279 1179 fiebat:
1303 1134 1502 1179 verbum
1521 1138 1678 1179 autem
1710 1135 2006 1191 coquos-cendi
2027 1132 2091 1182 ibi

179 1198 241 1243 ad
274 1198 447 1244 coitum
482 1197 699 1254 refertur,
736 1197 859 1242 sicut
881 1202 928 1242 et
951 1198 1133 1253 (Genes.
1173 1210 1232 1254 iv,
1259 1199 1300 1251 1)
1338 1196 1508 1242 dicitur
1538 1196 1665 1253 quod
1697 1198 1852 1241 Adam
1884 1200 2091 1256 coqnovit

179 1274 369 1305 uxorem
403 1273 552 1305 suam.
591 1262 711 1317 Ergo
747 1259 932 1305 videtur
954 1259 1080 1316 quod
1112 1262 1220 1316 post
1251 1265 1439 1316 partum
1473 1260 1613 1303 Beata
1648 1258 1785 1316 Virgo
1819 1258 1960 1304 fuerit
1991 1271 2091 1304 car-

179 1322 347 1369 naliter
368 1322 396 1368 a
415 1323 586 1380 Joseph
618 1322 823 1380 cognita.
857 1324 976 1379 Ergo
1011 1321 1197 1366 videtur
1218 1321 1343 1378 quod
1368 1333 1463 1365 non
1492 1321 1801 1378 permanserit
1821 1320 1957 1378 virgo
1985 1325 2092 1378 post

181 1390 383 1442 partum.

234 1451 281 1494 4.
302 1451 542 1506 Praeterea,
564 1447 908 1506 primogenitus
933 1460 1029 1493 non
1052 1451 1208 1505 potest
1227 1445 1318 1505 dici
1337 1445 1429 1491 nisi
1451 1445 1532 1503 qui
1548 1445 1722 1491 habeat
1741 1445 1909 1493 fratres
1930 1446 2093 1493 subse-

176 1515 409 1569 quentes3
432 1511 562 1556 unde
583 1514 630 1556 et
659 1513 803 1564 (Rom.
827 1524 917 1568 vm,
939 1512 1011 1566 29)
1032 1509 1230 1555 dicitur:
1256 1513 1375 1567 Quos
1396 1510 1645 1565 praescivit,
1673 1512 1716 1553 et
1746 1510 2092 1566 praedestinavit

177 1576 430 1629 conformes
453 1575 555 1628 fieri
576 1575 791 1630 imaqinz's
809 1573 928 1616 Filii
948 1576 1036 1629 sai,
1054 1575 1104 1616 ut
1122 1574 1183 1615 sit
1204 1574 1300 1629 ipse
1326 1566 1658 1629 primoqenitus
1678 1573 1728 1614 in
1749 1571 1907 1616 multis
1932 1574 2091 1627 fratri—

178 1632 278 1680 bus.
303 1636 389 1682 Sed
416 1635 717 1692 Evangelista
743 1635 953 1680 nominat
974 1634 1208 1680 Christum
1231 1633 1598 1691 primogenitum
1626 1633 1793 1678 matris
1814 1633 1934 1691 ejus.
1970 1636 2092 1691 Ergo

177 1697 343 1743 habuit
365 1697 482 1742 alios
519 1694 639 1742 filios
664 1702 772 1756 post
801 1698 1065 1754 Christum3
1086 1697 1219 1743 etita
1246 1696 1433 1743 videtur
1465 1696 1593 1754 quod
1612 1700 1763 1741 mater
1792 1695 1958 1741 Christi
1995 1709 2088 1742 non

177 1761 405 1807 manserit
421 1760 555 1818 virgo
570 1765 678 1818 post
700 1765 905 1819 partum.

232 1828 276 1871 5.
297 1825 526 1869 Praeterea
542 1825 688 1879 (Joan.
710 1838 755 1880 11,
775 1826 867 1879 12),
887 1823 1087 1870 dicitur:
1119 1827 1228 1868 Post
1249 1825 1344 1869 lz-aec
1367 1822 1603 1867 descendit
1626 1820 1959 1879 capharnaum
1974 1825 2084 1880 ipse,

177 1885 355 1930 scilicet
374 1885 601 1942 Christus,
622 1889 666 1930 et
689 1889 837 1929 mater
851 1889 966 1942 ejus,
989 1889 1036 1930 et
1056 1887 1233 1940 fratres
1256 1888 1367 1943 ejuS.
1391 1884 1480 1930 Sed
1499 1884 1668 1930 fratres
1691 1883 1915 1929 dicuntur
1927 1883 2008 1942 qui
2028 1896 2091 1930 ex

175 1946 343 1992 eodem
362 1951 558 2004 parente
579 1947 723 2005 geniti
757 1952 886 1993 sunt.
917 1950 1037 2004 Ergo
1066 1947 1250 1992 videtur
1271 1946 1399 2005 quod
1419 1948 1560 1991 Beata
1578 1946 1714 2002 Virgo
1735 1944 1954 1990 hahuerit
1974 1945 2093 1992 alios

176 2007 301 2054 filios
323 2014 430 2067 post
451 2009 701 2054 Christum.

234 2074 277 2117 6.
304 2073 531 2116 Praeterea
549 2072 719 2126 (Matth.
749 2085 883 2129 xxvii,
912 2074 1003 2129 55),
1030 2071 1233 2117 dieitur:
1268 2073 1423 2114 Erant
1444 2071 1522 2127 ibi,
1548 2069 1867 2126 scilicetjuxta
1898 2081 2087 2115 crucem

176 2132 359 2189 Christi,
383 2134 594 2177 mulieres
615 2133 770 2178 multae
787 2134 819 2177 ὰ
841 2134 972 2190 longe
1001 2145 1099 2190 qaae
1130 2136 1295 2177 secutae
1318 2135 1455 2176 erant
1472 2135 1626 2175 Iesum
1643 2132 1674 2174 ὰ
1694 2130 1908 2188 Galilaea‚
1928 2131 2088 2175 minis-

176 2200 354 2241 trantes
379 2200 450 2241 ei:
482 2200 605 2241 inter
633 2211 748 2254 quas
770 2200 874 2242 erat
903 2200 1058 2241 Maria
1088 2197 1379 2254 Maqdalene,
1411 2199 1456 2239 et
1476 2197 1629 2239 Maria
1653 2194 1826 2251 Jacobz·‚
1848 2199 1893 2238 et
1921 2194 2090 2252 Ioseph

177 2262 343 2316 mater,
376 2262 422 2303 et
442 2263 592 2304 mater
615 2260 818 2315 filiorum
838 2260 1064 2304 Zebedaei.
1085 2259 1275 2304 Videtur
1292 2261 1450 2303 autem
1466 2257 1566 2302 haec
1586 2256 1739 2313 Maria,
1757 2269 1865 2314 quae
1885 2256 1965 2302 hic
1979 2256 2091 2304 dici·

179 2327 257 2367 tur
276 2321 433 2367 Jacobi
463 2325 509 2366 et
542 2322 712 2378 Joseph
732 2325 897 2379 mater,
923 2333 1030 2367 esse
1052 2321 1193 2367 etiam
1216 2324 1366 2366 mater
1387 2320 1582 2376 Christi3
1604 2320 1771 2365 dicitur
1789 2319 1916 2365 enim
1939 2322 2086 2374 (Joan.

178 2397 265 2437 xxx,
290 2386 362 2439 25)
380 2384 508 2441 quod
527 2385 680 2428 stabat
685 2385 832 2439 juxta
847 2382 1028 2428 cr'acem
1041 2389 1148 2428 Jesu
1164 2383 1304 2430 Maria
1320 2387 1472 2427 mater
1491 2384 1604 2439 eju-3.
1627 2384 1745 2439 Ergo
1763 2382 1950 2427 videtur
1963 2381 2088 2440 quoti

178 2447 318 2491 Mater
335 2445 503 2490 Christi
523 2458 618 2489 non
635 2446 945 2503 permanserit
961 2446 1094 2502 virgo
1114 2450 1221 2503 post
1240 2450 1442 2502 partum.

236 2507 325 2553 Sed
339 2511 504 2552 contra
525 2511 598 2553 est
613 2507 741 2566 quod
755 2507 926 2552 dicitur
945 2508 1120 2561 (Ezech.
1140 2521 1259 2564 κων,
1273 2510 1317 2562 2)
1333 2521 1348 2551 ε
1369 2510 1509 2551 Porta
1523 2505 1621 2550 haec
1636 2506 1798 2550 clausa
1811 2508 1916 2564 erit,
1938 2512 1982 2551 et
1999 2520 2088 2552 non

180 2572 434 2628 aperietur,
458 2573 501 2615 et
521 2572 592 2613 vz'r
613 2583 704 2614 non
738 2570 951 2614 transibit
973 2584 1058 2627 per
1076 2584 1194 2627 eam,
1216 2572 1432 2627 quoniam
1460 2572 1678 2612 Dominus
1704 2574 1824 2613 Deus
1844 2570 1992 2614 Israel
2011 2574 2087 2615 in-

179 2626 360 2691 gjressas
378 2635 444 2676 est
463 2645 550 2689 per
567 2645 695 2689 eam3
717 2633 843 2689 quod
874 2644 1118 2689 exponens
1139 2631 1430 2690 Augustinus
1449 2630 1587 2684 (alius
1604 2633 1785 2687 auctor)
1805 2630 1856 2676 in
1883 2632 2089 2689 quodam

179 2707 397 2741 sermone
430 2694 542 2739 dicit
562 2707 575 2739 ε
602 2713 623 2734 α
645 2694 763 2748 Quid
793 2698 866 2739 est
887 2707 1025 2739 roim
1043 2694 1092 2739 in
1117 2694 1254 2739 domo
1273 2693 1453 2738 Domini
1477 2705 1649 2750 01111311,
1670 2692 1762 2737 nisi
1794 2692 1920 2750 quod
1950 2694 2088 2739 Maria

181 2768 368 2813 semper
396 2755 487 2802 erit
514 2755 720 2801 intacta?
765 2757 819 2801 Et
860 2755 974 2814 quid
1020 2761 1092 2802 est
1120 2771 1132 2801 ε
1171 2758 1317 2800 Homo
1342 2768 1439 2800 non
1470 2754 1687 2799 transibit
1721 2766 1806 2811 per
1834 2766 1958 2807 03111,
1995 2755 2089 2802 nisi

182 2818 308 2876 quod
329 2817 500 2875 Joseph
527 2831 625 2863 non
659 2822 914 2876 cognoscet
944 2823 1078 2863 eam?
1099 2820 1154 2871 Et
1173 2818 1286 2876 quid
1313 2822 1384 2863 est
1408 2817 1668 2862 «Dominus
1698 2816 1829 2861 solus
1864 2816 2009 2862 intrat
2042 2821 2088 2864 et

180 2880 419 2937 egreditur
440 2892 525 2938 per
547 2892 668 2938 eam,
689 2899 709 2920 »
732 2880 822 2926 nisi
839 2880 965 2938 quod
985 2880 1179 2939 Spiritus
1197 2884 1389 2926 sanctus
1411 2877 1738 2937 impraegnabit
1757 2890 1861 2923 eam
1877 2883 1924 2924 et
1943 2891 2086 2935 ange-

180 2941 333 2987 lorum
354 2943 579 2988 Dominus
617 2947 836 2988 nascetur
860 2955 944 3001 per
979 2947 1115 2989 earn?
1149 2946 1202 2988 Et
1230 2943 1342 3001 quid
1371 2946 1443 2987 est
1467 2956 1480 2988 ε
1507 2943 1714 2987 «Clausa
1747 2940 1835 2985 erit
1867 2940 1916 2986 in
1949 2946 2087 2987 30101·-

180 3017 313 3060 num,
332 3024 353 3044 »
379 3005 468 3051 nisi
502 3005 629 3064 quod
650 3006 788 3050 Maria
803 3007 939 3063 ¹virgo
961 3012 1030 3052 est
1062 3010 1170 3052 ante
1190 3007 1394 3064 partum,
1413 3009 1458 3050 et
1471 3005 1603 3062 virgo
1625 3004 1673 3049 in
1698 3008 1860 3061 partu,
1881 3007 1929 3048 et
1955 3004 2088 3061 virgo

181 3071 288 3125 post
305 3072 527 3124 partum?
551 3087 573 3109 »

230 3136 524 3176 CONCLUSIO.
545 3159 592 3166 —
609 3138 667 3177 Ne
687 3136 753 3177 vel
778 3137 931 3178 Christi
959 3138 1212 3190 perfectioni,
1229 3138 1294 3177 vel
1322 3138 1468 3177 matris
1494 3136 1703 3177 sanctitati
1733 3135 1986 3186 derogemus,
2012 3137 2084 3176 aut

181 3190 355 3243 Spiritui
381 3193 520 3230 sancto
536 3191 737 3242 injuriam
760 3192 1002 3242 inferamus,
1020 3193 1182 3244 ipsique
1204 3192 1353 3244 ,ioseph
1377 3190 1743 3243 praesumptionem
1764 3191 1992 3229 maximam
2011 3191 2081 3229 im-

183 3249 392 3298 putemus,
411 3246 482 3285 Dei
506 3251 682 3287 matrem
708 3250 757 3287 ut
785 3248 988 3298 virginem
1014 3249 1241 3300 concepisse
1269 3253 1307 3288 et
1330 3248 1544 3300 peperisse,
1571 3248 1629 3286 ita
1654 3244 1778 3285 etiam
1806 3248 1901 3296 post
1919 3250 2084 3297 partum

192 3312 352 3353 semper
366 3299 569 3351 virginem
591 3303 863 3352 permansisse
879 3303 1094 3343 fatendum
1109 3307 1181 3343 est.

182 3399 419 3433 comarianitas
442 3398 706 3439 dogmatizantes
731 3399 768 3434 Β.
787 3399 966 3440 Deiparam
989 3403 1065 3441 post
1085 3400 1254 3435 Christum
1272 3404 1390 3435 natum
1408 3399 1489 3434 aiios
1511 3411 1550 3434 ex
1574 3398 1695 3440 Ioseph
1718 3397 1845 3433 liberos
1864 3397 2026 3439 genuisse,
2041 3400 2083 3431 ut

180 3451 272 3489 patet
284 3458 322 3483 ex
337 3448 475 3487 August.
496 3447 590 3489 (haer.
606 3446 647 3482 56
659 3451 691 3481 et
711 3447 833 3488 Epiph.
846 3448 927 3482 haer.
948 3449 1016 3488 48).
