2170 3808
764 166 962 217 QUAEST.
994 166 1130 220 LXVI,
1161 167 1278 208 ART.
1310 167 1327 208 1
1355 167 1421 208 ΕΤ
1451 167 1503 208 ll.
1990 168 2071 209 557

187 251 344 290 menta
363 253 495 290 novae
517 245 636 302 legis
657 247 1069 292 sanctificationem
1092 247 1340 303 quamdam
1362 251 1626 303 operentur,
1649 247 1711 290 ibi
1742 246 1977 303 perficitur
2002 259 2074 290 sa-

186 313 502 364 cramentum,
537 307 618 351 ubi
650 306 889 364 perficitur
924 308 1241 352 sanctificatiO.
1285 310 1334 351 In
1369 321 1490 365 aqua
1522 312 1678 352 autem
1712 319 1806 351 non
1845 307 2075 363 perficitur

186 367 515 424 sanctificatio,
545 369 628 413 sed
651 375 722 413 est
755 369 817 412 ibi
848 369 1063 426 quaedam
1096 365 1478 413 sanctificationis
1504 369 1654 413 virtus
1677 369 2074 425 instrumentalis,

187 441 279 474 non
300 441 596 486 permanens,
619 430 700 474 sed
719 430 871 475 fluens
886 431 933 474 in
955 431 1207 482 hominem,
1233 430 1311 485 qui
1335 435 1407 475 est
1426 442 1550 475 verae
1572 430 1950 475 sanctificationis
1966 429 2075 472 sub-

184 490 381 548 jectum3
406 497 451 536 et
468 491 570 536 ideo
590 498 934 537 sacramentum
958 505 1050 536 non
1072 494 1131 546 (1)
1150 492 1386 547 perficitur
1407 492 1455 535 in
1479 493 1580 548 ipsa
1600 505 1738 549 aqua,
1760 492 1842 537 sed
1862 493 1908 536 in
1929 491 2076 548 appli-

185 553 367 597 catione
390 565 524 609 aquae
556 554 616 598 ad
639 555 901 610 hominem,
934 567 1039 611 quae
1068 558 1140 598 est
1169 553 1358 597 ablutio.
1397 556 1449 597 Et
1478 553 1582 598 ideo
1615 555 1824 610 Magister
1850 556 1989 607 (Sciit.
2014 567 2073 611 iv,

187 613 294 658 dist.
333 617 375 668 3)
408 615 664 671 dicitquod
698 633 717 653 «
752 615 1012 671 baptismus
1040 618 1112 659 est
1141 613 1316 659 ablutio
1345 615 1552 670 corporis
1580 614 1806 671 exterior,
1839 616 1959 658 facta
1987 614 2075 659 sub

126 705 128 707 -
187 674 334 720 forma
356 676 624 732 praescripta
641 677 907 721 verborum.
938 695 958 714 υ
992 680 1080 721 Res
1101 680 1256 720 autem
1289 680 1335 720 et
1367 681 1711 720 sacramentum
1742 681 1813 720 est
1841 677 2076 720 character

186 737 502 795 baptismalis,
540 740 618 795 qui
655 744 727 784 est
758 751 834 784 res
866 739 1125 795 significata
1155 751 1237 794 per
1273 738 1546 783 exteriorem
1582 738 1894 794 ablutionem,
1928 742 1974 783 et
2006 741 2076 783 est

187 799 374 855 signum
406 801 742 846 sacramentale
766 801 998 846 interioris
1021 801 1368 857 justificationis
1398 813 1504 857 quae
1529 804 1600 844 est
1628 811 1703 844 res
1726 800 1906 844 tantum
1936 799 2076 855 hujns

186 862 481 917 sacramenti,
508 862 683 907 scilicet
704 863 978 918 significata,
999 868 1045 907 et
1065 875 1159 906 non
1183 862 1450 917 significans
1470 863 1544 916 (2).

241 923 310 968 Ad
331 926 529 979 primum
549 936 659 978 ergo
681 925 929 969 dicendum
944 958 957 981 ,
987 924 1112 981 quod
1134 924 1182 969 id
1201 925 1327 980 quod
1359 928 1430 968 est
1458 927 1799 968 sacramentum
1821 924 2003 968 tantam
2027 924 2075 968 in

188 984 436 1040 baptismo,
463 986 654 1040 transit,
677 990 920 1042 permanet
942 991 1098 1030 autem
1129 990 1175 1030 et
1206 985 1253 1029 id
1282 985 1406 1041 quod
1430 991 1502 1029 est
1533 989 1878 1029 sacramentum
1899 990 1945 1028 et
1968 996 2073 1043 res,

189 1045 364 1091 scilicet
386 1047 639 1102 character,
662 1052 707 1091 et
725 1047 773 1092 id
795 1048 919 1103 quod
947 1051 1019 1092 est
1047 1059 1122 1091 res
1145 1050 1356 1102 tantumf,
1383 1046 1558 1090 scilicet
1577 1046 1766 1091 interior
1782 1046 2073 1103 J'ustificati03

189 1107 271 1152 sed
291 1108 530 1154 character
552 1113 793 1165 permanet
814 1108 1145 1164 indelebiliter,
1176 1112 1229 1152 ut
1258 1119 1398 1163 supra
1422 1108 1598 1152 dictum
1626 1113 1698 1153 est
1727 1109 1909 1165 (quaest.
1942 1122 2073 1164 txm,

189 1173 276 1213 art.
298 1172 340 1223 5)
356 1185 368 1223 ς
386 1170 655 1226 J'ustificatio
677 1175 832 1214 autem
856 1173 1115 1226 permanet,
1140 1169 1223 1213 sed
1243 1168 1571 1212 amissibiliter.
1592 1172 1902 1214 Damascenus
1920 1174 2075 1214 autem

191 1230 476 1286 baptismum
501 1231 729 1288 definivit,
753 1243 847 1274 non
870 1233 1099 1287 quantum
1121 1229 1182 1275 ad
1203 1229 1251 1274 id
1273 1230 1400 1286 quod
1428 1230 1634 1274 exterius
1657 1230 1827 1287 agitur,
1858 1231 1984 1288 quod
2006 1236 2077 1277 est

187 1297 530 1336 sacramentum
551 1293 729 1336 tantum
743 1324 757 1347 ,
780 1291 862 1335 sed
883 1291 1111 1348 quantum
1131 1291 1191 1336 ad
1213 1291 1261 1336 id
1279 1290 1405 1347 quod
1428 1295 1498 1336 est
1526 1291 1736 1336 interius.
1765 1292 1893 1337 Unde
1922 1292 2077 1349 posuit

189 1353 281 1397 duo
302 1354 578 1409 pertinentia
597 1354 655 1398 ad
675 1354 1008 1408 characterem,
1029 1352 1205 1397 scilicet
1222 1353 1423 1409 siqillum
1443 1355 1488 1396 et
1506 1355 1777 1408 custodiam,
1799 1354 2077 1411 inquantum

187 1413 286 1470 ipse
309 1414 564 1468 character,
586 1415 664 1471 qui
688 1415 894 1472 sigillum
917 1414 1102 1469 dicitur,
1128 1415 1358 1470 quantum
1379 1419 1449 1459 est
1474 1414 1533 1460 de
1556 1427 1624 1470 se,
1648 1415 1850 1460 custodit
1872 1416 2077 1461 animam

187 1475 235 1518 in
259 1475 398 1519 bono.
433 1479 530 1526 Duo
559 1477 697 1520 etiam
718 1476 873 1532 posuit
895 1476 1175 1532 pertinentia
1210 1475 1268 1520 ad
1291 1476 1504 1519 ultimam
1526 1488 1625 1520 rem
1656 1476 1962 1532 sacramenti,
1986 1477 2077 1522 sci-

189 1536 296 1580 licet
318 1539 719 1593 reqenerationem‚
743 1549 849 1593 quae
871 1537 930 1581 ad
948 1537 1035 1580 hoc
1053 1537 1254 1591 pertinet
1272 1537 1397 1592 quod
1418 1549 1500 1593 per
1528 1536 1814 1593 baptismum
1841 1538 1980 1582 homo
2002 1539 2077 1583 in-

189 1598 324 1642 choat
347 1610 516 1642 novam
539 1598 679 1643 vitam
700 1598 892 1653 justitiae
909 1633 922 1653 ,
954 1603 998 1641 et
1029 1599 1411 1641 illuminationem
1430 1634 1442 1651 ,
1467 1611 1572 1655 quae
1595 1599 1792 1654 pertinet
1820 1600 2077 1656 specialiter

186 1659 246 1704 ad
285 1658 454 1715 fidem,
490 1671 573 1716 per
608 1671 748 1716 quam
787 1661 924 1703 homo
959 1660 1245 1715 spiritualem
1286 1660 1426 1703 vitam
1460 1660 1641 1716 accipit,
1676 1661 1932 1704 secundum
1962 1661 2077 1707 illud

190 1719 371 1773 (Habac.
395 1734 442 1775 11,
464 1723 508 1774 4)
527 1734 539 1764 z
560 1725 716 1764 Justus
736 1734 793 1763 ex
814 1722 922 1774 fidei
943 1723 1052 1773 vivit
1077 1723 1150 1775 (3).
1177 1721 1438 1777 BaptIsmus
1465 1725 1620 1765 autem
1641 1726 1713 1766 est
1731 1723 1944 1778 quaedam
1969 1722 2077 1768 fidei

188 1782 479 1838 protestatio,
502 1783 628 1827 unde
649 1783 815 1827 dicitur
832 1784 938 1838 fidei
955 1787 1302 1826 sacramentum.
1330 1785 1380 1826 Et
1401 1782 1613 1827 similiter
1631 1784 1875 1841 Dionysius
1899 1784 2077 1841 baptis-

188 1856 318 1889 mum
344 1844 553 1888 definivit
574 1856 658 1901 per
678 1844 889 1889 ordinem
910 1845 969 1889 ad
991 1845 1081 1888 alia
1100 1850 1408 1899 sacramenta,
1433 1845 1594 1889 dicens
1614 1846 1802 1900 (Eccles.
1832 1846 1946 1891 hier.
1971 1859 2073 1904 cap.

189 1910 232 1963 2,
254 1907 419 1963 parum
441 1907 469 1950 a
486 1907 668 1965 princ),
694 1907 818 1964 quod
839 1912 911 1952 est
937 1925 956 1945 «
976 1908 1208 1964 quoddam
1228 1907 1509 1964 principium
1530 1909 1930 1954 sanctissimorum
1944 1921 2076 1954 man-

187 1968 401 2013 datorum
426 1980 570 2012 sacrae
592 1969 811 2024 actionis,
842 1969 902 2014 ad
924 1981 1085 2013 eorum
1114 1969 1427 2025 susceptivam
1457 1971 1844 2026 opportunitatem
1868 1972 2076 2016 formans

189 2034 372 2075 nostros
392 2030 619 2074 animales
639 2031 842 2075 habitus
866 2050 884 2069 υ
906 2033 958 2074 Et
975 2032 1142 2075 iterum
1162 2032 1209 2074 in
1229 2031 1391 2074 ordine
1412 2031 1470 2076 ad
1485 2033 1720 2076 coelestem
1741 2033 1950 2089 gloriam,
1971 2045 2077 2090 quae

186 2096 260 2136 est
282 2092 475 2136 ultimus
493 2091 598 2136 finis
618 2098 1033 2149 sacramentorum,
1055 2096 1162 2136 cum
1189 2092 1348 2136 subdit
1369 2106 1378 2134 :
1406 2110 1426 2130 «
1452 2093 1515 2138 Ad
1540 2094 1885 2149 supercoelestis
1908 2095 2076 2151 quietis

190 2165 431 2209 anagogen
454 2158 664 2198 nostrum
688 2155 774 2198 iter
795 2155 995 2210 faciens,
1019 2173 1038 2193 ‚,
1066 2160 1112 2198 et
1131 2154 1296 2198 iterum
1313 2158 1539 2210 quantum
1561 2155 1621 2199 ad
1643 2156 1920 2213 principium
1936 2157 2077 2213 spiri-

190 2214 327 2258 tualis
349 2215 471 2272 vitae,
493 2227 575 2271 per
598 2215 685 2259 hoc
703 2217 827 2272 quod
851 2216 1009 2260 subdit
1031 2230 1041 2257 :
1068 2233 1088 2253 «
1118 2218 1266 2260 Sacrae
1284 2220 1331 2260 et
1359 2216 1661 2261 divinissimae
1689 2223 1860 2262 nostrae
1882 2229 2076 2274 regene-

190 2276 383 2321 rationis
404 2277 601 2322 traditio.
629 2297 649 2317 υ

243 2338 311 2382 Ad
329 2339 572 2382 secundum
593 2339 858 2394 dicendum,
887 2340 1040 2396 quod,
1065 2340 1186 2383 sicut
1210 2339 1384 2384 dictum
1407 2344 1479 2384 est
1501 2340 1565 2393 (in
1588 2353 1715 2397 corp.
1740 2344 1846 2395 art.)
1861 2375 1873 2396 ,
1893 2341 2086 2398 opinio--

188 2410 297 2443 nem
317 2400 522 2456 Hugonis
545 2401 603 2445 de
626 2403 669 2445 S.
703 2401 878 2446 Victore
900 2402 948 2444 in
978 2401 1066 2445 hae
1093 2406 1224 2457 parte
1245 2401 1375 2456 sequi
1400 2413 1492 2444 non
1519 2405 1714 2458 oportet.
1746 2404 1898 2447 Potest
1921 2410 2076 2448 tamen

189 2461 412 2505 verificari
436 2466 488 2505 ut
515 2461 774 2518 baptismus
793 2463 987 2507 >dicatur
1008 2474 1112 2507 esse
1142 2475 1287 2521 aqua,
1317 2462 1426 2519 quia
1449 2474 1570 2520 aqua
1599 2468 1672 2508 est
1699 2463 1937 2509 materiale
1956 2463 2076 2521 bap-

190 2522 313 2566 tismi
336 2522 629 2579 principium,
655 2529 700 2568 et
720 2523 788 2568 sic
807 2523 893 2568 erit
912 2524 1178 2580 praedicatio
1203 2536 1284 2580 per
1301 2536 1508 2568 causam.

165 2619 167 2622 Α
243 2584 311 2628 Ad
344 2587 527 2627 tertium
558 2585 837 2642 dicendum,
863 2585 989 2641 quod
1009 2585 1258 2630 accedente
1280 2586 1422 2629 verbo
1443 2586 1502 2630 ad
1520 2585 1817 2644 elementum,
1843 2587 1892 2631 fit
1918 2599 2076 2632 sacra·
2110 2623 2113 2627 .

191 2647 429 2700 mentumi,
454 2658 547 2689 non
576 2646 763 2702 quidem
802 2647 848 2689 in
883 2646 983 2702 ipso
1016 2647 1274 2702 elemento,
1300 2646 1383 2691 sed
1415 2646 1463 2689 in
1500 2646 1711 2704 homine,
1732 2648 1807 2692 oui
1830 2648 2076 2695 adhibetur

186 2705 471 2750 elementum
495 2718 578 2762 per
599 2719 739 2752 usum
768 2707 1019 2762 ablutionis
1042 2710 1127 2763 (4),
1162 2712 1207 2752 et
1240 2708 1327 2751 hoc
1358 2707 1498 2751 etiam
1533 2708 1687 2763 signat
1704 2708 1926 2765 verbum,
1951 2709 2074 2767 quod

192 2770 370 2815 accedit
390 2770 448 2814 ad
467 2771 765 2828 elementum,
785 2776 892 2817 cum
915 2772 1082 2818 dicitur
1105 2788 1116 2816 :
1143 2776 1239 2828 qu
1264 2776 1307 2815 te
1331 2772 1526 2830 baptizo,
1550 2776 1639 2816 etc.

269 2833 613 2877 ARTICULUS
639 2836 697 2878 11.
732 2858 785 2867 -ν
815 2848 949 2878 urium
987 2847 1212 2878 immisimus
1242 2847 1390 2878 runnu·
1424 2846 1662 2878 msmurus
1695 2846 1796 2879 rosa·
1831 2847 1997 2881 emus'rl

964 2909 1192 2940 PAssloNEM
1224 2896 1298 2951 (ὃ).

378 2963 428 2997 De
442 2962 495 2997 his
505 2962 608 2997 etiam
623 2963 776 3004 Sonmv,
795 2964 874 2999 dist.
892 2965 934 3008 5,
952 2969 1019 3000 art.
1036 2966 1070 3006 5,
1093 2968 1126 2998 et
1144 2964 1226 2999 dist.
1242 2966 1275 3005 8,
1296 2967 1413 3006 quaest.
1432 2973 1456 3004 1,
1474 2968 1541 2998 art.
1559 2965 1593 3005 5,
1607 2967 1723 3006 quest.
1741 2973 1782 3000 1ι1
1797 2965 1838 3000 ad
1851 2966 1886 3003 2.

248 3016 313 3062 Ad
331 3017 590 3062 secundum
606 3017 673 3061 sic
690 3019 967 3073 proceditur.
990 3023 1031 3064 1.
1050 3018 1236 3063 Videtur
1258 3019 1383 3075 quod
1401 3018 1660 3074 baptismus
1681 3019 1818 3063 fuerit
1835 3021 2074 3068 institutus

234 3113 278 3155 (4)
291 3114 342 3148 Ita
359 3115 440 3149 Mss.
456 3119 490 3148 et
505 3113 588 3147 editi
605 3113 743 3155 passim.
762 3113 814 3148 Al.
827 3113 918 3150 deest
935 3126 1023 3150 non.
1172 3115 1276 3150 vivet.
1304 3115 1360 3149 Sic
1379 3117 1491 3150 autem
1511 3114 1612 3150 habet
1637 3116 1811 3157 Apostolus
1839 3117 1947 3154 (Rom.
1965 3126 1990 3160 1,
2006 3119 2072 3160 4⁷).

233 3161 276 3201 (2)
292 3161 385 3195 Hanc
406 3161 652 3195 conclusionem
667 3161 766 3203 ponit
779 3161 814 3195 S.
833 3161 957 3197 Doctor
972 3164 1090 3197 contra
1217 3164 1259 3201 (4)
1285 3163 1474 3202 Baptismus
1494 3162 1719 3205 metaphysica
1736 3169 1901 3206 sumptus,
1927 3165 1977 3200 ait
2003 3164 2072 3200 Bil-

191 3210 370 3250 nugonem
402 3210 574 3244 Victorem
600 3210 658 3251 qui
691 3211 752 3250 (De
780 3222 922 3245 sacram.
957 3211 1019 3246 lib.
1048 3221 1088 3253 11,
1174 3210 1277 3250 luart,
1307 3212 1398 3245 recte
1430 3209 1594 3245 definitur
1624 3211 1643 3245 ἦ
1672 3212 1872 3247 catechismo
1899 3224 2041 3248 romano
2059 3224 2071 3247 t

189 3261 280 3298 part.
304 3257 338 3298 6,
363 3268 437 3297 cap.
459 3255 494 3299 2)
519 3257 654 3297 scripsit
681 3256 771 3298 quod
799 3258 870 3298 ipsa
895 3269 979 3299 aqua
1006 3264 1091 3294 esset
1174 3263 1444 3293 sacramentum
1463 3260 1754 3303 regenerationis
1778 3270 1845 3304 per
1870 3269 2006 3304 aquam
2028 3260 2072 3296 in

195 3308 438 3339 sacramentum
451 3331 460 3344 ,
476 3305 523 3339 sic
543 3306 652 3346 ipsum
672 3304 858 3339 definiens:
875 3305 1092 3349 Baptismus
1180 3305 1292 3340 Verbo
1311 3316 1323 3339 .·
1340 3306 1474 3346 quidam
1493 3307 1620 3341 addunt
1642 3308 1682 3342 ad
1702 3311 1864 3348 ma50rem
1884 3307 2072 3349 explicatio-

196 3354 247 3386 est
270 3361 369 3395 aqua
391 3352 587 3387 abluendis
606 3352 826 3387 criminibus
852 3355 1090 3395 sdnctificata.
1177 3364 1255 3387 nem
1281 3355 1492 3398 expressive
1510 3356 1748 3390 sanctissimae
1766 3356 1973 3390 Trinitatis.

234 3399 277 3440 (5)
299 3398 438 3440 Vulgata
466 3400 513 3434 ibi
530 3413 538 3435 ε
558 3400 688 3436 Just-us
712 3403 834 3437 auce-m
856 3402 899 3436 in
925 3401 998 3444 fide
1021 3411 1091 3438 sua
1219 3402 1257 3439 (5)
1288 3402 1386 3438 Circa
1411 3402 1496 3440 hanc
1520 3404 1739 3445 quaestionem
1765 3414 1886 3444 magna
1912 3406 1961 3439 est
1983 3403 2073 3440 inter
