2170 3808
564 233 758 285 QUAEST.
791 234 972 287 XXXIII,
1004 233 1121 275 ART.
1154 233 1171 275 1
1198 233 1263 275 ΕΤ
1291 233 1344 277 11.
1844 233 1929 275 275

43 332 135 376 qua
155 315 467 377 principaliter
488 313 605 358 ratio
631 313 948 369 conceptionis
972 313 1209 368 consistit,
1236 313 1323 357 fuit
1342 313 1389 355 in
1410 312 1630 368 instanti,
1652 311 1826 369 duplici
1850 325 1926 356 ra-

46 381 184 425 tione.
211 377 359 423 Primo
377 375 563 434 quidem
591 379 779 431 propter
803 374 1021 419 virtutem
1044 375 1225 430 agentis
1243 374 1499 429 infinitam3
1525 373 1703 419 scilicet
1733 373 1928 431 Spiritus

44 440 209 495 sancti,
232 451 315 496 per
334 449 472 495 quem
494 447 666 493 corpus
696 436 861 481 Christi
884 441 955 481 est
977 435 1226 479 formatum
1240 468 1253 489 ,
1279 439 1334 479 ut
1356 447 1499 491 supra
1530 435 1707 480 dictum
1728 439 1800 480 est
1830 436 1925 493 (qu.

45 514 181 560 praec.
208 508 292 546 art.
316 504 376 555 1).
396 498 538 544 Tanto
560 497 685 543 enim
707 496 896 555 aliquod
914 508 1060 554 agens
1082 495 1219 540 citius
1233 500 1387 552 potest
1404 497 1646 543 materiam
1665 497 1927 554 d1sponere,

48 563 218 622 quanto
236 561 423 620 maj0ris
443 558 627 604 virtutis
649 562 750 604 est:
775 558 902 604 unde
925 570 1070 614 agens
1091 555 1283 602 infinitae
1301 556 1485 601 virtutis
1495 562 1647 613 potest
1669 558 1717 602 in
1736 558 1928 604 instanti

47 625 286 671 materiam
308 623 552 680 disponere
575 621 635 666 ad
658 620 862 666 debitam
883 620 1095 665 formam.
1118 618 1329 663 Secundo
1348 630 1406 664 ex
1424 623 1555 676 parte
1577 631 1791 676 personae
1813 620 1928 678 Filii,

47 687 181 745 qu'us
203 696 372 743 corpus
392 682 696 729 formabatur.
719 684 818 727 Non
841 681 967 727 enim
988 684 1088 726 erat
1109 691 1370 737 congruum
1395 684 1449 724 ut
1470 692 1641 737 corpus
1671 681 1927 727 humanum

46 751 319 806 assumeret,
341 745 430 792 nisi
448 745 715 789 formatum.
741 743 786 789 Si
809 747 966 789 autem
989 747 1096 788 ante
1118 741 1441 788 formationem
1471 742 1723 798 perfectam
1742 742 1930 800 aliquod

47 814 231 866 tempus
244 806 557 865 conceptionis
579 805 911 863 praecessisset,
932 818 1028 850 non
1046 810 1204 863 posset
1226 808 1322 850 tota
1342 803 1586 860 conceptio
1609 803 1798 849 attribui
1819 804 1930 855 Filio

45 871 137 926 Dei,
160 883 265 929 quae
282 882 377 915 non
397 867 663 913 attribuitur
681 869 724 912 ei
744 867 832 912 nisi
850 867 1029 912 ratione
1045 864 1390 923 assumptionis.
1412 867 1465 909 Et
1484 865 1587 909 ideo
1606 866 1656 910 in
1670 865 1820 922 primo
1834 865 1930 910 ins-

49 932 161 976 tanti
191 944 283 989 quo
300 931 494 976 materia
526 930 731 975 adunata
760 928 974 987 pervenit
994 929 1053 974 ad
1073 929 1228 973 locum
1257 927 1596 984 generationis,
1619 926 1708 972 fuit
1730 926 1933 983 perfecte

44 992 293 1038 formatum
315 1004 485 1049 corpus
506 991 671 1037 Christi
696 995 742 1037 et
759 995 1067 1047 assumptum.
1090 992 1144 1034 Et
1172 1002 1255 1046 per
1274 990 1360 1033 hoc
1383 988 1553 1034 dicitur
1573 989 1675 1046 ipse
1693 989 1834 1034 Filius
1851 988 1929 1034 Dei

47 1059 315 1112 conceptus,
339 1053 464 1111 quod
487 1052 619 1098 aliter
638 1053 727 1098 dici
747 1065 843 1098 non
860 1056 1018 1110 posset
1037 1053 1108 1107 (1).

99 1114 166 1160 Ad
185 1117 385 1172 primum
403 1125 514 1170 ergo
537 1114 812 1170 dicendum,
833 1111 960 1171 quod
983 1111 1179 1156 verbum
1201 1110 1446 1167 Augustini
1468 1110 1715 1169 utrobique
1738 1124 1831 1157 non
1852 1125 1930 1157 re-

46 1175 192 1221 fertur
211 1177 271 1222 ad
291 1175 439 1222 solam
460 1176 783 1221 formationem
805 1173 1010 1231 corporis
1042 1172 1232 1229 Christi,
1256 1172 1337 1218 sed
1361 1173 1418 1216 ad
1440 1172 1765 1219 formationem
1792 1174 1931 1219 simul

46 1248 155 1281 cum
177 1237 480 1284 determinato
502 1240 754 1293 augmento
775 1247 926 1292 usque
946 1234 1004 1280 ad
1023 1239 1208 1291 tempus
1226 1236 1403 1291 partus.
1424 1233 1554 1279 Unde
1576 1235 1837 1280 secundum
1857 1247 1932 1280 ra-

46 1297 220 1343 tionem
241 1298 368 1344 illius
387 1297 570 1342 numeri
594 1297 703 1342 dicit
732 1296 890 1354 pertici
914 1301 1100 1352 tempus
1122 1307 1291 1340 novem
1314 1295 1577 1353 mensium,
1603 1308 1696 1352 quo
1726 1297 1932 1341 Christus

44 1358 131 1404 fuit
152 1359 200 1404 in
225 1364 359 1405 utero
379 1359 591 1416 Virginis.

100 1420 166 1466 Ad
193 1422 438 1466 secundum
470 1420 743 1477 dicendum,
765 1418 891 1476 qued
917 1424 1074 1463 motus
1106 1418 1185 1463 ille
1217 1417 1378 1463 localis
1410 1431 1505 1462 non
1527 1419 1934 1476 comprehenditur

46 1481 168 1527 infra
185 1482 335 1540 ipsam
357 1482 726 1539 conceptionem,
747 1481 831 1526 sed
853 1484 925 1526 est
945 1480 1238 1537 conceptioni
1255 1480 1586 1537 praeambulus.

101 1542 168 1588 Ad
191 1546 374 1588 tertium
395 1543 671 1602 dicendum,
692 1542 817 1600 quod
836 1554 929 1586 non
952 1546 1026 1586 est
1047 1541 1285 1599 assignare
1304 1541 1521 1587 ultimum
1543 1542 1723 1588 instans
1737 1576 1750 1599 ,
1770 1541 1819 1587 in
1841 1555 1935 1600 quo

46 1611 240 1656 materia
261 1611 340 1656 illa
357 1611 446 1657 fuit
467 1611 688 1669 sanguis3
714 1610 797 1655 sed
819 1615 889 1654 est
911 1610 1151 1666 assignare
1174 1609 1391 1654 ultimum
1413 1613 1615 1667 tempus,
1638 1608 1764 1667 quod
1786 1610 1934 1655 conti-

48 1676 221 1717 nuatur
254 1673 386 1718 nullo
420 1672 759 1719 interveniente
795 1671 950 1716 medio
982 1671 1041 1716 ad
1064 1671 1266 1728 primum
1300 1671 1483 1716 instans
1511 1671 1561 1716 in
1591 1684 1685 1729 quo
1719 1672 1807 1717 fuit
1827 1685 1934 1717 caro

49 1732 214 1778 Christi
234 1733 431 1778 formata
455 1749 467 1778 :
500 1739 548 1779 et
565 1735 654 1779 hoc
674 1734 857 1778 instans
875 1732 964 1777 fuit
982 1733 1210 1777 terminus
1232 1733 1454 1789 temporis
1475 1736 1631 1778 motus
1650 1733 1812 1778 localis
1833 1745 1937 1779 ma-

51 1793 178 1839 teriae
197 1793 255 1839 ad
278 1794 432 1839 locum
451 1794 778 1850 generationis.

68 1908 71 1909 7
105 1854 172 1899 Ad
193 1858 404 1911 quartum
426 1855 700 1911 dicendum,
725 1854 849 1912 quod
873 1857 1181 1910 augmentum
1204 1853 1257 1898 fit
1277 1865 1360 1910 per
1382 1854 1632 1910 potentiam
1662 1860 1935 1912 augmenta-
1970 1866 1988 1907 1.

51 1916 193 1961 tivam
213 1917 360 1974 ipsius
385 1917 511 1973 quod
534 1921 753 1974 augetur3
775 1916 859 1962 sed
878 1916 1093 1960 formatio
1115 1916 1321 1972 corporis
1343 1915 1396 1960 fit
1418 1928 1500 1972 per
1519 1917 1773 1972 potentiam
1795 1928 1934 1973 gene-

51 1978 248 2022 rativam
268 1991 363 2023 non
384 1978 486 2035 eJus
505 1977 585 2035 qui
607 1981 874 2035 generatur,
906 1977 989 2022 sed
1012 1977 1159 2034 ipsius
1182 1977 1448 2033 generantis
1466 1989 1525 2022 ex
1555 1978 1749 2035 semine,
1773 1978 1828 2023 in
1844 1991 1942 2036 quo⁴

51 2043 269 2096 operatur
283 2039 355 2084 vis
371 2038 615 2084 formativa
637 2039 695 2083 ab
714 2039 869 2083 anima
887 2037 1032 2095 patris
1056 2039 1274 2084 derivata.
1298 2040 1471 2096 Corpus
1494 2043 1648 2084 autem
1663 2040 1826 2085 Christi
1843 2053 1936 2086 non

51 2099 138 2144 fuit
158 2100 408 2144 formatum
430 2112 490 2146 ex
509 2100 687 2145 semine
704 2099 809 2157 viri,
829 2101 950 2145 sicut
965 2111 1107 2156 supra
1125 2099 1301 2145 dictum
1317 2103 1390 2145 est
1411 2101 1591 2156 (quaest.
1612 2112 1751 2157 praec.
1771 2105 1857 2146 art.
1875 2104 1937 2160 1),

52 2162 135 2206 sed
164 2174 220 2207 ex
244 2162 511 2220 operatione
546 2162 740 2219 Spiritus
770 2163 938 2207 sancti.
967 2164 1020 2206 Et
1041 2162 1144 2207 ideo
1168 2162 1273 2206 talis
1303 2161 1462 2207 debuit
1492 2174 1597 2207 esse
1619 2162 1832 2207 formatio
1849 2197 1862 2219 ,
1885 2169 1937 2209 ut

54 2223 269 2280 Spiritum
291 2229 506 2270 sanctum
539 2224 739 2271 deceret.
771 2225 859 2270 Sed
890 2231 1196 2281 augmentum
1219 2224 1424 2281 corporis
1460 2224 1626 2270 Christi
1657 2225 1743 2269 fuit
1763 2227 1937 2272 factum

54 2285 587 2343 secundum-potentiam
607 2287 1002 2345 augmentativam
1033 2286 1196 2330 animae
1219 2285 1404 2344 Christi3
1430 2298 1535 2343 quae
1556 2286 1664 2330 cum
1696 2287 1757 2331 sit
1785 2290 1937 2344 specie

54 2347 302 2392 conformis
313 2329 491 2393 'animae
522 2352 695 2394 nostrae
711 2381 724 2406 ‚
749 2349 913 2394 eodem
940 2348 1078 2393 modo
1108 2348 1268 2394 debuit
1290 2360 1460 2405 corpus
1482 2348 1596 2393 illud
1622 2351 1935 2407 augmentari,

55 2409 174 2453 sicut
195 2414 242 2454 et
259 2409 348 2454 alia
367 2409 608 2455 hominum
637 2423 829 2468 corpora
858 2414 1238 2468 augmentantur,
1259 2414 1312 2456 ut
1333 2422 1392 2455 ex
1415 2411 1503 2456 hoc
1525 2411 1848 2456 ostenderetur
1864 2425 1941 2458 νε·

54 2469 165 2515 ritas
182 2470 399 2516 humanae
418 2476 612 2517 naturae.

82 2541 420 2585 ARTICULUS
436 2545 496 2585 11.
515 2566 572 2574 -—
595 2555 732 2584 uranu
751 2554 908 2585 conrus
930 2553 1093 2584 cnmsri
1117 2535 1268 2584 runnu·
1290 2553 1497 2585 Amnum:
1519 2553 1561 2584 m
1580 2554 1705 2587 ramo
1729 2555 1911 2587 msrmri

782 2614 869 2646 suAE
894 2614 1204 2646 CONCEPTmNIs.

78 2673 127 2708 De
141 2673 193 2710 his
206 2676 309 2712 etiam
326 2677 420 2712 Sent.
434 2685 475 2712 111
487 2703 499 2721 ‚
518 2676 596 2713 dist.
610 2677 645 2718 5,
658 2680 774 2719 quaest.
791 2685 826 2718 v,
843 2680 908 2713 art.
922 2677 944 2713 2
957 2678 1001 2712 ad
1022 2678 1054 2717 5,
1073 2681 1106 2713 et
1128 2679 1226 2713 Cont.
1243 2680 1334 2717 gent.
1353 2676 1414 2712 lib.
1439 2685 1489 2720 iv,
1503 2687 1575 2719 cap·
1594 2678 1636 2713 ⁴4
1652 2680 1687 2713 et
1700 2678 1744 2714 15
1760 2678 1802 2713 ad
1818 2679 1853 2722 2,
1870 2687 1909 2716 ot

386 2726 509 2767 opusc.
528 2733 567 2765 11,
583 2736 655 2766 cap.
676 2725 741 2760 225
753 2730 788 2760 et
804 2724 880 2766 225,
896 2730 931 2760 et
955 2725 1051 2759 Joan.
1070 2734 1096 2767 1,
1112 2725 1193 2761 lect.
1214 2725 1265 2767 15,
1292 2728 1325 2759 et
1340 2736 1413 2767 cap.
1427 2724 1460 2766 2,
1477 2725 1555 2759 lect.
1569 2724 1604 2759 5.

30 2824 36 2829 .
113 2780 180 2826 Ad
201 2785 457 2830 secundum
484 2785 552 2830 sic
569 2786 850 2843 proceditur.
873 2790 918 2832 1.
941 2786 1128 2831 Videtur
1153 2785 1275 2843 quod
1300 2798 1469 2843 corpus
1495 2785 1659 2831 Christi
1687 2798 1781 2831 non
1800 2787 1938 2834 fuerit

59 2842 314 2890 ‘inimatum
330 2846 380 2889 in
401 2847 550 2902 primo
570 2847 763 2893 instanti
782 2861 878 2894 suae
897 2848 1230 2905 conceptionis,
1255 2847 1371 2892 Dicit
1389 2848 1514 2892 enim
1532 2850 1622 2892 Leo
1643 2860 1764 2905 papa
1780 2849 1827 2893 in
1848 2851 1937 2907 epi·

85 2904 180 2951 tola
195 2905 255 2951 ad
267 2906 501 2952 Iulianum
515 2908 579 2962 (in
599 2909 771 2955 noviss.
790 2910 900 2956 edit.
916 2913 1028 2955 Ven.
1046 2913 1116 2966 35,
1135 2909 1257 2966 apud
1279 2920 1356 2965 qu.
1379 2911 1450 2967 25,
1468 2908 1528 2953 al.
1550 2912 1621 2965 11,
1640 2909 1786 2966 prope
1806 2910 1905 2966 fin.)
1922 2926 1936 2957 ε

97 2967 196 3012 Non
209 2966 398 3014 alterius
411 2972 591 3013 naturae
611 2975 710 3016 erat
721 2983 832 3017 caro
851 2972 1012 3017 Christi
1030 2971 1169 3028 quam
1189 2974 1370 3025 nostra,
1388 2982 1476 3014 nec
1495 2970 1584 3014 alia
1603 2970 1667 3014 illi
1684 2971 1823 3027 quam
1845 2986 1936 3018 cae-

68 3027 179 3073 teris
207 3028 474 3075 hominibus
495 3030 649 3075 anima
678 3035 748 3076 est
768 3032 991 3090 inspirata
1010 3032 1253 3090 principio.
1276 3050 1296 3071 υ
1323 3031 1412 3076 Sed
1433 3030 1535 3075 aliis
1553 3031 1820 3077 hominibus
1844 3048 1937 3080 non

64 3087 326 3136 infunditur
348 3092 504 3136 anima
532 3091 580 3136 in
605 3093 755 3149 primo
772 3093 961 3139 instanti
998 3106 1095 3138 suae
1131 3092 1461 3149 conceptionis.
1496 3095 1614 3148 Ergo
1638 3106 1725 3139 nec
1759 3099 1936 3152 ccrpori

61 3151 225 3196 Christi
247 3154 400 3200 anima
422 3154 581 3200 debuit
601 3155 782 3200 infundi
805 3156 853 3200 in
876 3157 1026 3213 primo
1049 3156 1238 3200 instanti
1262 3167 1359 3199 suae
1379 3156 1709 3212 conceptionis.

126 3217 167 3257 2.
197 3218 433 3273 Praeterea,
457 3217 626 3270 anima,
649 3217 770 3261 sicut
788 3218 1004 3273 quaelibet
1021 3218 1170 3261 forma
1191 3217 1431 3273 naturalis,
1452 3218 1645 3274 requirit
1666 3218 1938 3263 determina-

109 3363 153 3405 (l)
166 3362 238 3396 Huc
251 3361 398 3404 pertinet
408 3361 702 3395 anathematismus
711 3372 809 3402 quem
825 3372 862 3394 ex
871 3372 961 3394 conc.
1043 3373 1107 3394 osse
1124 3372 1243 3401 corpus
1259 3361 1393 3395 Domini
1414 3360 1449 3394 in
1465 3365 1563 3395 utero
1584 3362 1736 3402 Virginis
1759 3363 1888 3397 Sanctae
1905 3367 1937 3398 et

68 3410 209 3451 quodam
234 3410 486 3449 constantinop.
508 3408 611 3443 refert
631 3408 886 3449 Nicephorum,
911 3409 962 3448 47,
1045 3408 1197 3447 :leima-:is
1220 3409 1352 3441 unitum
1378 3420 1445 3442 esse
1472 3409 1501 3442 ei
1533 3409 1638 3443 Deum
1663 3409 1813 3443 Verbum
1838 3416 1937 3450 atque

69 3468 97 3490 e.
122 3457 187 3495 28).
208 3458 243 3492 Si
266 3458 340 3498 quis
365 3457 446 3491 dicit
465 3461 522 3491 aut
540 3458 642 3491 sentit
664 3457 756 3498 prius
783 3455 963 3489 formatum
1045 3457 1189 3490 azimam
1203 3483 1211 3498 ‚
1232 3460 1268 3491 ut
1296 3469 1368 3498 quie
1389 3456 1481 3497 prius
1501 3457 1662 3494 extiterit,
1684 3456 1860 3490 anathema
1878 3457 1933 3491 sit.
