2170 3808
204 191 290 234 282
754 190 955 243 QUAEST.
986 191 1161 247 XXXIV,
1193 192 1310 235 ART.
1342 192 1380 236 11
1405 193 1471 237 ΕΤ
1499 194 1570 239 111.

204 270 356 326 potuit
373 271 422 315 in
443 283 499 316 eo
517 282 622 315 esse
637 269 776 315 etiam
793 270 999 328 operatio
1018 275 1186 316 sensus
1204 271 1254 316 in
1278 272 1428 328 primo
1445 273 1638 320 instanti
1651 286 1752 320 suae
1766 275 2095 338 conceptionis,

204 332 407 377 maxime
426 332 656 390 quantum
675 332 734 378 ad
756 344 952 378 sensum
978 337 1129 379 tactus
1148 346 1161 378 ε
1183 346 1277 392 quo
1292 347 1436 381 sensu
1452 336 1607 393 proles
1631 342 1856 395 concepta
1884 337 2024 384 sentit
2046 337 2098 386 in

203 398 368 451 matre,
384 394 526 439 etiam
545 398 798 453 antequam
813 395 1019 440 animam
1039 396 1315 443 rationalem
1336 397 1558 456 obtineat,
1579 403 1634 444 ut
1649 399 1820 445 dicitur
1837 400 1917 455 (De
1935 411 2095 457 gener.

203 455 393 501 animal.
417 455 497 501 lib.
523 470 570 514 11,
595 469 700 515 cap.
721 460 765 515 3,
787 458 814 501 a
831 458 981 516 princ.
1006 462 1053 503 et
1081 471 1182 516 cap.
1206 462 1250 516 4,
1276 459 1305 503 a
1321 459 1476 516 med.).
1510 461 1640 506 Unde
1669 464 1778 506 cum
1810 461 2017 506 Christus
2045 461 2098 511 in

201 516 353 573 primo
374 516 570 563 instanti
586 530 684 564 suae
698 519 1018 578 conceptionis
1033 519 1248 565 hahuerit
1266 522 1470 566 animam
1486 523 1775 578 rationalem,
1793 523 2097 581 formatojam

201 581 249 622 et
265 578 529 635 organizato
559 593 752 638 corpore
778 581 897 640 ejus,
925 581 1074 626 multo
1092 583 1245 640 magis
1265 584 1312 627 in
1333 583 1496 629 eodem
1517 584 1710 630 instanti
1730 590 1910 642 poterat
1926 584 2098 631 habere

200 642 517 697 operationem
534 647 702 688 sensus
722 647 891 689 tactuS.
1879 668 1889 677 ’
2167 649 2170 652 ”

201 710 548 755 ARTICULUS
567 714 652 756 ΙΙΙ.
667 736 725 744 --
747 726 886 756 unum
902 725 1101 756 cumsrus
1117 727 1158 756 m
1174 726 1298 757 rmno
1321 727 1508 759 msrmn
1528 728 1616 759 suat
1635 728 1929 770 concnruoms
1941 726 2098 760 uttan!

1000 787 1200 819 rorumm·
1218 776 1298 831 (1).

200 839 252 877 Dc
264 840 319 877 hi·
334 842 438 877 ctiam
457 843 554 877 Sent.
573 850 625 883 111,
646 842 726 877 dist.
742 843 796 884 25,
815 847 969 884 quaest.1‚
983 848 1050 877 art.
1063 842 1231 885 2,Tquaest.
1250 853 1292 879 ιιι
1303 870 1311 884 .
1324 848 1358 878 et
1372 843 1452 881 dist.
1465 846 1520 888 4⁴,
1539 850 1605 881 art.
1626 847 1660 887 5,
1678 849 1794 888 quast.
1812 853 1863 888 vt,
1880 848 1916 882 et
1933 844 2014 882 dist.
2029 845 2092 891 ⁴8,

471 894 535 925 art.
550 891 571 925 5
588 896 622 926 et
635 892 668 933 5,
684 894 718 925 et
734 891 782 925 De
796 903 869 928 ver.
886 896 1002 934 quaest.
1021 899 1117 932 xxm,
1132 897 1198 927 art.
1219 893 1254 935 8,
1270 896 1305 927 et
1323 893 1446 935 opusc.
1463 901 1502 935 11,
1520 906 1592 936 cap.
1609 894 1675 931 2⁴5
1696 899 1730 930 et
1743 895 1820 930 2¹4.

255 951 324 997 Ad
342 952 531 998 tertium
564 951 632 997 sic
654 953 935 1010 proceditur.
973 956 1016 998 1.
1046 953 1235 998 Videtur
1267 953 1394 1011 quod
1424 955 1629 1000 Christus
1649 955 1699 1000 in
1722 956 1873 1013 primo
1903 953 2098 1001 instanti

199 1024 299 1059 suae
328 1014 648 1072 conceptionis
666 1015 836 1061 mereri
867 1027 962 1060 non
985 1014 1206 1072 potuerit.
1230 1015 1356 1060 Sicut
1375 1016 1497 1061 enim
1521 1028 1572 1061 se
1593 1015 1734 1062 habet
1750 1017 1951 1063 liberum
1971 1015 2099 1062 arbi-

203 1075 342 1122 trium
364 1076 426 1122 ad
441 1077 736 1134 merendum,
760 1077 824 1123 ita
847 1078 908 1124 ad
927 1077 1280 1123 demerendum.
1309 1078 1396 1124 Sed
1421 1078 1639 1125 diabolus
1656 1079 1706 1124 in
1730 1079 1882 1137 primo
1906 1078 2099 1125 instanti

199 1149 299 1183 suae
316 1139 565 1185 creationis
588 1152 683 1184 non
704 1140 854 1197 potuit
876 1152 1087 1198 peccare,
1108 1145 1162 1186 ut
1188 1141 1237 1185 in
1258 1141 1410 1199 prima
1432 1145 1562 1199 parte
1589 1141 1802 1187 habitum
1819 1147 1891 1189 est
1912 1145 2098 1200 (quaest.

174 1205 176 1207 ’
198 1211 319 1258 mnu,
337 1206 425 1247 art.
449 1204 509 1258 5).
533 1205 653 1260 Ergo
672 1215 827 1260 neque
846 1203 1004 1247 anima
1025 1202 1189 1249 Christi
1219 1204 1268 1248 in
1298 1204 1449 1261 primo
1477 1204 1671 1250 instanti
1704 1217 1805 1251 suae
1831 1203 2096 1260 creationis,
2165 1233 2170 1237 -

197 1273 303 1320 quae
324 1263 414 1309 fuit
430 1263 634 1321 primum
654 1265 838 1310 instans
860 1266 1178 1321 conceptionis
1197 1267 1380 1322 Christi,
1396 1267 1546 1324 potuit
1563 1267 1747 1312 mereri.

252 1327 295 1370 2.
322 1327 565 1382 Praeterea,
578 1327 696 1373 illud
711 1328 837 1384 quod
852 1328 991 1372 homo
1009 1328 1150 1373 habet
1173 1329 1223 1372 in
1247 1328 1397 1386 primo
1428 1329 1621 1374 instanti
1639 1342 1737 1375 suae
1758 1328 2096 1387 conceptionis,

195 1385 382 1432 videtur
395 1388 437 1433 ei
462 1400 566 1446 esse
585 1389 815 1446 naturale,
838 1390 947 1447 quia
970 1390 1057 1435 hoc
1086 1393 1159 1434 est
1190 1389 1252 1435 ad
1281 1389 1408 1447 quod
1433 1390 1710 1441 terminatur
1742 1403 1830 1436 sua
1861 1389 2098 1447 generatio

196 1451 441 1496 naturalis.
459 1451 549 1497 Sed
568 1452 864 1498 naturalibus
879 1464 974 1496 non
991 1465 1244 1509 meremur,
1261 1456 1316 1497 ut
1332 1456 1459 1510 patet
1477 1465 1533 1498 ex
1554 1453 1628 1498 his
1649 1466 1756 1511 quae
1774 1453 1898 1499 dicta
1916 1458 2026 1499 sunt
2046 1451 2096 1498 in

196 1512 405 1557 secunda
424 1517 557 1570 parte
573 1515 610 1569 (1
630 1516 674 1570 2,
692 1519 856 1570 quaest.
877 1528 995 1571 xx1v,
1009 1519 1095 1559 art.
1107 1519 1128 1561 1
1151 1515 1212 1560 ad
1226 1516 1270 1571 3,
1287 1517 1373 1559 et2
1391 1518 1436 1572 2,
1455 1519 1622 1572 quaest.
1645 1528 1789 1568 cnvm,
1806 1519 1892 1560 art.
1915 1513 2019 1559 2ad
2036 1514 2096 1569 1).

193 1574 315 1630 Ergo
343 1575 527 1620 videtur
545 1575 672 1632 quod
703 1589 823 1622 usus
846 1576 979 1621 liberi
1011 1576 1206 1631 arbitrii,
1250 1589 1392 1634 quem
1419 1577 1625 1622 Christus
1650 1577 1813 1622 hahuit
1834 1575 2095 1622 secundum

193 1635 431 1682 hominem
449 1638 500 1682 in
518 1638 669 1695 primo
684 1639 877 1684 instanti
900 1651 1000 1684 suae
1017 1640 1351 1696 conceptionis,
1372 1652 1465 1684 non
1485 1639 1626 1684 fuerit
1654 1639 1935 1686 meritorius.

248 1700 293 1743 3.
311 1701 555 1757 Praeterea,
574 1701 622 1746 id
638 1701 766 1759 quod
778 1701 924 1747 semel
937 1701 1106 1759 aliquis
1120 1702 1305 1759 meruit,
1317 1702 1416 1759 jam
1433 1701 1544 1747 fecit
1561 1702 1904 1759 quodammodo
1925 1712 2093 1747 suum:

193 1764 240 1805 et
260 1760 325 1806 ita
344 1774 439 1807 non
460 1763 645 1809 videtur
663 1764 789 1821 quod
811 1764 978 1808 iterum
1003 1764 1151 1821 possit
1172 1764 1289 1810 illud
1310 1764 1434 1810 idem
1462 1765 1647 1822 mereri,
1672 1765 1782 1822 quia
1810 1764 1971 1810 nullus
1996 1774 2094 1809 me·

193 1827 324 1868 retur
343 1825 473 1882 quod
502 1837 642 1870 suum
667 1831 753 1871 est.
777 1826 820 1871 Si
844 1838 956 1883 ergo
979 1826 1188 1872 Christus
1206 1826 1254 1871 in
1275 1826 1424 1884 primo
1446 1826 1641 1872 instanti
1659 1839 1758 1872 suae
1777 1825 2095 1884 conceptionis

192 1886 381 1941 meruit,
407 1888 621 1945 sequitur
636 1888 764 1946 quod
783 1893 946 1946 postea
963 1889 1080 1934 nihil
1099 1889 1338 1945 meruerit,
1363 1889 1488 1947 quod
1507 1894 1636 1946 patet
1655 1901 1760 1935 esse
1785 1889 1975 1934 falsum.
1994 1890 2092 1934 Non

192 1959 305 2005 ergo
324 1949 531 1995 Christus
553 1951 603 1994 in
621 1951 772 2007 primo
790 1951 984 1996 instanti
1001 1964 1100 1997 suae
1117 1951 1437 2009 conceptionis
1455 1952 1640 1997 meruit.

249 2011 338 2057 Sed
352 2015 512 2056 contra
529 2018 602 2058 est
619 2014 746 2070 quod
764 2014 1011 2070 Gregorius
1028 2014 1139 2059 dicit
1157 2016 1322 2072 (Super
1346 2014 1489 2059 Exod.
1516 2027 1602 2059 seu
1620 2013 1830 2059 Paterius
1861 2013 1983 2058 inter
2012 2024 2091 2069 op.
2162 2067 2163 2070 Ἴ

192 2076 328 2132 Greg.
362 2087 467 2133 cap.
501 2078 573 2134 40,
603 2081 711 2121 ante
733 2077 877 2130 med.)
902 2091 912 2118 :
939 2079 1071 2121 «Non
1100 2076 1263 2122 habuit
1294 2077 1487 2121 omnino
1515 2075 1724 2121 Christus
1750 2075 1888 2133 Juxta
1922 2074 2092 2120 animae

191 2136 429 2193 meritum,
450 2149 545 2194 quo
564 2137 795 2194 potuisset
812 2137 1053 2195 proficere.
1067 2157 1088 2176 υ
1112 2138 1344 2183 Potuisset
1362 2142 1523 2183 autem
1546 2137 1770 2194 proficere
1791 2137 1841 2181 in
1863 2136 2028 2181 merito
2050 2134 2091 2181 si

189 2198 240 2242 in
262 2199 413 2256 primo
430 2199 625 2244 instanti
644 2212 744 2245 suae
766 2200 1085 2256 conceptionis
1101 2213 1198 2244 non
1219 2199 1485 2245 meruisset.
1510 2202 1630 2257 Ergo
1652 2199 1702 2243 in
1720 2198 1872 2256 primo
1898 2197 2090 2244 instanti

190 2273 290 2305 suae
311 2260 631 2317 conceptionis
653 2262 825 2307 meruit
845 2261 1072 2306 Christus.

238 2330 530 2372 CONCLUSIO.
554 2353 600 2359 -
618 2331 722 2372 Cum
742 2331 928 2372 Christus
950 2332 994 2371 in
1011 2333 1147 2383 primo
1160 2333 1335 2372 instanti
1351 2343 1437 2372 suae
1451 2331 1729 2383 conceptionis
1750 2331 1809 2370 ita
1830 2330 1956 2370 fuerit
1973 2341 2089 2372 sano·

188 2385 386 2436 tificatus,
407 2389 455 2425 ut
483 2385 664 2425 aliorum
686 2387 961 2426 sanctificator
978 2390 1103 2436 esset,
1130 2387 1272 2427 eodem
1297 2398 1460 2439 quoque
1484 2386 1661 2426 instanti
1681 2397 1778 2426 eum
1800 2384 1998 2426 meruisse
2021 2385 2089 2426 di-

185 2439 365 2481 -aendum
386 2444 459 2481 est.

243 2503 519 2560 Respondeo
537 2503 789 2549 dicendum
812 2504 954 2563 quod,
975 2505 1097 2549 sicut
1122 2516 1265 2561 supra
1291 2503 1467 2549 dictum
1488 2508 1560 2549 est
1575 2505 1679 2560 (art.
1703 2506 1724 2548 1
1748 2503 1847 2561 huj.
1882 2506 2087 2562 quaest),

188 2565 395 2610 Christus
412 2565 462 2610 in
481 2565 632 2623 primo
656 2565 847 2611 instanti
869 2578 969 2611 suae
989 2566 1309 2623 conceptionis
1328 2565 1642 2610 sanctificatus
1662 2564 1752 2610 fuit
1770 2577 1853 2622 per
1871 2565 2085 2623 gratiam.

185 2629 267 2673 Est
297 2632 454 2672 autem
487 2627 663 2685 duplex
688 2627 1025 2672 sanctificatio:
1050 2640 1147 2672 una
1180 2628 1368 2684 quidem
1404 2628 1686 2684 adultorum,
1717 2627 1798 2685 qui
1825 2627 2088 2674 secundum

185 2690 428 2746 proprium
463 2694 619 2734 actum
648 2690 1027 2748 sanctificantur3
1049 2689 1141 2735 alia
1175 2694 1331 2735 autem
1350 2702 1617 2748 puerorum,
1655 2689 1736 2748 qui
1762 2701 1859 2734 non
1881 2690 2086 2734 sanctifi-

184 2757 353 2796 cantur
372 2751 633 2797 secundum
653 2751 894 2809 proprium
925 2755 1082 2797 actum
1113 2751 1237 2809 fidei,
1273 2751 1359 2798 sed
1390 2752 1651 2798 secundum
1670 2748 1814 2796 fidem
1838 2755 2085 2808 parentum

184 2813 259 2859 vel
276 2813 509 2859 Ecclesiae.
529 2813 681 2858 Prima
695 2819 854 2858 autem
869 2814 1174 2859 sanctificatio
1195 2818 1269 2860 est
1283 2814 1530 2871 perfectior
1540 2811 1681 2872 quarn
1702 2812 1910 2859 secunda
1925 2827 1939 2870 ς
1964 2813 2086 2859 sicut

185 2881 319 2922 actus
332 2880 404 2921 est
418 2875 665 2933 perfectior
679 2877 821 2933 quam
836 2876 1042 2933 habituS‚
1061 2882 1108 2922 et
1118 2876 1245 2934 quod
1258 2880 1331 2922 est
1348 2889 1433 2934 per
1453 2889 1521 2934 se,
1538 2888 1594 2921 eo
1608 2875 1736 2933 quod
1757 2879 1829 2921 est
1842 2887 1929 2933 per
1940 2875 2083 2923 aliud.

183 2939 297 2984 Cum
315 2950 430 2996 ergo
451 2938 757 2983 sanctificatio
787 2939 950 2983 Christi
980 2939 1122 2984 fuerit
1151 2938 1489 2997 perfectissima
1513 2938 1639 2996 (quia
1672 2938 1740 2983 sic
1768 2938 2085 2984 sanctificatus

182 3003 326 3045 estut
346 3005 472 3045 esset
494 3000 693 3045 aliorum
717 3001 1063 3058 sanctificator),
1092 3013 1393 3058 consequens
1421 3006 1494 3047 est
1529 2999 1656 3059 quod
1689 3000 1791 3057 ipse
1823 3000 2083 3046 secundum

181 3062 423 3119 proprium
449 3067 630 3107 motum
653 3063 789 3108 liberi
815 3063 991 3108 arbitrii
1022 3063 1071 3107 in
1091 3065 1234 3108 Deum
1263 3063 1404 3108 fuerit
1425 3060 1769 3119 sanctificatus3
1792 3062 2081 3120 quiquidem

181 3127 340 3168 motus
357 3122 491 3167 liberi
511 3124 687 3169 arbitrii
714 3130 786 3170 est
818 3125 1102 3170 meritorius.
1133 3125 1261 3170 Unde
1298 3137 1593 3183 consequens
1614 3129 1686 3171 est
1714 3123 1839 3182 quod
1860 3125 1910 3169 in
1932 3125 2081 3181 primo

182 3185 372 3230 instanti
393 3197 491 3228 suae
509 3186 829 3243 conceptionis
851 3187 1060 3232 Christus
1079 3187 1303 3233 meruerit
1321 3190 1395 3244 (2).

225 3310 268 3349 (1)
295 3309 510 3344 Αῐίίιιιιπῐίνὲ
543 3310 722 3350 respondet
755 3313 790 3345 S.
828 3313 951 3346 Doctor
983 3315 1015 3346 et
1043 3312 1086 3347 ad
1172 3314 1260 3347 tasci
1289 3313 1405 3352 mihi,
1423 3315 1498 3346 tum
1525 3311 1609 3346 dimi
1630 3312 1748 3347 :Ecce
1769 3322 1875 3347 vento
1897 3310 2075 3352 (Rebi-,XL

181 3357 268 3392 hano
296 3357 498 3392 sententiam
529 3358 702 3397 portinere
731 3364 869 3398 possunt
892 3360 962 3393 haec
983 3360 1085 3395 verba
1112 3395 1118 3403 ‚
1213 3360 1256 3402 (2)
1291 3361 1331 3394 Et
1359 3360 1430 3393 sinc
1461 3358 1717 3399 interruptione
1748 3371 1852 3401 usque
1879 3359 1920 3393 ad
1947 3359 2078 3392 instans

181 3406 354 3447 Apostoli:
371 3407 588 3449 ΙιιςμῈᾶῐεηε
605 3407 840 3441 inmundum
854 3407 947 3443 dicit
962 3421 974 3443 .·
990 3410 1084 3444 Hos·
1172 3409 1294 3443 mortis
1311 3436 1320 3449 ,
1339 3409 1419 3442 dum
1442 3407 1547 3441 suerit
1566 3407 1600 3439 in
1621 3408 1783 3441 continuo
1804 3419 1866 3441 usu
1892 3405 1993 3440 liberi
2016 3416 2076 3438 ar·-

178 3455 542 3489 eiametoblatiomm
555 3455 867 3496 maluisti,corpus
881 3461 1002 3490 autem
1019 3467 1084 3499 ap·
1170 3454 1292 3497 binii,
1330 3462 1363 3490 et
1388 3454 1475 3489 nihil
1509 3459 1594 3489 esset
1620 3454 1709 3494 quod
1738 3466 1816 3489 eum
1850 3453 1901 3489 vel
1933 3453 2077 3487 virtutes
