<?xml version="1.0" encoding="UTF-8"?>
<!DOCTYPE html PUBLIC "-//W3C//DTD XHTML 1.0 Transitional//EN"
    "http://www.w3.org/TR/xhtml1/DTD/xhtml1-transitional.dtd">
<html xmlns="http://www.w3.org/1999/xhtml" xml:lang="en" lang="en">
 <head>
  <title>
</title>
<meta http-equiv="Content-Type" content="text/html;charset=utf-8" />
  <meta name='ocr-system' content='tesseract 3.04.00' />
  <meta name='ocr-capabilities' content='ocr_page ocr_carea ocr_par ocr_line ocrx_word'/>
</head>
<body>
  <div class='ocr_page' id='page_1' title='image "./summatheologica06thomuoft_0250.png"; bbox 0 0 2170 3808; ppageno 0'>
   <div class='ocr_carea' id='block_1_1' title="bbox 171 276 2069 434">
    <p class='ocr_par' dir='ltr' id='par_1_1' title="bbox 171 276 2069 434">
     <span class='ocr_line' id='line_1_1' title="bbox 171 276 1494 343; baseline 0.002 -14"><span class='ocrx_word' id='word_1_1' title='bbox 171 299 253 343; x_wconf 64' lang='lat'>234</span> <span class='ocrx_word' id='word_1_2' title='bbox 745 276 950 342; x_wconf 81' lang='lat' dir='ltr'>QUAE&#39;ST.</span> <span class='ocrx_word' id='word_1_3' title='bbox 977 284 1100 342; x_wconf 82' lang='lat' dir='ltr'>xxv,</span> <span class='ocrx_word' id='word_1_4' title='bbox 1131 287 1249 329; x_wconf 72' lang='lat' dir='ltr'>Am.</span> <span class='ocrx_word' id='word_1_5' title='bbox 1280 286 1317 329; x_wconf 88' lang='lat'>11</span> <span class='ocrx_word' id='word_1_6' title='bbox 1344 286 1407 329; x_wconf 77' lang='lat' dir='ltr'>ET</span> <span class='ocrx_word' id='word_1_7' title='bbox 1428 286 1494 331; x_wconf 86' lang='grc'><strong>111.</strong></span> 
     </span>
     <span class='ocr_line' id='line_1_2' title="bbox 174 364 2069 434; baseline -0.008 -7"><span class='ocrx_word' id='word_1_8' title='bbox 174 377 441 434; x_wconf 48' lang='lat' dir='ltr'>illudne-211.</span> <span class='ocrx_word' id='word_1_9' title='bbox 462 377 536 428; x_wconf 75' lang='lat' dir='ltr'>vn)</span> <span class='ocrx_word' id='word_1_10' title='bbox 557 387 570 419; x_wconf 74' lang='grc' dir='ltr'><strong><em>ε</em></strong></span> <span class='ocrx_word' id='word_1_11' title='bbox 593 374 798 427; x_wconf 79' lang='lat' dir='ltr'><strong><em>Domine,</em></strong></span> <span class='ocrx_word' id='word_1_12' title='bbox 828 374 949 414; x_wconf 78' lang='lat' dir='ltr'>Deus</span> <span class='ocrx_word' id='word_1_13' title='bbox 971 381 1110 426; x_wconf 69' lang='lat' dir='ltr'>meu-³,</span> <span class='ocrx_word' id='word_1_14' title='bbox 1143 371 1193 411; x_wconf 76' lang='lat' dir='ltr'>iu</span> <span class='ocrx_word' id='word_1_15' title='bbox 1217 371 1260 410; x_wconf 86' lang='lat' dir='ltr'>te</span> <span class='ocrx_word' id='word_1_16' title='bbox 1285 370 1485 424; x_wconf 82' lang='lat' dir='ltr'><strong><em>speravi,</em></strong></span> <span class='ocrx_word' id='word_1_17' title='bbox 1509 366 1620 411; x_wconf 87' lang='lat' dir='ltr'>dicit</span> <span class='ocrx_word' id='word_1_18' title='bbox 1651 365 1811 410; x_wconf 83' lang='lat' dir='ltr'>Glossa.</span> <span class='ocrx_word' id='word_1_19' title='bbox 1844 364 2032 421; x_wconf 76' lang='lat' dir='ltr'>(interl.)</span> <span class='ocrx_word' id='word_1_20' title='bbox 2055 379 2069 412; x_wconf 74' lang='lat' dir='ltr'><strong><em>z</em></strong></span> 
     </span>
    </p>
   </div>
   <div class='ocr_carea' id='block_1_2' title="bbox 179 426 2110 491">
    <p class='ocr_par' dir='ltr' id='par_1_2' title="bbox 179 426 2110 491">
     <span class='ocr_line' id='line_1_3' title="bbox 179 426 2110 491; baseline -0.005 -9"><span class='ocrx_word' id='word_1_21' title='bbox 179 461 198 482; x_wconf 64' lang='lat' dir='ltr'>a</span> <span class='ocrx_word' id='word_1_22' title='bbox 217 442 441 487; x_wconf 82' lang='lat' dir='ltr'>Dominus</span> <span class='ocrx_word' id='word_1_23' title='bbox 471 435 683 482; x_wconf 89' lang='lat' dir='ltr'>omnium</span> <span class='ocrx_word' id='word_1_24' title='bbox 712 446 796 491; x_wconf 90' lang='lat' dir='ltr'>per</span> <span class='ocrx_word' id='word_1_25' title='bbox 821 431 1094 490; x_wconf 89' lang='lat' dir='ltr'>potentiam,</span> <span class='ocrx_word' id='word_1_26' title='bbox 1115 429 1192 474; x_wconf 90' lang='lat' dir='ltr'>cui</span> <span class='ocrx_word' id='word_1_27' title='bbox 1221 427 1419 474; x_wconf 85' lang='lat' dir='ltr'>debetur</span> <span class='ocrx_word' id='word_1_28' title='bbox 1436 428 1564 474; x_wconf 89' lang='lat' dir='ltr'>dulia</span> <span class='ocrx_word' id='word_1_29' title='bbox 1582 443 1594 469; x_wconf 69' lang='grc' dir='ltr'><strong><em>ι</em></strong></span> <span class='ocrx_word' id='word_1_30' title='bbox 1612 431 1734 472; x_wconf 85' lang='grc'><strong>1)0115</strong></span> <span class='ocrx_word' id='word_1_31' title='bbox 1763 426 1974 471; x_wconf 90' lang='lat' dir='ltr'>omnium</span> <span class='ocrx_word' id='word_1_32' title='bbox 1990 439 2072 484; x_wconf 82' lang='lat' dir='ltr'>per</span> <span class='ocrx_word' id='word_1_33' title='bbox 2108 446 2110 448; x_wconf 95' lang='lat'>·</span> 
     </span>
    </p>
   </div>
   <div class='ocr_carea' id='block_1_3' title="bbox 173 494 2071 620">
    <p class='ocr_par' dir='ltr' id='par_1_3' title="bbox 173 494 2071 620">
     <span class='ocr_line' id='line_1_4' title="bbox 173 494 998 553; baseline -0.015 -5"><span class='ocrx_word' id='word_1_34' title='bbox 173 503 473 553; x_wconf 74' lang='lat' dir='ltr'>creationem,</span> <span class='ocrx_word' id='word_1_35' title='bbox 496 498 572 543; x_wconf 86' lang='lat' dir='ltr'>cui</span> <span class='ocrx_word' id='word_1_36' title='bbox 593 496 791 542; x_wconf 89' lang='lat' dir='ltr'>debetur</span> <span class='ocrx_word' id='word_1_37' title='bbox 809 494 962 539; x_wconf 82' lang='lat' dir='ltr'>latria.</span> <span class='ocrx_word' id='word_1_38' title='bbox 977 511 998 533; x_wconf 71' lang='lat' dir='ltr'>a·</span> 
     </span>
     <span class='ocr_line' id='line_1_5' title="bbox 228 549 2071 620; baseline -0.008 -12"><span class='ocrx_word' id='word_1_39' title='bbox 228 564 295 610; x_wconf 85' lang='lat' dir='ltr'>Ad</span> <span class='ocrx_word' id='word_1_40' title='bbox 326 565 528 620; x_wconf 78' lang='lat' dir='ltr'>primum</span> <span class='ocrx_word' id='word_1_41' title='bbox 552 571 677 616; x_wconf 88' lang='lat' dir='ltr'>-ergo</span> <span class='ocrx_word' id='word_1_42' title='bbox 714 557 984 611; x_wconf 90' lang='lat' dir='ltr'>dicendum,</span> <span class='ocrx_word' id='word_1_43' title='bbox 1007 553 1132 612; x_wconf 82' lang='lat' dir='ltr'>quod</span> <span class='ocrx_word' id='word_1_44' title='bbox 1162 553 1323 597; x_wconf 88' lang='lat' dir='ltr'>Glossa</span> <span class='ocrx_word' id='word_1_45' title='bbox 1344 551 1423 596; x_wconf 85' lang='lat' dir='ltr'>illa</span> <span class='ocrx_word' id='word_1_46' title='bbox 1445 563 1541 596; x_wconf 89' lang='lat' dir='ltr'>non</span> <span class='ocrx_word' id='word_1_47' title='bbox 1563 555 1638 596; x_wconf 88' lang='lat' dir='ltr'>est</span> <span class='ocrx_word' id='word_1_48' title='bbox 1659 550 1728 595; x_wconf 86' lang='lat' dir='ltr'>sic</span> <span class='ocrx_word' id='word_1_49' title='bbox 1756 549 2071 607; x_wconf 84' lang='lat' dir='ltr'>intelligenda,</span> 
     </span>
    </p>
   </div>
   <div class='ocr_carea' id='block_1_4' title="bbox 173 612 2091 1351">
    <p class='ocr_par' dir='ltr' id='par_1_4' title="bbox 173 612 2091 1111">
     <span class='ocr_line' id='line_1_6' title="bbox 174 612 2074 685; baseline -0.007 -14"><span class='ocrx_word' id='word_1_50' title='bbox 174 626 310 685; x_wconf 85' lang='lat' dir='ltr'>quasi</span> <span class='ocrx_word' id='word_1_51' title='bbox 331 624 543 670; x_wconf 79' lang='lat' dir='ltr'>seorsum</span> <span class='ocrx_word' id='word_1_52' title='bbox 567 621 791 667; x_wconf 86' lang='lat' dir='ltr'>adoretur</span> <span class='ocrx_word' id='word_1_53' title='bbox 808 631 917 664; x_wconf 91' lang='lat' dir='ltr'>caro</span> <span class='ocrx_word' id='word_1_54' title='bbox 939 615 1105 663; x_wconf 88' lang='lat' dir='ltr'>Christi</span> <span class='ocrx_word' id='word_1_55' title='bbox 1127 616 1187 660; x_wconf 88' lang='lat' dir='ltr'>ab</span> <span class='ocrx_word' id='word_1_56' title='bbox 1217 615 1320 672; x_wconf 83' lang='lat' dir='ltr'>ejus</span> <span class='ocrx_word' id='word_1_57' title='bbox 1353 613 1622 670; x_wconf 80' lang='lat' dir='ltr'>divinitate3</span> <span class='ocrx_word' id='word_1_58' title='bbox 1655 613 1745 657; x_wconf 90' lang='lat' dir='ltr'>hoc</span> <span class='ocrx_word' id='word_1_59' title='bbox 1770 612 1894 657; x_wconf 88' lang='lat' dir='ltr'>enim</span> <span class='ocrx_word' id='word_1_60' title='bbox 1916 616 2074 668; x_wconf 83' lang='lat' dir='ltr'>posset</span> 
     </span>
     <span class='ocr_line' id='line_1_7' title="bbox 173 671 2074 743; baseline -0.007 -10"><span class='ocrx_word' id='word_1_61' title='bbox 173 687 445 743; x_wconf 88' lang='lat' dir='ltr'>contingere</span> <span class='ocrx_word' id='word_1_62' title='bbox 471 685 621 730; x_wconf 79' lang='lat' dir='ltr'>solum</span> <span class='ocrx_word' id='word_1_63' title='bbox 642 683 732 727; x_wconf 89' lang='lat' dir='ltr'>hoc</span> <span class='ocrx_word' id='word_1_64' title='bbox 759 681 919 738; x_wconf 86' lang='lat' dir='ltr'>modo,</span> <span class='ocrx_word' id='word_1_65' title='bbox 948 680 987 724; x_wconf 89' lang='lat' dir='ltr'>si</span> <span class='ocrx_word' id='word_1_66' title='bbox 1011 682 1136 723; x_wconf 85' lang='lat' dir='ltr'>esset</span> <span class='ocrx_word' id='word_1_67' title='bbox 1169 676 1257 721; x_wconf 84' lang='lat' dir='ltr'>alia</span> <span class='ocrx_word' id='word_1_68' title='bbox 1287 675 1553 734; x_wconf 83' lang='lat' dir='ltr'>hypostasis</span> <span class='ocrx_word' id='word_1_69' title='bbox 1582 674 1658 720; x_wconf 91' lang='lat' dir='ltr'>Dei</span> <span class='ocrx_word' id='word_1_70' title='bbox 1681 679 1728 720; x_wconf 89' lang='lat' dir='ltr'>et</span> <span class='ocrx_word' id='word_1_71' title='bbox 1746 674 1964 719; x_wconf 86' lang='lat' dir='ltr'>hominis.</span> <span class='ocrx_word' id='word_1_72' title='bbox 1986 671 2074 720; x_wconf 77' lang='lat' dir='ltr'>sed</span> 
     </span>
     <span class='ocr_line' id='line_1_8' title="bbox 173 735 2091 807; baseline -0.008 -12"><span class='ocrx_word' id='word_1_73' title='bbox 173 749 298 807; x_wconf 85' lang='lat' dir='ltr'>quia,</span> <span class='ocrx_word' id='word_1_74' title='bbox 323 754 374 793; x_wconf 85' lang='lat' dir='ltr'>ut</span> <span class='ocrx_word' id='word_1_75' title='bbox 392 751 707 792; x_wconf 89' lang='lat' dir='ltr'>Damascenus</span> <span class='ocrx_word' id='word_1_76' title='bbox 721 743 845 788; x_wconf 66' lang='lat' dir='ltr'>‘dicit</span> <span class='ocrx_word' id='word_1_77' title='bbox 866 741 972 796; x_wconf 86' lang='lat' dir='ltr'>(loc.</span> <span class='ocrx_word' id='word_1_78' title='bbox 989 752 1096 797; x_wconf 90' lang='lat' dir='ltr'>sup.</span> <span class='ocrx_word' id='word_1_79' title='bbox 1117 739 1231 796; x_wconf 90' lang='lat' dir='ltr'>cit.),</span> <span class='ocrx_word' id='word_1_80' title='bbox 1254 758 1275 777; x_wconf 81' lang='grc' dir='ltr'>«ι</span> <span class='ocrx_word' id='word_1_81' title='bbox 1290 738 1328 782; x_wconf 90' lang='grc'>51</span> <span class='ocrx_word' id='word_1_82' title='bbox 1349 737 1528 782; x_wconf 86' lang='lat' dir='ltr'>dividas</span> <span class='ocrx_word' id='word_1_83' title='bbox 1545 736 1795 782; x_wconf 82' lang='lat' dir='ltr'>subtilibus</span> <span class='ocrx_word' id='word_1_84' title='bbox 1809 735 2091 791; x_wconf 63' lang='lat' dir='ltr'>intelligem-</span> 
     </span>
     <span class='ocr_line' id='line_1_9' title="bbox 176 799 2072 868; baseline -0.008 -12"><span class='ocrx_word' id='word_1_85' title='bbox 176 811 265 858; x_wconf 78' lang='grc'><strong>1115.</strong></span> <span class='ocrx_word' id='word_1_86' title='bbox 291 810 414 868; x_wconf 83' lang='lat' dir='ltr'>quod</span> <span class='ocrx_word' id='word_1_87' title='bbox 434 808 618 853; x_wconf 87' lang='lat' dir='ltr'>videtur</span> <span class='ocrx_word' id='word_1_88' title='bbox 641 806 702 850; x_wconf 90' lang='lat' dir='ltr'>ab</span> <span class='ocrx_word' id='word_1_89' title='bbox 726 817 782 849; x_wconf 91' lang='lat' dir='ltr'>eo</span> <span class='ocrx_word' id='word_1_90' title='bbox 809 801 935 861; x_wconf 90' lang='lat' dir='ltr'>quod</span> <span class='ocrx_word' id='word_1_91' title='bbox 968 801 1258 858; x_wconf 88' lang='lat' dir='ltr'>intelligitur,</span> <span class='ocrx_word' id='word_1_92' title='bbox 1293 799 1594 844; x_wconf 86' lang='lat' dir='ltr'>inadorabilis</span> <span class='ocrx_word' id='word_1_93' title='bbox 1623 803 1770 844; x_wconf 88' lang='lat' dir='ltr'>estut</span> <span class='ocrx_word' id='word_1_94' title='bbox 1803 802 2030 854; x_wconf 85' lang='lat' dir='ltr'>creatura,</span> <span class='ocrx_word' id='word_1_95' title='bbox 2050 814 2072 836; x_wconf 79' lang='grc' dir='ltr'>ι»</span> 
     </span>
     <span class='ocr_line' id='line_1_10' title="bbox 176 858 2073 921; baseline -0.008 -2"><span class='ocrx_word' id='word_1_96' title='bbox 176 860 352 918; x_wconf 82' lang='lat' dir='ltr'>scilicet</span> <span class='ocrx_word' id='word_1_97' title='bbox 369 870 639 916; x_wconf 77' lang='lat' dir='ltr'>adoratione</span> <span class='ocrx_word' id='word_1_98' title='bbox 661 866 809 911; x_wconf 81' lang='lat' dir='ltr'>latriae</span> <span class='ocrx_word' id='word_1_99' title='bbox 825 868 904 921; x_wconf 75' lang='lat' dir='ltr'>3et</span> <span class='ocrx_word' id='word_1_100' title='bbox 921 868 1036 909; x_wconf 83' lang='grc'><strong>111110</strong></span> <span class='ocrx_word' id='word_1_101' title='bbox 1061 863 1129 908; x_wconf 86' lang='grc'>510</span> <span class='ocrx_word' id='word_1_102' title='bbox 1153 862 1420 918; x_wconf 72' lang='lat' dir='ltr'>intellectae,</span> <span class='ocrx_word' id='word_1_103' title='bbox 1441 867 1496 906; x_wconf 92' lang='lat' dir='ltr'>ut</span> <span class='ocrx_word' id='word_1_104' title='bbox 1517 865 1745 919; x_wconf 72' lang='lat' dir='ltr'>separatae</span> <span class='ocrx_word' id='word_1_105' title='bbox 1767 859 1794 904; x_wconf 80' lang='lat' dir='ltr'>a</span> <span class='ocrx_word' id='word_1_106' title='bbox 1815 858 1893 904; x_wconf 89' lang='lat' dir='ltr'>Dei</span> <span class='ocrx_word' id='word_1_107' title='bbox 1910 858 2073 915; x_wconf 87' lang='lat' dir='ltr'>Verbo,</span> 
     </span>
     <span class='ocr_line' id='line_1_11' title="bbox 175 921 2077 982; baseline -0.008 -2"><span class='ocrx_word' id='word_1_108' title='bbox 175 934 424 981; x_wconf 87' lang='lat' dir='ltr'>deberetur</span> <span class='ocrx_word' id='word_1_109' title='bbox 452 931 494 976; x_wconf 90' lang='lat' dir='ltr'>ei</span> <span class='ocrx_word' id='word_1_110' title='bbox 517 928 726 975; x_wconf 88' lang='lat' dir='ltr'>adoratio</span> <span class='ocrx_word' id='word_1_111' title='bbox 764 927 922 982; x_wconf 86' lang='lat' dir='ltr'>duliae,</span> <span class='ocrx_word' id='word_1_112' title='bbox 961 937 1057 969; x_wconf 92' lang='lat' dir='ltr'>non</span> <span class='ocrx_word' id='word_1_113' title='bbox 1089 925 1447 981; x_wconf 80' lang='lat' dir='ltr'>cujuscumque.</span> <span class='ocrx_word' id='word_1_114' title='bbox 1482 923 1595 981; x_wconf 77' lang='lat' dir='ltr'>puta</span> <span class='ocrx_word' id='word_1_115' title='bbox 1630 933 1735 980; x_wconf 86' lang='lat' dir='ltr'>quae</span> <span class='ocrx_word' id='word_1_116' title='bbox 1768 921 2077 966; x_wconf 82' lang='lat' dir='ltr'>communiter</span> 
     </span>
     <span class='ocr_line' id='line_1_12' title="bbox 176 982 2075 1045; baseline -0.008 -3"><span class='ocrx_word' id='word_1_117' title='bbox 176 996 423 1042; x_wconf 80' lang='lat' dir='ltr'>exhibetur</span> <span class='ocrx_word' id='word_1_118' title='bbox 451 993 555 1038; x_wconf 87' lang='lat' dir='ltr'>aliis</span> <span class='ocrx_word' id='word_1_119' title='bbox 587 989 830 1045; x_wconf 77' lang='lat' dir='ltr'>creaturis,</span> <span class='ocrx_word' id='word_1_120' title='bbox 868 987 952 1033; x_wconf 88' lang='lat' dir='ltr'>sed</span> <span class='ocrx_word' id='word_1_121' title='bbox 985 987 1231 1043; x_wconf 88' lang='lat' dir='ltr'>cujusdam</span> <span class='ocrx_word' id='word_1_122' title='bbox 1273 985 1628 1042; x_wconf 80' lang='lat' dir='ltr'>excellentioris,</span> <span class='ocrx_word' id='word_1_123' title='bbox 1660 995 1801 1042; x_wconf 88' lang='lat' dir='ltr'>quam</span> <span class='ocrx_word' id='word_1_124' title='bbox 1838 982 2075 1042; x_wconf 82' lang='lat' dir='ltr'>hyperdu·</span> 
     </span>
     <span class='ocr_line' id='line_1_13' title="bbox 177 1058 570 1111; baseline -0.013 -8"><span class='ocrx_word' id='word_1_125' title='bbox 177 1059 283 1103; x_wconf 85' lang='lat' dir='ltr'>liam</span> <span class='ocrx_word' id='word_1_126' title='bbox 306 1060 363 1111; x_wconf 81' lang='lat'>(1)</span> <span class='ocrx_word' id='word_1_127' title='bbox 382 1058 570 1101; x_wconf 88' lang='lat' dir='ltr'>vocant.</span> 
     </span>
    </p>

    <p class='ocr_par' dir='ltr' id='par_1_5' title="bbox 175 1106 2078 1351">
     <span class='ocr_line' id='line_1_14' title="bbox 230 1106 2077 1176; baseline -0.008 -11"><span class='ocrx_word' id='word_1_128' title='bbox 230 1123 280 1165; x_wconf 84' lang='lat' dir='ltr'>Et</span> <span class='ocrx_word' id='word_1_129' title='bbox 302 1132 386 1176; x_wconf 89' lang='lat' dir='ltr'>per</span> <span class='ocrx_word' id='word_1_130' title='bbox 401 1120 490 1163; x_wconf 89' lang='lat' dir='ltr'>hoc</span> <span class='ocrx_word' id='word_1_131' title='bbox 512 1116 652 1161; x_wconf 87' lang='lat' dir='ltr'>etiam</span> <span class='ocrx_word' id='word_1_132' title='bbox 673 1118 799 1171; x_wconf 84' lang='lat' dir='ltr'>patet</span> <span class='ocrx_word' id='word_1_133' title='bbox 818 1111 1063 1169; x_wconf 82' lang='lat' dir='ltr'>responsio</span> <span class='ocrx_word' id='word_1_134' title='bbox 1083 1111 1143 1156; x_wconf 90' lang='lat' dir='ltr'>ad</span> <span class='ocrx_word' id='word_1_135' title='bbox 1157 1111 1404 1154; x_wconf 78' lang='lat' dir='ltr'>secundum</span> <span class='ocrx_word' id='word_1_136' title='bbox 1423 1114 1471 1154; x_wconf 89' lang='lat' dir='ltr'>et</span> <span class='ocrx_word' id='word_1_137' title='bbox 1495 1112 1680 1154; x_wconf 80' lang='lat' dir='ltr'>tertium</span> <span class='ocrx_word' id='word_1_138' title='bbox 1703 1124 1719 1150; x_wconf 92' lang='grc'>.·</span> <span class='ocrx_word' id='word_1_139' title='bbox 1739 1108 1848 1165; x_wconf 89' lang='lat' dir='ltr'>quia</span> <span class='ocrx_word' id='word_1_140' title='bbox 1871 1106 2077 1153; x_wconf 86' lang='lat' dir='ltr'>adoratio</span> 
     </span>
     <span class='ocr_line' id='line_1_15' title="bbox 176 1169 2078 1230; baseline -0.007 -3"><span class='ocrx_word' id='word_1_141' title='bbox 176 1183 321 1227; x_wconf 87' lang='lat' dir='ltr'>latriae</span> <span class='ocrx_word' id='word_1_142' title='bbox 337 1193 428 1225; x_wconf 91' lang='lat' dir='ltr'>non</span> <span class='ocrx_word' id='word_1_143' title='bbox 454 1178 701 1225; x_wconf 85' lang='lat' dir='ltr'>exhibetur</span> <span class='ocrx_word' id='word_1_144' title='bbox 718 1175 998 1221; x_wconf 83' lang='lat' dir='ltr'>humanitati</span> <span class='ocrx_word' id='word_1_145' title='bbox 1020 1173 1187 1219; x_wconf 84' lang='lat' dir='ltr'>Christi</span> <span class='ocrx_word' id='word_1_146' title='bbox 1210 1173 1392 1218; x_wconf 88' lang='lat' dir='ltr'>ratione</span> <span class='ocrx_word' id='word_1_147' title='bbox 1415 1171 1490 1217; x_wconf 88' lang='lat' dir='ltr'>sui</span> <span class='ocrx_word' id='word_1_148' title='bbox 1510 1171 1679 1230; x_wconf 88' lang='lat' dir='ltr'>ipsius,</span> <span class='ocrx_word' id='word_1_149' title='bbox 1704 1171 1788 1216; x_wconf 86' lang='lat' dir='ltr'>sed</span> <span class='ocrx_word' id='word_1_150' title='bbox 1811 1170 1989 1215; x_wconf 83' lang='lat' dir='ltr'>ratione</span> <span class='ocrx_word' id='word_1_151' title='bbox 2009 1169 2078 1213; x_wconf 83' lang='lat' dir='ltr'>Di-</span> 
     </span>
     <span class='ocr_line' id='line_1_16' title="bbox 176 1234 1946 1299; baseline -0.006 -12"><span class='ocrx_word' id='word_1_152' title='bbox 176 1243 397 1299; x_wconf 76' lang='lat' dir='ltr'>vinita&#39;tiS,</span> <span class='ocrx_word' id='word_1_153' title='bbox 422 1242 496 1287; x_wconf 92' lang='lat' dir='ltr'>cui</span> <span class='ocrx_word' id='word_1_154' title='bbox 522 1240 700 1295; x_wconf 87' lang='lat' dir='ltr'>unitur,</span> <span class='ocrx_word' id='word_1_155' title='bbox 724 1237 987 1282; x_wconf 72' lang='lat' dir='ltr'>secundum</span> <span class='ocrx_word' id='word_1_156' title='bbox 1014 1248 1153 1293; x_wconf 87' lang='lat' dir='ltr'>quam</span> <span class='ocrx_word' id='word_1_157' title='bbox 1182 1235 1390 1280; x_wconf 88' lang='lat' dir='ltr'>Christus</span> <span class='ocrx_word' id='word_1_158' title='bbox 1413 1248 1506 1279; x_wconf 90' lang='lat' dir='ltr'>non</span> <span class='ocrx_word' id='word_1_159' title='bbox 1531 1241 1603 1279; x_wconf 89' lang='lat' dir='ltr'>est</span> <span class='ocrx_word' id='word_1_160' title='bbox 1625 1234 1778 1278; x_wconf 87' lang='lat' dir='ltr'>minor</span> <span class='ocrx_word' id='word_1_161' title='bbox 1801 1235 1946 1277; x_wconf 89' lang='lat' dir='ltr'>Patre.</span> 
     </span>
     <span class='ocr_line' id='line_1_17' title="bbox 175 1295 2076 1351; baseline -0.006 0"><span class='ocrx_word' id='word_1_162' title='bbox 175 1307 521 1351; x_wconf 83' lang='lat' dir='ltr'>ARTICULUS</span> <span class='ocrx_word' id='word_1_163' title='bbox 549 1305 630 1347; x_wconf 86' lang='lat'>111.</span> <span class='ocrx_word' id='word_1_164' title='bbox 653 1314 862 1344; x_wconf 71' lang='grc'><strong>-111111111</strong></span> <span class='ocrx_word' id='word_1_165' title='bbox 884 1312 1008 1343; x_wconf 65' lang='lat' dir='ltr'>mmo</span> <span class='ocrx_word' id='word_1_166' title='bbox 1031 1312 1193 1343; x_wconf 76' lang='lat' dir='ltr'>cnmsn</span> <span class='ocrx_word' id='word_1_167' title='bbox 1218 1312 1283 1342; x_wconf 86' lang='lat' dir='ltr'>srr</span> <span class='ocrx_word' id='word_1_168' title='bbox 1306 1311 1524 1342; x_wconf 60' lang='grc' dir='ltr'><strong>,100111Νο1</strong></span> <span class='ocrx_word' id='word_1_169' title='bbox 1539 1309 1796 1340; x_wconf 65' lang='lat' dir='ltr'>memnone</span> <span class='ocrx_word' id='word_1_170' title='bbox 1816 1309 1974 1339; x_wconf 66' lang='lat' dir='ltr'>tuma:</span> <span class='ocrx_word' id='word_1_171' title='bbox 1997 1295 2076 1349; x_wconf 76' lang='lat'>(2).</span> 
     </span>
    </p>
   </div>
   <div class='ocr_carea' id='block_1_5' title="bbox 178 1372 2074 1466">
    <p class='ocr_par' dir='ltr' id='par_1_6' title="bbox 178 1372 2074 1466">
     <span class='ocr_line' id='line_1_18' title="bbox 178 1372 2074 1421; baseline -0.006 -3"><span class='ocrx_word' id='word_1_172' title='bbox 178 1383 226 1418; x_wconf 82' lang='lat' dir='ltr'>De</span> <span class='ocrx_word' id='word_1_173' title='bbox 242 1383 295 1418; x_wconf 83' lang='lat' dir='ltr'>his</span> <span class='ocrx_word' id='word_1_174' title='bbox 321 1382 424 1416; x_wconf 82' lang='lat' dir='ltr'>etiam</span> <span class='ocrx_word' id='word_1_175' title='bbox 439 1381 508 1419; x_wconf 77' lang='lat'>22,</span> <span class='ocrx_word' id='word_1_176' title='bbox 529 1384 647 1421; x_wconf 74' lang='lat' dir='ltr'>quaest.</span> <span class='ocrx_word' id='word_1_177' title='bbox 670 1386 786 1417; x_wconf 78' lang='lat' dir='ltr'>Lxxxl.</span> <span class='ocrx_word' id='word_1_178' title='bbox 813 1381 878 1411; x_wconf 79' lang='lat' dir='ltr'>art.</span> <span class='ocrx_word' id='word_1_179' title='bbox 900 1379 922 1412; x_wconf 85' lang='lat'>5</span> <span class='ocrx_word' id='word_1_180' title='bbox 939 1375 982 1410; x_wconf 81' lang='lat' dir='ltr'>ad</span> <span class='ocrx_word' id='word_1_181' title='bbox 998 1376 1031 1419; x_wconf 77' lang='lat'>5,</span> <span class='ocrx_word' id='word_1_182' title='bbox 1059 1380 1094 1410; x_wconf 81' lang='lat' dir='ltr'>et</span> <span class='ocrx_word' id='word_1_183' title='bbox 1112 1380 1227 1417; x_wconf 84' lang='lat' dir='ltr'>quaest.</span> <span class='ocrx_word' id='word_1_184' title='bbox 1244 1384 1339 1417; x_wconf 72' lang='lat' dir='ltr'>nix,</span> <span class='ocrx_word' id='word_1_185' title='bbox 1360 1381 1426 1410; x_wconf 84' lang='lat' dir='ltr'>art.</span> <span class='ocrx_word' id='word_1_186' title='bbox 1451 1375 1466 1409; x_wconf 72' lang='lat' dir='ltr'>l</span> <span class='ocrx_word' id='word_1_187' title='bbox 1496 1373 1536 1409; x_wconf 83' lang='lat' dir='ltr'>ad</span> <span class='ocrx_word' id='word_1_188' title='bbox 1560 1374 1594 1416; x_wconf 90' lang='lat'>2,</span> <span class='ocrx_word' id='word_1_189' title='bbox 1611 1377 1648 1408; x_wconf 85' lang='lat' dir='ltr'>et</span> <span class='ocrx_word' id='word_1_190' title='bbox 1669 1372 1775 1414; x_wconf 78' lang='lat' dir='ltr'>infra,</span> <span class='ocrx_word' id='word_1_191' title='bbox 1803 1375 1868 1407; x_wconf 81' lang='lat' dir='ltr'>art.</span> <span class='ocrx_word' id='word_1_192' title='bbox 1885 1373 1906 1407; x_wconf 69' lang='grc'><em>4</em></span> <span class='ocrx_word' id='word_1_193' title='bbox 1925 1382 2020 1413; x_wconf 82' lang='lat' dir='ltr'>corp.</span> <span class='ocrx_word' id='word_1_194' title='bbox 2041 1379 2074 1406; x_wconf 81' lang='lat' dir='ltr'>et</span> 
     </span>
     <span class='ocr_line' id='line_1_19' title="bbox 575 1422 1665 1466; baseline -0.005 -5"><span class='ocrx_word' id='word_1_195' title='bbox 575 1432 643 1461; x_wconf 86' lang='lat' dir='ltr'>art.</span> <span class='ocrx_word' id='word_1_196' title='bbox 657 1426 680 1460; x_wconf 77' lang='lat'>5</span> <span class='ocrx_word' id='word_1_197' title='bbox 693 1425 734 1459; x_wconf 80' lang='lat' dir='ltr'>ad</span> <span class='ocrx_word' id='word_1_198' title='bbox 753 1428 786 1464; x_wconf 79' lang='lat'>2,</span> <span class='ocrx_word' id='word_1_199' title='bbox 803 1429 837 1459; x_wconf 86' lang='lat' dir='ltr'>et</span> <span class='ocrx_word' id='word_1_200' title='bbox 852 1426 944 1460; x_wconf 80' lang='lat' dir='ltr'>Sent.</span> <span class='ocrx_word' id='word_1_201' title='bbox 962 1432 1015 1464; x_wconf 82' lang='lat'>111.</span> <span class='ocrx_word' id='word_1_202' title='bbox 1032 1423 1112 1458; x_wconf 86' lang='lat' dir='ltr'>dist.</span> <span class='ocrx_word' id='word_1_203' title='bbox 1127 1425 1160 1464; x_wconf 86' lang='grc'>9,</span> <span class='ocrx_word' id='word_1_204' title='bbox 1177 1427 1295 1466; x_wconf 79' lang='lat' dir='ltr'>quoest.</span> <span class='ocrx_word' id='word_1_205' title='bbox 1310 1432 1335 1466; x_wconf 86' lang='lat'>1,</span> <span class='ocrx_word' id='word_1_206' title='bbox 1354 1427 1420 1458; x_wconf 81' lang='lat' dir='ltr'>art.</span> <span class='ocrx_word' id='word_1_207' title='bbox 1437 1422 1470 1464; x_wconf 86' lang='lat'>2,</span> <span class='ocrx_word' id='word_1_208' title='bbox 1490 1426 1609 1464; x_wconf 80' lang='lat' dir='ltr'>quaest.</span> <span class='ocrx_word' id='word_1_209' title='bbox 1624 1430 1665 1457; x_wconf 86' lang='lat'>11.</span> 
     </span>
    </p>
   </div>
   <div class='ocr_carea' id='block_1_6' title="bbox 141 1480 2084 2847">
    <p class='ocr_par' dir='ltr' id='par_1_7' title="bbox 172 1480 2077 1735">
     <span class='ocr_line' id='line_1_20' title="bbox 230 1480 2070 1544; baseline -0.007 -7"><span class='ocrx_word' id='word_1_210' title='bbox 230 1492 295 1537; x_wconf 78' lang='lat' dir='ltr'>Ad</span> <span class='ocrx_word' id='word_1_211' title='bbox 338 1490 523 1535; x_wconf 87' lang='lat' dir='ltr'>tertium</span> <span class='ocrx_word' id='word_1_212' title='bbox 553 1488 621 1532; x_wconf 86' lang='lat' dir='ltr'>sic</span> <span class='ocrx_word' id='word_1_213' title='bbox 643 1486 927 1544; x_wconf 86' lang='lat' dir='ltr'>proceditur.</span> <span class='ocrx_word' id='word_1_214' title='bbox 961 1489 1004 1531; x_wconf 85' lang='lat'>1.</span> <span class='ocrx_word' id='word_1_215' title='bbox 1030 1485 1217 1531; x_wconf 89' lang='lat' dir='ltr'>Videtur</span> <span class='ocrx_word' id='word_1_216' title='bbox 1235 1484 1361 1543; x_wconf 79' lang='lat' dir='ltr'>quod</span> <span class='ocrx_word' id='word_1_217' title='bbox 1394 1484 1549 1541; x_wconf 82' lang='lat' dir='ltr'>imago</span> <span class='ocrx_word' id='word_1_218' title='bbox 1571 1483 1733 1528; x_wconf 88' lang='lat' dir='ltr'>Christi</span> <span class='ocrx_word' id='word_1_219' title='bbox 1760 1495 1855 1527; x_wconf 91' lang='lat' dir='ltr'>non</span> <span class='ocrx_word' id='word_1_220' title='bbox 1874 1480 1936 1526; x_wconf 89' lang='lat' dir='ltr'>sit</span> <span class='ocrx_word' id='word_1_221' title='bbox 1962 1481 2070 1527; x_wconf 87' lang='lat' dir='ltr'>ado-</span> 
     </span>
     <span class='ocr_line' id='line_1_21' title="bbox 174 1542 2076 1604; baseline -0.007 -5"><span class='ocrx_word' id='word_1_222' title='bbox 174 1553 322 1599; x_wconf 87' lang='lat' dir='ltr'>randa</span> <span class='ocrx_word' id='word_1_223' title='bbox 342 1550 612 1597; x_wconf 85' lang='lat' dir='ltr'>adoratione</span> <span class='ocrx_word' id='word_1_224' title='bbox 627 1549 788 1594; x_wconf 83' lang='lat' dir='ltr'>latriae.</span> <span class='ocrx_word' id='word_1_225' title='bbox 803 1547 977 1592; x_wconf 86' lang='lat' dir='ltr'>Dicitur</span> <span class='ocrx_word' id='word_1_226' title='bbox 988 1548 1114 1593; x_wconf 88' lang='lat' dir='ltr'>enim</span> <span class='ocrx_word' id='word_1_227' title='bbox 1132 1547 1292 1601; x_wconf 82' lang='lat' dir='ltr'>(Exod.</span> <span class='ocrx_word' id='word_1_228' title='bbox 1311 1561 1382 1604; x_wconf 84' lang='lat' dir='ltr'>xx,</span> <span class='ocrx_word' id='word_1_229' title='bbox 1397 1549 1441 1602; x_wconf 73' lang='grc'>4)</span> <span class='ocrx_word' id='word_1_230' title='bbox 1458 1550 1585 1592; x_wconf 79' lang='lat' dir='ltr'>:Non</span> <span class='ocrx_word' id='word_1_231' title='bbox 1598 1548 1742 1598; x_wconf 77' lang='lat' dir='ltr'>facies</span> <span class='ocrx_word' id='word_1_232' title='bbox 1756 1545 1836 1588; x_wconf 73' lang='lat' dir='ltr'>tibi</span> <span class='ocrx_word' id='word_1_233' title='bbox 1852 1542 2076 1601; x_wconf 77' lang='lat' dir='ltr'>sculptile,</span> 
     </span>
     <span class='ocr_line' id='line_1_22' title="bbox 172 1605 2077 1671; baseline -0.006 -10"><span class='ocrx_word' id='word_1_234' title='bbox 172 1629 316 1671; x_wconf 66' lang='lat' dir='ltr'>vaeque</span> <span class='ocrx_word' id='word_1_235' title='bbox 347 1627 519 1657; x_wconf 77' lang='lat' dir='ltr'>omnem</span> <span class='ocrx_word' id='word_1_236' title='bbox 548 1613 918 1655; x_wconf 76' lang='lat' dir='ltr'>similitudinem.</span> <span class='ocrx_word' id='word_1_237' title='bbox 952 1611 1040 1656; x_wconf 90' lang='lat' dir='ltr'>Sed</span> <span class='ocrx_word' id='word_1_238' title='bbox 1068 1610 1199 1654; x_wconf 87' lang='lat' dir='ltr'>nulla</span> <span class='ocrx_word' id='word_1_239' title='bbox 1225 1610 1433 1655; x_wconf 89' lang='lat' dir='ltr'>adoratio</span> <span class='ocrx_word' id='word_1_240' title='bbox 1457 1606 1542 1654; x_wconf 51' lang='lat' dir='ltr'>‘est</span> <span class='ocrx_word' id='word_1_241' title='bbox 1569 1607 1782 1653; x_wconf 85' lang='lat' dir='ltr'>facienda</span> <span class='ocrx_word' id='word_1_242' title='bbox 1814 1610 1976 1650; x_wconf 87' lang='lat' dir='ltr'>contra</span> <span class='ocrx_word' id='word_1_243' title='bbox 2000 1605 2077 1651; x_wconf 87' lang='lat' dir='ltr'>Dei</span> 
     </span>
     <span class='ocr_line' id='line_1_23' title="bbox 175 1669 1926 1735; baseline -0.006 -12"><span class='ocrx_word' id='word_1_244' title='bbox 175 1682 478 1735; x_wconf 79' lang='lat' dir='ltr'>praeceptum.</span> <span class='ocrx_word' id='word_1_245' title='bbox 505 1677 622 1730; x_wconf 85' lang='lat' dir='ltr'>Ergo</span> <span class='ocrx_word' id='word_1_246' title='bbox 644 1674 802 1730; x_wconf 81' lang='lat' dir='ltr'>imago</span> <span class='ocrx_word' id='word_1_247' title='bbox 819 1673 986 1718; x_wconf 85' lang='lat' dir='ltr'>Christi</span> <span class='ocrx_word' id='word_1_248' title='bbox 1008 1686 1103 1717; x_wconf 90' lang='lat' dir='ltr'>non</span> <span class='ocrx_word' id='word_1_249' title='bbox 1123 1679 1197 1718; x_wconf 90' lang='lat' dir='ltr'>est</span> <span class='ocrx_word' id='word_1_250' title='bbox 1215 1673 1454 1718; x_wconf 89' lang='lat' dir='ltr'>adoranda</span> <span class='ocrx_word' id='word_1_251' title='bbox 1476 1671 1745 1717; x_wconf 87' lang='lat' dir='ltr'>adoratione</span> <span class='ocrx_word' id='word_1_252' title='bbox 1763 1669 1926 1715; x_wconf 85' lang='lat' dir='ltr'>latriae.</span> 
     </span>
    </p>

    <p class='ocr_par' dir='ltr' id='par_1_8' title="bbox 141 1732 2083 2033">
     <span class='ocr_line' id='line_1_24' title="bbox 231 1732 2083 1794; baseline -0.005 -10"><span class='ocrx_word' id='word_1_253' title='bbox 231 1743 273 1784; x_wconf 77' lang='lat'>2.</span> <span class='ocrx_word' id='word_1_254' title='bbox 306 1742 548 1792; x_wconf 77' lang='lat' dir='ltr'>Praeterea,</span> <span class='ocrx_word' id='word_1_255' title='bbox 572 1736 793 1794; x_wconf 85' lang='lat' dir='ltr'>operibus</span> <span class='ocrx_word' id='word_1_256' title='bbox 811 1735 1056 1792; x_wconf 81' lang='lat' dir='ltr'>gentilium</span> <span class='ocrx_word' id='word_1_257' title='bbox 1081 1748 1174 1781; x_wconf 91' lang='lat' dir='ltr'>non</span> <span class='ocrx_word' id='word_1_258' title='bbox 1193 1735 1422 1780; x_wconf 87' lang='lat' dir='ltr'>debemus</span> <span class='ocrx_word' id='word_1_259' title='bbox 1439 1732 1801 1787; x_wconf 86' lang='lat' dir='ltr'>communicare,</span> <span class='ocrx_word' id='word_1_260' title='bbox 1825 1735 1877 1775; x_wconf 89' lang='lat' dir='ltr'>ut</span> <span class='ocrx_word' id='word_1_261' title='bbox 1892 1733 2083 1787; x_wconf 87' lang='lat' dir='ltr'>Aposto-</span> 
     </span>
     <span class='ocr_line' id='line_1_25' title="bbox 175 1792 2081 1857; baseline -0.007 -9"><span class='ocrx_word' id='word_1_262' title='bbox 175 1803 250 1848; x_wconf 89' lang='lat' dir='ltr'>lus</span> <span class='ocrx_word' id='word_1_263' title='bbox 271 1802 383 1847; x_wconf 88' lang='lat' dir='ltr'>dicit</span> <span class='ocrx_word' id='word_1_264' title='bbox 400 1801 582 1857; x_wconf 84' lang='lat' dir='ltr'>(Ephes.</span> <span class='ocrx_word' id='word_1_265' title='bbox 608 1802 666 1854; x_wconf 91' lang='lat' dir='ltr'>v).</span> <span class='ocrx_word' id='word_1_266' title='bbox 698 1799 786 1844; x_wconf 91' lang='lat' dir='ltr'>Sed</span> <span class='ocrx_word' id='word_1_267' title='bbox 809 1798 1009 1855; x_wconf 83' lang='lat' dir='ltr'>gentiles</span> <span class='ocrx_word' id='word_1_268' title='bbox 1030 1799 1195 1844; x_wconf 90' lang='lat' dir='ltr'>dehoc</span> <span class='ocrx_word' id='word_1_269' title='bbox 1214 1798 1448 1855; x_wconf 80' lang='lat' dir='ltr'>praecipue</span> <span class='ocrx_word' id='word_1_270' title='bbox 1474 1796 1774 1853; x_wconf 88' lang='lat' dir='ltr'>inculpantur</span> <span class='ocrx_word' id='word_1_271' title='bbox 1800 1792 1927 1850; x_wconf 67' lang='lat' dir='ltr'>qued</span> <span class='ocrx_word' id='word_1_272' title='bbox 1957 1805 2081 1836; x_wconf 86' lang='lat' dir='ltr'>com-</span> 
     </span>
     <span class='ocr_line' id='line_1_26' title="bbox 141 1857 2079 1919; baseline -0.004 -13"><span class='ocrx_word' id='word_1_273' title='bbox 141 1916 145 1919; x_wconf 8' lang='grc' dir='ltr'>χ</span> <span class='ocrx_word' id='word_1_274' title='bbox 176 1867 467 1908; x_wconf 79' lang='lat' dir='ltr'>mutaverunt</span> <span class='ocrx_word' id='word_1_275' title='bbox 481 1862 677 1918; x_wconf 74' lang='lat' dir='ltr'>ylariam</span> <span class='ocrx_word' id='word_1_276' title='bbox 698 1861 1058 1918; x_wconf 73' lang='lat' dir='ltr'>incorruptibilis</span> <span class='ocrx_word' id='word_1_277' title='bbox 1081 1864 1165 1904; x_wconf 80' lang='lat' dir='ltr'>Dei</span> <span class='ocrx_word' id='word_1_278' title='bbox 1190 1864 1239 1903; x_wconf 81' lang='lat' dir='ltr'>in</span> <span class='ocrx_word' id='word_1_279' title='bbox 1256 1860 1600 1903; x_wconf 79' lang='lat' dir='ltr'>similitudinem</span> <span class='ocrx_word' id='word_1_280' title='bbox 1617 1858 1829 1913; x_wconf 71' lang='lat' dir='ltr'>imaqinis</span> <span class='ocrx_word' id='word_1_281' title='bbox 1851 1857 2079 1912; x_wconf 75' lang='lat' dir='ltr'>corrupti-</span> 
     </span>
     <span class='ocr_line' id='line_1_27' title="bbox 177 1916 2080 1980; baseline -0.003 -12"><span class='ocrx_word' id='word_1_282' title='bbox 177 1927 280 1970; x_wconf 70' lang='lat' dir='ltr'>bilis</span> <span class='ocrx_word' id='word_1_283' title='bbox 302 1927 515 1980; x_wconf 74' lang='lat' dir='ltr'>hommiS,</span> <span class='ocrx_word' id='word_1_284' title='bbox 539 1929 590 1967; x_wconf 90' lang='lat' dir='ltr'>ut</span> <span class='ocrx_word' id='word_1_285' title='bbox 610 1923 780 1967; x_wconf 87' lang='lat' dir='ltr'>dicitur</span> <span class='ocrx_word' id='word_1_286' title='bbox 802 1924 950 1978; x_wconf 88' lang='lat' dir='ltr'>(Rom.</span> <span class='ocrx_word' id='word_1_287' title='bbox 971 1937 1002 1980; x_wconf 93' lang='lat'>1,</span> <span class='ocrx_word' id='word_1_288' title='bbox 1023 1924 1108 1978; x_wconf 70' lang='grc'>23).</span> <span class='ocrx_word' id='word_1_289' title='bbox 1128 1925 1249 1978; x_wconf 89' lang='lat' dir='ltr'>Ergo</span> <span class='ocrx_word' id='word_1_290' title='bbox 1271 1923 1431 1978; x_wconf 88' lang='lat' dir='ltr'>imago</span> <span class='ocrx_word' id='word_1_291' title='bbox 1450 1920 1618 1966; x_wconf 89' lang='lat' dir='ltr'>Christi</span> <span class='ocrx_word' id='word_1_292' title='bbox 1633 1932 1726 1965; x_wconf 91' lang='lat' dir='ltr'>non</span> <span class='ocrx_word' id='word_1_293' title='bbox 1750 1922 1823 1963; x_wconf 90' lang='lat' dir='ltr'>est</span> <span class='ocrx_word' id='word_1_294' title='bbox 1844 1916 2080 1962; x_wconf 83' lang='lat' dir='ltr'>adoranda</span> 
     </span>
     <span class='ocr_line' id='line_1_28' title="bbox 176 1985 628 2033; baseline -0.009 0"><span class='ocrx_word' id='word_1_295' title='bbox 176 1987 447 2033; x_wconf 85' lang='lat' dir='ltr'>adoratione</span> <span class='ocrx_word' id='word_1_296' title='bbox 465 1985 628 2030; x_wconf 86' lang='lat' dir='ltr'>latriae.</span> 
     </span>
    </p>

    <p class='ocr_par' dir='ltr' id='par_1_9' title="bbox 175 2043 2081 2291">
     <span class='ocr_line' id='line_1_29' title="bbox 232 2043 2081 2102; baseline -0.005 -8"><span class='ocrx_word' id='word_1_297' title='bbox 232 2053 273 2095; x_wconf 88' lang='lat'>3.</span> <span class='ocrx_word' id='word_1_298' title='bbox 306 2052 547 2102; x_wconf 80' lang='lat' dir='ltr'>Praeterea,</span> <span class='ocrx_word' id='word_1_299' title='bbox 579 2046 760 2091; x_wconf 82' lang='lat' dir='ltr'>Christo</span> <span class='ocrx_word' id='word_1_300' title='bbox 780 2045 976 2091; x_wconf 88' lang='lat' dir='ltr'>debetur</span> <span class='ocrx_word' id='word_1_301' title='bbox 995 2045 1204 2091; x_wconf 86' lang='lat' dir='ltr'>adoratio</span> <span class='ocrx_word' id='word_1_302' title='bbox 1224 2045 1371 2090; x_wconf 86' lang='lat' dir='ltr'>latriae</span> <span class='ocrx_word' id='word_1_303' title='bbox 1393 2044 1574 2090; x_wconf 90' lang='lat' dir='ltr'>ratione</span> <span class='ocrx_word' id='word_1_304' title='bbox 1596 2043 1867 2097; x_wconf 85' lang='lat' dir='ltr'>divinitatis,</span> <span class='ocrx_word' id='word_1_305' title='bbox 1894 2054 1988 2087; x_wconf 92' lang='lat' dir='ltr'>non</span> <span class='ocrx_word' id='word_1_306' title='bbox 2006 2054 2081 2086; x_wconf 83' lang='lat' dir='ltr'>ra-</span> 
     </span>
     <span class='ocr_line' id='line_1_30' title="bbox 176 2104 2080 2166; baseline -0.003 -10"><span class='ocrx_word' id='word_1_307' title='bbox 176 2112 302 2156; x_wconf 91' lang='lat' dir='ltr'>tione</span> <span class='ocrx_word' id='word_1_308' title='bbox 323 2109 642 2156; x_wconf 86' lang='lat' dir='ltr'>humanitatis.</span> <span class='ocrx_word' id='word_1_309' title='bbox 669 2108 757 2153; x_wconf 86' lang='lat' dir='ltr'>Sed</span> <span class='ocrx_word' id='word_1_310' title='bbox 780 2108 971 2165; x_wconf 85' lang='lat' dir='ltr'>imagini</span> <span class='ocrx_word' id='word_1_311' title='bbox 1004 2107 1259 2154; x_wconf 80' lang='lat' dir='ltr'>divinitatis</span> <span class='ocrx_word' id='word_1_312' title='bbox 1282 2108 1404 2166; x_wconf 75' lang='lat' dir='ltr'>ers,</span> <span class='ocrx_word' id='word_1_313' title='bbox 1434 2119 1540 2165; x_wconf 81' lang='lat' dir='ltr'>quae</span> <span class='ocrx_word' id='word_1_314' title='bbox 1570 2113 1645 2152; x_wconf 89' lang='grc'>051</span> <span class='ocrx_word' id='word_1_315' title='bbox 1674 2105 1844 2151; x_wconf 59' lang='lat' dir='ltr'>animae</span> <span class='ocrx_word' id='word_1_316' title='bbox 1867 2104 2080 2150; x_wconf 82' lang='lat' dir='ltr'>rationali</span> 
     </span>
     <span class='ocr_line' id='line_1_31' title="bbox 176 2166 2079 2230; baseline -0.004 -12"><span class='ocrx_word' id='word_1_317' title='bbox 176 2173 421 2230; x_wconf 85' lang='lat' dir='ltr'>impressa,</span> <span class='ocrx_word' id='word_1_318' title='bbox 445 2185 540 2216; x_wconf 91' lang='lat' dir='ltr'>non</span> <span class='ocrx_word' id='word_1_319' title='bbox 560 2171 758 2215; x_wconf 87' lang='lat' dir='ltr'>debetur</span> <span class='ocrx_word' id='word_1_320' title='bbox 779 2170 987 2216; x_wconf 88' lang='lat' dir='ltr'>adoratio</span> <span class='ocrx_word' id='word_1_321' title='bbox 1006 2171 1168 2215; x_wconf 80' lang='lat' dir='ltr'>latriae.</span> <span class='ocrx_word' id='word_1_322' title='bbox 1194 2174 1313 2228; x_wconf 88' lang='lat' dir='ltr'>Ergo</span> <span class='ocrx_word' id='word_1_323' title='bbox 1332 2170 1483 2215; x_wconf 78' lang='lat' dir='ltr'>multo</span> <span class='ocrx_word' id='word_1_324' title='bbox 1503 2169 1662 2214; x_wconf 77' lang='lat' dir='ltr'>minus</span> <span class='ocrx_word' id='word_1_325' title='bbox 1685 2166 1877 2223; x_wconf 87' lang='lat' dir='ltr'>imagini</span> <span class='ocrx_word' id='word_1_326' title='bbox 1911 2178 2079 2224; x_wconf 81' lang='lat' dir='ltr'>corpo·</span> 
     </span>
     <span class='ocr_line' id='line_1_32' title="bbox 175 2231 1273 2291; baseline -0.004 -12"><span class='ocrx_word' id='word_1_327' title='bbox 175 2234 279 2290; x_wconf 83' lang='lat' dir='ltr'>rali,</span> <span class='ocrx_word' id='word_1_328' title='bbox 306 2246 410 2291; x_wconf 80' lang='lat' dir='ltr'>quae</span> <span class='ocrx_word' id='word_1_329' title='bbox 428 2236 733 2290; x_wconf 83' lang='lat' dir='ltr'>repraesentat</span> <span class='ocrx_word' id='word_1_330' title='bbox 748 2232 1088 2276; x_wconf 88' lang='lat' dir='ltr'>humanitatem</span> <span class='ocrx_word' id='word_1_331' title='bbox 1108 2231 1273 2288; x_wconf 87' lang='lat' dir='ltr'>ipsius.</span> 
     </span>
    </p>

    <p class='ocr_par' dir='ltr' id='par_1_10' title="bbox 178 2288 2084 2601">
     <span class='ocr_line' id='line_1_33' title="bbox 234 2288 2082 2348; baseline -0.002 -8"><span class='ocrx_word' id='word_1_332' title='bbox 234 2301 275 2341; x_wconf 78' lang='lat'>4.</span> <span class='ocrx_word' id='word_1_333' title='bbox 310 2299 552 2348; x_wconf 73' lang='lat' dir='ltr'>Praeterea,</span> <span class='ocrx_word' id='word_1_334' title='bbox 573 2293 687 2337; x_wconf 89' lang='lat' dir='ltr'>nihil</span> <span class='ocrx_word' id='word_1_335' title='bbox 705 2293 890 2338; x_wconf 86' lang='lat' dir='ltr'>videtur</span> <span class='ocrx_word' id='word_1_336' title='bbox 906 2305 1009 2337; x_wconf 89' lang='lat' dir='ltr'>esse</span> <span class='ocrx_word' id='word_1_337' title='bbox 1030 2293 1078 2336; x_wconf 90' lang='lat' dir='ltr'>in</span> <span class='ocrx_word' id='word_1_338' title='bbox 1099 2293 1227 2336; x_wconf 85' lang='lat' dir='ltr'>cultu</span> <span class='ocrx_word' id='word_1_339' title='bbox 1245 2292 1404 2338; x_wconf 85' lang='lat' dir='ltr'>divino</span> <span class='ocrx_word' id='word_1_340' title='bbox 1422 2291 1708 2347; x_wconf 84' lang='lat' dir='ltr'>faciendum,</span> <span class='ocrx_word' id='word_1_341' title='bbox 1732 2290 1821 2335; x_wconf 90' lang='lat' dir='ltr'>nisi</span> <span class='ocrx_word' id='word_1_342' title='bbox 1851 2288 1978 2347; x_wconf 87' lang='lat' dir='ltr'>quod</span> <span class='ocrx_word' id='word_1_343' title='bbox 2009 2294 2082 2336; x_wconf 84' lang='lat' dir='ltr'>est</span> 
     </span>
     <span class='ocr_line' id='line_1_34' title="bbox 178 2350 2082 2411; baseline -0.003 -9"><span class='ocrx_word' id='word_1_344' title='bbox 178 2359 206 2401; x_wconf 77' lang='lat' dir='ltr'>a</span> <span class='ocrx_word' id='word_1_345' title='bbox 225 2361 317 2402; x_wconf 82' lang='lat' dir='ltr'>Deo</span> <span class='ocrx_word' id='word_1_346' title='bbox 332 2356 597 2400; x_wconf 85' lang='lat' dir='ltr'>institutum</span> <span class='ocrx_word' id='word_1_347' title='bbox 623 2369 634 2397; x_wconf 78' lang='grc' dir='ltr'>ε</span> <span class='ocrx_word' id='word_1_348' title='bbox 656 2355 781 2399; x_wconf 88' lang='lat' dir='ltr'>unde</span> <span class='ocrx_word' id='word_1_349' title='bbox 796 2360 844 2399; x_wconf 86' lang='lat' dir='ltr'>et</span> <span class='ocrx_word' id='word_1_350' title='bbox 859 2354 1103 2411; x_wconf 83' lang='lat' dir='ltr'>Apostolus</span> <span class='ocrx_word' id='word_1_351' title='bbox 1122 2356 1175 2410; x_wconf 85' lang='grc'>(1.</span> <span class='ocrx_word' id='word_1_352' title='bbox 1192 2355 1397 2399; x_wconf 86' lang='lat' dir='ltr'>Corinth.</span> <span class='ocrx_word' id='word_1_353' title='bbox 1422 2368 1483 2410; x_wconf 77' lang='lat' dir='ltr'>xi,</span> <span class='ocrx_word' id='word_1_354' title='bbox 1507 2356 1596 2409; x_wconf 74' lang='lat'>23),</span> <span class='ocrx_word' id='word_1_355' title='bbox 1619 2352 1874 2398; x_wconf 88' lang='lat' dir='ltr'>traditurus</span> <span class='ocrx_word' id='word_1_356' title='bbox 1910 2350 2082 2396; x_wconf 87' lang='lat' dir='ltr'>doctri·</span> 
     </span>
     <span class='ocr_line' id='line_1_35' title="bbox 180 2413 2084 2474; baseline -0.003 -10"><span class='ocrx_word' id='word_1_357' title='bbox 180 2432 288 2464; x_wconf 90' lang='lat' dir='ltr'>nam</span> <span class='ocrx_word' id='word_1_358' title='bbox 313 2419 369 2464; x_wconf 86' lang='lat' dir='ltr'>de</span> <span class='ocrx_word' id='word_1_359' title='bbox 409 2417 637 2462; x_wconf 78' lang='lat' dir='ltr'>sacrificio</span> <span class='ocrx_word' id='word_1_360' title='bbox 663 2417 893 2472; x_wconf 74' lang='lat' dir='ltr'>Ecclesiae,</span> <span class='ocrx_word' id='word_1_361' title='bbox 930 2416 1042 2461; x_wconf 88' lang='lat' dir='ltr'>dicit</span> <span class='ocrx_word' id='word_1_362' title='bbox 1063 2433 1077 2461; x_wconf 84' lang='lat'>:</span> <span class='ocrx_word' id='word_1_363' title='bbox 1099 2421 1192 2473; x_wconf 72' lang='lat' dir='ltr'>qu</span> <span class='ocrx_word' id='word_1_364' title='bbox 1215 2420 1372 2474; x_wconf 79' lang='lat' dir='ltr'>accepi</span> <span class='ocrx_word' id='word_1_365' title='bbox 1391 2417 1423 2460; x_wconf 83' lang='grc' dir='ltr'><strong><em>ὰ</em></strong></span> <span class='ocrx_word' id='word_1_366' title='bbox 1443 2418 1635 2459; x_wconf 80' lang='lat' dir='ltr'>Domino</span> <span class='ocrx_word' id='word_1_367' title='bbox 1665 2416 1786 2472; x_wconf 83' lang='lat' dir='ltr'>quod</span> <span class='ocrx_word' id='word_1_368' title='bbox 1817 2417 1860 2458; x_wconf 81' lang='lat' dir='ltr'>et</span> <span class='ocrx_word' id='word_1_369' title='bbox 1900 2413 2084 2459; x_wconf 67' lang='lat' dir='ltr'>tradidi</span> 
     </span>
     <span class='ocr_line' id='line_1_36' title="bbox 178 2476 2079 2536; baseline -0.003 -11"><span class='ocrx_word' id='word_1_370' title='bbox 178 2483 314 2525; x_wconf 74' lang='lat' dir='ltr'>vobis.</span> <span class='ocrx_word' id='word_1_371' title='bbox 348 2480 435 2525; x_wconf 88' lang='lat' dir='ltr'>Sed</span> <span class='ocrx_word' id='word_1_372' title='bbox 463 2480 593 2523; x_wconf 84' lang='lat' dir='ltr'>nulla</span> <span class='ocrx_word' id='word_1_373' title='bbox 623 2478 809 2523; x_wconf 85' lang='lat' dir='ltr'>traditio</span> <span class='ocrx_word' id='word_1_374' title='bbox 832 2478 880 2522; x_wconf 93' lang='lat' dir='ltr'>in</span> <span class='ocrx_word' id='word_1_375' title='bbox 903 2479 1135 2536; x_wconf 87' lang='lat' dir='ltr'>Scriptura</span> <span class='ocrx_word' id='word_1_376' title='bbox 1159 2479 1397 2524; x_wconf 82' lang='lat' dir='ltr'>invenitur</span> <span class='ocrx_word' id='word_1_377' title='bbox 1417 2478 1476 2524; x_wconf 90' lang='lat' dir='ltr'>de</span> <span class='ocrx_word' id='word_1_378' title='bbox 1509 2477 1758 2524; x_wconf 87' lang='lat' dir='ltr'>adorandis</span> <span class='ocrx_word' id='word_1_379' title='bbox 1779 2476 2079 2533; x_wconf 82' lang='lat' dir='ltr'>imaginibus.</span> 
     </span>
     <span class='ocr_line' id='line_1_37' title="bbox 178 2540 1590 2601; baseline -0.001 -13"><span class='ocrx_word' id='word_1_380' title='bbox 178 2546 297 2601; x_wconf 89' lang='lat' dir='ltr'>Ergo</span> <span class='ocrx_word' id='word_1_381' title='bbox 320 2543 477 2598; x_wconf 85' lang='lat' dir='ltr'>imago</span> <span class='ocrx_word' id='word_1_382' title='bbox 493 2540 658 2586; x_wconf 87' lang='lat' dir='ltr'>Christi</span> <span class='ocrx_word' id='word_1_383' title='bbox 678 2553 773 2584; x_wconf 90' lang='lat' dir='ltr'>non</span> <span class='ocrx_word' id='word_1_384' title='bbox 791 2545 861 2585; x_wconf 88' lang='lat' dir='ltr'>est</span> <span class='ocrx_word' id='word_1_385' title='bbox 883 2541 1121 2586; x_wconf 88' lang='lat' dir='ltr'>adoranda</span> <span class='ocrx_word' id='word_1_386' title='bbox 1140 2541 1411 2587; x_wconf 89' lang='lat' dir='ltr'>adoratione</span> <span class='ocrx_word' id='word_1_387' title='bbox 1428 2540 1590 2586; x_wconf 84' lang='lat' dir='ltr'>latriae.</span> 
     </span>
    </p>

    <p class='ocr_par' dir='ltr' id='par_1_11' title="bbox 179 2600 2082 2847">
     <span class='ocr_line' id='line_1_38' title="bbox 235 2600 2080 2660; baseline -0.003 -9"><span class='ocrx_word' id='word_1_388' title='bbox 235 2606 323 2651; x_wconf 82' lang='lat' dir='ltr'>Sed</span> <span class='ocrx_word' id='word_1_389' title='bbox 349 2608 512 2648; x_wconf 77' lang='lat' dir='ltr'>contra</span> <span class='ocrx_word' id='word_1_390' title='bbox 536 2607 605 2647; x_wconf 88' lang='lat' dir='ltr'>est</span> <span class='ocrx_word' id='word_1_391' title='bbox 635 2602 763 2659; x_wconf 82' lang='lat' dir='ltr'>quod</span> <span class='ocrx_word' id='word_1_392' title='bbox 792 2605 1109 2648; x_wconf 88' lang='lat' dir='ltr'>Damascenus</span> <span class='ocrx_word' id='word_1_393' title='bbox 1127 2605 1267 2658; x_wconf 90' lang='lat' dir='ltr'>(Orth.</span> <span class='ocrx_word' id='word_1_394' title='bbox 1284 2602 1364 2648; x_wconf 89' lang='lat' dir='ltr'>fid.</span> <span class='ocrx_word' id='word_1_395' title='bbox 1386 2602 1468 2647; x_wconf 89' lang='lat' dir='ltr'>lib.</span> <span class='ocrx_word' id='word_1_396' title='bbox 1489 2616 1548 2657; x_wconf 77' lang='lat' dir='ltr'>iv,</span> <span class='ocrx_word' id='word_1_397' title='bbox 1568 2614 1673 2660; x_wconf 88' lang='lat' dir='ltr'>cap.</span> <span class='ocrx_word' id='word_1_398' title='bbox 1689 2605 1761 2658; x_wconf 80' lang='lat'>17,</span> <span class='ocrx_word' id='word_1_399' title='bbox 1781 2601 1892 2647; x_wconf 90' lang='lat' dir='ltr'>circ.</span> <span class='ocrx_word' id='word_1_400' title='bbox 1912 2600 2080 2658; x_wconf 85' lang='lat' dir='ltr'>princ.)</span> 
     </span>
     <span class='ocr_line' id='line_1_39' title="bbox 179 2661 2082 2723; baseline -0.002 -11"><span class='ocrx_word' id='word_1_401' title='bbox 179 2667 358 2713; x_wconf 90' lang='lat' dir='ltr'>inducit</span> <span class='ocrx_word' id='word_1_402' title='bbox 371 2665 590 2710; x_wconf 89' lang='lat' dir='ltr'>Basilium</span> <span class='ocrx_word' id='word_1_403' title='bbox 612 2664 843 2709; x_wconf 89' lang='lat' dir='ltr'>dicentem</span> <span class='ocrx_word' id='word_1_404' title='bbox 865 2677 877 2708; x_wconf 79' lang='lat' dir='ltr'><strong><em>z</em></strong></span> <span class='ocrx_word' id='word_1_405' title='bbox 900 2682 921 2702; x_wconf 77' lang='grc' dir='ltr'>ιι</span> <span class='ocrx_word' id='word_1_406' title='bbox 938 2666 1158 2722; x_wconf 89' lang='lat' dir='ltr'>Imaginis</span> <span class='ocrx_word' id='word_1_407' title='bbox 1172 2666 1320 2711; x_wconf 90' lang='lat' dir='ltr'>honor</span> <span class='ocrx_word' id='word_1_408' title='bbox 1337 2665 1396 2710; x_wconf 90' lang='lat' dir='ltr'>ad</span> <span class='ocrx_word' id='word_1_409' title='bbox 1412 2669 1712 2723; x_wconf 86' lang='lat' dir='ltr'>prototypum</span> <span class='ocrx_word' id='word_1_410' title='bbox 1734 2664 1962 2722; x_wconf 83' lang='lat' dir='ltr'>pervenit,</span> <span class='ocrx_word' id='word_1_411' title='bbox 1985 2682 2004 2701; x_wconf 74' lang='grc' dir='ltr'><strong>υ</strong></span> <span class='ocrx_word' id='word_1_412' title='bbox 2033 2661 2082 2709; x_wconf 83' lang='lat' dir='ltr'>id</span> 
     </span>
     <span class='ocr_line' id='line_1_40' title="bbox 179 2726 2082 2787; baseline -0.003 -11"><span class='ocrx_word' id='word_1_413' title='bbox 179 2735 266 2787; x_wconf 87' lang='lat' dir='ltr'>est,</span> <span class='ocrx_word' id='word_1_414' title='bbox 282 2728 533 2786; x_wconf 84' lang='lat' dir='ltr'>exemplar.</span> <span class='ocrx_word' id='word_1_415' title='bbox 555 2726 644 2772; x_wconf 90' lang='lat' dir='ltr'>Sed</span> <span class='ocrx_word' id='word_1_416' title='bbox 654 2726 810 2784; x_wconf 90' lang='lat' dir='ltr'>ipsum</span> <span class='ocrx_word' id='word_1_417' title='bbox 830 2728 1068 2785; x_wconf 85' lang='lat' dir='ltr'>exemplar</span> <span class='ocrx_word' id='word_1_418' title='bbox 1082 2728 1273 2783; x_wconf 88' lang='lat' dir='ltr'>(scilicet</span> <span class='ocrx_word' id='word_1_419' title='bbox 1289 2729 1513 2784; x_wconf 88' lang='lat' dir='ltr'>Christus)</span> <span class='ocrx_word' id='word_1_420' title='bbox 1529 2732 1602 2773; x_wconf 90' lang='lat' dir='ltr'>est</span> <span class='ocrx_word' id='word_1_421' title='bbox 1613 2727 1903 2773; x_wconf 83' lang='lat' dir='ltr'>adorandum</span> <span class='ocrx_word' id='word_1_422' title='bbox 1918 2727 2082 2772; x_wconf 82' lang='lat' dir='ltr'>adora-</span> 
     </span>
     <span class='ocr_line' id='line_1_41' title="bbox 182 2789 1018 2847; baseline -0.002 -10"><span class='ocrx_word' id='word_1_423' title='bbox 182 2793 308 2837; x_wconf 89' lang='lat' dir='ltr'>tione</span> <span class='ocrx_word' id='word_1_424' title='bbox 332 2791 494 2835; x_wconf 84' lang='lat' dir='ltr'>latriae.</span> <span class='ocrx_word' id='word_1_425' title='bbox 520 2792 638 2846; x_wconf 89' lang='lat' dir='ltr'>Ergo</span> <span class='ocrx_word' id='word_1_426' title='bbox 657 2794 707 2834; x_wconf 90' lang='grc'>01.</span> <span class='ocrx_word' id='word_1_427' title='bbox 726 2789 829 2847; x_wconf 67' lang='grc'><strong>03115</strong></span> <span class='ocrx_word' id='word_1_428' title='bbox 849 2790 1018 2847; x_wconf 84' lang='lat' dir='ltr'>imago.</span> 
     </span>
    </p>
   </div>
   <div class='ocr_carea' id='block_1_7' title="bbox 185 2856 2083 2968">
    <p class='ocr_par' dir='ltr' id='par_1_12' title="bbox 185 2856 2083 2968">
     <span class='ocr_line' id='line_1_42' title="bbox 230 2856 2083 2910; baseline -0.002 -10"><span class='ocrx_word' id='word_1_429' title='bbox 230 2858 526 2901; x_wconf 88' lang='lat' dir='ltr'>CONCLUSIO.</span> <span class='ocrx_word' id='word_1_430' title='bbox 555 2879 602 2887; x_wconf 88' lang='lat'>—</span> <span class='ocrx_word' id='word_1_431' title='bbox 628 2857 734 2898; x_wconf 73' lang='lat' dir='ltr'>Csxm</span> <span class='ocrx_word' id='word_1_432' title='bbox 762 2856 950 2898; x_wconf 84' lang='lat' dir='ltr'>Christus</span> <span class='ocrx_word' id='word_1_433' title='bbox 977 2858 1109 2899; x_wconf 82' lang='lat' dir='ltr'>latriae</span> <span class='ocrx_word' id='word_1_434' title='bbox 1133 2858 1370 2899; x_wconf 83' lang='lat' dir='ltr'>adoratione</span> <span class='ocrx_word' id='word_1_435' title='bbox 1392 2858 1447 2899; x_wconf 87' lang='lat' dir='ltr'>sit</span> <span class='ocrx_word' id='word_1_436' title='bbox 1472 2856 1733 2907; x_wconf 85' lang='lat' dir='ltr'>adorandus,</span> <span class='ocrx_word' id='word_1_437' title='bbox 1761 2858 1899 2908; x_wconf 86' lang='lat' dir='ltr'>imago</span> <span class='ocrx_word' id='word_1_438' title='bbox 1920 2867 2083 2910; x_wconf 80' lang='lat' dir='ltr'>quoque</span> 
     </span>
     <span class='ocr_line' id='line_1_43' title="bbox 185 2912 1544 2968; baseline -0.001 -12"><span class='ocrx_word' id='word_1_439' title='bbox 185 2914 273 2968; x_wconf 83' lang='lat' dir='ltr'>ejus</span> <span class='ocrx_word' id='word_1_440' title='bbox 289 2915 430 2956; x_wconf 82' lang='lat' dir='ltr'>eadem</span> <span class='ocrx_word' id='word_1_441' title='bbox 447 2913 684 2955; x_wconf 85' lang='lat' dir='ltr'>adoratione</span> <span class='ocrx_word' id='word_1_442' title='bbox 699 2912 906 2955; x_wconf 73' lang='lat' dir='ltr'>adoranda</span> <span class='ocrx_word' id='word_1_443' title='bbox 921 2918 994 2965; x_wconf 88' lang='lat' dir='ltr'>est,</span> <span class='ocrx_word' id='word_1_444' title='bbox 1015 2926 1063 2955; x_wconf 86' lang='lat' dir='ltr'>ex</span> <span class='ocrx_word' id='word_1_445' title='bbox 1077 2916 1121 2955; x_wconf 92' lang='lat' dir='ltr'>B.</span> <span class='ocrx_word' id='word_1_446' title='bbox 1138 2914 1305 2955; x_wconf 87' lang='lat' dir='ltr'>Thomae</span> <span class='ocrx_word' id='word_1_447' title='bbox 1324 2916 1544 2955; x_wconf 87' lang='lat' dir='ltr'>sententia.</span> 
     </span>
    </p>
   </div>
   <div class='ocr_carea' id='block_1_8' title="bbox 1581 0 2170 185">
    <p class='ocr_par' dir='ltr' id='par_1_13' title="bbox 1581 0 2170 185">
     <span class='ocr_line' id='line_1_44' title="bbox 1581 0 2170 185; baseline 0 3623"><span class='ocrx_word' id='word_1_448' title='bbox 1581 0 2170 185; x_wconf 95' lang='lat' dir='ltr'> </span> 
     </span>
    </p>
   </div>
   <div class='ocr_carea' id='block_1_9' title="bbox 2021 16 2170 396">
    <p class='ocr_par' dir='ltr' id='par_1_14' title="bbox 2021 16 2170 396">
     <span class='ocr_line' id='line_1_45' title="bbox 2021 16 2106 36; baseline 0 -13"><span class='ocrx_word' id='word_1_449' title='bbox 2021 17 2070 36; x_wconf 69' lang='lat'>&#39;!==--·</span> <span class='ocrx_word' id='word_1_450' title='bbox 2082 18 2087 30; x_wconf 62' lang='lat'>,⁴</span> <span class='ocrx_word' id='word_1_451' title='bbox 2102 16 2106 19; x_wconf 85' lang='lat'><em>-</em></span> 
     </span>
     <span class='ocr_line' id='line_1_46' title="bbox 2024 56 2119 83; baseline 0 -22"><span class='ocrx_word' id='word_1_452' title='bbox 2024 56 2031 61; x_wconf 19' lang='lat' dir='ltr'>a</span> <span class='ocrx_word' id='word_1_453' title='bbox 2050 67 2056 74; x_wconf 56' lang='lat'><em>:</em></span> <span class='ocrx_word' id='word_1_454' title='bbox 2070 68 2087 79; x_wconf 72' lang='lat'>.</span> <span class='ocrx_word' id='word_1_455' title='bbox 2101 59 2119 83; x_wconf 54' lang='lat'>⁴2¹</span> 
     </span>
     <span class='ocr_line' id='line_1_47' title="bbox 2041 89 2160 107; baseline 0.008 -9"><span class='ocrx_word' id='word_1_456' title='bbox 2041 90 2094 107; x_wconf 69' lang='lat'>·&#39;.⁷¹·</span> <span class='ocrx_word' id='word_1_457' title='bbox 2105 93 2111 100; x_wconf 65' lang='lat' dir='ltr'>a</span> <span class='ocrx_word' id='word_1_458' title='bbox 2155 89 2160 99; x_wconf 92' lang='lat'>·.</span> 
     </span>
     <span class='ocr_line' id='line_1_48' title="bbox 2084 115 2154 141; baseline 0 -16"><span class='ocrx_word' id='word_1_459' title='bbox 2084 115 2121 141; x_wconf 22' lang='lat'>5¹¹.</span> <span class='ocrx_word' id='word_1_460' title='bbox 2143 116 2154 138; x_wconf 49' lang='lat' dir='ltr'>&#39;st</span> 
     </span>
     <span class='ocr_line' id='line_1_49' title="bbox 2135 176 2166 191; baseline 0 0"><span class='ocrx_word' id='word_1_461' title='bbox 2135 176 2166 191; x_wconf 44' lang='lat' dir='ltr'>sta</span> 
     </span>
     <span class='ocr_line' id='line_1_50' title="bbox 2141 246 2170 357; baseline 0 0"><span class='ocrx_word' id='word_1_462' title='bbox 2141 246 2170 357; x_wconf 61' lang='grc' dir='ltr'><em>ἑ</em></span> 
     </span>
     <span class='ocr_line' id='line_1_51' title="bbox 2139 359 2170 396; baseline 0 -26"><span class='ocrx_word' id='word_1_463' title='bbox 2139 359 2170 396; x_wconf 46' lang='grc' dir='ltr'>εμῆ</span> 
     </span>
    </p>
   </div>
   <div class='ocr_carea' id='block_1_10' title="bbox 236 2948 2164 3036">
    <p class='ocr_par' dir='ltr' id='par_1_15' title="bbox 236 2948 2164 3036">
     <span class='ocr_line' id='line_1_52' title="bbox 236 2948 2164 3036; baseline -0.002 -13"><span class='ocrx_word' id='word_1_464' title='bbox 236 2978 512 3036; x_wconf 88' lang='lat' dir='ltr'>Respondeo</span> <span class='ocrx_word' id='word_1_465' title='bbox 529 2975 781 3022; x_wconf 87' lang='lat' dir='ltr'>dicendum</span> <span class='ocrx_word' id='word_1_466' title='bbox 804 2976 946 3035; x_wconf 77' lang='lat' dir='ltr'>quod,</span> <span class='ocrx_word' id='word_1_467' title='bbox 969 2978 1090 3023; x_wconf 90' lang='lat' dir='ltr'>sicut</span> <span class='ocrx_word' id='word_1_468' title='bbox 1123 2978 1427 3034; x_wconf 86' lang='lat' dir='ltr'>Philosophus</span> <span class='ocrx_word' id='word_1_469' title='bbox 1447 2976 1559 3022; x_wconf 89' lang='lat' dir='ltr'>dicit</span> <span class='ocrx_word' id='word_1_470' title='bbox 1585 2976 1646 3032; x_wconf 90' lang='lat' dir='ltr'>(in</span> <span class='ocrx_word' id='word_1_471' title='bbox 1670 2976 1750 3020; x_wconf 88' lang='lat' dir='ltr'>lib.</span> <span class='ocrx_word' id='word_1_472' title='bbox 1776 2977 1837 3020; x_wconf 89' lang='lat' dir='ltr'>De</span> <span class='ocrx_word' id='word_1_473' title='bbox 1859 2975 2081 3021; x_wconf 85' lang='lat' dir='ltr'>memoria</span> <span class='ocrx_word' id='word_1_474' title='bbox 2127 2995 2131 3006; x_wconf 56' lang='lat'>³</span> <span class='ocrx_word' id='word_1_475' title='bbox 2159 2948 2164 2955; x_wconf 68' lang='lat'>‚</span> 
     </span>
    </p>
   </div>
   <div class='ocr_carea' id='block_1_11' title="bbox 179 3038 2082 3285">
    <p class='ocr_par' dir='ltr' id='par_1_16' title="bbox 179 3038 2082 3285">
     <span class='ocr_line' id='line_1_53' title="bbox 179 3038 2080 3100; baseline -0.001 -16"><span class='ocrx_word' id='word_1_476' title='bbox 179 3045 225 3085; x_wconf 90' lang='lat' dir='ltr'>et</span> <span class='ocrx_word' id='word_1_477' title='bbox 244 3040 608 3100; x_wconf 82' lang='lat' dir='ltr'>reminiscentia,</span> <span class='ocrx_word' id='word_1_478' title='bbox 623 3052 727 3097; x_wconf 89' lang='lat' dir='ltr'>cap.</span> <span class='ocrx_word' id='word_1_479' title='bbox 744 3042 788 3095; x_wconf 76' lang='lat'>2,</span> <span class='ocrx_word' id='word_1_480' title='bbox 801 3040 912 3085; x_wconf 88' lang='lat' dir='ltr'>circ.</span> <span class='ocrx_word' id='word_1_481' title='bbox 928 3041 1088 3097; x_wconf 64' lang='lat' dir='ltr'>med),</span> <span class='ocrx_word' id='word_1_482' title='bbox 1105 3040 1279 3096; x_wconf 83' lang='lat' dir='ltr'>duplex·</span> <span class='ocrx_word' id='word_1_483' title='bbox 1295 3047 1367 3085; x_wconf 87' lang='lat' dir='ltr'>est</span> <span class='ocrx_word' id='word_1_484' title='bbox 1386 3044 1542 3085; x_wconf 90' lang='lat' dir='ltr'>motus</span> <span class='ocrx_word' id='word_1_485' title='bbox 1557 3038 1726 3083; x_wconf 84' lang='lat' dir='ltr'>animae</span> <span class='ocrx_word' id='word_1_486' title='bbox 1739 3039 1788 3083; x_wconf 92' lang='lat' dir='ltr'>in</span> <span class='ocrx_word' id='word_1_487' title='bbox 1799 3038 2080 3094; x_wconf 83' lang='lat' dir='ltr'>imaginem:</span> 
     </span>
     <span class='ocr_line' id='line_1_54' title="bbox 181 3100 2082 3159; baseline 0.001 -14"><span class='ocrx_word' id='word_1_488' title='bbox 181 3113 305 3146; x_wconf 87' lang='lat' dir='ltr'>unus</span> <span class='ocrx_word' id='word_1_489' title='bbox 324 3102 513 3158; x_wconf 88' lang='lat' dir='ltr'>quidem</span> <span class='ocrx_word' id='word_1_490' title='bbox 535 3102 583 3145; x_wconf 87' lang='lat' dir='ltr'>in</span> <span class='ocrx_word' id='word_1_491' title='bbox 606 3101 756 3158; x_wconf 89' lang='lat' dir='ltr'>ipsam</span> <span class='ocrx_word' id='word_1_492' title='bbox 787 3102 1059 3159; x_wconf 86' lang='lat' dir='ltr'>imaginem,</span> <span class='ocrx_word' id='word_1_493' title='bbox 1085 3102 1346 3148; x_wconf 79' lang='lat' dir='ltr'>secundum</span> <span class='ocrx_word' id='word_1_494' title='bbox 1376 3101 1504 3159; x_wconf 77' lang='lat' dir='ltr'>quod</span> <span class='ocrx_word' id='word_1_495' title='bbox 1521 3113 1597 3147; x_wconf 88' lang='lat' dir='ltr'>res</span> <span class='ocrx_word' id='word_1_496' title='bbox 1614 3101 1830 3158; x_wconf 78' lang='lat' dir='ltr'>quaedam</span> <span class='ocrx_word' id='word_1_497' title='bbox 1862 3106 1956 3157; x_wconf 67' lang='grc'><strong>051,</strong></span> <span class='ocrx_word' id='word_1_498' title='bbox 1991 3100 2082 3146; x_wconf 89' lang='lat' dir='ltr'>alio</span> 
     </span>
     <span class='ocr_line' id='line_1_55' title="bbox 180 3162 2082 3221; baseline 0 -15"><span class='ocrx_word' id='word_1_499' title='bbox 180 3162 318 3207; x_wconf 89' lang='lat' dir='ltr'>modo</span> <span class='ocrx_word' id='word_1_500' title='bbox 339 3163 386 3206; x_wconf 92' lang='lat' dir='ltr'>in</span> <span class='ocrx_word' id='word_1_501' title='bbox 408 3163 677 3220; x_wconf 75' lang='lat' dir='ltr'>Imaginem,</span> <span class='ocrx_word' id='word_1_502' title='bbox 699 3164 983 3221; x_wconf 84' lang='lat' dir='ltr'>inquantum</span> <span class='ocrx_word' id='word_1_503' title='bbox 1001 3168 1073 3210; x_wconf 90' lang='lat' dir='ltr'>est</span> <span class='ocrx_word' id='word_1_504' title='bbox 1090 3164 1247 3221; x_wconf 87' lang='lat' dir='ltr'>imago</span> <span class='ocrx_word' id='word_1_505' title='bbox 1269 3164 1488 3221; x_wconf 70' lang='lat' dir='ltr'>alterius,</span> <span class='ocrx_word' id='word_1_506' title='bbox 1513 3169 1559 3209; x_wconf 89' lang='grc'>01</span> <span class='ocrx_word' id='word_1_507' title='bbox 1586 3164 1708 3208; x_wconf 86' lang='lat' dir='ltr'>inter</span> <span class='ocrx_word' id='word_1_508' title='bbox 1732 3164 1819 3207; x_wconf 89' lang='lat' dir='ltr'>hos</span> <span class='ocrx_word' id='word_1_509' title='bbox 1838 3163 1957 3207; x_wconf 88' lang='lat' dir='ltr'>duos</span> <span class='ocrx_word' id='word_1_510' title='bbox 1977 3175 2082 3207; x_wconf 87' lang='lat' dir='ltr'>mo·-</span> 
     </span>
     <span class='ocr_line' id='line_1_56' title="bbox 181 3225 2075 3285; baseline 0.002 -17"><span class='ocrx_word' id='word_1_511' title='bbox 181 3230 255 3270; x_wconf 87' lang='lat' dir='ltr'>tus</span> <span class='ocrx_word' id='word_1_512' title='bbox 267 3228 337 3270; x_wconf 88' lang='lat' dir='ltr'>est</span> <span class='ocrx_word' id='word_1_513' title='bbox 351 3225 451 3268; x_wconf 81' lang='lat' dir='ltr'>haec</span> <span class='ocrx_word' id='word_1_514' title='bbox 470 3225 748 3284; x_wconf 81' lang='lat' dir='ltr'>differentia,</span> <span class='ocrx_word' id='word_1_515' title='bbox 765 3227 876 3283; x_wconf 89' lang='lat' dir='ltr'>quia</span> <span class='ocrx_word' id='word_1_516' title='bbox 886 3227 1066 3284; x_wconf 88' lang='lat' dir='ltr'>primus</span> <span class='ocrx_word' id='word_1_517' title='bbox 1087 3232 1261 3284; x_wconf 82' lang='grc'><strong>11101115,</strong></span> <span class='ocrx_word' id='word_1_518' title='bbox 1277 3239 1371 3285; x_wconf 88' lang='lat' dir='ltr'>quo</span> <span class='ocrx_word' id='word_1_519' title='bbox 1390 3227 1496 3285; x_wconf 89' lang='lat' dir='ltr'>quis</span> <span class='ocrx_word' id='word_1_520' title='bbox 1514 3229 1731 3272; x_wconf 82' lang='lat' dir='ltr'>movetur</span> <span class='ocrx_word' id='word_1_521' title='bbox 1745 3226 1795 3270; x_wconf 92' lang='lat' dir='ltr'>in</span> <span class='ocrx_word' id='word_1_522' title='bbox 1806 3225 2075 3282; x_wconf 74' lang='lat' dir='ltr'>imaginem,</span> 
     </span>
    </p>
   </div>
   <div class='ocr_carea' id='block_1_12' title="bbox 179 3347 2080 3490">
    <p class='ocr_par' dir='ltr' id='par_1_17' title="bbox 179 3347 2080 3490">
     <span class='ocr_line' id='line_1_57' title="bbox 180 3347 2078 3395; baseline -0.002 -9"><span class='ocrx_word' id='word_1_523' title='bbox 180 3350 286 3391; x_wconf 82' lang='lat' dir='ltr'>Patri,</span> <span class='ocrx_word' id='word_1_524' title='bbox 305 3354 345 3384; x_wconf 89' lang='lat' dir='ltr'>ut</span> <span class='ocrx_word' id='word_1_525' title='bbox 361 3350 448 3384; x_wconf 89' lang='lat' dir='ltr'>Deus</span> <span class='ocrx_word' id='word_1_526' title='bbox 466 3353 516 3383; x_wconf 77' lang='lat' dir='ltr'>est</span> <span class='ocrx_word' id='word_1_527' title='bbox 530 3375 539 3391; x_wconf 90' lang='lat'>‚</span> <span class='ocrx_word' id='word_1_528' title='bbox 556 3351 735 3385; x_wconf 80' lang='lat' dir='ltr'>conveniat</span> <span class='ocrx_word' id='word_1_529' title='bbox 751 3351 861 3386; x_wconf 80' lang='lat' dir='ltr'>cultus</span> <span class='ocrx_word' id='word_1_530' title='bbox 875 3352 984 3387; x_wconf 76' lang='lat' dir='ltr'>latriae</span> <span class='ocrx_word' id='word_1_531' title='bbox 997 3380 1005 3394; x_wconf 89' lang='lat'>,</span> <span class='ocrx_word' id='word_1_532' title='bbox 1020 3353 1085 3394; x_wconf 80' lang='lat' dir='ltr'>ipsi</span> <span class='ocrx_word' id='word_1_533' title='bbox 1213 3353 1259 3395; x_wconf 60' lang='lat'>(2)</span> <span class='ocrx_word' id='word_1_534' title='bbox 1273 3351 1416 3392; x_wconf 77' lang='lat' dir='ltr'>JudaeoS,</span> <span class='ocrx_word' id='word_1_535' title='bbox 1448 3349 1599 3390; x_wconf 79' lang='lat' dir='ltr'>gentiles,</span> <span class='ocrx_word' id='word_1_536' title='bbox 1619 3349 1848 3388; x_wconf 82' lang='lat' dir='ltr'>marcionitas,</span> <span class='ocrx_word' id='word_1_537' title='bbox 1867 3347 2078 3389; x_wconf 69' lang='lat' dir='ltr'>manicham,</span> 
     </span>
     <span class='ocr_line' id='line_1_58' title="bbox 182 3397 2078 3443; baseline -0.001 -11"><span class='ocrx_word' id='word_1_538' title='bbox 182 3409 313 3440; x_wconf 72' lang='lat' dir='ltr'>quoque</span> <span class='ocrx_word' id='word_1_539' title='bbox 342 3397 519 3432; x_wconf 79' lang='lat' dir='ltr'>conveniat</span> <span class='ocrx_word' id='word_1_540' title='bbox 539 3397 650 3432; x_wconf 79' lang='lat' dir='ltr'>cultus</span> <span class='ocrx_word' id='word_1_541' title='bbox 677 3398 778 3433; x_wconf 73' lang='lat' dir='ltr'>duliae</span> <span class='ocrx_word' id='word_1_542' title='bbox 791 3426 800 3441; x_wconf 97' lang='lat'>‚</span> <span class='ocrx_word' id='word_1_543' title='bbox 841 3400 921 3443; x_wconf 76' lang='lat' dir='ltr'>quia</span> <span class='ocrx_word' id='word_1_544' title='bbox 953 3404 1022 3443; x_wconf 85' lang='lat' dir='ltr'>ipse</span> <span class='ocrx_word' id='word_1_545' title='bbox 1040 3406 1089 3436; x_wconf 86' lang='lat' dir='ltr'>est</span> <span class='ocrx_word' id='word_1_546' title='bbox 1174 3401 1255 3435; x_wconf 83' lang='lat' dir='ltr'>olim</span> <span class='ocrx_word' id='word_1_547' title='bbox 1272 3400 1400 3434; x_wconf 87' lang='lat' dir='ltr'>bellum</span> <span class='ocrx_word' id='word_1_548' title='bbox 1417 3399 1573 3433; x_wconf 63' lang='lat' dir='ltr'>adversas</span> <span class='ocrx_word' id='word_1_549' title='bbox 1590 3397 1753 3439; x_wconf 83' lang='lat' dir='ltr'>imagines</span> <span class='ocrx_word' id='word_1_550' title='bbox 1769 3397 1926 3432; x_wconf 81' lang='lat' dir='ltr'>indixisse</span> <span class='ocrx_word' id='word_1_551' title='bbox 1941 3400 2078 3430; x_wconf 72' lang='lat' dir='ltr'>testatur</span> 
     </span>
     <span class='ocr_line' id='line_1_59' title="bbox 179 3445 2080 3490; baseline -0.001 -11"><span class='ocrx_word' id='word_1_552' title='bbox 179 3458 358 3487; x_wconf 87' lang='lat' dir='ltr'>supremus</span> <span class='ocrx_word' id='word_1_553' title='bbox 379 3446 557 3480; x_wconf 76' lang='lat' dir='ltr'>Dominus.</span> <span class='ocrx_word' id='word_1_554' title='bbox 1174 3449 1318 3490; x_wconf 73' lang='lat' dir='ltr'>synodus</span> <span class='ocrx_word' id='word_1_555' title='bbox 1342 3457 1406 3487; x_wconf 79' lang='lat' dir='ltr'>vu,</span> <span class='ocrx_word' id='word_1_556' title='bbox 1427 3451 1491 3481; x_wconf 80' lang='lat' dir='ltr'>art.</span> <span class='ocrx_word' id='word_1_557' title='bbox 1512 3447 1526 3480; x_wconf 76' lang='lat' dir='ltr'>l</span> <span class='ocrx_word' id='word_1_558' title='bbox 1553 3452 1585 3480; x_wconf 86' lang='lat' dir='ltr'>et</span> <span class='ocrx_word' id='word_1_559' title='bbox 1606 3447 1638 3487; x_wconf 79' lang='lat'>5,</span> <span class='ocrx_word' id='word_1_560' title='bbox 1658 3446 1716 3480; x_wconf 89' lang='lat' dir='ltr'>sed</span> <span class='ocrx_word' id='word_1_561' title='bbox 1736 3445 1827 3480; x_wconf 87' lang='lat' dir='ltr'>hunc</span> <span class='ocrx_word' id='word_1_562' title='bbox 1849 3455 2001 3480; x_wconf 79' lang='lat' dir='ltr'>errorem</span> <span class='ocrx_word' id='word_1_563' title='bbox 2026 3454 2080 3478; x_wconf 82' lang='lat' dir='ltr'>ro·</span> 
     </span>
    </p>
   </div>
   <div class='ocr_carea' id='block_1_13' title="bbox 181 3490 2110 3584">
    <p class='ocr_par' dir='ltr' id='par_1_18' title="bbox 181 3490 2110 3584">
     <span class='ocr_line' id='line_1_60' title="bbox 223 3490 2109 3539; baseline -0.002 -11"><span class='ocrx_word' id='word_1_564' title='bbox 223 3494 266 3536; x_wconf 84' lang='lat' dir='ltr'>(l)</span> <span class='ocrx_word' id='word_1_565' title='bbox 286 3494 387 3536; x_wconf 78' lang='lat' dir='ltr'>Quasi</span> <span class='ocrx_word' id='word_1_566' title='bbox 401 3493 611 3534; x_wconf 77' lang='lat' dir='ltr'>superiorem</span> <span class='ocrx_word' id='word_1_567' title='bbox 628 3493 808 3536; x_wconf 79' lang='lat' dir='ltr'>quamdam</span> <span class='ocrx_word' id='word_1_568' title='bbox 826 3495 1037 3539; x_wconf 84' lang='lat' dir='ltr'>servitutem,</span> <span class='ocrx_word' id='word_1_569' title='bbox 1051 3501 1090 3531; x_wconf 85' lang='lat' dir='ltr'>ut</span> <span class='ocrx_word' id='word_1_570' title='bbox 1176 3499 1343 3531; x_wconf 64' lang='lat' dir='ltr'>noverunt</span> <span class='ocrx_word' id='word_1_571' title='bbox 1368 3494 1579 3531; x_wconf 77' lang='lat' dir='ltr'>iconoclastae</span> <span class='ocrx_word' id='word_1_572' title='bbox 1597 3505 1676 3528; x_wconf 85' lang='lat' dir='ltr'>ann.</span> <span class='ocrx_word' id='word_1_573' title='bbox 1706 3493 1770 3528; x_wconf 78' lang='lat'>726</span> <span class='ocrx_word' id='word_1_574' title='bbox 1784 3521 1792 3537; x_wconf 91' lang='lat'>,</span> <span class='ocrx_word' id='word_1_575' title='bbox 1817 3504 1938 3536; x_wconf 79' lang='lat' dir='ltr'>eosque</span> <span class='ocrx_word' id='word_1_576' title='bbox 1963 3490 2079 3533; x_wconf 84' lang='lat' dir='ltr'>prossi-</span> <span class='ocrx_word' id='word_1_577' title='bbox 2099 3521 2109 3525; x_wconf 73' lang='grc'>,,</span> 
     </span>
     <span class='ocr_line' id='line_1_61' title="bbox 181 3541 2110 3584; baseline -0.001 -7"><span class='ocrx_word' id='word_1_578' title='bbox 181 3553 239 3578; x_wconf 81' lang='lat' dir='ltr'>vox</span> <span class='ocrx_word' id='word_1_579' title='bbox 257 3543 453 3584; x_wconf 65' lang='grc' dir='ltr'>ὓπιρδουλεῑα</span> <span class='ocrx_word' id='word_1_580' title='bbox 468 3541 648 3583; x_wconf 82' lang='lat' dir='ltr'>signifi-cat.</span> <span class='ocrx_word' id='word_1_581' title='bbox 959 3555 972 3565; x_wconf 87' lang='lat'><strong>·</strong></span> <span class='ocrx_word' id='word_1_582' title='bbox 1177 3544 1268 3583; x_wconf 75' lang='lat' dir='ltr'>gavit</span> <span class='ocrx_word' id='word_1_583' title='bbox 1286 3543 1408 3579; x_wconf 80' lang='lat' dir='ltr'>concil.</span> <span class='ocrx_word' id='word_1_584' title='bbox 1425 3543 1598 3578; x_wconf 81' lang='lat' dir='ltr'>Nicaenum</span> <span class='ocrx_word' id='word_1_585' title='bbox 1620 3554 1675 3576; x_wconf 82' lang='lat' dir='ltr'>an.</span> <span class='ocrx_word' id='word_1_586' title='bbox 1690 3542 1765 3577; x_wconf 86' lang='lat'>787.</span> <span class='ocrx_word' id='word_1_587' title='bbox 2107 3557 2110 3560; x_wconf 50' lang='lat'><strong>⁴</strong></span> 
     </span>
    </p>
   </div>
   <div class='ocr_carea' id='block_1_14' title="bbox 2123 3556 2152 3567">
    <p class='ocr_par' dir='ltr' id='par_1_19' title="bbox 2123 3556 2152 3567">
     <span class='ocr_line' id='line_1_62' title="bbox 2123 3556 2152 3567; baseline 0 -4"><span class='ocrx_word' id='word_1_588' title='bbox 2123 3556 2152 3567; x_wconf 40' lang='grc' dir='ltr'>χ</span> 
     </span>
    </p>
   </div>
  </div>
 </body>
</html>
