2170 3808
769 0 779 10 .
809 0 820 22 i
877 0 897 33 ζ’
915 0 1930 32 ““”’”“““”“”“Τ”**“·ῒ“·“”““Ὕ·’“·”“·”’““Ἣ·.·Μ*-Ἥκν.
1960 0 2139 33 ’3ῑῖτ“ῑ’·““-·’“ψ.

919 31 921 33 .
990 32 992 35 ,
1244 32 1246 38 ,
1526 33 1528 35 ,
1645 27 1648 29 ”
1878 28 1890 36 κ
2069 31 2073 40 1
2131 25 2147 42 k.

176 267 259 310 610
737 263 936 315 QUAEST.
968 262 1107 317 inx,
1137 262 1256 305 ART.
1287 265 1324 303 v
1351 262 1416 304 ET
1441 264 1510 306 vr.

176 345 299 392 rium
331 343 681 399 catechizando,
717 344 800 389 sed
834 347 956 388 Deus
990 342 1223 388 illuminat
1254 342 1451 388 interius
1485 342 1774 400 baptizatos,
1814 353 2083 400 praeparans

176 409 318 455 corda
342 419 503 453 eorum
535 405 592 450 ad
616 404 930 462 recipiendam
957 405 1215 450 doctrinam
1240 405 1474 462 veritatis,
1507 406 1768 451 secundum
1791 404 1907 449 illud
1935 405 2077 459 (Joan.

176 482 234 528 v1‚
259 475 331 524 45)
357 484 367 513 ε
394 472 477 512 Est
494 470 716 525 scriptum
737 471 785 511 in
800 469 1040 525 prophetis
1064 482 1080 509 .·
1111 486 1130 505 «ι
1152 468 1302 511 Erunt
1326 480 1478 511 omnes
1499 468 1716 512 docibiles
1736 470 1835 511 Dei.
1863 485 1883 505 »

230 533 297 578 Ad
322 534 503 574 tertium
524 530 790 587 dicendum,
806 531 931 588 quod
949 530 1143 575 effectus
1165 528 1384 586 baptismi
1402 529 1593 586 ponitur
1606 529 1869 574 fecunditas
1889 530 1983 586 qua
1996 527 2078 572 ali-

175 593 281 650 quis
304 592 519 648 producit
538 592 660 636 bona
682 604 840 648 opera,
866 605 960 635 non
982 597 1139 635 autem
1161 590 1423 636 fecunditas
1447 591 1539 648 qua
1564 591 1731 648 aliquis
1751 594 1944 648 generat
1963 589 2079 634 alios

175 655 225 699 in
243 656 439 709 Christo,
463 654 585 699 sicut
604 654 852 710 Apostolus
879 653 990 699 dicit
1010 655 1061 709 (1.
1082 655 1184 698 Cor.
1209 666 1269 711 lv,
1289 654 1361 708 15)
1383 667 1395 697 :
1421 655 1476 696 In
1494 653 1675 698 Christo
1692 657 1900 710 Jesuper
1919 655 2075 696 Evan-

173 717 342 773 aelium
364 731 443 774 eqo
469 730 546 759 vos
565 719 714 773 qenai.

252 780 600 823 ARTlCULUS
620 780 701 822 VI.
727 802 782 810 --
804 790 942 821 uranu
967 791 1086 820 ruem
1110 791 1152 820 m
1176 789 1373 821 mmsuo
1396 789 1722 828 consnoumrua
1745 779 1923 822 curun
1943 789 1996 822 m·

979 851 1181 884 vaUTEs
1203 841 1280 895 (1).

177 910 228 948 De
244 909 298 946 his
310 910 412 945 etiam
426 910 448 945 2
462 911 495 952 2,
511 912 627 951 quaest.
639 917 747 950 xnvn,
763 912 829 944 art.
844 908 887 945 Μ
903 909 943 944 ad
959 909 992 951 5,
1005 913 1039 943 et
1053 908 1148 944 Sent.
1164 917 1214 951 lv,
1232 907 1309 944 dist.
1328 908 1364 951 4,
1381 909 1496 951 quoest.
1507 916 1545 950 n,
1565 914 1632 944 art.
1648 909 1681 951 2,
1698 913 1814 952 quaest.
1833 918 1860 950 1.
1877 911 1912 945 et
1926 908 2005 944 dist.
2020 907 2074 952 ⁴⁷.

446 962 562 1000 quoest.
578 966 604 1001 1,
619 962 684 992 art.
704 958 726 992 5
741 969 833 999 corp.
851 961 885 993 et
903 957 945 992 ad
963 959 997 999 ὅ,
1018 961 1052 992 et
1069 957 1147 992 dist.
1166 956 1220 999 48,
1235 959 1355 999 quaest.
1374 963 1400 999 1,
1417 960 1483 992 art.
1504 957 1538 998 5.
1553 962 1670 1000 quast.
1685 965 1699 993 1
1711 969 1805 1001 corp.

230 1012 297 1059 Ad
320 1016 505 1058 sextum
529 1011 596 1056 sic
619 1011 902 1068 proceditur.
924 1015 966 1057 1.
991 1011 1181 1056 Videtur
1201 1009 1327 1068 quod
1350 1010 1482 1068 pueri
1508 1010 1556 1056 in
1586 1012 1817 1070 baptismo
1840 1024 1935 1057 non
1958 1021 2074 1056 con·-

175 1080 435 1132 sequantur
456 1074 654 1130 gratiam
672 1078 718 1118 et
738 1073 949 1118 virtutes.
975 1073 1126 1117 Gratia
1145 1074 1270 1118 enim
1292 1077 1339 1118 et
1358 1073 1556 1118 virtutes
1587 1086 1681 1119 non
1709 1075 1943 1120 habentur
1974 1074 2077 1120 sine

175 1133 269 1182 fide
287 1142 334 1182 et
353 1136 591 1181 charitate.
621 1134 705 1180 Sed
730 1135 864 1192 fideS‚
898 1140 951 1180 ut
972 1134 1261 1193 Augustinus
1286 1134 1397 1181 dicit
1424 1134 1520 1190 (lib.
1543 1138 1604 1181 De
1623 1137 1839 1193 praedest.
1867 1141 2071 1181 sanctor.

174 1209 276 1256 cap.
295 1202 338 1256 5,
355 1199 400 1243 in
425 1198 544 1255 fin.)‚
568 1215 590 1237 ιι
616 1197 830 1243 consistit
849 1197 895 1242 in
920 1197 1209 1243 credentium
1230 1197 1496 1253 voluntate3
1524 1215 1545 1237 n
1565 1199 1776 1244 similiter
1799 1198 1940 1244 etiam
1961 1198 2075 1243 cha-

173 1259 287 1306 ritas
306 1260 521 1305 consistit
542 1260 590 1304 in
616 1259 908 1316 diligentium
932 1259 1186 1316 voluntate,
1211 1259 1348 1317 cujus
1370 1270 1508 1305 usum
1528 1260 1660 1317 pueri
1688 1272 1783 1305 non
1807 1259 2008 1316 habent,
2028 1264 2076 1305 et

174 1323 243 1369 sic
265 1336 359 1367 non
385 1323 557 1367 habent
578 1323 719 1367 fidem
739 1327 785 1367 et
804 1322 1093 1366 charitatem.
1117 1324 1237 1379 Ergo
1257 1322 1389 1379 pueri
1409 1322 1457 1366 in
1477 1321 1711 1378 baptismo
1730 1334 1824 1367 non
1847 1321 2076 1379 recipiunt

173 1384 370 1443 gratiam
392 1392 437 1430 et
459 1384 670 1429 virtutes,

227 1449 272 1493 2.
288 1444 530 1502 Praeterea,
547 1457 688 1503 super
707 1445 977 1501 illudooan.
991 1449 1152 1505 xiv,12)
1171 1460 1183 1491 z
1206 1447 1389 1501 MaJora
1408 1447 1569 1490 horum
1585 1449 1741 1501 faciet,
1765 1446 1877 1492 dicit
1897 1450 2075 1503 Augus-

173 1509 303 1554 tinus
327 1513 476 1562 (tract.
503 1512 559 1554 702
584 1509 633 1553 in
659 1510 789 1553 Joan.
813 1509 841 1552 a
860 1509 1022 1565 med),
1055 1508 1178 1565 quod
1205 1525 1227 1546 «ι
1247 1520 1306 1553 ex
1317 1507 1460 1563 impio
1486 1507 1646 1564 ¹iustus
1674 1507 1772 1567 fiat,
1793 1509 1841 1552 in
1865 1508 1959 1561 illo,
1991 1508 2074 1553 sed

172 1583 269 1616 non
289 1571 391 1615 sine
411 1571 509 1630 illo,
531 1569 740 1615 Christus
766 1573 1002 1626 operatur.
1030 1587 1052 1610 »ι
1079 1569 1167 1614 Sed
1187 1580 1321 1626 puer,
1341 1570 1450 1613 cum
1473 1581 1568 1612 non
1590 1569 1759 1614 habeat
1777 1579 1918 1614 usum
1940 1568 2075 1613 liberi

171 1631 364 1688 arbitrii,
386 1645 480 1676 non
511 1637 789 1689 cooperatur
821 1630 1000 1676 Christo
1018 1630 1078 1676 ad
1098 1641 1233 1675 suam
1247 1629 1657 1688 justificationem3
1682 1631 1774 1675 imo
1792 1630 2075 1688 quandoque

170 1706 256 1757 pro
272 1707 411 1753 posse
431 1693 664 1740 renititur.
686 1697 805 1752 Ergo
827 1706 922 1738 non
942 1691 1231 1751 Justificatur
1249 1706 1333 1751 per
1352 1693 1549 1751 gratiam
1569 1697 1616 1739 et
1635 1693 1846 1739 virtutes.

226 1758 268 1804 3.
302 1761 526 1803 Praeterea
558 1759 706 1813 (Rom.
727 1770 785 1814 lv,
813 1760 873 1813 5),
898 1756 1102 1802 dicitur:
1127 1759 1186 1801 Ei
1212 1758 1398 1813 quinon
1421 1759 1654 1815 operatur,
1688 1758 1893 1801 credenti
1922 1759 2072 1800 autem

170 1823 219 1865 in
234 1834 332 1865 eum
355 1823 432 1877 qui
444 1821 675 1877 Justilicat
697 1823 903 1878 impium,
933 1822 1179 1877 reputatur
1205 1819 1317 1874 fides
1342 1822 1437 1878 ejus
1460 1821 1526 1864 ad
1543 1821 1795 1875 justitiam,
1826 1820 2072 1863 secundam

167 1888 452 1940 propositum
473 1887 634 1940 qratiae
652 1886 754 1927 Dei.
775 1883 863 1928 Sed
886 1895 1003 1939 puer
1025 1895 1121 1926 non
1144 1886 1215 1927 est
1237 1882 1434 1927 credens
1450 1882 1499 1927 in
1520 1893 1628 1927 eum
1649 1881 1728 1939 qui
1746 1881 1971 1939 justificat
1989 1882 2073 1926 im-

169 1943 315 2002 pium.
336 1947 454 2001 Ergo
480 1956 574 1990 non
600 1944 904 2002 consequitur
925 1945 1121 2001 gratiam
1140 1943 1493 2001 justificantem,
1516 1956 1671 2001 neque
1692 1944 1901 1989 virtuteS.

223 2009 267 2053 4.
300 2010 543 2063 Praeterea,
565 2005 690 2064 quod
707 2018 766 2051 ex
787 2007 964 2051 carnali
984 2005 1242 2051 intentione
1263 2007 1434 2064 agitur,
1454 2019 1550 2051 non
1570 2006 1757 2052 videtur
1778 2005 1950 2052 habere
1972 2005 2071 2063 spi-

168 2068 381 2115 ritualem
401 2069 637 2115 effectum.
663 2069 747 2114 Sed
771 2068 1054 2126 quandoque
1074 2068 1204 2126 pueri
1223 2068 1283 2115 ad
1302 2069 1585 2127 baptismum
1604 2068 1876 2114 deferuntur
1896 2067 2072 2114 carnali

168 2131 446 2189 intentione,
474 2137 528 2177 ut
546 2132 723 2177 scilicet
737 2131 1036 2189 corporaliter
1055 2137 1293 2176 sanentur.
1314 2134 1412 2176 Non
1434 2144 1547 2189 ergo
1568 2136 1920 2188 consequuntur
1935 2130 2071 2189 spiri-

168 2194 342 2240 tualem
365 2195 581 2239 effectum
602 2193 763 2250 gratiae
782 2197 829 2238 et
851 2193 1092 2238 virtutum.

227 2257 312 2302 Sed
337 2261 500 2300 contra
525 2261 597 2302 est
623 2257 749 2314 quod
775 2256 1066 2312 Augustinus
1088 2255 1198 2300 dicit
1220 2255 1284 2311 (in
1305 2255 1489 2301 Enchir.
1520 2267 1623 2313 cap.
1651 2258 1727 2311 52,
1755 2259 1865 2300 ante
1890 2254 2067 2311 med.):

173 2336 194 2358 «
213 2319 397 2365 Parvuli
417 2319 706 2364 renascendo
723 2319 989 2363 moriuntur
1013 2319 1076 2363 illi
1097 2323 1287 2376 peccato
1306 2319 1431 2376 quod
1455 2317 1690 2363 nascendo
1709 2320 2066 2373 contraxerunt,

168 2394 225 2428 ac
246 2395 328 2440 per
349 2384 436 2427 hoc
455 2381 513 2427 ad
534 2382 638 2426 illos
660 2380 800 2426 etiam
818 2382 1020 2439 pertinet
1040 2381 1165 2439 quod
1190 2380 1388 2427 dicitur:
1411 2381 1677 2438 Consepulti
1695 2393 1849 2423 sumus
1868 2392 1970 2424 cum
1987 2378 2070 2424 illo

166 2457 251 2502 per
273 2446 546 2501 baptismum
571 2447 620 2487 in
636 2447 845 2487 mortem.
880 2463 900 2483 »
927 2443 1148 2489 subditur
1168 2450 1323 2489 autem
1346 2457 1358 2489 :
1395 2446 1454 2488 Ut
1481 2444 1700 2500 quomodo
1727 2443 1940 2486 Christus
1963 2454 2070 2485 sur-

167 2509 293 2551 reoeit
315 2508 347 2551 ὰ
366 2509 554 2550 mortuis
572 2519 660 2562 per
678 2506 875 2562 qlorz‘am
898 2509 1077 2562 Patris,
1104 2510 1172 2550 ita
1193 2510 1237 2550 et
1258 2521 1338 2550 nos
1360 2508 1409 2550 in
1428 2505 1628 2549 novitate
1651 2508 1753 2549 vitae
1777 2504 2063 2548 ambulemus.

169 2569 258 2615 Sed
278 2570 460 2613 novitas
482 2569 589 2612 vitae
612 2573 683 2612 est
701 2580 784 2624 per
805 2567 1004 2624 gratiam
1024 2571 1070 2612 et
1098 2568 1312 2613 virtutes.
1334 2570 1452 2624 Ergo
1473 2567 1606 2625 pueri
1632 2566 1679 2610 in
1706 2566 1937 2621 baptismo
1956 2576 2069 2622 gra-

167 2629 279 2676 tiam
304 2636 350 2676 et
370 2631 568 2675 virtutes
583 2636 954 2687 consequuntur.

216 2700 510 2741 CONCLUSIO.
537 2721 587 2728 —
609 2697 715 2739 cum
733 2697 849 2749 pueri
869 2698 912 2737 in
937 2697 1143 2750 baptismo
1165 2696 1317 2739 Christi
1339 2695 1524 2737 membra
1548 2695 1796 2746 efficiantur,
1817 2706 2068 2748 consequens

168 2757 243 2804 est,
264 2766 330 2795 eos
351 2766 432 2794 non
450 2752 572 2794 modo
598 2753 871 2795 characterem
892 2753 1064 2804 Christi,
1085 2753 1231 2795 verum
1250 2752 1379 2794 etiam
1396 2752 1538 2803 gratiae
1562 2755 1603 2793 et
1618 2751 1790 2793 virtutis
1812 2749 2025 2791 influxum
2044 2752 2069 2793 a

166 2808 331 2852 Christo
347 2810 479 2860 capite
497 2810 683 2860 recipere.

223 2873 499 2929 Respondeo
525 2871 774 2917 dicendum
804 2870 931 2929 quod
960 2869 1152 2928 quidam
1182 2867 1359 2928 antiqui
1387 2873 1647 2928 posuerunt
1677 2867 1802 2926 quod
1831 2868 1988 2926 pueris
2018 2869 2068 2914 in

166 2935 401 2992 baptismo
416 2947 510 2978 non
532 2934 702 2979 dantur
712 2934 860 2991 gratia
876 2937 922 2979 et
937 2934 1156 2990 virtutes3
1180 2933 1265 2979 sed
1280 2932 1562 2989 imprimitur
1576 2931 1644 2977 eis
1663 2931 1902 2976 character
1920 2930 2070 2976 Chris-

166 2997 218 3054 ti,
256 2997 392 3054 cujus
411 2997 600 3053 virtute,
623 3000 730 3041 curn
753 2996 812 3041 ad
832 2996 1085 3053 perfectam
1109 3000 1289 3041 aetatem
1320 2996 1549 3052 venerint,
1575 2996 1930 3050 consequuntur
1956 3005 2067 3049 gra-

166 3059 280 3106 tiam
300 3066 346 3104 et
371 3060 578 3104 virtutes.
602 3060 690 3104 Sed
712 3059 801 3103 hoc
820 3063 947 3115 patet
964 3071 1070 3104 esse
1087 3058 1260 3103 falsum
1283 3057 1557 3115 dupliciter:
1579 3056 1728 3114 primo
1747 3054 1935 3113 quidem
1958 3055 2068 3112 quia

165 3123 316 3180 pueri,
342 3123 461 3167 sicut
485 3127 531 3166 et
557 3121 727 3177 adulti,
751 3121 798 3166 in
821 3120 1054 3178 baptismo
1080 3121 1349 3166 efficmntur
1377 3120 1588 3166 membra
1612 3118 1801 3174 Christi3
1828 3117 1955 3162 unde
1982 3129 2069 3162 ne-

167 3195 299 3231 cesse
316 3190 387 3227 est
407 3183 532 3240 quod
556 3182 583 3226 a
600 3183 749 3240 capite
766 3183 990 3240 recipiant
1008 3182 1238 3227 influxum
1263 3183 1424 3239 gratiae
1443 3186 1489 3227 et
1507 3180 1708 3225 virtutis.
1728 3179 1938 3224 Secundo
1957 3179 2067 3236 quia

167 3245 430 3292 secundum
446 3246 534 3290 hoc
553 3246 685 3303 pueri
700 3244 980 3291 decedentes
997 3251 1103 3302 post
1117 3245 1403 3302 baptismum
1424 3257 1516 3289 non
1532 3242 1830 3301 pervenirent
1844 3241 1903 3286 ad
1921 3242 2065 3286 vitam

208 3377 254 3422 (l)
277 3377 466 3414 Concilium
487 3377 731 3413 Tridentinum
753 3376 908 3413 definivit
929 3378 1073 3418 gratiam
1157 3387 1301 3422 semper
1325 3380 1359 3412 et
1382 3377 1572 3415 omnibus,
1597 3374 1778 3419 quantam
1809 3376 1862 3408 est
1883 3384 1931 3408 ew
1958 3377 2067 3417 parto

84 3434 90 3439 '
165 3426 335 3467 omnibus,
361 3427 433 3461 sine
456 3426 526 3460 ulla
554 3427 761 3468 exceptione,
788 3438 849 3467 per
867 3425 1072 3466 baptismum
1158 3427 1238 3466 Dei,
1252 3427 1395 3460 etiamsi
1406 3426 1476 3459 rite
1486 3434 1528 3458 ea
1539 3424 1760 3466 suscipiant,
1775 3422 1839 3457 sed
1855 3421 2067 3465 aliquando

166 3474 313 3510 conferri
333 3478 418 3512 (sess.
436 3482 500 3515 vu,
517 3486 590 3509 can.
606 3474 637 3513 7)
656 3487 663 3507 ε
679 3474 724 3508 Si
739 3475 823 3516 quis
838 3474 981 3509 dixerit
997 3483 1074 3508 non
1159 3478 1190 3510 et
1206 3474 1407 3516 aliquio-um
1425 3468 1622 3506 anathema
1638 3472 1699 3505 sit.

165 3522 236 3559 Dei
276 3525 438 3568 qratiam
475 3534 544 3568 per
585 3523 798 3567 hujusmodi
839 3528 1073 3558 sacramenta
