2170 3808
175 245 231 289 80
845 239 1043 292 QUAEST.
1073 238 1159 294 Vll,
1190 239 1307 281 ART.
1335 238 1405 281 XI.

175 325 392 382 pondere,
432 328 477 368 et
516 323 726 367 mensura
750 321 1030 377 disposuisti.
1067 322 1186 376 Ergo
1229 319 1377 376 gratia
1419 317 1584 363 Christi
1622 330 1719 363 non
1759 322 1832 362 est
1870 317 2069 362 infinita.

223 392 512 435 CONCLUSIO.
536 413 583 420 -
610 390 749 430 Gratia
767 387 935 428 unionis
957 388 1000 427 in
1019 387 1179 427 Christo
1194 387 1273 426 fuit
1289 385 1456 426 infinita
1472 400 1482 426 z
1499 386 1631 437 gratia
1650 385 1746 426 vero
1765 384 2006 434 habitualis,
2025 390 2073 427 ut

176 457 248 489 ens
268 446 479 500 quoddam
493 445 574 485 fuit
592 446 638 485 in
657 446 798 484 anima
818 444 919 496 ejus,
937 444 1105 483 finitum
1122 441 1323 495 quiddam
1336 442 1419 482 fuit
1439 455 1452 491 ς
1478 448 1525 481 ut
1541 441 1672 492 gratia
1693 445 1833 481 autem
1847 441 1893 482 in
1915 441 2074 483 Christo

181 501 270 543 sine
285 513 481 543 mensura
502 501 598 549 fuit,
613 501 779 540 infinita
796 501 898 541 recte
917 499 1082 539 dicitur.

231 564 504 622 Respondeo
548 564 799 609 dicendum
836 563 961 620 quod
976 596 988 618 ‚
1025 562 1147 606 sicut
1183 574 1241 606 ex
1280 572 1424 616 supra
1470 559 1606 605 dictis
1645 563 1773 617 patet
1806 560 1822 614 (
1833 564 1999 616 quaest.
2038 573 2070 618 1,

182 631 269 672 art.
294 629 384 684 10),
404 627 453 670 in
472 626 652 671 Christo
671 631 824 682 potest
848 625 1014 681 duplex
1038 624 1186 680 gratia
1209 621 1494 668 considerari
1514 637 1526 667 ι
1550 634 1646 666 una
1665 620 1854 678 quidem
1871 627 1944 666 est
1961 634 2070 679 gra-

179 689 464 746 tiaunionis,
485 701 606 746 quae,
629 688 749 733 sicut
777 700 919 744 supra
939 688 1115 732 dictum
1132 692 1203 731 est
1222 688 1400 743 (quaest.
1415 698 1474 740 vi,
1492 689 1579 729 art.
1600 687 1662 740 6)7
1682 688 1753 728 est
1770 683 1927 740 ipsum
1947 684 2072 729 uniri

179 751 488 808 personaliter
506 750 617 794 Filio
635 750 732 805 Dei,
748 749 875 806 quod
886 754 958 793 est
973 749 1116 805 gratis
1135 759 1412 793 concessum
1426 746 1644 791 humanae
1663 750 1867 790 naturae:
1883 748 1932 790 et
1950 746 2072 793 hanc

178 813 377 870 gratiam
399 817 583 858 constat
601 825 705 857 esse
719 809 970 867 infinitam,
996 810 1256 855 secundum
1275 809 1400 867 quod
1419 808 1521 865 ipsa
1540 820 1741 866 persona
1760 806 1894 853 Verbi
1915 813 1988 853 est
2004 808 2072 854 in-

177 875 323 921 finita.
345 875 444 920 Alia
468 875 580 921 vero
598 879 670 920 est
689 874 836 931 gratia
857 873 1140 929 habitualis3
1165 885 1271 929 quae
1300 871 1488 929 quidem
1506 871 1669 929 'potest
1692 869 1938 928 dupliciter
1955 882 2070 916 con-

177 937 369 983 siderari
392 953 403 983 ε
429 950 525 982 uno
549 937 687 982 modo
716 936 973 981 secundum
1003 935 1127 992 quod
1151 941 1222 979 est
1251 933 1486 992 quoddam
1514 946 1618 991 enS,
1637 937 1683 978 et
1703 933 1770 977 sic
1791 944 1981 978 necesse
1998 938 2071 979 est

176 999 303 1057 quod
322 999 382 1045 sit
408 1011 494 1044 ens
523 995 738 1043 finitum:
760 1003 831 1043 est
858 998 984 1043 enim
1007 997 1054 1040 in
1075 997 1232 1040 anima
1252 995 1415 1040 Christi
1439 994 1559 1040 sicut
1581 994 1630 1039 in
1652 993 1891 1051 subject03
1913 994 2070 1040 anima

176 1064 330 1106 autem
351 1060 515 1105 Christi
535 1066 608 1105 est
626 1064 841 1105 creatura
863 1059 1079 1116 quaedam
1100 1058 1279 1103 habens
1298 1056 1603 1114 capacitatem
1631 1056 1810 1101 finitam
1832 1060 1918 1114 (υς
1941 1056 2070 1103 unde

176 1135 280 1168 esse
299 1123 479 1182 gratiae,
497 1123 606 1168 cum
625 1135 721 1167 non
744 1123 937 1167 excedat
952 1133 1090 1166 suum
1112 1120 1393 1178 subJectum‚
1411 1132 1506 1164 non
1522 1123 1677 1177 potest
1693 1131 1797 1164 esse
1814 1118 2066 1164 infinitum.

175 1184 274 1230 Alio
297 1185 438 1230 modo
458 1190 611 1242 potest
633 1185 918 1229 considerari
939 1183 1197 1228 secundum
1216 1183 1451 1240 propriam
1473 1182 1702 1226 rationem
1727 1181 1887 1239 gratiae
1909 1183 1999 1238 (2):
2023 1186 2071 1227 et

201 1245 243 1292 'c
281 1246 430 1303 gratia
463 1247 627 1291 Christi
661 1251 812 1303 potest
844 1246 932 1291 dici
964 1245 1159 1302 infinita,
1179 1244 1371 1302 eoquod
1393 1257 1485 1289 non
1501 1244 1748 1300 limitatum
1770 1243 1880 1301 quia
1894 1243 2069 1289 scilicet

239 1306 318 1351 bet
340 1307 567 1365 quidquid
583 1312 736 1365 potest
757 1308 990 1364 pertinere
1007 1308 1066 1353 ad
1083 1307 1306 1352 rationem
1325 1306 1503 1364 gratiae,
1519 1311 1565 1351 et
1582 1317 1676 1350 non
1692 1305 1829 1350 datur
1844 1304 1888 1350 ei
1902 1317 2068 1350 secun-

177 1367 290 1413 dum
313 1369 519 1426 aliquam
537 1374 712 1414 certam
736 1381 1003 1414 mensuram
1037 1369 1084 1414 id
1117 1368 1242 1426 quod
1264 1368 1323 1413 ad
1337 1368 1563 1414 rationem
1590 1367 1750 1424 gratiae
1766 1367 1991 1425 pertinet3
2011 1367 2067 1413 eo

175 1430 301 1486 quod
325 1432 584 1476 secundum
609 1431 900 1488 propositum
914 1432 991 1476 Dei
1013 1431 1148 1487 cujus
1169 1436 1241 1476 est
1258 1430 1454 1487 gratiam
1473 1442 1764 1486 mensurare,
1785 1429 1934 1488 gratia
1951 1442 2068 1475 con-

176 1492 323 1537 fertur
345 1494 513 1538 animae
539 1493 720 1548 Christi,
746 1493 868 1537 sicut
898 1493 1083 1537 cuidam
1107 1493 1359 1538 universali
1382 1492 1608 1550 principio
1637 1491 1988 1548 gratificationis
2018 1491 2068 1536 in

177 1553 387 1610 humana
407 1560 591 1611 natura,
615 1556 875 1600 secundum
906 1556 1020 1600 illud
1046 1557 1228 1612 (Ephes.
1250 1570 1282 1610 ι,
1299 1558 1372 1610 6):
1396 1556 1689 1610 Gratificavit
1710 1568 1791 1598 nos
1821 1558 1870 1598 in
1900 1554 2067 1600 dilecto

178 1617 290 1659 Filio
315 1631 396 1661 suo
414 1633 429 1660 .·
451 1618 573 1662 sicut
587 1618 625 1662 si
646 1618 857 1662 dicamus
878 1618 1031 1663 lucem
1055 1618 1165 1662 solis
1184 1625 1291 1663 esse
1310 1617 1556 1675 infinitam,
1579 1628 1673 1661 non
1691 1617 1879 1674 quidem
1897 1629 2068 1662 secun-

177 1675 289 1722 dum
302 1691 444 1724 suum
467 1692 586 1735 esset
602 1681 686 1725 sed
702 1680 962 1725 secundum
977 1680 1205 1725 rationem
1225 1680 1359 1737 lucie,
1375 1679 1486 1738 quia
1504 1679 1647 1725 habet
1667 1678 1895 1737 quidquid
1913 1680 1972 1725 ad
1994 1692 2066 1724 ra·-

183 1738 354 1784 tionem
368 1741 488 1786 lucis
511 1742 743 1798 pertinere
766 1748 932 1799 potest.

233 1801 300 1847 Ad
318 1806 515 1858 primum
532 1815 643 1859 ergo
657 1804 924 1860 dicendum,
942 1804 1065 1860 quod
1078 1803 1126 1848 id
1140 1803 1266 1859 quod
1277 1803 1463 1860 dicitur,
1478 1806 1611 1848 Pater
1619 1816 1711 1847 non
1727 1803 1791 1846 acl
1807 1815 2068 1848 mensuram

181 1862 264 1906 dat
280 1866 503 1921 Spiritum
534 1866 645 1910 Filio
669 1869 745 1921 (3),
771 1879 867 1910 uno
891 1867 1028 1910 modo
1053 1866 1300 1923 exponitur
1321 1866 1380 1911 de
1403 1865 1526 1910 dono
1538 1865 1665 1922 quod
1700 1867 1823 1925 Deus
1854 1866 1988 1910 Pater
2008 1865 2067 1911 ab

179 1928 355 1970 aeterno
378 1927 505 1971 dedit
532 1928 670 1983 Filio,
696 1928 871 1973 scilicet
893 1928 1096 1972 divinam
1126 1933 1357 1985 naturam,
1382 1940 1487 1984 quae
1515 1931 1587 1972 est
1613 1927 1789 1972 donum
1813 1926 2065 1973 infinitum.

182 1988 316 2033 Unde
339 1989 552 2046 quaedam
580 1991 740 2034 Glossa
764 1991 952 2045 (interl.)
981 1991 1093 2034 dicit
1111 1989 1205 2035 ibi:
1229 2008 1248 2028 «
1271 1992 1328 2034 Ut
1352 1994 1507 2034 tantus
1540 1989 1600 2034 sit
1625 1989 1781 2046 Filius,
1805 1994 2008 2047 quantus
2024 1994 2069 2037 et

178 2051 324 2095 Pater.
344 2070 364 2090 »
391 2051 489 2095 Alio
507 2053 647 2096 modo
667 2057 818 2109 potest
847 2053 1008 2097 referri
1030 2053 1087 2097 ad
1115 2053 1291 2097 donum
1308 2052 1432 2108 quod
1453 2052 1613 2096 datum
1643 2056 1712 2096 est
1742 2051 1963 2096 humanae
1982 2065 2066 2096 na-

177 2114 309 2164 turae,
329 2116 382 2156 ut
403 2113 595 2157 uniatur
613 2114 783 2158 divinae
803 2126 1015 2170 personae
1042 2129 1052 2155 :
1095 2114 1220 2170 quod
1235 2114 1373 2158 etiam
1389 2119 1460 2158 est
1475 2113 1650 2157 donum
1668 2109 1919 2158 infinitum.
1938 2114 2067 2159 Unde

176 2172 337 2218 Glossa
374 2174 473 2219 ord.
509 2174 620 2218 d’1cit
645 2174 815 2219 ibidem
835 2191 846 2220 ε
879 2194 899 2213 «
916 2176 1041 2219 Sicut
1058 2178 1188 2219 Pater
1211 2175 1402 2231 plenum
1425 2180 1471 2219 et
1492 2175 1749 2231 perfectum
1769 2175 1933 2231 genuit
1952 2178 2067 2221 Ver-

175 2233 306 2289 bum,
331 2235 398 2280 sic
414 2236 604 2292 plenum
628 2243 675 2281 et
696 2238 952 2292 perfectum
973 2246 1044 2281 est
1067 2237 1252 2281 unitum
1270 2236 1488 2281 humanae
1505 2241 1701 2282 naturae.
1724 2255 1744 2276 2>
1766 2237 1913 2282 Tertio
1927 2238 2066 2283 modo

174 2299 330 2352 potest
347 2298 508 2342 referri
535 2298 595 2343 ad
616 2299 811 2354 gratiam
841 2299 1125 2343 habitualem
1143 2333 1154 2352 ‚
1177 2299 1455 2355 inquantum
1476 2299 1624 2356 gratia
1647 2298 1812 2343 Christi
1834 2310 1885 2344 se
1903 2304 2067 2344 exten-

175 2356 245 2402 dit
270 2358 331 2403 ad
350 2359 507 2403 omnia
529 2372 634 2416 quae
656 2365 768 2404 sunt
786 2361 959 2417 gratiae.
983 2361 1110 2405 Unde
1130 2359 1413 2417 Augustinus
1441 2360 1529 2405 hoc
1558 2372 1797 2417 exponens
1815 2363 1962 2415 (tract.
1993 2361 2064 2419 14,

181 2418 300 2464 inter
333 2420 457 2465 med.
497 2425 543 2464 et
571 2421 670 2474 fin.)
697 2421 807 2466 dicit
838 2436 849 2464 ε
875 2440 895 2460 «ε
918 2425 1129 2466 Mensura
1152 2422 1316 2466 divisio
1348 2421 1562 2479 quaedam
1594 2422 1824 2467 donorum
1855 2426 1942 2468 est.
1966 2425 2066 2468 Alii

176 2484 295 2525 enim
315 2483 455 2526 datur
464 2496 551 2539 per
573 2486 796 2539 Spiritum
811 2497 956 2527 sermo
971 2487 1221 2541 sapientiae,
1241 2484 1327 2527 alii
1341 2497 1488 2528 sermo
1506 2488 1719 2528 scientiae.
1739 2484 1826 2529 Sed
1840 2485 2063 2544 Christus,

176 2543 257 2599 qui
277 2543 370 2602 dat,
395 2557 489 2588 non
513 2543 572 2588 ad
594 2556 863 2589 mensuram
886 2547 1079 2602 accepit.
1105 2565 1125 2586 »

228 2606 296 2651 Ad
318 2608 562 2650 secundum
585 2606 850 2663 dicendum,
880 2608 1003 2664 quod
1027 2608 1175 2664 grafia
1210 2608 1374 2653 Christi
1400 2608 1540 2653 habet
1561 2608 1796 2654 infinitum
1818 2609 2061 2668 effectum3

176 2669 275 2712 tum
297 2672 484 2724 propter
514 2665 790 2712 infinitatem
812 2670 1077 2725 praedictam
1106 2670 1281 2727 gratiae,
1313 2676 1413 2715 tum
1432 2675 1622 2727 propter
1646 2670 1874 2716 unitatem
1896 2671 2067 2718 divinae

175 2741 403 2785 personae,
426 2728 499 2774 cui
521 2729 676 2773 anima
698 2731 860 2775 Christi
879 2731 1011 2775 unita
1036 2737 1122 2775 est.

233 2791 298 2836 Ad
321 2794 505 2835 tertium
519 2791 783 2848 dicendum,
807 2793 930 2849 quod
960 2794 1117 2837 minus
1135 2807 1217 2849 per
1239 2797 1546 2850 augmentum
1573 2797 1727 2851 potest
1749 2795 1993 2852 pervenire
2006 2797 2067 2842 ad

176 2852 480 2911 quantitatem
513 2853 719 2910 majoris,
745 2853 792 2898 in
816 2854 888 2899 his
910 2868 1015 2912 quae
1043 2854 1214 2900 habent
1247 2855 1554 2913 quantitatem
1578 2854 1721 2900 unius
1745 2855 1954 2902 rationis.
1979 2859 2068 2904 Sed

178 2913 327 2972 gratia
348 2914 540 2959 alterius
564 2915 765 2960 hominis
788 2923 1083 2973 comparatur
1105 2918 1162 2962 ad
1183 2917 1379 2974 gratiam
1403 2916 1565 2961 Christi
1589 2916 1710 2962 sicut
1734 2918 1948 2975 quaedam
1970 2920 2069 2964 vir-

178 2980 256 3021 tus
268 2976 560 3033 particularis
573 2978 631 3023 ad
653 2979 966 3024 universalem
988 2996 998 3025 2
1022 2980 1147 3024 unde
1167 2980 1288 3024 sicut
1309 2979 1458 3024 virtus
1475 2979 1614 3036 igniS,
1635 2985 2068 3039 quantumcumque

178 3042 376 3093 crescat,
401 3052 495 3083 non
518 3045 670 3096 potest
693 3041 942 3098 adaequare
967 3042 1187 3086 virtutem
1209 3042 1348 3097 solis3
1374 3041 1437 3086 ita
1458 3042 1606 3097 gratia
1635 3042 1825 3087 alterius
1848 3042 2063 3099 hominis,

177 3104 607 3157 quantumcumque
627 3109 821 3158 crescat,
841 3116 935 3147 non
959 3109 1112 3161 potest
1133 3102 1377 3160 adaequare
1401 3102 1597 3159 gratiam
1621 3103 1800 3148 Christi.

217 3221 263 3261 (i)
286 3221 469 3256 Entitativa
490 3221 526 3255 in
552 3233 672 3261 genere
704 3224 860 3266 physico,
887 3238 954 3260 non
978 3227 1079 3261 etiam
1207 3227 1248 3268 (5)
1276 3227 1338 3260 Hic
1367 3227 1402 3261 S.
1432 3226 1559 3262 Doctor
1586 3226 1682 3262 addit
1713 3227 1804 3268 filio,
1836 3226 2068 3268 explicationis

179 3269 424 3305 estimativein
440 3281 563 3310 genere
578 3270 713 3304 morali.
1164 3278 1290 3317 grati&
1321 3274 1474 3316 quamvis
1510 3274 1667 3309 nonnulli
1702 3278 1827 3316 putant
1857 3274 1890 3308 id
1921 3286 1990 3309 non
2025 3274 2067 3309 de

219 3317 264 3357 (2)
292 3317 420 3358 Nempe
452 3317 562 3358 quoad
590 3318 730 3353 effectus
762 3332 843 3361 quos
872 3322 1009 3361 praecise
1042 3334 1079 3356 ac
1164 3322 1296 3356 Christo
1318 3323 1385 3357 dici
1415 3322 1659 3357 :communior
1693 3329 1808 3357 tamen
1836 3322 1999 3364 expositio
2025 3322 2066 3356 de

180 3363 368 3400 formaliter
390 3365 483 3406 facit,
507 3370 545 3399 ut
567 3370 617 3402 est
640 3367 759 3408 gratia,
777 3379 839 3410 per
860 3369 1012 3403 ordinem
1037 3371 1076 3404 ad
1162 3370 1222 3405 illo
1241 3371 1369 3405 dictum
1397 3370 1583 3416 intelligit3
1616 3370 1664 3406 ita
1686 3372 1836 3418 August.
1855 3397 1864 3411 .
1882 3370 2064 3412 Chrysost„

183 3424 310 3454 annues.
329 3417 394 3449 eto.
1163 3419 1279 3460 cyril„
1292 3420 1421 3460 Rupert
1437 3423 1471 3454 et
1489 3419 1561 3454 alii.
