2170 3808
636 227 837 278 QUAEST.
867 226 1038 281 LXVIII,
1073 227 1192 269 ART.
1222 225 1276 267 v1
1302 225 1368 267 ΕΤ
1396 224 1481 267 vu.
1917 224 2003 268 593¹

52 328 54 332 ’
117 308 471 366 baptizabantur
489 307 546 351 ab
559 320 625 363 eo,
640 307 793 351 Matth.
811 309 890 364 111),
908 307 1032 364 quod
1046 324 1066 344 «
1080 307 1128 351 in
1146 306 1377 362 baptismo
1388 304 1578 350 Joannis
1587 302 1853 360 exemplum
1865 303 2000 348 daba-

120 377 193 417 tur
208 370 499 427 baptizandis
520 369 772 414 confitendi
794 373 1000 426 peccata,
1018 373 1064 414 et
1091 368 1393 426 promittendi
1411 367 1619 412 meliora.
1640 385 1660 407 n
1688 365 1731 410 Si
1748 365 1829 421 qui
1845 369 1999 410 tamen

118 432 379 490 baptizandi
400 444 459 476 ex
481 430 727 476 devotione
745 431 832 476 sua
848 435 1039 487 peccata
1052 430 1262 475 confiteri
1283 430 1473 485 vellent,
1489 433 1615 475 esset
1632 439 1793 473 eorum
1816 427 2000 471 confes-

119 493 186 537 sio
219 493 450 538 audienda
470 494 546 549 (1),
578 505 673 537 non
706 492 763 537 ad
797 492 886 536 hoc
920 491 1047 549 quod
1074 492 1142 536 eis
1178 491 1431 536 satisfactio
1462 491 1804 547 imponeretur,
1830 488 1914 533 sed
1941 487 2001 533 ad

119 554 206 599 hoc
225 555 350 612 quod
373 558 534 600 contra
555 558 745 611 peccata
775 558 1000 599 consueta
1032 553 1100 598 eis
1124 553 1376 610 spiritualis
1410 552 1675 597 informatio
1706 551 1813 595 vitae
1844 549 2000 594 trade-

117 619 258 661 retur.

172 677 239 723 Ad
250 681 447 734 primum
458 688 572 732 ergo
589 676 856 734 dicendum,
875 675 1002 734 quod
1015 677 1064 720 in
1076 675 1311 733 baptismo
1324 673 1516 720 Joannis
1534 686 1628 719 non
1646 673 2002 719 remittebantur

115 745 320 798 peccata,
344 739 426 784 sed
454 745 553 783 erat
573 738 836 795 baptismus
856 737 1160 795 poenitentiae.
1183 740 1238 781 Et
1254 736 1360 782 ideo
1383 736 1713 782 convenienter
1729 735 2000 780 accedentes

117 800 176 846 ad
198 800 311 861 illud
337 800 564 858 baptisma
593 801 933 846 confitebantur
956 804 1165 857 peccata,
1183 804 1237 843 ut
1256 799 1514 844 secundum
1543 797 1812 854 qualitatem
1835 809 2001 853 pecca·
2063 849 2066 852 Δ

117 865 269 907 torum
289 862 356 907 eis
376 862 650 919 poenitentia
675 862 1077 908 determinaretur.
1103 861 1191 906 Sed
1214 861 1474 918 baptismus
1487 859 1653 904 Christi
1671 858 1859 903 estsine
1874 862 2000 902 exte-

114 922 226 968 riori
249 924 537 981 poenitentia,
559 928 612 968 ut
635 924 905 969 Ambrosius
924 923 1038 968 dicit
1059 923 1164 979 (loc.
1191 936 1297 980 sup.
1325 923 1440 978 cit.).
1471 920 1600 967 Unde
1619 932 1714 965 non
1746 924 1818 964 est
1838 918 2001 964 similis

115 983 248 1029 rati0.

169 1046 238 1091 Ad
265 1047 509 1090 secundum
545 1046 812 1099 dicendum,
844 1045 970 1102 quod
989 1045 1233 1101 baptizatis
1256 1044 1428 1089 sufficit
1448 1043 1681 1088 confessio
1702 1041 1893 1087 interior
1910 1044 2007 1086 Deo

113 1106 235 1153 facta
248 1141 262 1164 ‚
284 1113 331 1152 et
353 1108 493 1152 etiam
522 1108 719 1153 exterior
747 1107 1004 1164 generalis,
1028 1107 1088 1151 ad
1107 1107 1196 1151 hoc
1213 1106 1339 1163 quod
1366 1106 1625 1162 dirigantur
1641 1137 1654 1161 ‚
1674 1109 1720 1149 et
1742 1103 2001 1148 misericor-

115 1168 238 1214 diam
259 1176 631 1226 consequantur3
658 1181 744 1215 nec
764 1168 1016 1226 requiritur
1041 1169 1271 1213 consessio
1293 1168 1507 1225 specialis
1524 1167 1739 1223 exterior,
1763 1167 1884 1210 sicut
1902 1164 2002 1210 dic-

116 1233 215 1274 tum
233 1237 310 1275 rest
327 1231 390 1285 (in
414 1244 494 1275 cor
530 1233 577 1285 .).

174 1292 238 1337 Ad
258 1296 442 1335 tertium
471 1243 739 1346 dicendum,
772 1289 899 1347 quod
923 1289 1154 1334 confessio
1182 1293 1255 1334 est
1285 1302 1396 1346 pars
1418 1288 1706 1346 poenitentiae
1737 1299 2001 1333 sacramen-

115 1352 244 1408 talis3
266 1365 372 1410 quae
393 1365 486 1396 non
503 1350 754 1408 requiritur
770 1355 878 1396 ante
892 1350 1175 1407 baptismum
1195 1352 1271 1407 (2),
1288 1355 1342 1395 ut
1359 1351 1537 1395 dictum
1555 1353 1630 1394 est
1643 1349 1709 1406 (in
1725 1362 1852 1407 corp.
1875 1351 2005 1412 ενι),

108 1413 196 1459 sed
221 1413 479 1471 requiritur
495 1412 729 1458 interioris
752 1412 1039 1469 poenitentiae
1056 1413 1223 1458 virtus.

187 1509 526 1553 ARTICULUS
557 1511 661 1552 Vll.
700 1532 756 1539 —
788 1521 928 1552 ornum
958 1522 1013 1551 Ex
1050 1522 1179 1551 PARTE
1208 1521 1415 1552 ΒΑΡΤιΖΑΤι
1443 1520 1706 1558 ammaum
1738 1519 1929 1551 mrssmno

619 1582 871 1614 susmrmum
899 1582 1193 1613 sacmmrmruu
1220 1573 1409 1613 BAP'TISMI
1427 1571 1502 1624 (3).

115 1651 165 1687 Do
178 1651 231 1686 hi·
245 1651 349 1687 etiam
367 1650 471 1693 infru,
491 1654 610 1694 qamt·
629 1659 719 1693 ull,
740 1654 810 1686 art.
822 1652 856 1693 9,
883 1655 918 1687 et
933 1653 1028 1687 Sent.
1044 1661 1093 1693 lv,
1120 1652 1196 1687 dist.
1213 1653 1245 1693 6,
1268 1657 1384 1693 quaest.
1404 1660 1431 1693 1,
1452 1655 1523 1688 art.
1536 1652 1572 1695 2,
1590 1656 1706 1694 quaest.
1725 1660 1778 1692 111,
1799 1655 1832 1686 et
1850 1651 1928 1686 dist.
1946 1651 2000 1693 27,

778 1705 894 1742 quaest.
913 1709 938 1743 1,
953 1704 1018 1735 art.
1033 1701 1068 1741 2,
1083 1706 1200 1743 quaest.
1214 1710 1248 1736 lv
1266 1713 1359 1743 corp.
1989 1701 1992 1703 ’

167 1775 237 1820 Ad
255 1775 505 1832 septimum
525 1775 595 1820 sic
615 1775 895 1832 proceditur.
920 1778 963 1820 1.
984 1776 1173 1820 Videtur
1194 1776 1321 1833 quod
1339 1788 1397 1820 ex
1416 1781 1547 1833 parte
1564 1775 1783 1832 baptizati
1813 1787 1906 1819 non
1931 1788 2001 1820 re-

115 1836 325 1893 quiratur
354 1837 548 1882 intentio
576 1836 860 1894 suscipiendi
884 1843 1229 1882 sacramentum
1256 1838 1489 1895 baptismi.
1523 1838 1786 1894 Baptizatus
1807 1837 1932 1881 enim
1951 1849 2008 1882 se>

114 1898 255 1943 habet
270 1899 391 1944 sicut
414 1899 598 1956 patiens
620 1899 667 1943 in
691 1904 998 1944 sacramento.
1026 1901 1223 1945 Intentio
1239 1905 1394 1944 autem
1417 1913 1510 1944 non
1530 1900 1779 1956 requiritur
1800 1903 2002 1954 exparte

113 1962 346 2017 patientis,
370 1962 458 2006 sed
489 1974 548 2006 ex
577 1966 709 2018 parte
728 1962 927 2019 agentis.
946 1965 1065 2018 Ergo
1080 1963 1265 2007 videtur
1283 1962 1406 2019 quod
1426 1974 1484 2006 ex
1513 1966 1646 2019 parte
1664 1961 1881 2018 baptizati
1909 1973 1999 2005 uon

68 2039 73 2041 ⁷
113 2023 379 2079 requiratur
394 2023 589 2068 intentio
610 2023 896 2081 suscipiendi
910 2024 1211 2080 baptismum.

169 2086 212 2128 2.
237 2087 478 2141 Praeterea,
511 2085 550 2129 si
574 2086 953 2141 praetermittatur
970 2086 1017 2130 id
1039 2086 1165 2143 quod
1185 2086 1435 2142 requiritur
1456 2085 1516 2130 ad
1533 2084 1818 2142 baptismum
1834 2117 1846 2139 ,
1862 2085 2004 2129 homo

109 2150 186 2190 est
203 2145 358 2190 denuo
375 2147 702 2203 baptizandus,
732 2147 854 2193 sicut
873 2152 981 2192 cum
1009 2149 1375 2205 praetermittitur
1407 2148 1640 2192 invocatio
1672 2147 1919 2203 Trinitatis,
1951 2151 2004 2191 ut

116 2218 258 2264 supra
277 2209 450 2252 dictum
472 2213 542 2253 est
565 2211 745 2266 (quaest.
770 2223 885 2266 wa,
905 2215 990 2255 art.
1013 2213 1070 2266 6).
1095 2211 1182 2256 Sed
1200 2223 1259 2256 ex
1277 2212 1366 2255 hoc
1385 2222 1478 2254 non
1501 2210 1685 2255 videtur
1707 2209 1875 2265 aliquis
1898 2220 2002 2254 esse

111 2269 268 2314 *denuo
305 2270 635 2326 baptizandus,
666 2271 791 2327 quod
827 2271 1133 2316 intentionem
1169 2285 1265 2316 non
1300 2272 1468 2317 habeat
1502 2271 1785 2327 suscipiendi
1826 2270 2002 2327 baptis-

115 2343 271 2389 mum3
295 2333 496 2389 alioquin
523 2334 630 2378 cnm
653 2332 718 2378 de
747 2335 1006 2379 intentione
1026 2335 1240 2391 baptizati
1272 2347 1365 2379 non
1396 2338 1602 2390 constet,
1625 2333 1818 2390 quilibet
1846 2337 2003 2389 posset

114 2397 271 2451 petere
313 2406 363 2438 se
401 2394 554 2439 denuo
588 2395 808 2451 baptizari
846 2402 1035 2453 propter
1079 2396 1354 2440 intentionis
1392 2396 1638 2441 defectum.
1683 2397 1783 2439 Non
1819 2394 2003 2440 videtur

114 2467 225 2512 ergo
262 2455 388 2512 quod
427 2455 623 2500 intentio
667 2457 933 2513 requiratur
974 2470 1033 2502 ex
1071 2463 1201 2514 parte
1240 2457 1456 2514 baptizati
1498 2462 1551 2503 ut
1585 2457 1810 2514 suscipiat
1844 2469 2005 2502 sacra-

111 2521 340 2561 mentum.

167 2580 212 2623 3.
235 2580 478 2633 Praeterea,
501 2578 762 2636 baptismus
783 2585 946 2624 contra
965 2584 1208 2637 peccatum
1223 2580 1449 2637 originale
1477 2580 1629 2625 datur.
1657 2579 1743 2624 Sed
1775 2579 2002 2635 originale

113 2645 354 2695 peccatum
368 2641 655 2685 contrahitur
667 2641 770 2687 sine
780 2641 1041 2687 intentione
1054 2642 1305 2687 nascentis.
1319 2644 1438 2698 Ergo
1448 2641 1726 2698 baptismus,
1738 2646 1788 2684 ut
1799 2640 1999 2699 videtur,

115 2699 418 2744 intentionem
431 2713 529 2745 non
551 2702 745 2758 requirit
759 2716 819 2748 ex
834 2708 965 2760 parte
986 2704 1222 2760 baptizati.

168 2762 257 2806 Sed
281 2766 440 2806 contra
455 2767 527 2807 est
547 2763 672 2820 quod
689 2766 950 2811 secundum
968 2766 1109 2810 ritum
1130 2764 1346 2810 Ecclesiae
1366 2766 1426 2819 (4)
1445 2763 1710 2821 baptizandi
1724 2764 2001 2820 profitentur

158 2923 201 2966 (4)
215 2923 292 2958 Haec
309 2923 471 2958 confessio
492 2923 580 2959 foret
601 2928 698 2961 actus
714 2928 851 2968 quidam
876 2928 1015 2963 humili-

117 2972 206 3011 tatis,
221 2971 279 3005 sed
294 2982 361 3005 non
381 2976 466 3006 esset
488 2974 756 3008 sacramentalis.
773 2976 869 3016 Apud
887 2976 1017 3017 aliquos

111 3018 184 3054 {uit
205 3018 284 3053 olim
316 3018 529 3054 observatum
552 3026 591 3054 ut
613 3021 806 3061 baptizandi
829 3023 1015 3058 confessio-

111 3076 195 3101 nem
224 3066 468 3107 praemitterent
493 3081 503 3109 ς
530 3079 602 3108 quae
634 3070 852 3109 consuetudo.
882 3075 919 3104 ut
946 3083 1015 3106 non

117 3118 191 3149 erat
210 3115 417 3155 universalis,
435 3116 481 3150 ita
497 3116 623 3150 dudum
640 3116 752 3151 desiit.

160 3163 203 3203 (2)
224 3162 427 3198 Poenitentia
453 3175 519 3197 non
546 3163 611 3197 fuit
630 3165 786 3199 instituta
806 3165 872 3200 nisi
899 3168 940 3201 ad
965 3167 1014 3201 di·

118 3209 284 3244 mittenda
316 3215 449 3251 peccata
479 3216 551 3251 post
582 3211 786 3253 baptismum
823 3214 1015 3253 commissa,

115 3260 208 3295 juxta
234 3257 318 3290 illud
348 3270 442 3292 conr.
463 3259 617 3292 Trident.
643 3260 731 3301 (sess.
757 3269 828 3301 xlv,
851 3273 925 3295 can.
950 3263 984 3303 4)
1006 3275 1015 3296 :

118 3302 162 3337 Si
180 3306 261 3346 quis
288 3305 431 3340 dixerit
452 3307 495 3341 in
520 3307 701 3342 calholica
721 3309 884 3343 Ecclesia
898 3311 1015 3352 poent’-

119 3351 270 3385 tentiam
288 3362 362 3385 non
379 3363 454 3386 esse
471 3355 554 3388 vere
582 3358 614 3389 et
633 3356 789 3399 proprie
809 3366 1015 3390 sacramen-

119 3402 194 3431 tam
206 3408 273 3440 pro
290 3400 470 3441 fidelibus,
489 3404 629 3444 quocies
643 3406 724 3444 post
739 3402 958 3445 baptismum
973 3405 1015 3438 in

117 3450 266 3488 peccata
300 3447 503 3489 labantur,
522 3450 598 3484 insi
625 3449 699 3483 Deo
723 3451 1013 3486 reconciliandis

1101 2929 1124 2962 ὰ
1143 2929 1288 2963 Christo
1304 2929 1460 2963 Domino
1478 2929 1716 2967 institutum,-
1732 2930 1927 2963 anathema
1938 2931 1997 2964 sil.

1141 2978 1184 3019 (ὅ)
1204 2977 1311 3017 Hujus
1337 2976 1475 3011 articuli
1496 2977 1649 3012 doctrina
1671 2977 1868 3011 adversatur
1890 2977 2001 3012 corin·

1099 3023 1237 3066 thianis,
1266 3024 1475 3058 marcionitis
1502 3028 1537 3058 et
1560 3024 1819 3065 cataphrygibus
1848 3025 1906 3066 qui
1943 3026 2001 3061 do-

1101 3077 1244 3107 cuerunt
1267 3076 1328 3107 aut
1351 3076 1502 3106 mortuos
1528 3073 1601 3106 sine
1630 3072 1795 3114 baptismo
1821 3085 1890 3107 esse
1916 3074 2001 3115 bap-

1102 3120 1263 3160 tizandos,
1293 3124 1353 3154 aut
1387 3120 1481 3155 vivos
1509 3131 1570 3160 pro
1604 3120 1696 3161 ipsis.
1726 3121 1822 3155 Hunc
1848 3133 2001 3156 errorem

1100 3167 1294 3209 proscripsit
1310 3179 1402 3202 cone.
1419 3168 1541 3201 earth.
1559 3177 1611 3208 ιιι,
1632 3179 1704 3202 can.
1719 3169 1740 3202 6
1763 3182 1771 3202 :
1792 3168 2003 3203 Cavendum

1101 3218 1163 3254 est,
1179 3215 1311 3256 inquit,
1332 3226 1376 3250 ne
1398 3219 1563 3249 mortuos
1579 3226 1686 3259 posse
1708 3216 1899 3258 baptizari
1924 3217 2001 3259 sra-

1103 3267 1199 3297 lrum
1215 3264 1418 3304 infirmitas
1439 3264 1578 3297 credat.

1142 3311 1186 3351 (le)
1204 3310 1259 3343 Sic
1287 3311 1378 3344 enim
1399 3311 1432 3343 in
1464 3311 1584 3345 ordine
1606 3323 1745 3344 romano
1765 3311 1912 3345 oblatum
1937 3310 2000 3344 sihi

1100 3358 1140 3392 ad
1167 3358 1369 3399 baptismum
1398 3358 1557 3392 infantem
1585 3360 1772 3396 interrogat
1789 3359 1942 3393 sacerdos
1965 3358 2001 3392 in

1099 3417 1240 3445 persona
1264 3405 1497 3446 suscipientis:
1531 3407 1591 3440 Vis
1618 3407 1830 3448 baptizari?
1855 3408 1895 3440 Et
1925 3417 1999 3440 res«

1099 3453 1246 3501 pondere
1265 3453 1364 3489 dehet
1379 3454 1603 3496 interrogatus
1619 3467 1627 3489 :
1652 3455 1750 3488 Volo.
