2170 3808
624 201 822 252 QUAEST.
851 199 1027 253 XXXVI,
1056 199 1174 242 ART.
1202 198 1236 241 V
1263 197 1328 240 ET
1356 197 1424 240 vl.
1923 195 2014 245 303,

124 283 301 328 minum
319 283 411 327 fata
427 279 517 326 sub
535 280 698 337 stellis,
718 285 771 326 ut
782 280 984 337 aliquam
1001 279 1254 335 stellarum,
1274 277 1461 322 homine
1479 275 1634 333 aliquo
1646 278 1770 332 nate,
1784 273 2005 318 circuitus

126 346 199 390 sui
218 344 425 391 ordinem
444 342 702 399 reliquisse,
729 346 774 387 et
796 342 854 386 ad
881 354 988 387 eum
1028 340 1108 398 qui
1134 346 1273 384 natus
1301 344 1389 396 est,
1411 338 1669 396 perrexisse
1688 340 2001 391 assererent,»

125 406 246 451 sicut
293 404 456 450 accidit
494 402 617 448 circa
654 403 836 448 stellam
882 415 988 460 quae
1029 401 1363 447 demonstravit
1406 399 1692 445 nativitatem
1733 397 1913 443 Christi.
1953 398 2006 442 Et

126 466 229 512 ideo
252 479 333 524 per
351 467 438 511 hoc
457 477 550 509 non
564 465 865 509 confirmatur
879 476 1007 508 error
1027 475 1206 516 eorum,
1229 480 1249 500 «
1263 461 1344 518 qui
1360 466 1533 506 sortem
1552 459 1841 504 nascentium
1858 458 2005 503 homi-

126 539 240 573 num
261 533 491 572 astrorum
512 526 662 571 ordini
685 525 888 582 colligari
917 523 1213 576 arbitrantur,
1249 535 1343 567 non
1366 526 1522 566 autem
1552 521 1749 567 credunt
1776 527 2006 565 astrorum

126 589 334 635 ordinem
352 588 410 633 ad
429 587 629 632 hominis
652 587 938 631 nativitatem
961 597 1097 642 posse
1121 583 1344 629 mutari.»
1382 582 1595 626 Similiter
1615 583 1772 638 etiam,
1796 587 1849 627 ut
1863 582 2007 641 Chry-

125 657 358 698 sostomus
384 649 494 695 dicit
514 651 654 705 (hom.
694 663 752 706 xv,
784 649 831 693 in
855 648 1003 692 Matth.
1024 658 1190 704 parum
1212 646 1239 689 a
1271 645 1454 702 princ.),
1481 657 1611 688 «non
1647 651 1718 688 est
1741 645 1828 689 hoc
1860 649 2005 688 astro<

126 712 291 756 nomiae
326 724 458 768 opus,
498 711 524 755 a
556 710 704 756 stellis
733 710 851 755 scire
878 722 960 754 eos
991 708 1071 766 qui
1108 711 1381 762 nascuntur,
1407 705 1491 751 sed
1529 705 1590 750 ab
1610 705 1724 749 hora
1754 705 1995 751 nativitatis

126 772 281 816 futura
317 772 580 830 praedicere.
597 791 617 811 ι»
663 771 775 827 Magi
819 775 973 816 autem
1017 774 1201 826 tempus
1242 767 1492 812 nativitatis
1532 779 1626 811 non
1667 771 2003 823 cognoverunt,

125 838 178 878 ut
195 834 303 878 hinc
314 838 555 880 sumentes
567 834 767 890 initium,
784 833 812 878 a
831 833 1068 878 stellarum
1082 836 1213 876 motu
1223 830 1378 876 futura
1390 833 1742 886 cognoscerent,
1755 828 1838 873 sed
1852 827 2006 884 potius

126 894 152 938 e
165 906 404 939 converso,

181 956 246 1001 Ad
281 959 494 1012 quartum
524 956 789 1013 dicendum,
814 954 956 1013 quod,
986 954 1106 999 sicut
1127 954 1482 1010 Chrysostomus
1509 952 1646 1007 (alius
1673 953 1848 1005 auctor)
1867 950 2006 996 refert

126 1017 265 1070 (hom.
287 1031 333 1075 u,
372 1017 420 1062 in
443 1020 523 1074 Op.
549 1017 750 1074 imperf.‚
770 1016 818 1062 in
838 1016 984 1074 princ.
1005 1019 1052 1060 et
1083 1014 1239 1071 med.)‚
1260 1014 1307 1058 in
1330 1013 1608 1071 quibusdam
1637 1012 1878 1070 scripturis
1896 1025 2005 1069 apo-

125 1078 311 1136 cryphis
330 1079 498 1136 legitur
516 1080 641 1137 quod
673 1097 694 1118 α
707 1078 919 1137 quaedam
945 1089 1064 1134 gens
1080 1076 1127 1120 in
1148 1081 1356 1121 extremo
1378 1076 1576 1120 Orientis
1594 1076 1728 1133 Juxta
1756 1076 2007 1130 Oceanum,

125 1140 399 1197 scripturam
421 1142 670 1199 quamdam
690 1140 890 1186 habebat
910 1151 969 1184 ex
990 1138 1179 1183 nomine
1200 1138 1324 1192 Seth,
1347 1137 1404 1182 de
1422 1138 1686 1194 apparitura
1706 1138 1792 1181 hac
1807 1136 1940 1181 stella
1961 1141 2007 1181 et

124 1201 398 1247 muneribus
419 1201 694 1258 hujusmodi,
714 1200 962 1246 offerendis
986 1214 999 1244 ε
1035 1212 1141 1256 quae
1166 1210 1284 1255 gens
1306 1198 1551 1254 diligenter
1571 1197 1846 1242 observabat
1868 1197 2008 1254 hujus

125 1262 273 1307 stellae
305 1268 535 1319 exortum,
556 1262 719 1319 positis
748 1260 1117 1319 exploratoribus
1140 1258 1399 1314 duodecim,
1424 1258 1503 1316 qui
1544 1259 1682 1303 certis
1722 1258 2010 1315 temporibus

124 1322 183 1367 de
206 1329 341 1370 nocte
355 1324 670 1374 ascendebant
685 1324 732 1367 in
746 1327 968 1378 montem,
989 1322 1038 1366 in
1057 1334 1148 1379 quo
1168 1320 1462 1378 postmodum
1481 1332 1585 1365 eam
1603 1320 1821 1366 viderunt
1837 1321 2009 1366 haben-

125 1388 218 1429 tem
235 1385 282 1429 in
303 1397 355 1430 se
376 1385 509 1442 quasi
527 1386 710 1443 parvuli
728 1385 941 1441 formam,
965 1388 1011 1429 et
1031 1396 1172 1440 super
1193 1395 1244 1428 se
1267 1382 1615 1427 similitudinem
1634 1383 1801 1427 crucis,
1818 1401 1840 1422 »ι
1858 1407 1914 1416 -
1929 1382 2007 1428 Vel

124 1444 371 1491 dicendum
390 1447 531 1504 quod,
549 1447 668 1492 sicut
681 1446 849 1491 dicitur
869 1446 932 1500 (in
954 1445 1073 1490 libro
1095 1448 1156 1489 De
1177 1444 1518 1497 Quaestionibus
1540 1448 1634 1489 vet.
1662 1449 1709 1488 et
1724 1443 1832 1488 novi
1853 1447 2008 1489 Testa·

125 1509 285 1567 menti,
309 1514 475 1566 quaest.
496 1511 566 1564 63)
591 1523 602 1550 ε
628 1508 774 1565 «Magi
794 1508 858 1552 illi
890 1506 1181 1552 traditionem
1199 1507 1381 1550 Balaam
1408 1505 1738 1563 sequebantur,
1762 1506 1842 1563 qui
1861 1506 2006 1551 dixit:

127 1572 312 1614 orietur
336 1571 473 1615 stella
494 1584 552 1614 ex
573 1572 711 1615 Jacob
743 1572 815 1627 (1).
839 1570 968 1615 Unde
989 1569 1201 1614 videntes
1234 1568 1415 1613 stellam
1450 1573 1581 1612 extra
1600 1569 1807 1612 ordinem
1827 1568 2008 1626 mundi,

126 1631 246 1676 hanc
262 1644 366 1676 esse
393 1632 734 1691 intellexerunt,
769 1644 909 1689 quam
928 1630 1113 1692 Balaam
1137 1630 1340 1675 futuram
1366 1629 1566 1674 indicem
1589 1630 1712 1686 regis
1746 1630 2009 1675 Judaeorum

126 1694 524 1749 prophetaverat.»
552 1719 602 1726 —
627 1694 704 1738 Vel
724 1693 987 1750 dicendum,
1014 1692 1134 1739 sicut
1155 1692 1444 1748 Augustinus
1463 1691 1600 1746 (alius
1616 1694 1788 1744 auctor)
1811 1691 1923 1736 dicit
1944 1692 2008 1747 (in

127 1766 341 1799 sermone
363 1755 422 1799 de
447 1755 729 1812 Epiphania),
752 1755 877 1813 quod
906 1755 966 1799 ab
988 1754 1168 1810 angelis
1191 1754 1346 1811 aliqua
1370 1753 1683 1797 admonitione
1715 1753 2011 1799 revelationis

126 1817 375 1861 audierunt
392 1817 515 1872 magi
543 1817 667 1874 quod
695 1817 826 1861 stella
848 1817 1077 1862 Christum
1101 1821 1262 1860 natum
1284 1816 1581 1872 significaret,
1606 1820 1652 1860 et
1680 1814 1916 1871 probabile
1937 1816 2011 1861 vi-

125 1878 262 1922 detur
286 1878 412 1936 qued
427 1880 454 1923 a
478 1880 626 1935 bonis,
648 1879 836 1937 quando
852 1879 899 1922 in
919 1878 1094 1923 Christo
1127 1878 1363 1922 adorando
1383 1878 1510 1922 salus
1530 1890 1691 1922 eorum
1705 1877 1803 1934 ¹iam
1827 1890 2009 1934 quaere-

126 1939 279 1984 batur.
306 1940 401 1995 Vel,
427 1941 546 1985 sicut
563 1944 651 1985 Leo
676 1953 796 1998 papa
820 1940 930 1986 dicit
952 1940 1014 1994 (in
1033 1951 1247 1984 sermone
1269 1939 1326 1984 de
1344 1940 1612 1996 Epiphania,
1635 1943 1661 1983 4
1681 1938 1831 1994 eJusd.
1856 1939 2008 1984 festiv.

130 2013 227 2057 cap.
253 2004 297 2057 3,
313 2006 420 2046 ante
442 2002 602 2057 med.)‚
627 2015 651 2044 α
665 2007 830 2058 praeter
851 2001 977 2045 illam
1002 2001 1205 2058 speciem
1227 2013 1331 2057 quae
1345 2013 1617 2057 corporeum
1637 2000 1853 2044 indicavit
1874 2000 2010 2046 obtu-

126 2067 242 2121 tum,
267 2063 518 2119 fulgentior
534 2063 740 2109 veritatis
761 2063 918 2108 radius
936 2075 1099 2108 eorum
1115 2063 1255 2107 corda
1275 2063 1514 2118 perdocuit
1531 2063 1682 2120 :quod
1697 2062 1757 2107 ad
1778 2062 2010 2107 illumina·

126 2123 298 2168 tionem
313 2124 418 2168 fidei
439 2124 698 2180 pertinebat
719 2127 791 2180 (2).
808 2143 827 2164 »ι

210 2189 552 2231 ARTICULUS
569 2189 651 2231 VI.
665 2212 722 2219 —-
743 2200 878 2230 urium
894 2199 1106 2229 mnvxus
1125 2199 1285 2229 cums‘n
1307 2198 1460 2229 ornum
1482 2198 1758 2230 conventuum
1781 2199 1930 2231 runmr

922 2260 1216 2291 MANlFESTA'rA.

182 2308 250 2354 Ad
269 2313 454 2353 sextum
475 2309 543 2355 sic
563 2309 845 2367 proceditur.
867 2313 909 2354 1.
935 2309 1122 2354 Videtur
1143 2308 1270 2366 quod
1290 2308 1634 2353 inconvenienti
1657 2308 1822 2354 ordine
1850 2310 2010 2355 Christi

127 2371 346 2416 nativitas
374 2371 513 2416 fuerit
534 2372 844 2417 manifestata.
877 2372 971 2415 Illis
1003 2371 1128 2416 enim
1165 2371 1323 2416 debuit
1355 2372 1505 2428 primo
1535 2371 1817 2416 manifestari
1846 2373 2009 2417 Christi

127 2432 342 2477 nativitas
360 2433 439 2490 qui
460 2434 635 2478 Christo
654 2434 1006 2491 propinquiores
1019 2433 1220 2491 fuerunt,
1243 2437 1288 2477 et
1307 2434 1385 2490 qui
1405 2433 1554 2490 magis
1577 2433 1806 2477 Christum
1825 2434 2010 2479 deside-

127 2493 310 2550 rabant,
329 2496 589 2539 secundum
611 2495 726 2540 illud
759 2498 879 2552 (Sap.
900 2509 958 2551 vi,
985 2497 1054 2550 14)
1076 2510 1087 2539 :
1113 2499 1406 2551 Praeoccupat
1425 2507 1505 2540 eos
1530 2499 1605 2552 qui
1626 2508 1674 2538 se
1696 2499 2010 2551 concupiscunt

129 2559 181 2599 ut
199 2569 245 2599 se
262 2560 461 2612 priorem
473 2558 568 2600 illis
579 2558 804 2602 ostendat.
821 2557 1032 2614 SedJusti
1044 2557 1422 2614 propinquissimi
1437 2563 1570 2602 erant
1582 2556 1759 2602 Christo
1773 2570 1855 2614 per
1870 2558 2010 2603 fidem

128 2621 177 2662 et
193 2618 394 2662 maxime
416 2619 518 2675 ejus
535 2619 790 2664 adventum
821 2617 1144 2664 desiderabant
1174 2633 1185 2662 ε
1210 2618 1336 2662 unde
1356 2618 1522 2662 dicitur
1543 2621 1667 2670 (Luc.
1693 2632 1738 2674 11,
1759 2621 1845 2674 25),
1865 2619 1922 2664 de
1945 2619 2011 2663 Si-

129 2689 313 2734 meone,
329 2679 453 2735 quod
468 2684 571 2723 erat
584 2680 715 2724 homo
720 2681 871 2734 justus
885 2682 930 2722 et
941 2682 1198 2735 timoratus,
1218 2682 1460 2735 expectans
1477 2680 1829 2735 redemptionem
1849 2681 2007 2724 Israel.

130 2740 248 2794 Ergo
262 2740 390 2795 prius
404 2739 564 2785 debuit
581 2739 864 2784 manifestari
879 2740 1041 2784 Christi
1057 2740 1270 2784 nativitas
1286 2740 1484 2784 Simeoni
1500 2739 1642 2796 quam
1660 2740 1923 2796 pastoribus
1938 2740 2008 2785 vel

132 2809 295 2854 magis

187 2861 231 2904 2.
259 2862 495 2917 Praeterea,
527 2863 785 2908 secundum
819 2863 1129 2919 Augustinum
1162 2863 1285 2917 magi
1322 2862 1513 2907 fuerunt
1552 2862 1766 2919 primitiae
1801 2863 2010 2918 gentium

132 2920 307 2965 Christo
319 2922 669 2968 crediturarum.
686 2925 773 2970 Sed
790 2924 938 2981 primo
951 2924 1188 2980 plenitudo
1201 2924 1407 2979 gentium
1424 2924 1563 2968 intrat
1573 2924 1632 2968 ad
1648 2923 1804 2980 fidem,
1823 2929 1869 2969 et
1884 2930 2012 2981 post·

133 2981 321 3026 modum
337 2983 487 3027 omnis
508 2985 645 3029 lsrael
665 2986 822 3030 salvus
844 2986 938 3038 fiet,
957 2990 1010 3030 ut
1023 2985 1188 3029 dicitur
1207 2988 1352 3040 (Rom.
1372 2987 1448 3040 xi).
1464 2988 1583 3042 Ergo
1596 2986 1724 3043 prius
1740 2985 1899 3031 debuit
1912 2999 2012 3031 ma-

134 3042 340 3088 nifestari
353 3044 516 3089 Christi
533 3045 748 3091 nativitas
766 3046 915 3104 magis
932 3045 1073 3103 quam
1095 3046 1374 3102 pastoribus,

178 3130 223 3172 (Ι)
250 3131 302 3166 Ita
341 3132 490 3166 sentiunt
513 3133 652 3168 Basilius
679 3134 784 3175 (hom.
803 3136 850 3169 De
883 3137 1027 3169 humana
1112 3136 1152 3168 de
1182 3134 1283 3169 Jacob
1307 3135 1388 3169 etia
1408 3135 1552 3170 lumiere
1572 3136 1616 3170 du
1643 3136 1754 3171 Christ
1780 3149 1815 3170 se
1843 3137 1893 3171 sat
1919 3136 2012 3172 levee

136 3178 261 3213 Christi
278 3181 453 3222 senerah),
470 3180 635 3222 chrysost.
658 3182 807 3218 thomar
826 3184 861 3217 in
875 3183 1026 3224 Matth.),
1111 3183 1192 3217 dans
1213 3183 1289 3217 leur
1312 3195 1415 3217 coeur.
1445 3184 1471 3219 A
1496 3183 1528 3218 la
1553 3186 1710 3225 presence
1740 3184 1784 3218 du
1811 3185 1903 3223 signe
1929 3183 2012 3226 qu'il

135 3226 358 3268 Hieronymus
382 3234 415 3262 et
435 3229 610 3264 Amselmus
632 3231 669 3263 in
685 3231 833 3271 caputii
861 3231 978 3265 Matth.
995 3235 1028 3264 et
1111 3230 1186 3263 leur
1212 3231 1350 3265 donnait
1381 3242 1423 3265 en
1454 3231 1587 3272 dehors,
1618 3232 1702 3266 Dicu
1734 3231 1781 3266 les
1813 3232 1934 3266 tout-ha
1969 3243 2011 3267 au

138 3274 299 3313 Origenes
311 3287 384 3317 sup.
402 3276 589 3316 Numeros).
1112 3278 1234 3312 dedans
1259 3289 1319 3319 par
1333 3283 1420 3314 cette
1444 3279 1643 3320 inspiration
1675 3280 1756 3313 dont
1773 3281 1866 3313 Josus
1893 3291 1911 3312 a
1927 3279 1978 3313 dit
1999 3292 2010 3313 ε

179 3321 222 3362 (2)
249 3322 317 3357 Une
340 3323 440 3358 etoile
455 3324 512 3365 qui
538 3336 579 3360 ne
599 3325 772 3366 paraissait
791 3324 911 3366 qu’aux
931 3337 1026 3366 your,
1111 3327 1186 3361 Ναὶ
1209 3336 1253 3360 ne
1277 3331 1363 3370 peut
1376 3328 1481 3363 venir
1501 3327 1524 3362 ὰ
1545 3327 1620 3362 moi
1641 3328 1674 3362 εἰ
1691 3338 1775 3361 mon
1798 3327 1890 3361 Pare
1911 3337 1956 3362 ne
1978 3327 2011 3363 10

135 3368 187 3404 eit
208 3370 407 3411 Bossuetius,
428 3370 545 3406 n'ttait
575 3385 632 3414 pas
653 3372 788 3413 capable
807 3371 964 3406 d'attirer
982 3371 1028 3405 les
1112 3375 1193 3408 tire.

137 3427 247 3458 mages
270 3429 311 3452 au
332 3418 383 3453 roi
403 3421 613 3455 nouveaume
628 3434 638 3462 ;
651 3420 675 3455 il
695 3420 803 3455 fallait
824 3432 888 3461 que
904 3418 1027 3454 1²e'toile
