2170 3808
188 213 224 258 x
1062 217 1225 253 INDEX.

679 353 734 382 DE
768 351 1020 382 Ermcrmns
1045 350 1255 381 BAPnsm.
1280 361 1328 371 --
1353 342 1523 389 Quaestio
1549 342 1613 380 69.

194 431 322 472 Utrum
339 442 408 482 per
428 430 652 481 baptismum
679 431 891 471 auferantur
911 430 1033 470 omnia
1055 431 1220 483 peccata.

242 501 292 509 -
461 501 508 507 -
678 480 853 519 liberetur
876 481 986 518 homo
1011 478 1055 516 ab
1078 488 1177 516 omni
1200 476 1323 525 poena.

243 549 292 557 -
341 528 544 577 baptismus
567 528 707 566 auferat
730 539 857 567 omnes
880 527 1115 577 poenalitates
1137 525 1246 573 hujus
1272 524 1369 578 vitaz.

243 597 292 604 —-
341 587 408 625 per
432 576 653 626 baptismum
675 577 909 616 conferantur
935 574 1075 613 homini
1097 574 1221 622 gratiae
1245 575 1283 610 et
1303 574 1472 610 virtutes.

194 625 247 664 De
270 624 461 663 effectibus
483 625 658 662 virtutum
686 626 749 673 qui
775 636 841 673 per
862 624 1084 672 baptismum
1108 622 1357 660 conferuntur.
1436 669 1443 675 ι

196 672 326 712 Utrum
345 673 457 711 etiam
479 673 621 722 parvuli
644 684 710 722 per
732 673 953 722 baptismum
971 672 1112 725 *gratias
1135 674 1172 708 et
1193 670 1347 724 virtutes
1369 669 1563 724 accipiant.

246 741 294 749 -—
372 731 410 759 er
431 721 651 769 baptismum
676 721 858 770 aperiatur
879 722 1073 768 baptizatis
1092 728 1205 767 janua
1229 727 1332 765 regni
1354 717 1530 756 coelestis.

245 788 294 798 --
343 732 549 854 {aptisnius
565 770 727 855 (εἰςᾳῖιεηὲβ
750 769 902 855 effectgs
929 768 1060 853 litam&
1081 767 1119 805 in
1142 766 1310 805 omnibus
1330 765 1542 814 baptizatis.

243 837 294 847 -—
370 827 512 855 cioim
542 827 560 855 e
589 828 621 855 ia
664 828 683 855 e
714 828 832 856 ecum
881 828 900 854 a
947 826 1043 853 ismi.

244 884 293 894 ·—
342 828 537 904 recedentia]
558 865 706 905 fictione
730 827 934 914 baptismups
956 864 1120 902 obtineat
1140 863 1308 902 effectum
1330 872 1449 900 suum.

441 966 496 995 DE
519 965 847 995 CIRCUMCISIONE
870 964 963 999 QUAE
988 964 1222 994 PRAECESSIT
1247 963 1503 993 BAPTISMUM.
1525 976 1572 983 —
1602 956 1771 1003 Quaestio
1795 960 1858 997 70.

194 1042 323 1083 Utrum
344 1043 577 1082 circumcisio
599 1043 712 1080 fuerit
739 1042 1001 1092 praeparatoria
1022 1044 1060 1080 et
1080 1041 1273 1090 figurativa
1294 1039 1482 1090 baptismi.

244 1112 292 1120 -
341 1092 452 1129 fuerit
478 1091 735 1129 convenienter
758 1091 939 1128 instituta.

243 1160 291 1168 —-
341 1141 432 1178 ritus
454 1140 742 1178 circumcisionis
770 1139 880 1176 fuerit
903 1138 1142 1176 conveniens.

243 1207 291 1217 —
341 1188 569 1227 circumcisio
593 1188 804 1226 conferebat
831 1188 998 1235 gratiam.

478 1287 533 1316 DE
557 1286 902 1317 PRAEPARATORIIS
926 1285 1019 1320 QUAE
1042 1285 1326 1322 CONCURRJJNT
1348 1284 1478 1315 SIMUL
1500 1284 1583 1315 CUM
1606 1285 1828 1317 BAPTISMO.

1020 1333 1191 1379 Quaestio
1214 1334 1277 1370 71.

194 1416 322 1456 Utrum
343 1417 594 1455 catechismus
619 1416 748 1455 debeat
769 1416 974 1465 praecedere
996 1415 1233 1463 baptismum.

241 1485 289 1494 —
338 1466 561 1514 baptismum
584 1465 714 1503 debeat
738 1465 941 1513 praecedere
965 1464 1203 1502 exorcismus.

242 1535 289 1541 —
341 1524 384 1551 ea
408 1524 488 1561 quaa
511 1517 667 1560 aguntur
685 1514 723 1550 in
746 1514 976 1551 Catechismo
1005 1516 1041 1551 et
1064 1513 1266 1550 exorcismo
1292 1512 1430 1560 aliquid
1456 1512 1638 1559 efficiant,
1666 1523 1710 1552 an
1738 1513 1856 1553 solum
1879 1513 2097 1564 significent.

242 1582 290 1591 --
340 1562 551 1611 baptizandi
574 1562 730 1600 debeant
751 1562 969 1600 catechizari
991 1561 1051 1600 vel
1073 1561 1274 1600 exorcizari
1297 1572 1362 1610 per
1385 1562 1607 1600 sacerdotes.

593 1665 647 1694 m:
674 1664 950 1694 SACRAMENTO
973 1663 1347 1694 CONFIRMATIONIS.
1375 1677 1422 1683 —
1446 1655 1616 1703 Quaestio
1638 1658 1701 1697 72.

194 1741 321 1779 Utrum
341 1742 567 1780 confirmatio
594 1742 641 1780 sit
665 1745 944 1780 sacramentum.

191 1790 242 1827 De
263 1790 415 1828 materia
436 1791 544 1840 hujus
569 1791 800 1828 sacramenti.

191 1837 321 1923 Igitr-{m
341 1839 389 1924 siat
412 1839 455 1894 fic
474 1839 698 1893 ‚necessitate
725 1838 943 1877 sacramenti
965 1838 1062 1887 quod
1088 1838 1246 1878 chrisma
1268 1839 1379 1879 fuerit
1399 1851 1467 1890 per
1489 1841 1711 1891 Episcopum
1736 1844 2000 1882 consecratum.

221 1896 240 1923 e
284 1897 360 1925 orm
410 1897 542 1935 1ps1us.

192 1933 318 1972 Utrum
336 1935 520 1983 imprimat
546 1936 805 1974 characterem.

239 2004 285 2010 —
335 1984 522 2022 character
544 1983 829 2023 confirmationis
852 1985 1099 2024 characterem
1120 1984 1375 2034 baptismalem
1397 1988 1671 2035 praesupponat.

238 2052 283 2058 ——
336 2032 500 2070 conferat
525 2033 690 2079 gratiam.

189 2078 257 2116 Cui
280 2083 462 2128 competat
483 2082 644 2129 recipere
666 2081 736 2118 hoc
758 2083 1035 2119 sacramentum.

190 2127 231 2164 In
253 2127 325 2174 qua
347 2132 449 2176 parte
472 2130 679 2177 recipiatur.

190 2174 318 2213 Utrum
338 2177 542 2223 requiratur
565 2176 697 2223 aliquis
723 2175 787 2223 qui
810 2178 932 2214 teneat
955 2176 1256 2214 confirmandum.

190 2271 220 2310 D
240 2244 315 2309 —.t
336 2224 407 2278 hoc
433 2228 696 2277 sacramentum
720 2234 786 2272 per
809 2225 910 2263 solos
931 2225 1134 2273 Episcopos
1160 2225 1281 2263 detur.

222 2281 458 2322 enufflm.

617 2367 673 2397 Dr:
697 2366 978 2396 SACRAMENTO
1001 2365 1305 2397 EUCHARISTIAE.
1329 2377 1377 2386 -—
1404 2359 1576 2406 Quaestio
1596 2361 1661 2401 73.

190 2447 319 2487 Utrum
337 2447 566 2486 Eucharistia
588 2444 637 2482 sit
663 2447 941 2482 sacramentum.

238 2517 285 2524 —-
336 2496 385 2534 sit
406 2506 519 2533 unum
541 2494 600 2533 vel
624 2494 740 2541 plura.
826 2540 832 2546 ἢ

238 2567 286 2574 -
338 2544 386 2582 sit
413 2545 457 2582 de
480 2542 703 2582 necessitate
726 2540 869 2580 salutis.

188 2594 241 2633 De
264 2592 473 2633 nominibus
495 2592 590 2640 ejus.

187 2643 240 2682 De
262 2641 492 2681 institutione
517 2641 651 2691 ipsius.

188 2692 239 2731 De
265 2690 382 2740 figura
403 2689 499 2738 ejus.

444 2793 499 2823 DE
520 2791 707 2823 MATERIA
728 2790 1018 2822 uuanmsmAE
1041 2791 1267 2822 SECUNDUM
1294 2791 1482 2822 spncmu.
1507 2804 1553 2812 -
1578 2785 1749 2831 Quaestio
1774 2786 1838 2826 74.

189 2872 318 2912 Utrum
336 2871 444 2921 panis
466 2874 504 2910 et
529 2871 652 2908 vinum
671 2870 745 2908 sint
766 2870 916 2908 materia
941 2869 1051 2918 hujus
1074 2869 1304 2907 sacramenti.

339 2920 383 2958 ad
408 2919 596 2958 materiam
622 2919 730 2967 hujus
752 2919 969 2957 sacramenti
995 2919 1198 2965 requiratur
1219 2918 1456 2957 determinata
1478 2917 1679 2966 quantitas.

338 2968 489 3006 materia
514 2968 624 3016 hujus
647 2967 864 3005 sacramenti
890 2967 938 3004 sit
960 2966 1064 3015 panis
1086 2966 1264 3006 triticeus.

337 3017 385 3055 sit
407 3016 510 3065 panis
535 3026 695 3064 azymus,
720 3025 767 3054 an
791 3015 1042 3053 fermentatus.
1224 3020 1227 3023 '

336 3064 488 3102 materia
514 3064 623 3112 hujus
645 3064 862 3103 sacramenti
885 3063 934 3101 sit
953 3063 1080 3101 vinum
1101 3062 1146 3101 de
1166 3062 1242 3103 vite

336 3112 386 3151 sit
407 3111 636 3150 admiscenda
660 3122 766 3160 aqua.

337 3170 430 3215 aqua
453 3160 503 3198 sit
524 3160 568 3198 de
590 3160 810 3198 necessitate
836 3159 945 3208 hujus
966 3159 1198 3202 sacramenti.

188 3209 239 3248 De
261 3210 463 3258 quantitate
489 3218 593 3257 aquae
618 3218 699 3257 quae
725 3209 936 3257 apponitur.

367 3310 422 3340 DE
452 3309 752 3340 CONVERSIONE
778 3308 900 3339 PANIS
931 3309 983 3339 ΕΤ
1011 3309 1102 3402 νὸΝΙ
1125 3309 1172 3392 ΗΞ]
1200 3309 1359 3340 coneus
1390 3311 1442 3341 ΕΤ
1469 3309 1718 3341 εΑΝΘῦῐΝΕΜ
1742 3311 1922 3343 cumsrr.

1067 3366 1146 3392 uaes
1167 3355 1205 3393 io
1230 3358 1294 3395 75.

189 3439 318 3479 Utriim
335 3441 375 3480 in
398 3441 471 3480 hoc
493 3442 719 3480 sacramento
738 3438 788 3479 sit
806 3449 939 3488 corpus
959 3439 1096 3477 Christi
1118 3441 1317 3480 secundum
1341 3441 1545 3481 veritatem.

237 3509 285 3518 -
494 3509 540 3517 -
736 3490 921 3529 remaneat
942 3487 1148 3528 substantia
1170 3489 1277 3539 panis
1303 3493 1341 3529 et
1365 3489 1443 3529 vini
1463 3492 1551 3540 post
1570 3491 1898 3533 consecrationem.
