2170 3808
212 184 295 262 842
853 214 1052 267 QUAEST.
1083 214 1226 270 mv,
1255 215 1377 259 ΛΒΤ.
1408 215 1474 259 v1.

213 311 307 344 non
332 301 541 356 peccent.
565 296 692 341 Sicut
724 294 851 341 enim
883 295 1176 340 ministratur
1214 298 1307 340 Deo
1345 297 1392 342 in
1421 297 1747 352 sacramentis,
1780 297 1845 343 ita
1866 310 1950 356 per
1971 311 2113 356 opera

213 361 473 414 charitati33
502 359 630 404 unde
656 358 826 403 dicitur
844 357 995 414 (Hebr.
1020 357 1106 402 ult.
1126 359 1222 410 16):
1246 360 1551 411 Beneficentz'ae
1573 363 1617 404 et
1636 363 1959 404 communionis
1974 361 2112 406 nolite

214 424 414 467 oblivisci
431 437 445 463 .·
481 421 648 465 talibus
671 425 789 464 enim
811 421 972 464 hostiis
997 424 1283 477 promeretur
1304 424 1438 466 Deus,
1471 422 1558 468 Sed
1581 422 1691 467 mali
1721 434 1815 467 non
1839 428 2049 482 peccant,
2072 423 2112 469 si

212 485 480 531 ministrent
498 487 591 529 Deo
613 484 662 529 in
681 484 903 541 operibus
925 483 1186 537 charitatis3
1219 483 1430 539 quinimo
1451 485 1539 530 hoc
1561 490 1633 530 est
1659 484 1728 530 eis
1749 485 2108 542 consulendum,

212 546 475 592 secundum
498 546 615 592 illud
639 548 770 601 (Dan.
796 560 853 602 iv,
875 548 947 602 24)
968 560 980 590 ε
1015 546 1261 589 Consilium
1286 559 1433 589 meum
1467 547 1547 591 tibi
1565 548 1753 604 placeat
1778 550 2003 605 :peccata
2032 552 2112 593 tua

211 608 501 665 eleemosynis
523 610 712 654 redime.
752 610 874 666 Ergo
908 608 1094 654 videtur
1138 607 1265 665 quod
1302 608 1413 653 mali
1455 621 1551 654 non
1587 613 1782 667 peccent
1821 614 2112 656 sacramenta

211 670 539 716 ministrando,

2156 691 2170 743 ἐ

267 735 310 777 2.
323 734 861 790 Praeterea,quicumque
876 732 1192 776 communicat
1202 731 1340 776 alicui
1360 732 1407 776 in
1424 734 1780 791 peccato,etiam
1798 733 1899 789 ipse
1921 745 1993 778 est
2001 744 2111 778 reus
2149 749 2170 791 „2

210 796 407 852 peceati,
422 796 681 841 secundnm
695 795 811 840 illud
824 797 971 848 (Rom.
986 808 1017 851 ι,
1032 797 1120 847 32ὶε
1134 797 1272 851 Diqm‘
1286 798 1390 838 sunt
1401 798 1560 851 morte,
1574 810 1665 840 non
1680 796 1824 841 solnm
1836 798 1911 851 qui
1922 799 2127 851 peccata¹
2166 839 2170 850 ,

209 860 405 916 faciunt,
415 860 495 902 sed
511 861 647 903 etiam
659 861 734 914 qui
745 859 1024 900 consentiunt
1033 857 1321 909 facientibus.
1341 856 1427 901 Sed
1445 857 1484 902 si
1501 858 1611 902 mali
1625 857 1822 903 ministri
1834 862 2031 914 peccent
2039 869 2110 902 sa-
2166 875 2167 878 ¹

211 926 450 966 eramenta
471 920 797 976 ministrando,
822 919 887 964 illi
909 919 987 977 qui
1008 919 1068 963 ab
1089 919 1158 964 eis
1177 923 1472 964 sacramenta
1495 920 1742 979 recipiunt,
1763 921 1831 965 eis
1852 919 1900 963 in
1919 923 2111 976 peccato

211 983 577 1028 communicant.
602 985 720 1039 Ergo
743 982 883 1027 etiam
905 982 992 1039 ipsi
1015 986 1278 1038 peccarent,
1306 981 1431 1039 quod
1450 971 1633 1028 videtur
1647 981 1998 1028 inconveniens.

267 1048 310 1090 3.
344 1047 585 1104 Praeterea,
609 1045 769 1090 nullus
797 1044 983 1089 videtur
1001 1056 1106 1089 esse
1128 1044 1408 1101 perplexus3
1448 1045 1558 1102 quia
1593 1045 1661 1091 sic
1694 1046 1834 1090 homo
1866 1046 2111 1100 cogeretur
2166 1032 2167 1036 ¹

212 1105 479 1164 desperare,
503 1107 638 1164 quasi
672 1119 768 1152 non
804 1111 971 1164 potens
1000 1111 1243 1164 peccatum
1277 1107 1488 1152 evadere.
1526 1107 1614 1152 Sed
1642 1107 1682 1152 si
1714 1107 1824 1151 mali
1863 1108 2111 1163 peccarent
2164 1099 2170 1154 ’ἶ

212 1174 501 1214 sacramenta
522 1168 763 1225 tradendo,
785 1173 945 1214 essent
962 1168 1188 1226 perplexi.
1223 1168 1333 1225 quia
1373 1168 1514 1213 etiam
1538 1167 1823 1225 quandoque
1844 1175 2108 1225 peccarent,

210 1229 250 1275 si
271 1235 564 1277 sacramenta
589 1244 685 1276 non
706 1231 955 1285 traderent,
980 1230 1094 1287 puta
1116 1233 1224 1274 cum
1248 1231 1315 1275 eis
1338 1242 1397 1274 ex
1418 1230 1571 1275 officio
1587 1230 1815 1275 incumbit
1832 1229 2105 1285 necessitasz
2166 1281 2170 1283 ,

212 1292 380 1338 dicitur
402 1293 527 1338 enim
550 1295 600 1349 (1.
619 1294 825 1339 Corinth.
847 1307 906 1349 ix,
927 1296 997 1347 16)
1017 1306 1027 1334 :
1048 1295 1124 1337 Vae
1141 1293 1269 1349 mihi,
1296 1296 1334 1336 ει·
1353 1307 1441 1336 non
1459 1292 1853 1350 evanqelz‘z-avero!
1868 1295 2108 1336 necessitas

210 1358 329 1399 enim
358 1356 473 1399 milti
493 1357 731 1412 incumbit;
755 1355 1039 1413 quandoque
1062 1354 1201 1400 etiam
1222 1360 1411 1411 propter
1429 1355 1707 1412 periculum,
1725 1355 1845 1399 sicut
1866 1354 1907 1400 si
1928 1367 2043 1410 puer
2062 1354 2111 1399 in

210 1417 417 1474 periculo
465 1419 630 1464 mortis
669 1418 878 1464 existens
917 1418 1138 1462 offeratur
1174 1416 1312 1462 alicui
1355 1418 1588 1474 peccatori
1623 1417 1948 1474 baptizandus.
1989 1419 2109 1475 Ergo

210 1479 395 1526 videtur
413 1481 540 1539 quod
552 1481 662 1526 mali
682 1493 774 1526 non
795 1485 991 1537 peccent
1013 1485 1306 1525 sacramenta
1328 1480 1654 1525 ministrando.

266 1543 354 1588 Sed
374 1548 537 1588 contra
559 1548 632 1588 est
662 1543 789 1600 quod
803 1542 1052 1600 Dionysius
1070 1542 1182 1586 dicit
1198 1541 1388 1595 (Eccles.
1414 1541 1643 1587 hierarch.
1662 1553 1764 1599 cap.
1786 1544 1831 1598 1,
1851 1554 1973 1587 vers.
1989 1542 2103 1599 fin.),

184 1604 337 1661 ‚quod
360 1622 380 1643 «
400 1605 537 1650 malis
564 1617 659 1649 non
681 1609 754 1650 est
786 1606 858 1649 fas
895 1616 983 1649 nec
1021 1609 1212 1661 tangere
1242 1603 1473 1660 symbola,
1499 1622 1520 1643 »
1561 1603 1610 1648 id
1645 1607 1717 1648 est
1753 1604 2108 1648 sacramentalia

210 1666 373 1723 signa3
397 1672 442 1712 et
465 1669 512 1712 in
532 1667 729 1724 epistola
748 1666 807 1712 ad
825 1666 1145 1723 Demophilum
1169 1669 1230 1724 (8,
1251 1665 1417 1722 parum
1435 1669 1543 1711 ante
1564 1665 1722 1721 med),
1745 1664 1885 1710 dicit:
1914 1665 2069 1722 «Talis,
2084 1685 2102 1705 υ

208 1729 386 1775 scilicet
428 1735 662 1787 peccator,
690 1729 882 1774 «audax
904 1729 1104 1784 videtur,
1142 1727 1512 1774 sacerdotalibus
1551 1739 1744 1773 manum
1781 1739 2040 1785 apponens,
2061 1733 2108 1774 et

209 1804 304 1836 non
339 1793 484 1850 timet,
509 1804 663 1849 neque
683 1792 1047 1847 verecundatur,
1082 1791 1243 1837 divina
1268 1796 1435 1848 praeter
1465 1790 1755 1836 divinitatem
1787 1801 2037 1847 exequens,
2062 1796 2108 1837 et

207 1856 351 1898 Deum
388 1859 521 1911 putat
558 1855 776 1912 ignorare
795 1866 901 1910 quae
920 1854 1021 1910 ipse
1040 1853 1090 1897 in
1110 1853 1364 1909 semetipso
1384 1852 1631 1909 cognovit;
1652 1857 1698 1898 et
1716 1852 1928 1909 decipere
1950 1853 2108 1898 existi-

208 1920 305 1960 mat
320 1916 439 1961 falso
454 1917 642 1961 nomine
657 1921 837 1974 patrem
854 1916 913 1959 ab
932 1916 1033 1972 ipso
1047 1915 1351 1972 appellatum,
1362 1919 1408 1960 et
1422 1915 1564 1960 audet
1585 1914 1853 1960 immundas
1872 1914 2103 1974 infamias,

207 1989 302 2023 non
322 1979 474 2024 dicam
493 1978 743 2035 orationeS,
761 1990 904 2034 super
925 1977 1082 2022 divina
1105 1978 1239 2034 signa
1261 1977 1629 2022 christiformiter
1651 1977 1909 2022 enuntiare.
1928 1995 1950 2017 »

255 2046 548 2088 CONCLUSIO.
576 2069 622 2076 —
644 2046 748 2088 Gum
774 2046 959 2086 ministri
989 2047 1166 2086 Domino
1195 2046 1443 2087 conformari
1466 2045 1661 2095 debeant,
1690 2046 1792 2086 mali
1814 2045 2031 2088 ministros
2065 2058 2108 2089 se

207 2101 441 2143 exhibentes
458 2102 546 2152 Dei,
565 2107 604 2143 et
622 2101 808 2143 Ecclesiae
829 2102 875 2141 in
894 2105 1244 2142 sacramentorum
1262 2102 1568 2153 dispensatione
1584 2105 1753 2154 peccant
1785 2115 1797 2143 z
1820 2113 1999 2155 quorum
2024 2113 2108 2155 peo-

207 2162 348 2198 catum
369 2158 529 2199 eumad
548 2159 621 2199 Dei
640 2159 946 2199 irreverentiam
966 2161 1186 2210 spectet,ex
1206 2170 1280 2198 suo
1294 2169 1437 2208 genere
1453 2157 1626 2199 mortale
1643 2161 1717 2198 est.

262 2220 536 2277 Respondeo
556 2219 807 2266 dicendum
829 2220 955 2277 quod
975 2220 1146 2277 aliquis
1167 2220 1215 2264 in
1232 2220 1415 2276 agendo
1435 2224 1598 2277 peccat
1615 2231 1674 2264 ex
1695 2220 1784 2264 hoc
1800 2218 1926 2277 quod
1940 2231 2107 2276 opera-

208 2287 286 2328 tur
303 2295 397 2328 non
417 2283 677 2329 secundum
707 2282 834 2341 quod
860 2286 1058 2340 oportet,
1083 2288 1135 2327 ut
1163 2288 1290 2340 patet
1326 2295 1409 2340 per
1422 2283 1751 2340 Philosophum
1765 2281 1924 2337 (Ethic.
1950 2281 2029 2327 lib.
2057 2296 2104 2342 11,

207 2358 312 2402 cap.
331 2348 359 2391 3
375 2350 423 2391 et
443 2348 501 2401 5).
524 2346 705 2390 Dictum
728 2349 802 2390 est
819 2351 977 2390 autem
998 2347 1101 2401 (art.
1122 2358 1262 2402 praec.
1280 2346 1339 2391 ad
1357 2348 1417 2402 3),
1439 2345 1725 2390 conveniens
1746 2356 1850 2389 esse
1873 2349 1927 2388 ut
1948 2356 2107 2390 sacra-

206 2414 474 2455 mentorum
510 2408 711 2455 ministri
732 2409 828 2453 sint
857 2408 989 2466 justi,
1014 2409 1122 2465 quia
1160 2409 1359 2453 ministri
1381 2408 1552 2454 debent
1585 2409 1779 2453 Domino
1809 2407 2103 2468 conformari,

207 2473 469 2518 secundum
487 2472 603 2517 illud
624 2471 780 2528 (Levit.
801 2484 887 2527 xlx,
912 2474 955 2525 2)
985 2485 996 2515 ε
1020 2473 1179 2515 Sancti
1200 2475 1327 2515 eritis
1345 2473 1420 2528 (1),
1444 2475 1655 2527 quoniam
1676 2483 1756 2527 eqo
1777 2473 1958 2513 sanctus
1978 2484 2105 2528 sum,-

206 2538 254 2580 et
276 2534 429 2590 (Eccli.
455 2548 499 2590 x,
522 2537 565 2588 2)
586 2535 1082 2589 :Secundnmjudicem
1100 2534 1274 2591 populi,
1300 2537 1365 2577 sic
1384 2537 1427 2578 et
1445 2535 1649 2577 ministri
1669 2535 1781 2590 ejvs.
1807 2533 1860 2576 Et
1882 2532 1985 2577 ideo
2011 2545 2105 2578 non

206 2600 279 2642 est
296 2596 492 2641 dubium
513 2595 627 2653 quin
650 2596 759 2640 mali
782 2596 1057 2641 exhibentes
1079 2608 1130 2641 se
1159 2596 1398 2641 ministros
1417 2595 1496 2640 Dei
1530 2598 1577 2640 et
1606 2594 1823 2639 Ecclesiae
1838 2593 1886 2638 in
1915 2593 2106 2652 dispen-

207 2659 387 2704 satione
407 2664 806 2704 sacramentorum
828 2663 1040 2716 peccent.
1062 2661 1115 2704 Et
1133 2660 1243 2717 quia
1260 2659 1350 2704 hoc
1364 2662 1610 2716 peccatum
1632 2658 1834 2716 pertinet
1854 2657 1912 2702 ad
1934 2658 2106 2704 irreve—

206 2722 406 2767 rentiam
428 2721 507 2767 Dei
540 2725 587 2767 et
621 2721 1066 2766 contaminationem
1090 2726 1507 2776 sacramentorum,
1528 2723 1756 2777 quantum
1787 2724 1939 2764 estex
1974 2724 2108 2777 parte

205 2783 354 2840 ipsius
394 2782 652 2840 peccatoris
688 2782 815 2838 (licet
853 2788 1146 2828 sacramenta
1185 2782 1442 2828 secundum
1486 2782 1640 2838 seipsa
1676 2781 2105 2829 incontaminabilia

205 2845 333 2902 sint),
352 2857 647 2903 consequens
662 2845 876 2903 estquod
898 2846 989 2891 tale
1005 2851 1249 2903 peccatum
1269 2858 1326 2890 ex
1354 2857 1526 2902 genere
1548 2856 1635 2890 suo
1658 2844 1718 2889 sit
1732 2843 1926 2889 mortale
1946 2845 2019 2900 (2).

260 2908 327 2956 Ad
341 2912 543 2966 primum
562 2919 672 2965 ergo
691 2909 958 2964 dicendum,
996 2903 1121 2966 quod
1144 2920 1285 2965 opera
1309 2908 1545 2952 charitatis
1562 2919 1656 2952 non
1682 2910 1793 2952 sunt
1816 2906 1972 2964 aliqua
1990 2919 2106 2951 con-

199 2971 466 3016 secratione
499 2971 803 3027 sanctificata,
841 2972 924 3017 sed
964 2971 1065 3028 ipsa
1102 2971 1335 3028 pertinent
1358 2969 1624 3027 adjustitiae
1653 2969 1963 3023 sanctitatem,
1984 2969 2105 3014 sicut
2164 2972 2166 2977 “

205 3033 422 3087 quaedam
448 3033 642 3089 J'ustitiae
673 3038 845 3091 partes.
882 3036 935 3078 Et
964 3033 1066 3078 ideo
1088 3033 1228 3077 homo
1249 3032 1326 3089 qui
1352 3044 1403 3076 se
1437 3031 1626 3077 exhibet
1653 3034 1744 3076 Deo
1766 3029 2032 3074 ministrum
2053 3029 2104 3075 in
2168 3055 2170 3057 -

201 3094 423 3150 operibus
443 3095 695 3153 charitatis,
722 3096 759 3140 si
779 3095 839 3140 sit
852 3096 1029 3153 Justus,
1051 3096 1253 3152 amplius
1276 3094 1618 3149 sanctificatur-3
1649 3093 1688 3138 si
1711 3092 1821 3138 vero
1849 3092 1908 3136 sit
1936 3104 2104 3149 pecca·
2166 3094 2170 3098 ⁴

198 3160 293 3208 tor,
316 3168 399 3212 per
421 3156 509 3200 hoc
527 3158 587 3202 ad
606 3157 899 3202 sanctitatem
923 3157 1200 3214 disponitur.
1229 3157 1314 3202 Sed
1335 3159 1624 3201 sacramenta
1647 3155 1696 3199 in
1715 3154 1882 3210 seipsis
1895 3151 2104 3199 sanctifi-

203 3220 436 3266 cationem
454 3221 705 3277 quamdam
729 3222 902 3267 habent
923 3235 1006 3279 per
1042 3222 1287 3280 mysticam
1327 3219 1753 3274 consecrationem3
1783 3223 1830 3263 et
1860 3218 1966 3263 ideo
1984 3229 2102 3276 prae-

205 3336 390 3372 {rantibus
413 3339 565 3371 mortem
593 3342 769 3374 «eternam
791 3338 952 3381 afferunt
976 3340 1037 3379 (De
1061 3349 1109 3373 sa·
1235 3339 1280 3380 (4)
1297 3338 1451 3382 Vulgata,
1468 3341 1588 3373 estote.

205 3396 309 3419 cram.
329 3385 345 3425 Ξ
366 3386 457 3422 vlu).
479 3384 611 3420 Rituale
635 3397 814 3420 romanum
835 3386 917 3420 dicit
944 3399 1075 3428 quoque
1101 3400 1108 3421 ε
1237 3387 1279 3429 (2)
1297 3387 1347 3421 Ita
1366 3398 1496 3428 quoque
1515 3387 1648 3429 Scotus,
1674 3384 1826 3419 Durand.
1847 3382 2003 3418 Richard.
2027 3381 2096 3424 Syl·

204 3432 355 3475 Impure
376 3435 409 3467 et
427 3432 581 3477 indique
597 3438 834 3469 sacramenta
853 3435 1111 3470 ministrantes
1197 3440 1316 3477 vester,
1333 3434 1502 3469 Navarrus
1511 3438 1546 3469 et
1559 3433 1618 3467 alii
1631 3434 1870 3467 communiter.

205 3479 247 3515 in
262 3483 408 3514 oecernae
426 3482 556 3516 mortis
570 3485 713 3516 reatum
732 3482 947 3516 incurrunt.
