2170 3808
700 211 897 263 QUAEST.
923 210 1097 263 vallt,
1121 210 1240 253 ΛΒΤ.
1265 211 1300 253 ΙΙ
1323 210 1387 252 ΕΤ
1410 209 1478 252 111.
1948 209 2032 251 589-

146 297 407 341 chumenus
422 295 635 336 mortuus
652 291 741 336 fuit
760 305 772 335 ε
796 311 815 330 «
835 294 979 344 Quem
991 294 1351 348 regeneraturus
1369 301 1513 346 eram,
1534 291 1691 344 amisi;
1709 291 2027 332 verumtamen

146 358 222 403 ille
242 356 438 413 gratiam
457 365 598 411 quam
613 353 825 409 poposcit
843 365 936 397 non
956 353 1124 397 amisit.
1146 371 1165 391 »

201 419 269 463 Ad
283 420 480 474 primum
498 424 610 471 ergo
634 414 901 468 dicendum,
919 414 1060 471 quod,
1081 414 1200 458 sicut
1218 413 1386 458 dicitur
1401 415 1449 467 (I.
1473 415 1584 469 Reg.
1604 426 1692 468 xv1‚
1714 413 1786 467 7):
1810 415 1953 455 Homo
1967 413 2028 455 vi-

147 481 223 524 det
248 492 304 522 ea
321 491 419 534 quae
439 479 632 534 parent3
650 479 868 519 Dominus
890 479 1043 519 autem
1067 477 1270 517 intuetur
1292 486 1386 517 cor.
1405 473 1485 519 llle
1504 477 1660 518 autem
1689 472 1768 530 qui
1799 472 2029 518 desiderat

143 553 227 599 per
247 540 534 597 baptismum
552 538 819 594 regenerari
838 550 898 582 ex
913 549 1037 593 aqua
1059 540 1105 580 et
1125 535 1296 592 Spiritu
1315 539 1492 591 sancto,
1524 534 1663 591 corde
1685 533 1875 592 quidem
1901 546 2031 590 rege-

146 607 338 647 neratus
355 605 442 656 est,
460 599 567 645 licet
585 612 680 644 non
699 611 915 656 corpore3
933 597 1054 642 sicut
1071 601 1119 642 et
1140 596 1384 653 Apostolus
1403 595 1514 642 dicit
1536 598 1685 651 (Rom.
1706 610 1753 652 11,
1773 598 1844 651 26)
1861 629 1873 651 ,
1905 595 2031 653 qued

81 668 86 672 ’
145 665 423 707 circumcisio
445 662 597 705 cordis
612 663 742 704 estin
760 662 944 716 spiritu,
962 672 1052 702 non
1067 662 1116 702 in
1131 659 1306 711 littera,
1323 659 1447 712 cujzis
1467 658 1568 701 laus
1583 670 1673 700 non
1687 669 1746 701 ex
1763 656 2026 713 hominibus,

69 744 85 759 ν
145 726 225 770 sed
241 738 299 769 ex
318 730 410 767 Deo
430 727 513 768 est.

200 786 268 831 Ad
288 786 533 829 secundum
554 784 820 842 dicendum,
840 782 965 841 quod
984 782 1144 826 nullus
1170 782 1386 837 pervenit
1406 780 1465 825 ad
1494 780 1642 825 vitam
1660 785 1884 824 aeternam
1898 814 1911 837 ‚
1941 781 2031 825 nisi

148 847 392 893 absolutus
412 847 471 890 ab
491 846 618 891 omni
641 846 780 902 culpa
799 849 845 890 et
862 849 992 889 reatu
1011 855 1190 901 poenae3
1212 856 1316 900 quae
1334 842 1522 900 quidem
1545 841 1826 887 universalis
1845 842 2030 886 absolu-

147 909 212 954 tio
240 909 293 953 fit
323 908 370 952 in
404 908 702 964 perceptione
732 906 951 963 baptismi
982 910 1029 950 et
1060 906 1109 949 in
1143 905 1366 962 martyrio
1384 906 1467 959 (1);
1498 908 1688 961 propter
1709 903 1835 959 quod
1863 903 2031 948 dicitur

147 970 273 1028 quod
291 970 341 1015 in
362 971 586 1027 martyrio
616 969 773 1013 omnia
799 971 1092 1013 sacramenta
1112 966 1332 1023 baptismi
1363 966 1670 1022 complentur,
1691 965 1865 1009 scilicet
1882 977 2030 1022 quan-

147 1036 248 1078 tum
265 1033 325 1078 ad
351 1033 537 1088 plenam
566 1031 888 1076 liberationem
914 1030 941 1073 a
969 1029 1106 1086 culpa
1136 1033 1182 1073 et
1210 1040 1364 1084 poena.
1398 1028 1442 1071 Si
1470 1027 1576 1084 quis
1604 1039 1715 1082 ergo
1742 1027 2032 1072 catechume-

147 1107 238 1140 nus
256 1095 317 1139 sit
335 1094 516 1138 habens
537 1093 818 1138 desiderium
838 1091 1072 1148 baptismi,
1094 1091 1202 1146 quia
1221 1090 1353 1133 aliter
1371 1089 1418 1133 in
1435 1090 1570 1133 bonis
1584 1088 1803 1146 operibus
1822 1101 1915 1132 non
1931 1101 2031 1133 mo-

148 1161 342 1213 reretur,
372 1168 478 1212 quae
495 1158 593 1200 non‘
609 1157 809 1212 possunt
837 1165 941 1198 esse
975 1152 1078 1196 sine
1102 1151 1192 1195 fide
1221 1163 1303 1207 per
1334 1151 1630 1195 dilectionem
1661 1154 1901 1207 operante,
1927 1149 2031 1194 talis

148 1218 378 1264 decedens
395 1231 490 1263 non
507 1218 662 1262 statim
680 1215 895 1273 pervenit
911 1214 971 1259 ad
991 1214 1135 1257 vitam
1149 1218 1388 1269 aeternam,
1412 1212 1496 1258 sed
1514 1213 1713 1269 patietur
1737 1223 1925 1269 poenam
1946 1224 2032 1268 pro

148 1280 350 1336 peccatis
366 1278 633 1336 praeteritisz,
653 1277 754 1333 ipse
775 1280 931 1320 tamen
949 1275 1108 1318 salvus
1129 1277 1219 1317 erit
1239 1277 1304 1317 sic
1333 1276 1466 1329 quasi
1489 1286 1575 1330 per
1590 1276 1739 1330 iqnem
1750 1306 1765 1330 ‚
1794 1277 1848 1318 ut
1865 1271 2034 1318 dicitur

150 1342 200 1393 (Ι.
222 1343 322 1386 Cor.
342 1355 403 1396 111,
423 1343 480 1392 5).

201 1402 270 1448 Ad
293 1405 476 1446 tertium
496 1400 747 1446 dicendum
766 1432 778 1455 .,
807 1399 933 1456 qued
960 1410 1045 1455 pro
1075 1401 1206 1442 tanto
1241 1396 1411 1442 dicitur
1442 1400 1789 1441 sacramentum
1817 1394 2034 1453 baptismi

147 1477 250 1511 esse
264 1465 323 1510 de
338 1463 615 1509 necessitate
631 1462 811 1518 salutis,
833 1461 944 1518 quia
974 1473 1067 1504 non
1089 1464 1365 1517 potestesse
1384 1459 1559 1504 homini
1581 1459 1733 1516 salus,
1756 1458 1847 1503 nisi
1871 1457 2035 1503 saltem

148 1526 198 1570 in
214 1523 457 1571 voluntate*
468 1525 707 1579 habeatur,
728 1535 833 1578 quae
850 1522 975 1580 apud
991 1526 1135 1566 Deum
1154 1525 1395 1577 reputatur
1408 1533 1494 1577 pro
1508 1521 1645 1565 facto.

381 1607 722 1651 ARTICULUS
737 1607 821 1648 111.
839 1628 896 1638 -
916 1618 1052 1648 uranu
1076 1617 1299 1648 BArnsuus
1327 1617 1390 1647 sn·
1415 1616 1700 1647 mrrssnnunus
1725 1604 1802 1658 (2).

149 1690 200 1725 ne
208 1689 263 1725 his
275 1689 379 1726 otiam
388 1691 484 1725 Sent.
497 1697 547 1731 lv,
562 1689 682 1730 disat.
698 1692 813 1730 quaest.
829 1696 883 1729 m,
899 1692 964 1722 art.
985 1687 1017 1727 Ι,
1032 1691 1150 1729 quaest.
1171 1696 1208 1728 n,
1224 1691 1258 1722 et
1273 1687 1354 1722 dist.
1367 1686 1422 1728 ⁴7,
1434 1690 1550 1728 quaest.
1568 1695 1620 1730 ln,
1629 1690 1698 1721 art.
1709 1686 1742 1728 4,
1758 1689 1877 1727 quast.
1890 1692 1927 1720 Π
1940 1695 2034 1727 eorp-

810 1740 846 1771 et
866 1737 916 1771 De
935 1735 1037 1776 malo.
1061 1739 1176 1777 quaest.
1196 1743 1243 1778 ιν,
1259 1740 1327 1770 art.
1340 1735 1374 1770 4.

205 1814 273 1861 Ad
290 1813 479 1860 tertium
508 1813 576 1858 sic
598 1813 881 1870 proceditur.
909 1815 952 1856 1.
979 1811 1168 1856 Videtur
1193 1810 1320 1867 quod
1346 1809 1610 1866 baptismus
1642 1809 1704 1854 sit
1733 1807 2034 1854 differendus.

153 1875 268 1921 Dicit
291 1876 414 1922 enim
439 1878 528 1920 Leo
551 1887 670 1932 papa
695 1874 845 1930 (epist.
877 1877 922 1932 4,
951 1886 1054 1930 cap.
1086 1875 1130 1924 ὃ)
1146 1887 1158 1916 :
1176 1876 1275 1917 Duo
1301 1876 1510 1928 tempora
1541 1890 1561 1910 ι»
1586 1871 1651 1925 (id
1676 1875 1763 1928 est,
1791 1871 1965 1915 Pascha
1991 1874 2038 1915 et

155 1939 446 1992 Pentecoste)
473 1954 494 1974 κ
520 1936 579 1982 ad
595 1935 927 1993 baptizandum
950 1934 978 1979 a
997 1938 1204 1979 Romano
1227 1933 1445 1990 pontifice
1469 1932 1673 1989 legitime
1694 1932 1883 1989 praefixa
1910 1936 2036 1976 sunt.

152 1999 281 2044 Unde
308 1997 602 2043 dilectionem
634 2002 837 2041 vestram
875 2008 1119 2040 monemus
1147 1999 1200 2039 ut
1228 1994 1382 2039 nullos
1411 1993 1526 2038 alios
1555 1993 1654 2038 dies
1680 1994 1790 2038 huic
1819 1993 2039 2038 observa-

152 2059 263 2105 tioni
285 2059 534 2105 misceatis.
554 2078 574 2099 ι»
593 2059 780 2103 Videtur
796 2070 909 2114 ergo
924 2058 1049 2114 quod
1065 2061 1275 2114 oporteat
1295 2068 1388 2100 non
1408 2056 1565 2099 statim
1583 2055 1786 2112 aliquem
1801 2054 2036 2113 baptizari,

151 2122 236 2167 sed
261 2133 412 2178 usque
437 2121 495 2166 ad
520 2120 743 2177 praedicta
774 2125 983 2175 tempora
1010 2119 1296 2175 baptismum
1321 2116 1509 2163 differri.

209 2186 254 2229 2.
272 2186 512 2238 Praeterea,
529 2182 577 2226 in
597 2181 791 2226 concilio
809 2181 1056 2236 Agathensi
1078 2182 1199 2235 (can.
1222 2182 1278 2224 34
1297 2184 1343 2223 et
1374 2178 1572 2223 habetur
1593 2190 1696 2234 cap.
1715 2180 1769 2223 93
1797 2181 1860 2222 De
1874 2190 2041 2224 conse-

153 2250 269 2291 crat.
299 2245 407 2292 dist.
435 2247 478 2298 4)
508 2244 712 2300 legitur:
742 2260 763 2281 «
787 2242 948 2298 Judaei,
980 2254 1181 2299 quorum
1205 2237 1400 2298 perfidia
1423 2240 1689 2296 frequenter
1720 2240 1781 2284 ad
1814 2241 2041 2286 vomitum

154 2306 290 2360 redit,
311 2307 350 2350 si
375 2306 433 2350 ad
454 2306 581 2362 leges
609 2304 858 2350 catholicas
877 2304 1037 2349 venire
1058 2303 1306 2360 voluerint,
1326 2305 1431 2346 octo
1462 2313 1649 2346 menses
1680 2301 1802 2345 inter
1822 2303 2044 2347 catechuw

154 2380 318 2414 menos
343 2367 558 2412 Ecclesiae
589 2367 732 2411 limen
758 2366 1016 2422 introeant3
1054 2372 1100 2411 et
1136 2366 1176 2410 si
1198 2367 1316 2422 pura
1336 2364 1427 2409 fide
1457 2364 1615 2408 venire
1638 2368 1906 2420 noscantur,
1928 2370 2042 2410 tunc

155 2429 340 2475 demum
375 2429 594 2486 baptismi
636 2427 831 2484 gratiam
859 2432 1140 2473 mereantur.
1159 2445 1182 2467 a»
1220 2428 1319 2471 Non
1356 2436 1468 2481 ergo
1501 2425 1657 2468 statim
1688 2429 1800 2469 sunt
1829 2426 2042 2472 homines

154 2491 433 2548 baptizandi,
453 2490 537 2534 sed
558 2501 709 2546 usque
727 2489 786 2534 ad
804 2493 985 2534 certum
1010 2494 1198 2544 tempus
1220 2492 1292 2533 est
1310 2486 1618 2531 differendum
1632 2485 1879 2541 baptisma.

209 2556 255 2598 3.
276 2555 513 2608 Praeterea,
536 2552 658 2596 sicut
678 2551 847 2596 dicitur
863 2551 1006 2605 (lsaiae
1021 2565 1152 2606 xxvm
1174 2552 1233 2607 9),
1249 2553 1333 2593 iste
1346 2553 1412 2593 est
1426 2552 1570 2592 omnis
1579 2551 1769 2603 smectica,
1786 2553 1835 2591 ut
1851 2552 2042 2603 aufera-

154 2617 234 2658 tur
253 2617 498 2669 peccatum-
532 2612 621 2657 Sed
643 2612 795 2669 magis
819 2611 1003 2656 videtur
1028 2611 1200 2655 auferri
1227 2615 1485 2667 peccatum,
1505 2609 1581 2653 vel
1606 2609 1745 2653 etiam
1767 2609 1980 2666 diminui,
2003 2608 2043 2655 si

156 2675 417 2732 baptismus
440 2675 521 2719 diu
537 2674 807 2730 differatur3
827 2673 978 2729 primo
1010 2673 1200 2728 quidem
1237 2673 1347 2728 quia
1366 2676 1614 2728 peccantes
1632 2676 1738 2726 post
1759 2671 2043 2727 baptismum

155 2737 347 2795 gravius
359 2740 568 2793 peccant,
584 2736 843 2781 secundum
859 2735 974 2780 illud
994 2735 1144 2789 (Hebr.
1171 2749 1216 2790 x,
1236 2736 1306 2788 29)
1327 2749 1337 2776 ε
1361 2735 1539 2790 Quanto
1567 2737 1714 2789 niaqis
1732 2737 1908 2789 putatis
1926 2735 2045 2779 dete·

158 2802 284 2842 riora
304 2800 468 2842 mereri
493 2798 740 2854 supplicia,
758 2799 835 2853 qui
860 2800 1124 2853 sanquinem
1151 2799 1419 2839 Testamenti
1432 2795 1658 2852 pollutum
1676 2795 1861 2838 duxerit
1881 2798 1929 2838 in
1958 2809 2043 2851 quo

156 2862 468 2915 sanctificatus
491 2860 590 2902 est?
621 2858 796 2904 scilicet
825 2871 909 2915 per
936 2858 1236 2914 baptismum.
1267 2856 1479 2901 Secundo
1510 2856 1621 2913 qula
1649 2855 1909 2912 baptismus
1928 2857 2044 2902 tollit

157 2927 347 2979 peccata
374 2920 618 2977 praeterita,
640 2933 734 2964 non
767 2926 924 2966 autem
942 2920 1120 2977 futura3
1150 2919 1276 2964 unde
1298 2918 1472 2976 quanto
1495 2919 1644 2974 magis
1672 2918 1934 2974 baptismus
1953 2918 2044 2964 dif-

200 3060 244 3101 (t)
261 3059 462 3100 Martyrium
479 3057 616 3100 prodest
630 3058 734 3092 etiam
754 3058 959 3100 infantibus,
977 3059 1058 3094 dum
1142 3070 1207 3101 ces»,
1218 3061 1309 3099 juxta
1320 3058 1407 3093 illud
1418 3057 1682 3093 conm'rrident.
1693 3057 1782 3098 (sess.
1793 3066 1856 3100 vn,
1872 3069 1946 3092 ean.
1966 3059 2018 3099 45)
2032 3072 2042 3093 ι

159 3108 375 3142 EcclesiaSS.
392 3107 700 3147 Innocentesprout
716 3118 814 3141 veros
824 3111 988 3148 martyres
998 3119 1059 3142 co-
1141 3107 1185 3141 Si
1214 3108 1294 3149 quis
1323 3107 1464 3140 disserit
1495 3107 1689 3149 parvulos,
1722 3106 1762 3141 ed
1795 3107 1890 3150 quod
1923 3110 2045 3142 actum

159 3155 216 3190 lit.
235 3155 322 3189 Hinc
341 3155 426 3189 benc
440 3154 537 3188 docet
550 3154 675 3188 Suarez
690 3166 767 3188 cum
781 3154 856 3189 aliis
870 3154 1058 3197 oppositum
1143 3154 1317 3190 credendi
1331 3164 1407 3188 non
1416 3153 1561 3194 habent,
1574 3156 1742 3197 suscepto
1759 3154 1936 3197 baptismo
1946 3155 2045 3189 incer

160 3202 279 3237 saltem
294 3202 526 3236 temerarium.
542 3201 582 3236 In
598 3200 721 3235 adultis
739 3205 851 3235 autem
872 3202 1061 3243 requiritur
1145 3201 1270 3243 fideles
1293 3200 1557 3243 computandos
1578 3211 1654 3235 non
1675 3211 1762 3241 essm·
1788 3212 1830 3235 ac
1847 3202 2045 3245 propterea

157 3250 347 3292 acceptatio
368 3249 545 3290 martyrii,
560 3250 679 3284 saltem
695 3249 916 3284 habitualiter
934 3262 973 3284 ex
991 3262 1061 3284 mo·
1144 3250 1227 3284 ciam
1242 3249 1289 3283 ad
1310 3259 1426 3282 annos
1452 3249 1689 3283 discretionis
1715 3250 1951 3292 pervenerint
1967 3259 2046 3284 ease

160 3299 231 3332 tivo
255 3297 516 3339 supernaturali,
533 3298 580 3331 ait
599 3297 789 3338 Alphonsus
810 3298 941 3339 (Theoi.
970 3309 1059 3333 mor.
1144 3296 1447 3340 rebaptizandos,-
1479 3300 1544 3330 aut
1574 3300 1755 3338 praestare
1777 3297 1897 3330 omitti
1919 3307 2046 3331 eorum

161 3344 222 3379 lib.
240 3353 288 3385 vx,
307 3354 348 3378 no
363 3345 427 3387 97).
1146 3344 1338 3387 baptisma,
1364 3344 1475 3387 quam
1497 3353 1555 3378 eos
1582 3354 1658 3378 non
1681 3346 1767 3377 actu
1792 3345 1947 3386 proprio
1970 3354 2029 3380 cre

203 3392 247 3435 (2)
268 3394 316 3427 De
330 3391 397 3427 fide
419 3396 470 3427 est
499 3395 615 3427 contra
646 3392 830 3434 valdenses,
851 3392 1060 3434 petrobusia-
1147 3393 1268 3427 demes
1288 3393 1472 3435 baptizari
1500 3393 1543 3427 in
1559 3393 1639 3427 sola
1654 3392 1724 3434 fide
1738 3392 1931 3433 Ecclesiae5
1957 3403 2045 3428 ana-

164 3452 222 3476 ιιος
238 3446 268 3476 et
286 3440 522 3484 anabaptistas,
534 3439 680 3476 infantes
699 3453 767 3477 esse
782 3440 942 3484 baptismi
958 3451 1062 3483 capa·
1148 3441 1265 3474 thema
1284 3442 1346 3476 sit,
