2170 3808
666 401 863 452 QUAEST.
892 400 979 454 xv,
1010 399 1127 441 Am.
1157 399 1190 439 v
1218 399 1282 440 ET
1310 400 1377 441 vi.
1880 397 1962 440 139

50 536 56 543 Ι
87 486 228 531 luisse
255 485 537 529 monstratus
563 485 648 526 est.
679 481 763 525 Sed
788 481 847 525 ad
872 479 1277 524 demonstrandam
1297 479 1506 535 corporis
1521 480 1777 533 veritatem,
1800 488 1963 533 corpo-

89 549 152 593 ris
174 547 458 594 consuetudo
480 548 695 600 suscepta
717 550 814 599 est3
837 544 900 588 ita
925 548 978 586 ut
997 547 1174 586 naturae
1196 547 1367 585 nostrae
1398 541 1735 586 consuetudine
1767 552 1952 584 consue-

89 609 235 654 tudini
267 609 327 653 sit
355 605 558 664 corporis
589 605 892 649 satisfactum.
924 604 1000 648 Vel
1038 604 1144 647 cum
1176 607 1335 659 potum
1368 606 1415 646 et
1440 602 1596 646 cibum
1631 602 1831 658 accepit,
1867 613 1960 645 non

90 670 345 716 necessitati
377 668 603 725 corporiS,
631 667 713 712 sed
739 665 1064 710 consuetudini
1087 665 1259 709 tribuit.
1278 683 1298 703 n
1324 665 1378 708 Et
1400 676 1493 708 non
1517 664 1694 719 accepit
1714 662 1962 708 necessita-

89 737 182 777 tem
201 745 283 790 per
309 729 697 787 comparationem
727 728 785 772 ad
811 739 999 771 causam
1024 727 1221 783 primam
1252 726 1416 770 horum
1451 725 1733 777 defectuum,
1751 734 1859 780 quae
1890 730 1962 769 est

88 798 344 850 peccatum,
358 796 412 837 ut
430 804 571 848 supra
590 791 766 836 dictum
786 794 857 833 est
875 791 1054 845 (quaest.
1075 801 1163 842 xiv,
1177 791 1260 831 art.
1281 790 1323 843 1,
1342 791 1389 831 et
1413 790 1497 830 art.
1519 790 1546 830 3
1562 786 1619 830 ad
1639 788 1697 839 2),
1715 790 1766 828 ut
1789 785 1963 830 scilicet

88 856 145 898 ea
175 854 349 898 ratione
379 853 558 898 dicatur
588 864 696 896 cano
728 850 888 895 Christi
928 862 1019 893 non
1058 848 1346 905 subjacuisse
1377 846 1639 892 necessitati
1678 847 1842 890 horum
1878 846 1960 890 de·
2005 887 2009 891 .

88 916 306 973 fectuum,
324 916 431 972 quia
457 928 548 959 non
572 915 657 959 fuit
679 914 725 958 in
752 926 807 958 ea
831 918 1089 971 peccatum.
1116 912 1243 955 Unde
1267 910 1454 955 subdit:
1477 909 1643 954 Habuit
1664 908 1813 963 enim,
1835 908 1962 952 scili-

89 983 163 1024 cet
182 978 400 1032 Christus,
421 989 606 1033 corpus,
626 976 705 1021 sed
730 975 918 1030 originis
943 987 1041 1018 suae
1059 975 1312 1030 proprium,
1338 985 1488 1028 neque
1517 984 1573 1016 ex
1600 971 1724 1015 vitiis
1745 971 1961 1014 humanae

87 1041 399 1097 concep-tionis
422 1033 642 1089 existens,
661 1039 742 1082 sed
767 1038 813 1081 in
834 1037 980 1081 forma
1004 1036 1209 1092 corporis
1230 1035 1392 1088 nostri,
1409 1034 1591 1079 virtutis
1615 1045 1712 1077 suae
1735 1036 1961 1088 potestate

88 1102 363 1146 subsistens.
384 1121 403 1140 »
428 1104 657 1155 Quantum
686 1105 839 1144 tamen
861 1099 918 1143 ad
939 1110 1129 1142 causam
1149 1097 1455 1154 pmpinquam
1484 1098 1649 1141 horum
1679 1095 1958 1151 defectuum,

88 1175 193 1218 quae
210 1168 282 1209 est
300 1162 569 1219 compositio
588 1161 936 1216 contrariorum,
951 1172 1061 1203 caro
1078 1158 1238 1203 Christi
1259 1158 1492 1215 subjacuit
1508 1155 1774 1202 necessitati
1795 1156 1958 1199 horum

87 1222 367 1279 defectuum,
390 1228 441 1268 ut
463 1235 600 1278 supra
621 1222 887 1266 dictumest
904 1222 1085 1277 (quaest.
1111 1234 1196 1275 xiv,
1216 1225 1301 1264 art.
1324 1222 1384 1273 2).

144 1285 209 1329 Ad
241 1286 480 1328 secundnm
500 1284 762 1338 dicendum,
782 1282 906 1339 quod
925 1295 1032 1326 caro
1054 1282 1100 1326 in
1124 1286 1312 1338 peccato
1331 1285 1555 1338 concepta
1572 1279 1783 1337 subjacet
1796 1277 1958 1334 dolori,

85 1357 180 1390 non
199 1346 351 1391 solum
371 1358 425 1390 ex
447 1345 721 1390 necessitate
747 1345 1027 1389 naturalium
1050 1344 1398 1400 principiorum,
1416 1343 1501 1387 sed
1522 1343 1659 1387 etiam
1677 1354 1734 1386 ex
1756 1339 1960 1385 necessi-

87 1411 180 1452 tate
198 1411 351 1452 reatus
367 1404 537 1464 pe’ccati
562 1421 572 1449 z
598 1419 702 1463 quae
725 1406 909 1462 quidem
938 1406 1188 1450 necessitas
1207 1407 1252 1450 in
1274 1406 1450 1449 Christo
1470 1417 1562 1449 non
1588 1404 1688 1463 fuit,
1705 1403 1788 1448 sed
1809 1402 1960 1446 solum

16 1471 21 1483 '⁸
88 1469 335 1513 necessitas
360 1468 634 1512 naturalium
653 1467 1000 1524 principiorum.

144 1531 207 1576 Ad
226 1534 405 1574 tertium
424 1530 668 1575 dicendum
686 1563 698 1586 ,
728 1529 849 1586 quod
867 1563 880 1584 ,
902 1530 1023 1573 sicut
1039 1541 1186 1584 ‘supra
1215 1529 1389 1574 dictum
1415 1532 1486 1572 est
1514 1530 1697 1584 (quaest.
1718 1540 1803 1582 xiv,
1827 1528 1914 1570 art.
1934 1527 1955 1569 1

87 1592 146 1636 ad
165 1594 224 1648 Ξ),
243 1591 411 1636 virtute
430 1591 685 1635 Divinitatis
707 1591 869 1635 Christi
885 1590 1218 1650 dispensative,
1229 1591 1302 1635 sic
1312 1589 1550 1634 beatitudo
1570 1588 1619 1631 in
1641 1587 1795 1631 anima
1815 1585 1959 1631 conti-

86 1653 299 1708 nebatur,
323 1652 447 1708 quod
465 1665 558 1696 non
578 1652 873 1697 derivabatur
890 1653 946 1696 ad
967 1665 1160 1709 corpuS,
1181 1665 1241 1697 ne
1262 1651 1363 1708 ejus
1383 1650 1666 1707 passibilitas
1686 1653 1735 1694 et
1757 1647 1959 1692 mortali-

90 1716 160 1756 tas
175 1713 406 1756 tolleretur
426 1729 438 1756 ι
462 1718 508 1757 et
535 1713 695 1757 eadem
716 1714 892 1757 ratione
907 1714 1147 1757 delectatio
1167 1711 1570 1769 contemplationis
1591 1710 1661 1755 sic
1676 1709 1961 1754 retinebatur

90 1773 136 1816 in
155 1778 325 1828 mente,
345 1774 466 1830 quod
488 1787 578 1817 non
598 1774 893 1819 derivabatur
910 1775 970 1820 ad
991 1775 1115 1819 vires
1135 1775 1399 1832 sensibiles,
1423 1786 1482 1818 ne
1498 1785 1580 1829 per
1595 1773 1683 1817 hoc
1706 1771 1837 1816 dolor
1850 1782 1962 1816 sen-

89 1834 236 1880 sibilis
257 1836 596 1880 excluderetur.
1181 1879 1184 1887 ,

222 1903 225 1906 ’
339 1905 677 1947 ARTICULUS
703 1906 785 1948 Vl.
810 1927 863 1935 —
885 1917 1019 1947 uranu
1046 1918 1089 1947 m
1119 1917 1291 1948 cumsro
1321 1916 1467 1947 rtmmr
1495 1915 1709 1946 misni-u.

91 1971 142 2006 De
158 1970 212 2006 hi·
226 1971 327 2006 etiam
340 1970 446 2011 infra,
464 1975 578 2013 quaest.
596 1979 690 2013 vai,
708 1975 775 2006 art.
796 1972 830 2013 6,
849 1975 883 2006 et
901 1972 994 2007 Sunt.
1011 1981 1064 2012 m,
1085 1972 1163 2007 dist.
1182 1973 1237 2013 ⁴5,
1256 1975 1372 2014 quaest.
1393 1980 1433 2014 n,
1451 1975 1517 2006 art.
1546 1971 1580 2014 5,
1602 1974 1722 2013 quaest.
1739 1978 1782 2005 11¹
1803 1981 1897 2012 corp.
1926 1972 1963 2004 et

746 2018 785 2053 ad
804 2019 839 2059 5,
860 2023 896 2054 ct
910 2021 1032 2061 Opusc.
1047 2028 1085 2060 u,
1101 2031 1175 2061 cap.
1194 2020 1270 2054 226.
1914 2035 1919 2040 ·

141 2079 205 2124 Ad
237 2083 418 2123 sextum
449 2079 515 2124 sic
543 2079 822 2135 proceditur.
852 2083 893 2124 ’1.
918 2080 1102 2124 Videtur
1125 2080 1244 2137 quod
1271 2079 1320 2123 in
1347 2079 1524 2125 Christo
1549 2092 1642 2124 non
1669 2078 1809 2124 fuerit
1824 2077 1963 2124 tristi-

86 2139 166 2184 tia.
190 2140 361 2184 Dicitur
382 2140 505 2184 enim
526 2141 584 2184 de
601 2141 780 2184 Christo
798 2143 898 2195 (lsa.
920 2155 1020 2197 xm,
1040 2145 1083 2195 4)
1106 2157 1116 2186 :
1138 2146 1239 2186 Non
1254 2144 1339 2185 erit
1358 2144 1518 2198 tristis,
1535 2154 1616 2185 nec
1636 2141 1932 2185 turbulentus.

140 2204 185 2245 2.
216 2203 433 2245 Praeterea
458 2201 683 2255 (proverb.
715 2215 788 2259 im,
815 2204 888 2251 21)
907 2234 919 2257 ,
953 2202 1152 2246 dicitur:
1175 2207 1276 2247 Non
1298 2204 1580 2246 contristabit
1610 2204 1805 2258 fastum,
1827 2202 1960 2259 quid-

88 2262 197 2320 quid
215 2264 257 2305 ei
274 2263 512 2307 acciderit.
542 2265 595 2306 Et
612 2262 751 2319 hujus
770 2263 996 2307 rationem
1018 2263 1153 2308 Stoici
1177 2264 1504 2320 assignabant,
1529 2263 1638 2320 quia
1671 2263 1829 2309 nullus
1851 2263 1961 2308 tris-

86 2326 211 2369 tatur
232 2323 320 2367 nisi
337 2323 393 2369 de
412 2324 658 2368 amissione
681 2335 872 2368 suorum
890 2324 1118 2369 bonorum
1141 2340 1153 2370 ι
1173 2326 1332 2382 justus
1347 2330 1503 2370 autem
1528 2338 1621 2370 non
1641 2331 1822 2382 reputat
1838 2326 1961 2371 bona

86 2396 173 2428 sua
205 2383 290 2428 nisi
321 2385 543 2442 Justitiam
562 2390 611 2429 ct
630 2385 845 2429 virtutem
873 2397 990 2441 quas
1010 2398 1102 2429 non
1123 2391 1275 2444 potest
1291 2386 1500 2431 amittere
1515 2388 1575 2442 (1)
1591 2402 1604 2443 ς
1622 2387 1825 2444 alioquin
1845 2387 1973 2433 sub·

85 2445 300 2502 jiceretur
312 2445 468 2503 justus
495 2447 712 2500 fortunae,
740 2447 776 2491 si
802 2459 886 2503 pro
919 2448 1169 2493 amissione
1199 2449 1427 2493 bonorum
1457 2449 1654 2492 fortunae
1685 2450 1958 2495 tristaretur.

88 2507 173 2552 Sed
193 2508 400 2552 Christus
422 2508 508 2552 fuit
526 2508 725 2552 maxime
740 2509 915 2566 justus,
941 2509 1200 2555 secundum
1219 2510 1334 2556 illud
1358 2513 1541 2564 (ierem.
1555 2523 1672 2567 xxm,
1690 2514 1732 2564 6)
1755 2526 1766 2555 :
1788 2515 1882 2555 Hoc
1895 2516 1959 2557 est

85 2581 245 2611 nomen
262 2571 380 2625 quod
400 2570 615 2613 vocabunt
633 2582 746 2625 eum,
768 2573 981 2614 Dominus
989 2573 1142 2626 justus
1165 2576 1330 2616 noster.
1352 2574 1470 2629 Ergo
1492 2572 1539 2616 in
1557 2584 1612 2616 eo
1631 2584 1725 2616 non
1753 2571 1840 2617 fuit
1858 2573 1947 2619 tris-

89 2630 202 2674 titia.
735 2662 740 2667 ·

139 2692 186 2735 3.
214 2693 448 2745 Praeterea,
471 2692 771 2748 Philosophus
789 2693 899 2738 dicit
917 2693 1076 2746 (Ethic.
1102 2693 1185 2738 lib.
1209 2706 1285 2751 vn,
1304 2707 1410 2751 cap.
1430 2697 1484 2739 13
1500 2698 1551 2739 et
1569 2695 1639 2748 14)
1662 2693 1784 2751 quod
1807 2695 1961 2740 omnis

92 2751 271 2795 tristitia
298 2757 368 2797 est
384 2754 557 2798 malum
579 2758 624 2798 et
645 2753 934 2809 fugiendum.
967 2755 1052 2799 Sed
1082 2755 1266 2800 nullum
1297 2757 1472 2801 malum
1502 2755 1775 2812 fugiendum
1802 2756 1889 2802 fuit
1912 2758 1957 2802 in

92 2811 280 2858 Christe.
301 2816 416 2870 Ergo
435 2815 480 2858 in
498 2814 674 2859 Christo
695 2828 785 2858 non
809 2815 896 2860 fuit
919 2816 1116 2860 tristitia.
1179 2826 1189 2831 ·

142 2876 187 2917 4.
214 2875 447 2931 Praeterea,
464 2875 583 2920 sicut.
596 2877 879 2932 Augustinus
890 2877 1003 2922 dicit
1019 2879 1099 2933 (De
1119 2877 1206 2922 civ.
1224 2880 1316 2934 Dei,
1338 2880 1417 2923 lib.
1435 2893 1524 2935 xiv,
1538 2890 1639 2934 cap.
1654 2880 1698 2934 6,
1717 2877 1765 2922 iu
1786 2878 1929 2935 med.)
1944 2913 1957 2937 ‚

92 2950 118 2971 ια
139 2934 338 2978 Tristitia
358 2940 426 2980 est
445 2936 501 2980 de
514 2936 585 2980 his
602 2950 706 2994 quae
726 2938 861 2982 nobis
876 2939 1142 2984 nolentibus
1161 2940 1393 2985 accidunt.
1415 2959 1436 2979 ιι
1462 2939 1549 2984 Sed
1571 2939 1683 2983 nihil
1701 2952 1869 2996 passus
1889 2944 1960 2986 est

87 2995 297 3040 Christus
317 3001 475 3040 contra
505 3009 637 3041 suam
655 2999 941 3044 voluntatem
964 3013 975 3043 ε
1002 3000 1171 3045 dicitur
1187 3002 1312 3045 enim
1336 3005 1438 3059 (lsa.
1461 3015 1549 3057 un,
1575 3005 1616 3055 7)
1635 3016 1647 3045 :
1669 3002 1856 3045 Oblatas
1874 3005 1955 3059 est,

89 3058 198 3112 qnia
218 3059 312 3112 ipse
329 3057 484 3099 voluit.
514 3059 610 3100 Non
633 3070 743 3114 ergo
765 3060 811 3103 in
842 3061 1018 3104 Christo
1043 3062 1130 3105 fuit
1151 3062 1346 3106 tristitia.

145 3117 231 3162 Sed
255 3121 410 3161 contra
434 3122 504 3163 est
534 3119 658 3175 quod
682 3120 794 3166 dicit
827 3123 1043 3166 Dominus
1064 3124 1234 3174 (Matth.
1260 3138 1373 3179 xxvi,
1402 3126 1473 3178 38)
1490 3139 1504 3168 τ
1529 3127 1686 3168 Tristis
1713 3128 1780 3168 est
1802 3128 1959 3169 anima

90 3192 190 3222 mea
213 3192 349 3234 usque
367 3180 431 3222 ad
451 3185 654 3225 mortem.
675 3184 727 3225 Et
747 3182 1016 3228 Ambrosius
1030 3184 1142 3228 dicit
1168 3188 1241 3236 (De
1262 3186 1418 3230 Trinit.
1436 3186 1516 3230 lib.
1540 3200 1584 3241 n,
1609 3198 1693 3231 seu
1714 3189 1773 3230 De
1792 3187 1881 3231 fide
1900 3186 1959 3231 ad

89 3240 287 3285 Gratian.
310 3253 409 3297 cap.
431 3243 476 3298 3,
493 3245 657 3286 versus
679 3243 806 3299 fin.):
836 3261 857 3281 π
882 3247 936 3288 Ut
961 3246 1098 3289 homo
1125 3246 1354 3291 triStitiam
1376 3247 1535 3292 habuit
1567 3264 1578 3292 ε
1611 3248 1815 3303 suscepit
1834 3248 1957 3291 enim

92 3301 317 3346 tristitiam
337 3314 502 3347 meam.
524 3301 811 3349 confidenter
827 3306 1051 3350 tristitiam
1075 3308 1278 3365 nomino,
1300 3309 1378 3366 qui
1398 3322 1583 3354 crucem
1598 3309 1813 3366 praedico.
1834 3328 1854 3347 υ

135 3370 420 3410 CONCLUSIO.
440 3392 488 3402 -
511 3371 613 3412 cum
634 3373 773 3412 anima
787 3373 937 3413 Christi
955 3375 1131 3425 potuerit
1149 3376 1322 3417 interius
1337 3377 1494 3430 aliquid
1512 3377 1809 3428 apprehendere
1823 3379 1869 3414 ut
1886 3387 1959 3415 no-

88 3424 223 3518 civunfi
236 3424 371 3518 {siciut
389 3424 432 3464 in
453 3425 523 3520 illo
540 3426 672 3477 potuit
686 3438 806 3467 verus
832 3439 915 3468 esse
938 3429 1065 3476 dolor,
1082 3431 1139 3470 ita
1156 3433 1196 3470 et
1219 3432 1431 3472 tristitiam
1452 3434 1496 3472 in
1512 3443 1557 3473 eo
1574 3433 1757 3483 aliquam
1781 3433 1958 3480 potuisse

92 3489 188 3528 esse,
220 3490 240 3517 a
260 3490 307 3518 en
342 3491 411 3518 um
427 3491 467 3519 es
490 3510 500 3520 .

144 3542 411 3597 Respondeo
431 3542 674 3588 dicendum
696 3545 836 3603 quod,
859 3546 978 3590 sicut
1000 3547 1172 3591 dit-tum
1191 3554 1262 3592 est
1280 3551 1380 3603 (art.
1405 3562 1542 3606 praec.
1564 3546 1622 3592 ad
1636 3550 1696 3604 3),
1717 3547 1958 3591 delectatio

131 3615 175 3658 (4)
198 3616 284 3651 Hinc
306 3619 340 3651 et
368 3616 494 3653 divitiis
516 3620 785 3655 commutandam
801 3623 960 3658 virtutem
977 3622 1116 3663 negabat
1141 3623 1254 3666 Solon,
1284 3625 1364 3667 quia
1388 3624 1490 3659 firma
1515 3628 1575 3659 est.
