2170 3808
817 216 1017 269 QUAEST.
1049 215 1172 269 an,
1201 215 1316 258 ΛΒΤ.
1347 214 1416 258 vl.
1975 214 2059 258 525

176 311 324 352 gressa,
343 298 505 340 nullam
520 297 567 336 in
585 307 628 336 se
650 296 847 335 virtutem
863 296 912 334 ad
935 294 1220 334 conferendam
1242 293 1415 343 gratiam
1428 291 1741 343 justificantem,
1757 290 1964 340 hahuisse,
1987 290 2058 332 sed

174 355 306 397 solam
322 354 447 395 fidem
460 354 597 394 Patres
613 350 910 403 Justificantem
928 350 1163 397 ostendisse,
1183 351 1355 389 constat.

232 415 502 474 Respondeo
525 412 773 460 dicendum
807 412 928 470 quod
963 423 1058 456 non
1089 415 1239 468 potest
1279 409 1367 455 dici
1408 409 1534 466 quod
1569 411 1862 453 sacramenta
1885 406 2054 452 veteris

175 477 292 534 legis
309 477 569 524 conferrent
594 474 790 532 gratiam
806 474 1137 532 justificantem
1170 485 1254 529 per
1285 471 1455 528 seipsa,
1477 470 1525 515 id
1546 475 1633 527 est,
1656 470 1842 527 propria
1858 469 2051 524 virtute3

177 541 286 598 quia
304 539 373 586 sic
403 552 496 584 non
525 538 689 584 fuisset
723 537 984 583 necessaria
1006 534 1162 592 passio
1185 533 1365 589 Christi,
1389 533 1649 578 secundum
1671 533 1784 577 illud
1817 532 1976 588 (Galat.
2008 544 2054 587 11,

173 604 244 658 21)
268 616 279 646 :
298 604 350 646 Si
363 614 422 646 ex
440 602 534 658 leqe
552 603 619 645 est
628 603 813 657 justitia
833 601 918 655 (1),’
951 597 1162 641 Christus
1184 598 1332 653 qratis
1353 598 1557 639 mortuus
1575 597 1733 648 θείω).
1759 593 1845 640 Sed
1869 606 1955 638 nec
1968 605 2054 650 po-

174 667 265 709 test
285 663 375 710 dici
411 662 538 720 quod
565 675 625 708 ex
645 662 862 719 passione
897 659 1060 704 Christi
1081 659 1297 703 virtutem
1316 657 1541 703 haberent
1562 656 1828 702 conferendi
1862 656 2054 714 gratiam

169 724 469 784 iustificandi.
504 724 774 770 sicutenim
805 736 860 768 ex
894 721 1124 780 praedictis
1156 724 1283 778 patet
1317 722 1416 775 (art.
1447 721 1622 776 praec.),
1645 718 1795 764 virtus
1825 718 2058 776 passionis

171 787 336 833 Christi
357 787 600 844 copulatur
618 786 753 831 nobis
787 798 870 842 per
899 784 1035 829 fidem
1066 788 1112 828 et
1132 786 1437 838 sacramenta,
1458 781 1722 827 differenter
1743 784 1927 826 tamen:
1948 792 2058 827 nam

171 849 456 894 continuatio
475 861 580 905 quae
613 852 685 892 est
715 860 799 904 per
819 846 973 903 fidem,
999 845 1048 890 fit
1077 858 1161 902 per
1180 850 1334 889 actum
1366 844 1559 899 animae3
1585 841 1874 887 continuatio
1900 847 2055 888 autem

171 922 277 968 quae
297 914 370 956 est
390 923 474 967 per
497 913 802 962 sacramenta,
821 906 873 952 fit
888 920 969 964 per
984 919 1124 952 usum
1136 906 1416 952 exteriorum
1432 917 1606 951 rerum.
1626 903 1745 950 Nihil
1772 909 1926 949 autem
1946 917 2057 961 pro-

169 970 297 1018 hibet
311 970 360 1018 id
378 971 504 1028 quod
522 975 592 1016 est
624 970 854 1027 posterius
884 974 1106 1026 tempore,
1124 968 1374 1026 antequam
1395 967 1467 1023 sit,
1495 979 1683 1012 movere
1699 968 1774 1023 (3),
1798 965 2056 1013 secundum

169 1033 297 1092 qued
312 1032 531 1091 praecedit
544 1033 591 1076 in
609 1036 713 1077 actu
728 1031 921 1086 anima-33
947 1031 1066 1075 sicut
1081 1031 1203 1085 finis,
1221 1030 1300 1088 qui
1330 1034 1401 1074 est
1417 1028 1645 1086 posterior
1658 1032 1881 1086 tempore,
1901 1033 2057 1075 movet

170 1099 404 1153 agentem,
416 1093 677 1140 secundum
692 1093 817 1151 quod
832 1097 903 1137 est
917 1093 1236 1149 apprehensus
1250 1096 1297 1137 et
1314 1091 1602 1137 desideratus
1617 1091 1676 1135 ab
1692 1090 1815 1149 Ipso,
1840 1090 1923 1136 sed
1939 1091 2057 1138 illud

171 1156 298 1215 quod
321 1156 532 1202 nondum
553 1154 686 1200 estin
705 1165 861 1199 rerum
882 1159 1063 1208 natura,
1089 1165 1183 1197 non
1203 1157 1359 1198 movet
1392 1152 1652 1197 secundum
1685 1164 1826 1197 usum
1857 1153 2057 1199 exterio-

169 1230 277 1264 rum
293 1230 478 1274 rerum3
516 1216 638 1262 unde
658 1227 799 1260 causa
831 1214 1039 1259 efficiens
1062 1227 1155 1259 non
1172 1217 1325 1271 potest
1344 1226 1448 1258 esse
1465 1212 1692 1270 posterior
1712 1213 1762 1258 in
1782 1227 1875 1258 esse
1892 1214 2057 1262 ordine

169 1279 439 1334 durationis,
463 1277 583 1323 sicut
621 1288 760 1321 causa
792 1275 961 1319 finalis.
997 1275 1039 1320 Si
1077 1288 1189 1332 ergo
1207 1274 1506 1320 manifestum
1534 1282 1606 1336 est
1631 1273 1758 1332 quod
1781 1274 1808 1319 a
1838 1276 2056 1332 passione

167 1339 347 1397 Christi,
368 1351 473 1396 quae
490 1342 559 1383 est
581 1349 722 1383 causa
753 1338 969 1382 humanae
1000 1336 1362 1394 justificationis,
1383 1336 1716 1382 convenienter
1732 1337 1791 1392 (4)
1822 1337 2057 1383 derivatur

165 1400 314 1446 virtus
332 1399 633 1458 J‘ustificatIva
652 1399 710 1444 ad
732 1403 1023 1444 sacramenta
1057 1411 1191 1444 novae
1225 1398 1360 1456 legis,
1384 1411 1477 1443 non
1495 1402 1650 1443 autem
1685 1398 1745 1443 ad
1765 1403 2057 1446 sacramenta

165 1461 338 1507 veteris
359 1461 495 1518 legiS.
513 1463 568 1506 Et
581 1464 737 1506 tamen
767 1473 850 1518 per
872 1461 1012 1505 fidem
1044 1460 1276 1518 passionis
1295 1460 1459 1506 Christi
1485 1460 1859 1517 J'ustificabantur
1876 1461 2057 1520 antiqui

166 1527 338 1580 patres,
365 1522 487 1567 sicut
508 1526 554 1567 et
572 1534 673 1566 nos.
706 1522 1004 1566 Sacramenta
1021 1526 1175 1567 autem
1202 1521 1372 1567 veteris
1389 1522 1506 1579 legis
1533 1525 1665 1566 erant
1682 1523 1894 1579 quaedam
1931 1523 2056 1570 illius

166 1583 272 1628 fidei
288 1581 655 1640 protestationes,
677 1582 953 1639 inquantum
983 1583 1310 1639 significabant
1335 1584 1600 1640 passionem
1616 1584 1779 1629 Christi
1798 1589 1844 1630 et
1861 1586 2055 1632 effectus

166 1644 286 1701 ers.
321 1645 392 1689 Sic
414 1656 526 1700 ergo
559 1647 686 1701 patet
724 1643 847 1701 quod
870 1649 1159 1689 sacramenta
1180 1645 1351 1691 veteris
1373 1645 1490 1701 legis
1522 1658 1617 1689 non
1653 1645 1886 1692 habebant
1920 1647 2056 1700 inse

164 1705 370 1762 aliquam
383 1706 602 1751 virtutem
620 1706 713 1762 qua
728 1710 1029 1762 operarentur
1053 1705 1110 1749 ad
1132 1705 1458 1751 conferendam
1478 1706 1674 1762 gratiam
1690 1707 2052 1767 justificantem;

166 1766 249 1811 sed
271 1767 420 1811 solum
445 1766 772 1823 significabant
788 1767 926 1812 fidem
947 1780 1030 1823 per
1045 1779 1186 1822 quam
1203 1767 1578 1825 Justificabantur
1599 1770 1676 1824 (5).

221 1828 288 1874 Ad
300 1832 502 1885 primum
517 1841 629 1886 ergo
650 1828 915 1883 dicendum,
934 1828 1056 1885 quod
1073 1829 1251 1886 antiqui
1273 1834 1429 1887 patres
1457 1829 1693 1876 habebant
1714 1830 1852 1876 fidem
1870 1831 1927 1877 de
1942 1845 2053 1890 pas-

166 1889 297 1936 sione
325 1890 488 1935 Christi
506 1891 680 1946 futura,
705 1903 809 1947 quae
838 1891 1097 1936 secundum
1120 1891 1245 1947 quod
1271 1896 1368 1936 erat
1399 1892 1447 1936 in
1467 1893 1839 1950 apprehensione
1868 1893 2053 1954 animae,

165 1955 345 2009 poterat
354 1952 636 2010 J'ustificare3
657 1952 739 1997 sed
755 1965 840 1997 nos
855 1952 1083 1997 habemus
1100 1950 1240 1997 fidem
1263 1954 1321 1998 de
1335 1953 1554 2011 passione
1573 1954 1736 2000 Christi
1755 1956 2052 2014 praecedenti,

165 2025 270 2071 quae
291 2018 444 2071 potest
466 2013 722 2071 Justificare
751 2013 888 2058 etiam
905 2014 1163 2058 secundum
1187 2015 1358 2060 realem
1379 2029 1519 2061 usum
1543 2018 1948 2064 sacramentalium
1975 2032 2055 2067 re-

163 2087 285 2130 rum,
309 2080 362 2120 ut
379 2075 554 2120 dictum
578 2079 648 2119 est
671 2074 734 2129 (in
766 2088 892 2132 corp.
913 2078 1036 2129 art.).

218 2137 283 2181 Ad
291 2138 533 2180 secundum
546 2136 811 2193 dicendum,
828 2137 949 2193 quod
967 2137 1045 2181 illa
1062 2138 1360 2183 sanctificatio
1371 2143 1472 2184 erat
1486 2139 1691 2195 figuralis
1705 2153 1809 2196 :per
1827 2142 1912 2187 hoc
1927 2144 2052 2189 enim

164 2194 445 2242 sanctificari
470 2197 744 2243 dicebantur
763 2199 885 2256 quod
918 2199 1268 2255 applicabantur
1291 2201 1435 2246 cultui
1462 2201 1618 2246 divino
1633 2202 1888 2247 secundum
1912 2204 2053 2252 ritum

163 2258 333 2303 veteris
368 2259 501 2317 legis,
523 2259 602 2315 qui
635 2265 760 2304 totus
780 2260 1080 2305 ordinabatur
1098 2261 1154 2304 ad
1176 2261 1464 2317 figurandam
1485 2262 1936 2319 passionemChristi.

214 2319 281 2365 Ad
299 2323 482 2364 tertium
505 2320 769 2378 dicendum,
795 2322 919 2378 quod
935 2323 992 2367 de
1015 2322 1369 2367 circumcisione
1384 2323 1630 2381 multiplex
1652 2323 1921 2382 fuitopinio.
1944 2328 2051 2383 Qui-

162 2380 269 2426 dam
292 2381 416 2426 enim
435 2381 652 2428 dixerunt
671 2383 795 2439 quod
810 2397 893 2440 per
912 2384 1311 2428 circumcisionem
1327 2398 1421 2429 non
1441 2385 1764 2431 conferebatur
1783 2389 1945 2445 gratia,
1967 2390 2052 2438 sed

162 2441 311 2487 solum
343 2443 640 2489 auferebatur
669 2452 926 2501 peccatum.
950 2446 1035 2490 Sed
1074 2446 1162 2490 hoc
1194 2459 1284 2491 non
1322 2452 1474 2503 potest
1499 2460 1618 2504 esse,
1648 2448 1756 2505 quia
1780 2449 1920 2495 homo
1954 2464 2051 2498 non

156 2502 438 2561 iustihcatur
453 2505 479 2548 a
492 2510 682 2563 peccato
696 2507 785 2551 nisi
805 2520 887 2564 per
903 2508 1114 2563 gratiam,
1132 2509 1391 2554 secundum
1411 2509 1526 2554 illud
1542 2512 1686 2565 (Rom.
1702 2524 1762 2567 111,
1784 2514 1882 2567 w:
1901 2517 2048 2558 Iusti·

159 2566 287 2620 ficati
304 2569 449 2623 gyratis
461 2579 549 2623 per
569 2571 771 2624 qratiam
789 2572 944 2626 ipsius.
969 2572 1020 2613 Et
1035 2569 1136 2613 ideo
1160 2570 1235 2613 alii
1256 2570 1474 2615 dixerunt
1495 2571 1619 2628 quod
1636 2584 1718 2629 per
1735 2572 2049 2621 circumcisio·

162 2636 270 2671 nem
292 2626 614 2673 conferebatur
642 2630 789 2685 gratia
818 2634 1046 2687 quantum
1080 2631 1139 2675 ad
1172 2631 1365 2677 effectus
1393 2632 1643 2677 remotivos
1670 2633 1836 2691 culpae,
1850 2635 1933 2681 sed
1951 2649 2048 2683 non

162 2687 391 2744 quantum
410 2688 469 2732 ad
486 2689 677 2734 effectus
697 2692 919 2748 positivos
943 2691 1118 2747 gratiae.
1142 2692 1228 2736 Sed
1250 2694 1335 2737 hoc
1363 2693 1502 2737 etiam
1520 2694 1703 2739 videtur
1720 2707 1824 2741 esse
1843 2697 2045 2757 falsum;

162 2747 271 2804 quia
288 2760 371 2805 per
387 2748 788 2796 circumcisionem
811 2753 1006 2798 dabatur
1028 2753 1186 2809 pueris
1208 2752 1405 2799 facultas
1423 2755 1723 2812 perveniendi
1748 2757 1806 2802 ad
1834 2757 2044 2818 gloriam,

162 2821 267 2866 quae
289 2814 358 2855 est
374 2810 567 2856 ultimus
591 2812 781 2859 effectus
801 2816 1027 2871 positivus
1053 2814 1238 2871 gratiae3
1275 2820 1321 2861 et
1352 2821 1610 2874 propterea,
1632 2819 1891 2865 secundum
1928 2821 2047 2868 ordi-

162 2883 270 2915 nem
294 2884 449 2917 causae
467 2872 689 2928 formaliS‚
707 2875 883 2931 priores
898 2881 1007 2920 sunt
1026 2877 1295 2922 naturaliter
1313 2878 1505 2923 effectus
1521 2879 1705 2936 positivi
1724 2880 1865 2938 quam
1893 2883 2046 2939 priva-

162 2931 260 2988 tivi,
278 2930 386 2977 licet
402 2934 662 2979 secundum
684 2936 892 2982 ordinem
913 2950 1065 2982 causae
1081 2938 1330 2983 materialis
1350 2940 1453 2983 site
1468 2952 1718 2990 converso:
1742 2942 1890 2988 forma
1917 2944 2044 2990 enim

162 3005 257 3037 non
288 2993 490 3039 excludit
517 2995 838 3055 privationem,
861 2999 949 3044 nisi
977 3000 1270 3044 informando
1285 3000 1562 3057 subJ'ectum.
1589 3004 1642 3046 Et
1661 3002 1762 3048 ideo
1790 3003 1866 3049 alii
1886 3005 2046 3053 dicunt

162 3054 285 3111 quod
306 3054 597 3100 circumcisio
617 3058 882 3105 conferebat
897 3061 1109 3117 gratiam,
1125 3061 1262 3105 etiam
1284 3066 1511 3118 quantum
1530 3063 1588 3108 ad
1611 3063 1812 3121 aliquem
1828 3066 2043 3113 effectum

203 3154 244 3197 (ΔΙ)
273 3155 415 3196 vulgata
439 3170 447 3190 :
471 3158 516 3192 Si
544 3160 641 3194 enim
663 3171 729 3202 per
759 3161 868 3204 leqem
895 3163 1058 3206 justitia.
1184 3163 1227 3204 (4)
1254 3163 1303 3197 lta
1331 3176 1407 3197 cum
1441 3164 1593 3198 melioris
1625 3170 1710 3200 notae
1742 3167 1819 3201 Mss.
1852 3168 1935 3203 editi
1971 3169 2044 3205 fere

161 3211 261 3244 erqo,
277 3207 342 3238 etc.
1143 3222 1271 3245 omnes.
1288 3211 1355 3253 Al„
1377 3223 1571 3255 consequen
1579 3217 1643 3248 ter.
1915 3242 1917 3245 .

200 3249 243 3291 (2)
259 3249 298 3284 Id
313 3254 362 3285 cst
376 3251 501 3286 frustra
513 3253 567 3287 veI
582 3253 764 3296 superflue,
781 3255 860 3295 quia
875 3257 1058 3292 necessaria
1183 3258 1226 3300 (5)
1246 3259 1332 3293 Hinc
1355 3260 1537 3295 concilium
1562 3261 1799 3297 Florentinum
1823 3263 1905 3297 dixit
1921 3264 2044 3299 distin-

161 3307 252 3331 mors
265 3296 357 3332 illius
367 3298 696 3339 adjustificationem
711 3302 871 3346 nonfuit,
888 3308 954 3339 etc.
1143 3307 1273 3346 suendo
1294 3313 1506 3343 sac-ramenta
1530 3311 1652 3345 veteris
1680 3310 1761 3350 legis
1782 3312 1799 3345 a
1825 3313 2042 3347 sacramentis

203 3345 246 3385 (5)
262 3344 323 3379 Vel
340 3348 539 3389 transposita
554 3349 816 3389 constructione,
839 3350 879 3384 id
899 3351 994 3393 quod
1005 3356 1059 3388 etl
1143 3365 1235 3388 novae
1257 3367 1264 3386 :
1281 3355 1357 3388 Illa
1375 3366 1450 3390 non
1466 3357 1669 3392 causabam
1685 3358 1845 3400 qratiam
1859 3384 1867 3396 ,
1883 3359 1946 3391 secl
1963 3370 2042 3393 eam

160 3393 344 3432 posterius
361 3395 529 3437 tempore,
548 3405 687 3431 movere
707 3401 902 3441 autequam
917 3400 975 3439 sit,
993 3403 1056 3434 etc.
1144 3402 1260 3435 solinu
1271 3411 1341 3446 per
1350 3405 1557 3447 passionem
1574 3404 1716 3439 Christi
1726 3405 1888 3439 dandam
1899 3407 2039 3448 fiyura-

1143 3447 1230 3484 bant
1247 3462 1254 3483 :
1274 3451 1347 3485 haec
1365 3454 1485 3488 autem
1501 3457 1535 3488 οι
1565 3453 1751 3487 continent
1769 3454 1952 3495 qratiam,
1973 3462 2039 3488 ete.
