2170 3808
130 239 214 282 580
767 239 968 292 QuAEsr.
1000 239 1155 294 van,
1186 239 1303 281 ART.
1335 240 1405 284 w.

377 321 719 365 ARTICULUS
747 322 828 364 lv.
849 344 900 350 —
925 333 1067 363 urium
1097 333 1253 363 mumma
1288 333 1430 364 rossrr
1451 334 1683 366 mmmm
1705 323 1785 378 (1).

589 389 638 422 De
653 388 706 422 his
732 388 835 422 etiam
854 399 969 430 supra,
989 392 1055 423 1111.
1074 389 1109 429 5,
1129 392 1164 422 et
1178 387 1262 422 locis
1275 387 1404 424 ibidem
1421 389 1582 426 inductis.

181 442 248 487 Ad
265 446 484 499 quartum
507 442 574 486 sic
598 442 883 498 proceditur.
905 445 948 487 1.
965 442 1156 488 Videtur
1174 442 1301 499 quod
1315 443 1484 489 mulier
1503 458 1598 490 non
1619 445 1769 503 possit
1783 444 2032 503 baptizare.

126 501 310 560 Legitur
332 503 458 547 enim
479 504 540 557 (in
564 504 920 560 Carthaginensi
943 504 1138 549 concilio
1160 508 1206 560 4,
1231 517 1339 549 can.
1374 507 1449 562 99,
1480 509 1604 563 etc.)‚
1644 506 1773 564 quod
1806 524 1827 546 κ
1850 508 2036 568 mulier,

125 565 339 622 quamvis
359 566 496 610 docta
526 571 573 611 et
593 572 772 623 sancta,
793 567 919 612 viros
943 567 992 611 in
1023 571 1259 612 conventu
1299 568 1466 614 docere
1489 571 1566 616 vel
1595 570 1779 626 aliquos
1803 569 2039 627 baptizare

127 639 219 671 non
233 634 503 684 praesumat.
530 647 549 667 »2
578 629 667 673 Sed
685 630 816 674 nullo
841 630 981 674 modo
1000 629 1108 674 licet
1129 630 1314 675 mulieri
1339 631 1507 676 docere
1527 632 1576 676 in
1599 638 1853 691 conventu,
1876 645 2030 677 secun

124 690 236 737 dum
252 690 367 735 illud
393 694 440 744 (l.
460 693 665 747 Cor.x1v,
685 694 774 746 35):
803 696 952 747 Turpe
967 694 1035 734 est
1054 692 1242 735 mulieri
1256 695 1305 735 in
1329 693 1521 738 ecclesia
1546 695 1685 751 loqui.
1709 697 1829 752 Ergo
1853 695 2037 740 videtur

126 752 255 810 quod
270 765 358 797 nec
374 753 514 798 etiam
534 753 692 810 aliquo
712 753 853 798 modo
869 753 1055 798 mulieri
1074 753 1212 799 liceat
1225 753 1479 811 baptizare.

180 815 221 857 2.
240 816 485 868 Praeterea,
502 814 735 871 baptizare
755 814 959 871 pertinet
981 814 1041 859 ad
1057 815 1264 859 officium
1288 816 1599 873 praelationis3
1617 817 1746 862 unde
1770 816 1799 861 a
1816 817 2036 863 sacerdo-

124 875 250 921 tibus
271 877 555 921 habentibus
575 888 736 920 curam
759 876 1022 920 animarum
1057 877 1197 922 debet
1219 878 1366 934 accipi
1387 878 1664 935 baptismus.
1687 879 1776 925 Sed
1809 880 1898 924 hoc
1936 892 2035 925 non

123 942 277 994 potest
305 944 569 995 competere
597 938 799 996 mulieri,
822 938 1084 983 secundum
1106 939 1221 984 illud
1242 941 1291 994 (Ι.
1317 940 1510 985 Timoth.
1537 955 1583 996 11,
1615 944 1722 996 lm:
1751 946 1916 986 Docere
1935 955 2036 986 mu-

123 1000 229 1044 lieri
249 1014 340 1044 non
356 1004 590 1058 permitto,
612 1014 694 1044 nec
721 1002 953 1045 dominari
975 1004 1025 1044 in
1044 1004 1215 1058 virum,
1235 1003 1316 1045 sed
1332 1016 1426 1046 esse
1441 1006 1489 1046 in
1510 1004 1702 1048 silentio.
1728 1006 1847 1060 Ergo
1866 1004 2037 1050 mulier

122 1061 358 1120 baptizare
376 1077 470 1108 non
491 1068 661 1120 potest.

178 1127 221 1170 3.
242 1129 487 1182 Praeterea,
510 1127 559 1170 in
581 1126 813 1182 spirituali
837 1127 1196 1182 regeneratione
1211 1126 1399 1172 videtur
1427 1140 1551 1185 aqua
1567 1127 1742 1173 habere
1758 1128 1914 1173 locum
1931 1140 2036 1173 ma-

122 1188 243 1232 terni
281 1189 418 1245 uteri,
441 1193 495 1233 ut
534 1189 825 1245 Augustinus
861 1189 972 1234 dicit
1002 1201 1144 1246 super
1184 1189 1303 1235 illud
1340 1191 1486 1244 (Joan.
1516 1191 1579 1245 111)
1598 1202 1611 1232 :
1644 1192 1877 1246 Numquid
1899 1192 2034 1236 homo

118 1255 264 1308 potest
282 1254 329 1295 in
349 1256 553 1295 ventrem
572 1255 737 1295 matris
753 1264 844 1295 suae
872 1253 1042 1295 iterato
1063 1255 1256 1296 introire
1283 1255 1329 1296 et
1349 1253 1563 1296 renasci?
1585 1256 1736 1306 (tract.
1755 1256 1804 1298 11
1833 1253 1879 1297 in
1899 1256 2031 1299 Joan.

122 1317 231 1358 ante
262 1314 428 1370 med.)·,
450 1314 527 1358 ille
551 1318 708 1358 autern
728 1313 810 1370 qui
827 1314 1047 1371 baptizat,
1075 1313 1261 1359 videtur
1283 1315 1435 1370 magis
1451 1314 1623 1359 habere
1644 1315 1790 1371 patris
1807 1315 2032 1361 officium.

121 1375 209 1420 Sed
228 1376 316 1420 hoc
333 1388 430 1420 non
446 1376 669 1432 competit
689 1376 889 1420 mulieri.
917 1378 1036 1432 Ergo
1055 1376 1224 1420 mulier
1247 1376 1482 1433 baptizare
1498 1389 1594 1421 non
1609 1381 1776 1433 potest.

178 1437 266 1482 Sed
286 1442 447 1482 contra
468 1442 540 1483 est
575 1438 703 1495 quod
726 1437 941 1483 Urbanus
963 1451 1084 1495 papa
1120 1438 1232 1483 dicit
1250 1441 1313 1492 (et
1336 1439 1534 1484 habetur
1554 1439 1604 1483 in
1623 1442 1753 1484 Decr.
1774 1441 1844 1493 30,
1864 1444 2031 1496 quaest.

120 1513 185 1558 111,
214 1513 318 1558 cap.
342 1503 386 1555 4)
412 1515 423 1544 ε
458 1517 479 1538 «
502 1502 649 1556 Super
671 1500 845 1556 quibus
880 1499 1117 1544 consuluit
1139 1513 1227 1545 nos
1252 1506 1331 1545 tua
1355 1501 1557 1558 dilectio,
1581 1501 1672 1545 hoc
1691 1501 1877 1546 videtur
1897 1502 2034 1547 nobis

120 1573 180 1606 ex
211 1561 446 1607 sententia
467 1560 867 1618 respondendum,
890 1566 946 1606 ut
966 1561 1234 1618 baptismus
1253 1562 1330 1618 sit,
1349 1562 1390 1606 si
1411 1562 1618 1608 instante
1641 1563 1920 1608 necessitate
1945 1565 2037 1610 foe-

118 1623 248 1669 mina
266 1636 465 1680 puerum
478 1624 526 1667 in
543 1623 734 1667 nomine
754 1627 931 1668 sanctae
942 1623 1177 1668 Trinitatis
1192 1623 1510 1681 baptizaverit.
1533 1643 1555 1665 »

165 1693 462 1733 CONCLUSIO.
477 1713 526 1722 —
551 1693 731 1732 Possunt
750 1692 946 1732 mulieres
964 1693 1011 1732 in
1031 1693 1285 1732 necessitatis
1304 1705 1402 1733 casu
1416 1692 1640 1745 baptizare,
1658 1692 1695 1734 si
1711 1691 1794 1733 viri
1811 1695 1928 1746 copia
1945 1705 2030 1736 11011

117 1747 241 1797 adsit,
266 1747 374 1788 sicut
389 1752 429 1787 et
447 1747 596 1796 laicus,
614 1746 689 1787 ubi
706 1758 790 1788 non
813 1748 929 1788 adest
945 1747 1131 1788 sacerdos
1145 1752 1220 1788 aut
1234 1748 1418 1789 clericus.

173 1811 450 1867 Respondeo
485 1810 742 1856 dicendum
780 1810 908 1868 quod
949 1811 1161 1856 Christus
1179 1813 1351 1869 estqui
1373 1811 1695 1869 principaliter
1715 1811 1935 1872 baptizat,
1955 1825 2030 1859 se-

117 1873 327 1918 cundum
346 1873 463 1918 illud
481 1875 628 1928 (Joan.
655 1887 686 1930 1,
706 1875 812 1928 33):
848 1876 996 1930 Super
1018 1887 1148 1930 quem
1179 1874 1350 1918 videris
1377 1877 1602 1931 Spiritum
1623 1877 1967 1920 descendentem
1985 1879 2031 1921 et

117 1940 392 1992 manentem,
417 1937 493 1980 hic
513 1939 578 1979 est
613 1939 690 1992 qui
715 1936 941 1992 baptizat.
963 1936 1139 1981 Dicitur
1155 1941 1310 1981 autem
1346 1937 1537 1990 (Coloss.
1561 1939 1623 1992 111)
1662 1937 2028 1994 (aequivalenter)

116 1999 242 2057 quod
262 1999 311 2043 in
329 1998 507 2043 Christo
527 2011 622 2043 non
639 2002 712 2043 est
730 1999 971 2043 masculus
986 2003 1033 2043 et
1053 1999 1262 2044 foemina.
1283 2002 1337 2044 Et
1354 2000 1458 2045 ideo
1477 2000 1599 2045 sicut
1627 1999 1868 2045 masculus
1884 2000 2030 2046 laicus

115 2066 269 2119 potest
303 2061 558 2118 baptizare,
574 2061 710 2118 quasi
740 2062 951 2106 minister
972 2062 1162 2119 Christi3
1185 2063 1250 2107 ita
1276 2063 1415 2107 etiam
1438 2067 1485 2107 et
1506 2063 1717 2107 foemina.
1738 2063 1851 2117 Quia
1871 2068 2027 2109 tamen

116 2129 256 2182 caput
276 2127 479 2169 mulieris
499 2129 564 2168 est
584 2128 672 2182 vir,
693 2129 736 2168 et
768 2130 907 2182 caput
937 2129 1028 2168 viri
1059 2129 1126 2168 est
1145 2127 1373 2175 Christus,
1395 2131 1446 2170 ut
1463 2127 1633 2171 dicitur
1652 2128 1701 2181 (Ι.
1725 2127 1927 2171 Corinth.
1950 2129 2025 2185 xi),

115 2200 213 2232 non
233 2186 371 2233 debet
390 2187 558 2232 mulier
579 2187 830 2244 baptizare,
857 2187 897 2232 si
931 2187 1054 2232 adsit
1081 2188 1216 2245 copia
1235 2188 1323 2232 viri
1347 2191 1428 2245 (2)3
1463 2188 1586 2234 sicut
1605 2201 1693 2234 nec
1732 2189 1882 2233 laicus
1902 2202 2027 2246 prae-

116 2254 250 2296 sente
263 2250 449 2305 clerico,
475 2261 563 2294 nec
585 2249 784 2294 clericus
806 2253 1038 2307 praesente
1061 2250 1303 2296 sacerdote
1329 2253 1411 2306 (3),
1432 2251 1511 2307 qui
1532 2255 1687 2295 tamen
1709 2256 1862 2308 potest
1879 2251 2029 2309 bapti·-

115 2324 222 2358 zare
239 2316 471 2370 praesente
488 2311 726 2369 episcopO,
749 2312 804 2356 00
823 2312 951 2369 quod
969 2313 1058 2356 hoc
1075 2312 1274 2369 pertinet
1293 2313 1354 2357 ad
1375 2313 1582 2358 officium
1603 2313 1874 2358 sacerdotis.

171 2375 237 2420 Ad
255 2378 455 2432 primum
477 2386 590 2431 ergo
617 2373 888 2430 dicendum,
914 2374 1040 2431 quod
1060 2376 1181 2420 sicut
1203 2375 1390 2420 mulieri
1414 2389 1509 2420 non
1532 2375 1819 2432 permittitur
1841 2376 2027 2432 publice

115 2436 301 2494 docere,
321 2440 475 2493 potest
489 2440 648 2481 tamen
669 2436 850 2492 privata
873 2436 1085 2480 doctrina
1098 2437 1173 2481 vel
1188 2437 1445 2482 monitione
1468 2437 1671 2495 aliquem
1694 2437 1943 2497 instruere,
1963 2439 2027 2484 ita

114 2511 213 2545 11011
250 2499 532 2556 permittitur
571 2498 614 2543 ei
655 2496 843 2554 publice
889 2503 935 2542 et
977 2492 1252 2542 s'olemniter
1273 2499 1526 2556 baptizare,
1547 2499 1632 2544 sed
1666 2503 1825 2544 tamen
1870 2505 2030 2557 potest

114 2561 350 2620 baptizare
372 2562 420 2606 in
448 2560 740 2605 necessitatis
762 2560 976 2605 articulo.

169 2624 237 2670 Ad
254 2624 503 2668 secundum·
521 2621 794 2678 dicendum,
815 2621 943 2678 quod
971 2620 1162 2679 quando
1182 2621 1449 2679 baptismus
1466 2622 1739 2668 solemniter
1751 2627 1798 2667 et
1816 2623 2027 2671 ordinate

113 2685 392 2741 celebratur,
414 2684 553 2730 debet
576 2684 746 2741 aliquis
778 2688 1130 2729 sacramentum
1170 2683 1392 2741 baptismi
1418 2685 1657 2742 suscipere
1692 2685 1720 2728 a
1750 2685 2026 2742 presbytero

113 2761 279 2796 curam
300 2749 566 2794 animarum
582 2747 803 2805 habente,
825 2747 901 2792 vel
928 2746 987 2791 ab
1010 2747 1168 2804 aliquo
1187 2747 1289 2792 vice
1308 2747 1430 2804 eius.
1451 2750 1547 2792 Hoc
1565 2752 1722 2793 tamen
1747 2760 1842 2792 non
1865 2749 2025 2806 requi-

113 2811 233 2857 ritur
252 2811 303 2856 in
323 2810 521 2855 articulo
540 2809 852 2866 necessitatis,
872 2810 921 2853 in
938 2821 1033 2866 quo
1051 2813 1205 2866 potest
1225 2809 1395 2854 mulier
1408 2809 1658 2866 baptizare.

167 2873 236 2921 Ad
260 2869 443 2918 tertium
470 2873 740 2929 dicendum,
759 2871 889 2930 quod
908 2872 956 2917 in
977 2872 1280 2929 generatione
1296 2872 1474 2917 carnali
1492 2872 1733 2917 masculus
1762 2876 1809 2917 et
1831 2872 2027 2918 foemina

111 2941 367 2995 operantur
381 2936 642 2981 secundum
661 2935 879 2980 virtutem
895 2935 1096 2993 propriae
1113 2939 1321 2992 naturae3
1351 2940 1397 2980 et
1417 2935 1523 2980 ideo
1544 2935 1736 2980 foemina
1758 2947 1854 2979 non
1872 2940 2025 2991 potest

112 3011 217 3045 esse
253 2997 533 3056 principium
585 2997 902 3055 generationis
943 2997 1168 3054 activum,
1204 2997 1289 3043 sed
1326 2997 1572 3054 passivum
1607 3000 1807 3042 tantum.
1850 2997 1939 3042 Sed
1972 2998 2023 3043 111

113 3060 415 3119 generatione
451 3059 681 3116 spirituali
715 3064 882 3105 neuter
918 3064 1140 3116 operatur
1178 3058 1227 3103 in
1261 3058 1434 3105 virtute
1478 3059 1683 3117 propria,
1721 3058 1805 3103 sed
1845 3058 2024 3104 instru-

111 3121 374 3168 mentaliter
394 3125 578 3166 tantum
600 3134 684 3179 per
698 3122 920 3167 virtutem
939 3121 1132 3178 Chr1sti3
1161 3126 1207 3166 et
1229 3120 1334 3166 ideo
1355 3121 1522 3166 eodem
1545 3120 1684 3166 modo
1707 3125 1861 3178 potest
1882 3120 1954 3165 vir
1975 3126 2023 3168 et

153 3217 181 3261 (Ι
190 3218 200 3259 )
215 3218 361 3259 Cogente
391 3218 606 3261 necessitate,
637 3218 686 3253 ait
709 3219 940 3255 Gatechismus
967 3230 1023 3253 ro·
1109 3218 1163 3253 vel
1179 3218 1245 3254 nisi
1261 3219 1385 3254 melius
1398 3218 1539 3254 foemina
1553 3218 1657 3253 sciret
1672 3216 1818 3253 formam
1832 3221 1868 3252 et
1882 3217 2020 3254 modum

112 3278 246 3307 manus,
270 3278 408 3306 omnes,
435 3267 540 3300 etiam
563 3267 603 3301 de
637 3268 776 3311 populo,
803 3269 873 3303 sive
900 3279 1020 3307 mares,
1110 3267 1326 3308 baptizandi.

112 3315 183 3351 sive
196 3314 353 3356 soeminae,
366 3327 618 3356 quamcumque
634 3316 686 3349 iili
704 3322 827 3351 sectam
844 3316 1024 3357 3101110311-
1151 3317 1194 3357 (5)
1224 3317 1296 3351 m).
1330 3316 1472 3350 Gousset
1500 3317 1612 3349 censet
1644 3318 1817 3355 peccatum
1850 3326 1917 3349 non
1952 3326 2020 3350 esse

116 3367 185 3402 tur,
207 3363 379 3403 baptizare
395 3368 535 3403 possunt
552 3365 653 3404 (part.
670 3365 718 3406 Π,
739 3374 781 3398 n0
795 3365 861 3405 22).
1111 3364 1271 3404 mortale,
1285 3365 1361 3399 cum
1377 3363 1462 3397 ordo
1481 3361 1541 3396 ille
1560 3374 1628 3396 non
1645 3368 1814 3401 servatur,
1826 3362 1889 3396 nisi
1903 3362 2018 3405 laicus,

156 3412 201 3451 (2)
228 3410 311 3451 Nisi,
336 3417 373 3444 ut
402 3411 647 3445 animadvertit
674 3412 807 3447 Rituale
830 3424 1021 3453 romanum,
1108 3418 1275 3454 praesente
1290 3410 1463 3445 sacerdote
1482 3420 1550 3443 non
1573 3409 1753 3451 impedito,
1774 3409 1810 3443 id
1830 3421 2020 3444 sacramen-

113 3459 255 3500 pudoris
276 3459 393 3499 gratia,
427 3459 544 3492 deceat
572 3459 746 3494 foeminam
779 3461 894 3501 potius
922 3461 1023 3501 quam
1109 3466 1184 3495 tum
1199 3460 1367 3495 conferat.

114 3507 226 3543 virum
242 3507 414 3548 baptizare
431 3506 610 3550 infantem,
627 3520 695 3543 non
717 3509 859 3543 omnino
877 3509 1021 3552 editum.

2159 648 2170 820 ream-‘saa
2168 639 2170 641 .
2167 624 2170 631 .
2166 565 2170 568 ,

2154 2791 2166 2824 i

2153 1447 2170 1596 i

2157 1711 2170 2193 1

2153 2303 2170 2811 g

2139 2825 2170 3091 l

2140 3093 2168 3153 ¹:²7

2150 3169 2158 3210 ἒ
