2170 3808
676 225 874 276 QUAEST.
900 225 1005 279 Xlll,
1034 225 1152 268 ΛΒΤ.
1183 225 1199 267 Ι
1226 223 1292 266 ET
1316 223 1367 266 11.
1879 223 1954 264 121

139 310 206 355 Ad
225 308 466 353 secundum
489 304 754 360 dicendum,
779 305 904 362 quod
926 304 1015 348 alia
1043 305 1159 348 ratio
1188 309 1260 348 est
1287 305 1344 348 de
1374 302 1565 348 scientia
1597 307 1642 348 et
1667 303 1724 348 de
1753 301 1960 359 potentia

92 372 256 425 .-‚ctiva‚
275 371 396 414 sicut
413 367 599 425 quidam
619 366 796 411 dicunt.
813 369 925 410 Nam
945 366 1149 421 potentia
1167 366 1317 409 activa
1338 365 1639 421 consequitur
1659 364 1807 420 ipsam
1826 367 1960 406 natu-

89 444 187 476 ram
216 432 300 487 rei,
320 431 376 475 εὸ
393 429 517 486 quod
535 427 652 472 actio
675 427 993 471 consideratur
1006 432 1061 470 ut
1081 425 1326 481 egrediens
1354 425 1415 470 ab
1442 430 1636 480 agente;
1658 423 1850 469 scientia
1879 436 1960 466 au-

89 506 179 538 nem
199 505 291 538 non
309 503 491 548 semper
507 489 701 534 habetur
719 501 802 545 per
820 489 968 545 ipsam
990 487 1240 532 essentiam
1253 486 1330 531 vel
1339 487 1536 531 formam
1550 486 1756 541 scientis,
1777 485 1859 531 sed
1874 497 1960 541 po-

91 561 176 601 vsest
188 554 344 599 haberi
360 564 441 609 per
455 550 833 595 assimilationem
848 548 1036 594 scientis
1051 549 1109 592 ad
1126 559 1200 592 res
1214 548 1354 592 scitas
1365 559 1472 592 secu
1479 548 1623 592 ndum
1636 546 1960 592 similitudines

86 622 344 673 susceptaS.
379 613 465 658 Sed
494 614 592 657 haec
619 613 733 656 ratio
763 624 855 656 non
878 611 1061 655 videtur
1084 609 1330 654 sufficere:
1358 609 1467 666 quia
1485 609 1607 653 sicut
1624 609 1791 665 aliquis
1809 614 1961 664 potest

87 688 366 734 cognoscere
393 687 476 732 per
511 673 858 719 similitudinem
882 677 1146 728 susceptam
1169 671 1228 715 ab
1256 671 1372 723 alio;
1392 670 1457 714 ita
1478 671 1618 715 etiam
1647 676 1798 726 potest
1824 682 1960 725 agere

89 751 168 794 per
184 739 376 783 formam
396 736 454 780 ab
476 735 566 780 alio
590 740 884 791 susceptam:
911 734 1032 778 sicut
1050 745 1189 789 aqua,
1210 732 1282 777 vel
1313 732 1488 776 ferrum
1511 731 1721 775 calefacit
1742 742 1822 786 per
1842 731 1960 799 calo-

88 811 184 844 rem
209 803 473 854 susceptum
497 797 556 841 ab
577 797 701 851 igne.
724 799 823 841 Non
846 807 956 850 ergo
988 806 1069 851 per
1096 795 1183 838 hoc
1207 793 1476 851 prohibetur
1502 791 1633 849 quin,
1657 791 1777 835 sicut
1806 803 1960 834 amma

87 860 247 904 Christi
276 872 356 916 per
381 858 706 903 similitudines
732 857 942 901 omnium
970 867 1127 900 rerum
1158 854 1244 899 sibi
1275 855 1302 898 a
1329 857 1419 898 Deo
1444 853 1615 898 inditas
1637 857 1790 909 potest
1806 853 1962 895 omnia

34 939 38 944 ’
86 933 382 977 cognoscere,
404 921 468 965 ita
491 933 572 976 per
597 920 784 966 easdem
810 918 1137 963 similitudines
1162 917 1306 972 possit
1320 928 1374 960 ea
1394 916 1561 960 facere.
1579 917 1658 959 Est
1679 914 1819 969 igitur
1839 914 1962 957 ulte-

88 983 183 1027 rius
204 982 592 1027 considerandum
622 981 747 1038 qued
770 980 814 1024 id
843 980 967 1036 quod
994 980 1022 1022 a
1046 978 1271 1035 superiori
1306 982 1473 1022 natura
1496 977 1544 1021 in
1566 976 1770 1020 inferiori
1794 976 1962 1032 recipi-

86 1049 178 1099 tur,
198 1044 393 1088 habetur
414 1056 496 1099 per
515 1043 777 1087 inferiorem
799 1042 987 1085 modum
1007 1056 1017 1084 ε
1045 1052 1138 1084 non
1154 1040 1278 1084 enim
1296 1039 1420 1084 calor
1438 1038 1487 1082 in
1506 1039 1666 1083 eadem
1680 1037 1961 1094 perfectione

88 1110 134 1148 et
155 1105 324 1149 virtute
344 1104 564 1160 recipitur
583 1103 643 1148 ab
666 1115 801 1159 aqua,
824 1104 916 1158 qua
935 1107 1006 1146 est
1028 1102 1074 1145 in
1100 1102 1223 1157 igne.
1245 1101 1357 1153 Quia
1380 1100 1527 1156 igitur¹
1538 1099 1693 1144 anima
1712 1098 1874 1142 Christi
1891 1099 1961 1142 in-

89 1166 264 1210 ferior-Is
285 1171 460 1210 naturae
483 1170 554 1210 est
571 1165 712 1220 quam
733 1169 899 1208 natura
916 1163 1087 1216 divina,
1105 1163 1428 1208 similitudines
1442 1173 1596 1206 rerum
1617 1173 1711 1205 non
1730 1160 1962 1217 recipiun-

88 1226 229 1270 turin
256 1227 356 1283 ipsa
385 1227 538 1270 anima
569 1226 731 1270 Christi
760 1225 1018 1269 secundum
1051 1224 1261 1269 eamdem
1295 1223 1624 1281 perfectionem
1655 1227 1702 1266 et
1726 1222 1959 1278 virtutem,

85 1289 344 1332 secundum
368 1300 506 1346 quam
530 1292 639 1332 sunt
669 1287 717 1330 in
742 1293 906 1330 natura
928 1286 1099 1331 divina.
1124 1289 1179 1331 Et
1202 1285 1310 1330 inde
1339 1290 1411 1330 est
1432 1284 1556 1341 quod
1583 1285 1730 1328 scient
1795 1283 1963 1328 animae

88 1349 248 1393 Christi
270 1354 342 1394 est
360 1349 546 1394 inferior
565 1348 761 1393 scientia
791 1348 948 1392 divina
967 1351 1191 1404 quantum
1216 1347 1275 1392 ad
1296 1347 1486 1391 modum
1508 1345 1836 1402 cognoscendi,
1854 1347 1963 1402 quia

87 1412 207 1454 Deus
225 1410 473 1467 perfectius
494 1410 735 1465 cognoscit
759 1422 835 1454 res
857 1408 997 1466 quam
1018 1409 1245 1464 Christus3
1266 1414 1313 1452 et
1331 1408 1470 1452 etiam
1487 1408 1714 1465 quantum
1730 1406 1789 1452 ad
1805 1420 1964 1452 nume-

88 1483 194 1515 rum
212 1472 448 1527 scitorum,
468 1472 577 1528 quia
595 1472 750 1515 anima
770 1470 934 1516 Christi
968 1483 1062 1514 non
1086 1470 1326 1527 cognoscit
1349 1470 1506 1514 omnia
1533 1482 1638 1526 quae
1665 1472 1785 1513 Deus
1812 1476 1964 1526 potest

89 1531 256 1588 facere,
277 1545 382 1589 quae
407 1537 558 1577 tamen
590 1536 710 1577 Deus
739 1532 981 1588 cognoscit
1009 1533 1205 1577 scientia
1236 1532 1461 1588 simplicis
1489 1530 1830 1587 intelligentiae3
1857 1531 1965 1576 licet

90 1599 339 1649 cognoscat
355 1594 510 1638 omnia
525 1594 786 1651 praesentia,
802 1594 980 1650 praeteri
988 1599 1032 1638 ta
1046 1598 1093 1639 et
1108 1595 1279 1649 futura,
1296 1606 1400 1650 quae
1419 1597 1538 1638 Deus
1555 1592 1794 1647 cognoscit
1811 1593 1965 1638 scien-

91 1653 155 1696 tia
175 1655 380 1699 visionis.
405 1658 458 1699 Et
490 1655 698 1700 similiter
733 1655 1060 1700 similitudines
1093 1667 1250 1700 rerum
1283 1655 1450 1699 animae
1481 1654 1644 1699 Christi
1678 1654 1835 1699 inditae
1871 1667 1965 1700 non

91 1714 335 1770 adaequant
355 1716 572 1761 virtutem
592 1716 796 1760 divinam
814 1717 863 1760 in
886 1716 1084 1771 agendo,
1102 1721 1154 1760 ut
1171 1716 1346 1761 scilicet
1364 1716 1509 1772 possit
1526 1715 1682 1759 omnia
1703 1726 1840 1770 agere
1858 1729 1965 1772 quae

92 1776 210 1819 Deus
231 1781 395 1832 potest,
420 1777 493 1821 vel
512 1777 651 1821 etiam
673 1789 729 1821 eo
749 1778 887 1822 modo
906 1790 1045 1833 agere
1064 1778 1184 1822 sicut
1201 1781 1320 1822 Deus
1339 1778 1450 1834 agit,
1468 1777 1547 1834 qui
1562 1777 1658 1833 agit
1679 1777 1859 1822 infinita
1875 1778 1966 1822 vir—

93 1839 208 1891 tute,
229 1837 365 1894 cujus
385 1841 594 1881 creatura
618 1851 710 1882 non
734 1843 805 1883 cst
828 1852 990 1895 capax.
1024 1839 1155 1883 Nulla
1184 1843 1339 1884 autem
1369 1852 1443 1884 res
1471 1843 1543 1883 est
1564 1839 1624 1884 ad
1644 1839 1780 1895 cujus
1802 1840 1965 1895 cogni-

94 1896 264 1941 tionem
273 1897 529 1953 aliqualiter
537 1897 796 1942 habendam
806 1900 1064 1955 requiratur
1074 1899 1419 1954 virtusinfinita,
1430 1900 1534 1943 licet
1543 1899 1709 1956 aliquis
1717 1900 1883 1945 modus
1893 1914 1966 1944 co·

94 1958 344 2013 gnoscendi
369 1959 429 2002 sit
447 1959 630 2004 virtutis
652 1958 867 2016 infinitae3
891 1960 1102 2016 quaedam
1120 1966 1274 2004 tamen
1287 1966 1398 2005 sunt
1414 1973 1520 2017 quae
1542 1973 1636 2004 non
1656 1967 1853 2017 possunt
1866 1962 1964 2006 fieri

94 2019 221 2063 nisia
234 2019 401 2064 virtute
413 2020 606 2076 infinita,
621 2022 740 2065 sicut
753 2022 921 2066 creatio
939 2027 984 2066 et
996 2022 1085 2066 alia
1103 2021 1385 2077 hujusmodi,
1406 2027 1457 2066 ut
1474 2027 1601 2079 patet
1621 2034 1681 2067 ex
1700 2023 1888 2079 hisquae
1916 2024 1964 2068 in

90 2081 238 2136 prima
249 2081 507 2137 partejdicta
521 2087 631 2126 sunt
639 2084 820 2139 (quaest.
832 2086 944 2137 xtv).
960 2086 1012 2128 Et
1026 2084 1128 2128 ideo
1139 2085 1294 2127 anima
1304 2083 1485 2140 Christi,
1498 2097 1620 2141 quae,
1632 2088 1738 2129 cum
1760 2086 1820 2131 sit
1833 2099 1966 2131 crea-

91 2148 211 2198 tura,
223 2143 480 2187 estvirtutis
491 2143 647 2197 finitae,
661 2150 811 2200 potest
819 2146 1005 2202 quidem
1017 2146 1172 2189 omnia
1182 2158 1477 2201 cognoscere,
1490 2146 1573 2190 sed
1583 2159 1674 2190 non
1688 2159 1770 2203 per
1778 2159 1964 2193 omnem

91 2202 307 2259 modum3
330 2216 421 2248 non
438 2209 593 2249 autem
616 2211 766 2261 potest
779 2206 934 2250 omnia
950 2207 1114 2263 facere,
1133 2208 1257 2264 quod
1282 2207 1479 2264 pertinet
1500 2208 1559 2252 ad
1579 2209 1801 2253 rationem
1821 2210 1967 2253 omni·

92 2265 330 2318 potentiae:
350 2271 394 2310 et
411 2266 527 2310 inter
548 2271 712 2311 caetera
734 2268 1029 2313 manifestum
1047 2274 1119 2313 est
1140 2268 1266 2326 quod
1287 2280 1380 2313 non
1399 2274 1552 2325 potest
1569 2282 1726 2314 creare
1745 2271 1962 2327 seipsam.

146 2325 210 2369 Ad
231 2330 412 2370 tertium
433 2327 693 2383 dicendum,
714 2330 838 2385 quod
859 2331 1013 2373 anima
1032 2331 1194 2375 Christi
1214 2330 1374 2374 habuit
1392 2335 1439 2375 et
1456 2331 1698 2376 scientiam
1715 2333 1965 2388 practicam

90 2390 137 2430 et
157 2387 515 2443 speculativam
540 2401 632 2433 non
656 2395 808 2435 tamen
832 2396 1011 2446 oportet
1031 2391 1155 2447 quod
1178 2391 1387 2436 omnium
1411 2391 1596 2436 illorum
1619 2393 1787 2438 haheat
1813 2394 1964 2439 scien-

91 2447 201 2491 tiam
221 2448 466 2504 practIcam
484 2461 681 2505 quorum
700 2452 860 2496 habuit
872 2452 1110 2496 scientiam
1131 2453 1479 2509 speculativam.
1499 2453 1565 2499 Ad
1580 2454 1705 2499 scien
1713 2455 1820 2498 tiam
1841 2457 1966 2501 enim

90 2510 420 2564 speculativam
441 2510 700 2556 habendam
716 2513 889 2556 sufficit
903 2514 996 2557 sola
1012 2514 1309 2558 conformitas
1326 2514 1401 2558 vel
1415 2515 1685 2559 assimilatio
1704 2517 1893 2561 scientis
1906 2518 1966 2562 ad

90 2581 189 2614 rem
207 2570 397 2626 scitam3
418 2572 477 2616 ad
499 2573 739 2618 scientiam
763 2579 917 2619 autem
936 2575 1187 2630 practicam
1205 2576 1455 2632 requiritur
1478 2575 1602 2632 quod
1624 2577 1786 2621 formae
1808 2591 1963 2624 rerum

90 2642 196 2686 quae
220 2638 331 2676 sunt
351 2632 395 2675 in
416 2633 666 2690 intellectu,
690 2635 785 2680 sint
803 2636 999 2681 factivae.
1020 2637 1125 2680 Plus
1143 2641 1299 2681 autem
1314 2642 1386 2681 est
1404 2637 1574 2682 habere
1592 2639 1804 2693 formam,
1823 2645 1869 2685 et
1882 2642 1966 2686 im·
2007 2665 2009 2669 -

90 2693 285 2748 primere
302 2693 495 2739 formam
516 2696 717 2740 habitam
747 2698 792 2741 in
824 2697 1036 2752 alterum,
1057 2699 1198 2754 quam
1217 2699 1382 2751 gsolum
1407 2699 1577 2744 habere
1609 2700 1828 2757 formam3
1847 2702 1968 2747 sicut

92 2755 197 2809 plus
214 2760 282 2799 est
299 2755 451 2800 lucere
477 2762 524 2801 et
540 2758 814 2814 illuminare,
834 2761 975 2816 quam
997 2761 1148 2804 solum
1165 2760 1332 2805 lucere.
1363 2763 1416 2806 Et
1449 2761 1556 2807 inde
1578 2767 1648 2806 est
1663 2763 1788 2818 quod
1810 2764 1967 2808 anima

92 2815 254 2859 Christi
287 2817 424 2862 habet
451 2819 638 2874 quidem
660 2821 984 2876 speculativam
1014 2822 1254 2866 scientiam
1283 2824 1467 2867 creandi
1493 2824 1595 2877 (scit
1626 2825 1750 2868 enim
1770 2826 1967 2882 qualiter

92 2879 211 2920 Deus
234 2881 392 2934 creat),
410 2880 491 2923 sed
513 2893 607 2925 non
636 2882 775 2927 habet
803 2883 943 2939 hujus
971 2883 1038 2927 rei
1067 2884 1306 2928 scientiam
1336 2885 1601 2942 practicam,
1632 2887 1741 2942 quia
1766 2900 1860 2931 non
1885 2889 1967 2932 ha-

93 2937 170 2982 bet
191 2938 428 2984 scientiam
451 2942 691 2987 creationis
712 2945 943 2989 factivam.

93 3021 434 3066 ARTICUEUS
465 3025 526 3067 11.
554 3048 609 3056 —
637 3040 776 3069 uranu
804 3042 928 3071 ΑΜΜΑ
961 3041 1126 3071 cums‘ri
1157 3042 1356 3071 mnussmr
1393 3042 1722 3073 οΜΝιΡοΤιῑΝΤιΑΜ
1758 3045 1966 3077 Βεενεετυ

711 3099 998 3133 ιΜιιυτΑτιοΝιε
1029 3103 1346 3133 emmeramum.

564 3175 613 3209 De
630 3174 683 3209 his
704 3176 806 3211 etiam
822 3178 913 3212 Sent.
929 3187 980 3216 ιιι.
1001 3178 1080 3213 dist.
1097 3179 1148 3218 Μ,
1163 3183 1279 3218 quaest.
1294 3187 1318 3219 1,
1337 3182 1402 3213 art.
1418 3180 1450 3214 4.

145 3244 209 3288 Ad
226 3246 482 3291 secundum
499 3247 567 3292 sic
581 3250 857 3304 proceditur.
875 3255 916 3296 1.
932 3253 1120 3297 Videtur
1133 3252 1256 3308 quod
1271 3253 1426 3296 anima
1444 3254 1606 3298 Christi
1625 3255 1795 3299 habeat
1812 3259 1966 3298 omni-

91 3306 340 3361 potentiam
362 3316 572 3364 respectu
589 3310 921 3358 immutationis
939 3320 1272 3358 creaturarum.
1292 3315 1406 3358 Dicit
1428 3316 1551 3359 enim
1574 3317 1674 3372 ipse
1693 3316 1861 3370 (Matth.
1879 3316 1965 3360 ult.

92 3369 161 3419 ¹8)
181 3382 192 3410 ι
218 3372 341 3411 Data
360 3373 424 3413 est
443 3372 555 3414 milti
573 3376 715 3416 omnis
736 3378 935 3429 potestas
957 3377 1006 3418 in
1028 3376 1136 3418 coelo
1156 3379 1199 3418 et
1220 3378 1268 3417 in
1290 3379 1430 3419 terra.
1465 3377 1551 3421 Sed
1581 3378 1769 3421 nomine
1795 3377 1901 3421 coeli
1923 3383 1968 3421 et

92 3432 224 3472 terrae
255 3429 525 3484 intelligitur
553 3435 704 3479 omnis
739 3441 967 3495 creatura,
991 3441 1042 3481 ut
1067 3442 1192 3490 patet
1218 3440 1325 3482 cum
1357 3438 1524 3482 dicitur
1547 3439 1726 3492 (Genes.
1757 3452 1786 3493 1,
1812 3442 1884 3492 1):
1911 3442 1965 3479 In
