2170 3808
165 253 253 297 52ss
807 247 1004 298 QUAEST.
1036 246 1182 302 inn,
1213 247 1334 292 ΛΒΤ.
1365 248 1436 292 ιιι.

173 339 328 379 tamen
364 331 424 375 ab
463 331 564 387 ipso
594 327 856 384 baptismo:
883 340 994 372 nam
1033 340 1115 383 per
1136 327 1422 384 baptismum
1454 329 1591 374 datur
1619 329 1795 373 homini
1831 329 1978 385 gratia
2011 329 2068 375 ad

178 395 365 454 plenam
387 391 713 438 remissionem
743 390 1013 446 culparum3
1050 401 1134 445 per
1157 401 1213 434 ea
1234 389 1349 435 vero
1366 402 1472 446 quae
1496 390 1543 435 in
1560 391 1820 435 exorcismo
1847 395 2064 446 aguntur,

179 457 439 504 excluditur
473 452 646 510 duplex
675 451 1059 508 impedimentum
1084 451 1300 496 salutaris
1327 452 1488 507 gratiae
1514 454 1836 509 percipiendae.
1865 456 2069 506 Quorum

182 531 326 566 unum
349 522 420 562 est
447 515 833 573 impedimentum
858 514 1190 570 extrinsecum,
1211 517 1351 570 prout
1386 514 1623 560 daemones
1646 515 1847 559 hominis
1871 516 2068 559 salutem

181 580 405 638 impedire
441 582 690 633 conantur,
713 581 760 621 et
787 577 875 621 hoc
905 577 1288 632 impedimentum
1319 575 1586 621 excluditur
1615 590 1696 634 per
1721 577 2059 622 exsufflatione.

179 642 351 700 quibus
372 645 578 698 potestas
602 639 830 684 daemonis
852 639 1056 696 pellitur,
1084 644 1135 683 ut
1154 643 1281 695 patet
1299 650 1358 683 ex
1382 638 1574 683 inducta
1590 641 1862 684 auctoritate
1888 643 2058 695 Augus·
2119 654 2122 658 ·

179 705 278 760 tini,
299 707 525 761 quantum
548 702 723 747 scilicet
743 701 909 751 adhoc
929 702 1053 758 quod
1071 714 1164 745 non
1186 706 1371 757 praestet
1382 700 1762 757 impedimentum
1779 704 2057 746 sacrament(

174 766 492 823 suscipiendo,
515 768 664 810 Manet
687 770 844 808 tamen
867 768 1075 820 potestas
1097 763 1324 808 daemonis
1346 763 1396 807 in
1427 763 1614 808 homine
1637 764 1864 821 quantum
1887 764 1948 808 ad
1971 775 2050 808 ma

171 829 330 874 culam
345 830 521 886 peccati
543 832 588 872 et
608 833 791 871 reatum
812 837 982 882 poenae,
1006 837 1253 882 quousque
1283 828 1525 882 peccatum
1556 838 1638 882 per
1669 826 1952 882 baptismum
1980 824 2061 871 tol·

176 891 321 948 latur3
343 897 389 937 et
412 889 674 937 secundum
704 889 793 932 hoc
821 888 1080 945 Cyprianus
1096 887 1208 938 dicit
1229 887 1381 944 (epist.
1405 890 1449 944 7,
1466 886 1550 932 lib.
1568 900 1629 944 iv,
1648 887 1676 931 a
1693 889 1834 942 med.)
1859 903 1870 932 :
1907 904 1928 926 α
1945 887 2071 933 Scias

176 952 347 998 diaboli
364 952 616 1009 nequitiam
636 962 776 1007 posse
792 962 1036 995 remanere
1058 962 1210 1006 usque
1225 949 1284 994 ad
1299 961 1470 1006 aquam
1481 946 1732 994 salutarem
1746 964 1758 1005 ς
1777 951 1823 994 in
1840 948 2073 1006 baptismo

178 1021 334 1060 autem
356 1026 543 1060 omnem
568 1011 823 1068 nequitiam
837 1011 1062 1056 amittere.
1082 1031 1103 1050 »
1121 1011 1256 1056 Aliud
1268 1011 1653 1068 impedimentum
1664 1011 2069 1067 estintrinsecum,

179 1083 316 1133 prout
337 1076 513 1121 scilicet
523 1077 662 1120 homo
679 1086 738 1118 ex
756 1073 1008 1119 infectione
1023 1073 1265 1130 originaHs
1277 1073 1455 1130 peccati
1473 1072 1613 1117 habet
1635 1085 1804 1118 sensus
1819 1071 2073 1129 praeclusos

178 1138 236 1183 ad
248 1137 541 1195 percipienda
557 1135 722 1181 salutis
738 1135 983 1193 mysteria,
1000 1136 1126 1180 unde
1138 1134 1355 1180 Rabanus
1371 1138 1450 1187 (De
1470 1134 1759 1180 institutione
1780 1134 2069 1190 clericorum,

182 1200 257 1246 lib.
293 1215 322 1254 1,
353 1213 455 1257 cap.
493 1202 565 1255 27,
597 1198 656 1245 ad
679 1198 780 1253 fin.)
807 1198 919 1242 dicit
950 1197 1076 1254 quod
1103 1216 1123 1235 «
1162 1210 1244 1254 per
1262 1197 1459 1242 salivam
1482 1197 1699 1255 typicam
1739 1201 1787 1241 et
1822 1195 2074 1241 sacerdotis

179 1267 352 1308 tactum
384 1261 611 1319 sapientia
634 1265 682 1305 et
698 1261 848 1305 virtus
867 1260 1026 1305 divina
1048 1261 1246 1305 salutem
1287 1259 1608 1305 catechumeni
1630 1263 1863 1316 operatur,
1883 1263 1936 1303 ut
1971 1270 2076 1316 ape-

183 1325 364 1369 riantur
383 1325 424 1370 ei
450 1336 588 1369 nares
619 1323 679 1368 ad
699 1323 1050 1380 percipiendum
1082 1323 1273 1368 odorem
1308 1321 1485 1367 notitiae
1516 1322 1613 1377 Dei,
1644 1327 1698 1366 ut
1731 1321 1997 1378 aperiantur
2032 1320 2075 1365 ei

181 1399 318 1432 aures
336 1386 394 1431 ad
406 1384 694 1431 audiendum
712 1385 932 1429 mandata
946 1384 1042 1442 Dei,
1062 1389 1114 1429 ut
1132 1385 1403 1442 aperiantur
1414 1384 1479 1428 illi
1492 1395 1662 1429 sensus
1684 1383 1733 1426 in
1753 1383 1918 1427 intimo
1935 1382 2075 1428 corde

182 1449 240 1495 ad
254 1448 634 1505 respondendum
650 1448 721 1502 (1).
745 1465 766 1486 κ

236 1511 302 1556 Ad
339 1508 525 1561 primum
582 1520 694 1565 ergo
710 1508 976 1564 dicendum,
1006 1508 1132 1566 quod
1154 1520 1237 1564 per
1266 1520 1322 1553 ea
1354 1521 1462 1566 quae
1486 1512 1690 1565 aguntur
1720 1507 1770 1552 in
1798 1507 2074 1562 exorcismo,

182 1584 276 1617 non
304 1572 477 1616 tollitur
502 1570 639 1626 culpa
658 1573 847 1626 propter
873 1581 1015 1625 quam
1046 1571 1186 1613 homo
1211 1570 1406 1625 punitur
1436 1574 1544 1626 post
1571 1573 1786 1625 mortem,
1813 1569 1897 1614 sed
1923 1568 2076 1613 solum

184 1634 410 1679 tolluntur
442 1632 774 1689 impedimenta
798 1632 1051 1688 recipiendi
1072 1631 1394 1676 remissionem
1424 1630 1575 1688 culpae
1599 1643 1682 1687 per
1711 1634 2077 1675 sacramentum.

184 1697 307 1741 Unde
323 1699 427 1751 post
444 1699 642 1738 mortem
670 1693 959 1739 exorcismus
984 1705 1077 1736 non
1115 1692 1241 1737 valet
1266 1692 1369 1737 sine
1387 1691 1637 1749 baptismo.
1668 1691 1993 1749 Praepositivus
2017 1693 2095 1745 (2)»

184 1766 339 1802 tamen
362 1757 474 1802 dicit
491 1755 617 1812 quod
637 1768 754 1811 puer
766 1776 778 1807 ,τ
789 1755 1058 1812 exorcizati,
1075 1756 1115 1799 si
1138 1754 1399 1799 moriantur
1420 1760 1530 1800 ante
1550 1754 1853 1812 baptismum,
1874 1755 2080 1800 minores

183 1820 402 1865 tenebras
423 1819 690 1875 patiuntur.
713 1813 799 1858 Sed
823 1817 914 1862 hoc
943 1830 1038 1862 non
1072 1817 1258 1862 videtur
1290 1829 1472 1873 verum,
1496 1817 1606 1875 quia
1625 1818 1829 1864 tenebrae
1857 1817 1949 1863 iuae
1968 1822 2080 1864 sunt

184 1882 392 1928 carentia
413 1879 584 1926 divinae
597 1875 810 1931 visioniS,
832 1891 941 1935 quae
953 1891 1048 1924 non
1071 1879 1236 1935 recipit
1249 1880 1402 1937 magis
1419 1884 1466 1925 et
1485 1879 1659 1926 minus.

237 1944 303 1988 Ad
322 1943 565 1986 secundum
589 1938 855 1994 dicendum,
878 1940 1006 1998 quod
1028 1941 1086 1986 de
1103 1941 1283 1987 ratione
1317 1942 1596 1987 sacramenti
1621 1947 1694 1987 est
1717 1941 1841 2000 quod
1870 1941 2080 1999 perficiat

185 2004 487 2062 principalem
506 2002 722 2048 effectum
730 2002 808 2059 qui
821 2006 892 2047 est
905 2003 1055 2060 gratia
1065 2004 1308 2049 remittens
1318 2004 1522 2060 culpam,
1543 2004 1615 2049 vel
1639 2005 1864 2061 supplens
1877 2003 2080 2062 aliquem

185 2066 388 2110 hominis
402 2065 660 2120 defectum;
683 2063 808 2120 quod
831 2064 1022 2120 quidem
1040 2078 1133 2110 non
1156 2065 1207 2110 fit
1222 2078 1306 2123 per
1327 2078 1382 2111 ea
1394 2078 1500 2123 quae
1513 2071 1715 2123 aguntur
1730 2066 1779 2110 in
1803 2066 2076 2124 exorcismo,

187 2129 267 2174 sed
287 2128 439 2172 solum
464 2125 729 2184 hujusmodi
748 2126 1083 2182 impedimenta
1098 2128 1342 2184 tolluntur3
1358 2134 1404 2173 et
1415 2128 1520 2174 ideo
1537 2141 1630 2173 non
1649 2133 1761 2174 sunt
1771 2133 2077 2186 sacramenta,

186 2189 271 2235 sed
294 2188 650 2234 sacramentalia
666 2188 899 2245 quaedam.

241 2250 306 2297 Ad
326 2254 507 2295 tertium
528 2250 797 2307 dicendum,
816 2248 942 2307 quod
966 2250 1209 2306 dispositio
1243 2248 1484 2298 sufficiens
1516 2253 1577 2298 ad
1604 2252 1950 2309 suscipiendam
1974 2265 2080 2311 gra-

182 2312 296 2358 tiam
316 2312 639 2371 baptismalem
657 2316 731 2357 est
746 2311 863 2357 fides
883 2317 930 2358 et
952 2312 1173 2369 intentio,
1193 2313 1269 2358 vel
1292 2314 1480 2371 propria
1497 2315 1602 2373 eJus
1633 2315 1711 2372 qui
1742 2315 2016 2373 baptizatur,
2039 2316 2080 2362 si

185 2374 244 2421 sit
262 2375 470 2429 adultus,
497 2374 578 2426 vel.
591 2374 739 2432 ipsius
772 2375 1004 2432 Ecclesiae‚
1032 2376 1071 2420 si
1097 2376 1158 2420 sit
1179 2376 1422 2433 parvulus.
1454 2380 1519 2422 Ea
1549 2377 1660 2422 vero
1682 2390 1786 2435 quae
1806 2383 2008 2450 aguntur
2031 2379 2080 2424 in

180 2438 461 2494 exorcismo,
478 2437 756 2482 ordinantur
773 2437 833 2482 ad
855 2439 1196 2482 removendum
1219 2439 1579 2497 impedimenta3
1598 2446 1645 2486 et
1659 2440 1764 2486 ideo
1791 2438 1894 2486 si1‘1e
1922 2453 1978 2486 eo
1995 2453 2081 2499 po-

187 2504 278 2546 test
297 2499 467 2557 aliquis
485 2499 710 2556 consequi
733 2499 951 2544 effectum
969 2500 1201 2556 baptismi.
1221 2502 1321 2544 Non
1339 2506 1494 2548 tamen
1524 2508 1636 2547 sunt
1667 2503 1935 2559 huJ‘usmodi
1969 2515 2082 2560 prae-

188 2562 501 2617 termittenda‚
515 2561 605 2606 nisi
620 2562 668 2605 in
682 2561 972 2607 necessitatis
989 2562 1206 2618 articulo;
1229 2568 1275 2607 et
1294 2568 1420 2620 tunc,
1437 2569 1650 2609 cessante
1669 2565 1890 2622 pei-icum,
1910 2565 2082 2611 debent

186 2623 420 2682 suppleri,
450 2628 503 2668 ut
537 2628 750 2668 servetur
779 2623 1072 2668 uniformitas
1102 2624 1149 2667 in
1183 2623 1431 2678 baptismo.
1475 2627 1566 2670 Nec
1597 2626 1770 2670 frustra
1804 2626 2084 2684 supplentur

189 2691 291 2742 post
311 2684 613 2743 baptismum,
638 2685 747 2742 quia
771 2685 893 2731 sicut
913 2685 1163 2742 impeditur
1184 2686 1380 2731 effectus
1397 2686 1632 2746 baptismi,
1656 2688 1908 2744 antequam
1942 2689 2084 2746 perci·

186 2747 356 2807 piatur,
379 2747 444 2792 ita
461 2752 616 2805 potest
633 2747 847 2804 impediri
864 2749 1111 2805 postquam
1131 2748 1272 2793 fuerit
1290 2754 1553 2806 perceptus.

241 2810 307 2857 Ad
324 2814 537 2867 quartum
558 2810 824 2869 dicendum,
842 2810 969 2868 quod
989 2822 1151 2855 eorum
1175 2823 1281 2868 quae
1302 2815 1508 2868 aguntur
1527 2816 1634 2870 post
1653 2811 1939 2869 baptismum
1960 2813 2083 2858 circa

184 2870 484 2930 baptizatum,
505 2871 678 2928 aliquid
699 2876 772 2916 est
788 2871 915 2929 quod
938 2884 1031 2916 non
1043 2873 1194 2917 solum
1213 2873 1460 2931 significat,
1479 2874 1563 2919 sed
1573 2873 1729 2929 efficit,
1743 2873 1856 2930 puta
1875 2873 2083 2920 inunctio

191 2946 295 2991 quae
313 2934 363 2978 fit
385 2934 433 2979 in
452 2934 645 2989 vertice,
671 2946 777 2990 quae
802 2940 1022 2991 operatur
1049 2935 1453 2980 conservationem
1476 2936 1637 2993 gratiae
1660 2935 1965 2994 baptismalis3
1996 2935 2082 2982 ali-

189 2995 301 3051 quid
322 3002 477 3040 autem
502 2999 575 3040 est
597 2996 721 3052 quod
744 2996 859 3039 nihil
879 2996 1145 3053 efficit‚-sed
1169 2997 1319 3041 solum
1340 2997 1587 3055 significat,
1605 2997 1728 3043 sicut
1744 2997 1871 3055 quod
1886 2998 2022 3044 datur
2039 3001 2081 3046 ei

192 3057 336 3101 vestis
349 3057 549 3102 candida
568 3057 628 3102 ad
650 3056 1008 3116 significandam
1026 3059 1279 3104 novitatem
1298 3059 1404 3104 vitae
1420 3062 1497 3116 (3).

230 3208 275 3250 (l)
293 3208 397 3243 Addit
417 3209 574 3245 Nicolaus
591 3213 631 3245 ut
649 3222 721 3253 cap.
741 3210 875 3246 Postea
893 3212 930 3245 in
946 3211 1098 3246 Decretis

191 3255 338 3292 refertur
364 3256 442 3292 dist.
458 3259 480 3292 Z
503 3258 544 3292 de
558 3259 819 3301 consecratione,
837 3259 908 3294 sive
934 3271 1032 3294 aures
1055 3260 1096 3294 ad

191 3303 397 3340 audiendum
413 3305 572 3341 mandata
589 3307 664 3350 Dei,
680 3318 845 3350 sensuque
857 3308 981 3343 intimo
996 3308 1096 3343 corde

190 3351 445 3394 reponendum,
466 3358 504 3389 ut
529 3354 567 3388 in
595 3355 725 3390 Rabani
751 3359 867 3398 textu.
886 3359 970 3391 tom.
999 3365 1022 3391 x
1039 3356 1095 3392 Bi-

191 3399 311 3436 blioth.
337 3401 492 3435 Petrum.

229 3448 273 3489 (2)
289 3447 526 3485 Praenositivus
544 3453 593 3484 est
611 3449 787 3487 theolooeus
809 3453 867 3494 qui
884 3453 1006 3488 saeculo
1026 3463 1089 3488 xm

188 3494 345 3536 {lox-ebat·v
379 3495 446 3532 fuit
476 3500 595 3534 auctor
618 3497 778 3536 Summoe
810 3501 1021 3545 theoloqicoe
1049 3502 1090 3538 de

1181 3224 1247 3254 qua
1271 3213 1310 3247 fit
1330 3214 1462 3249 mentio
1482 3225 1491 3248 ε
1514 3213 1766 3258 Βίὺῑίοιὴόιιωε
1778 3213 1839 3249 des
1859 3218 2012 3251 auteurs
2025 3225 2081 3252 eo-

1181 3261 1431 3305 clesiastiques
1446 3261 1550 3299 Ellies
1569 3262 1697 3303 Dupin.

1223 3310 1268 3349 (5)
1288 3310 1393 3345 Addit
1410 3310 1540 3346 Nicolai
1557 3324 1568 3345 ε
1584 3309 1638 3346 vel
1656 3310 1746 3352 quod
1765 3311 1813 3346 sal
1832 3311 2031 3350 immittitur
2044 3311 2080 3346 in

2158 1700 2170 1721 ι,
2154 1638 2170 1686 1..aess
2158 1465 2170 1628 ..m-*m*
2146 1387 2155 1397 '¹
2158 1351 2160 1354 ⁴

1180 3369 1219 3392 os
1240 3358 1282 3393 ad
1307 3359 1474 3395 sermonis
1495 3358 1732 3395 discretionem
1750 3357 1803 3394 vel
1829 3359 1871 3394 ad
1890 3359 2013 3393 mentis
2028 3359 2081 3395 in·
2154 3362 2170 3388 ἑὲ

1180 3406 1434 3449 corruptionem
1449 3407 1686 3451 designandam
1701 3419 1709 3441 :
1729 3406 1815 3441 Nam
1826 3407 1866 3441 de
1883 3407 2079 3442 inunctione

1178 3455 1315 3495 quidem
1333 3454 1490 3490 Rabanus
1505 3453 1588 3489 dicit
1609 3454 1671 3495 (De
1690 3454 1837 3489 institut.
1855 3454 2054 3489 clericorum
2066 3481 2075 3496 ‚

1175 3501 1239 3538 lib.
1250 3513 1275 3547 1,
1295 3515 1366 3545 cap.
1382 3502 1438 3547 28)
1450 3502 1658 3545 baptizatum
1673 3502 1792 3544 inungi
1807 3502 1843 3538 in
1862 3502 2020 3544 cerebro,
2037 3505 2077 3538 ut
