2170 3808
210 302 296 345 180
882 296 1084 349 QUAEST.
1108 296 1215 350 XIX,
1246 297 1365 340 ART.
1395 297 1445 340 11.

213 395 339 436 nem,
357 380 436 425 illa
460 378 667 435 operatio
685 377 854 423 dicitur
875 389 980 421 esse
1002 376 1273 433 simpliciter
1291 377 1511 432 humana,
1537 388 1643 433 quae
1666 376 1695 420 a
1714 375 1893 420 ratione
1906 377 2113 432 procedit

213 456 298 500 per
314 442 621 495 voluntatem,
645 452 750 496 quae
773 443 845 484 est
873 439 1065 483 rationis
1094 438 1343 494 appetitus.
1368 438 1411 483 Si
1438 451 1533 496 qua
1555 444 1709 483 autem
1731 438 1937 493 operatio
1964 443 2034 483 est
2064 438 2111 483 in

213 504 404 548 homine
427 514 531 558 quae
556 514 651 545 non
676 501 886 558 procedit
904 501 931 543 a
951 500 1130 544 ratione
1149 505 1195 544 et
1213 500 1470 560 voluntate,
1495 513 1589 545 non
1613 505 1685 544 est
1707 498 1980 555 simpliciter
2001 511 2115 555 ope-

214 566 332 609 ratio
363 567 585 618 humana,
610 564 692 609 sed
723 563 942 608 convenit
972 562 1146 606 homini
1182 562 1442 607 secundum
1464 562 1666 620 aliquam
1689 566 1866 618 partem
1900 561 2113 605 humanae

214 631 395 671 naturae
418 625 733 682 :quandoque
756 624 947 682 quidem
984 623 1246 668 seeundum
1269 622 1420 679 ipsam
1453 629 1669 668 naturam
1698 621 1914 667 elementi
1945 634 2114 678 corpo-

215 688 341 744 ralis,
377 688 500 733 sicut
536 687 642 732 ferri
666 687 910 742 deorsum3
939 686 1220 742 quandoque
1257 685 1368 729 vere
1398 686 1657 731 secundum
1690 683 1909 728 virtutem
1948 683 2115 728 animae

214 750 516 807 vegetabilis,
541 749 663 794 sicut
698 747 864 791 nutriri
898 751 946 791 et
974 746 1157 802 augeri3
1191 746 1474 803 quandoque
1494 746 1606 791 vere
1639 745 1900 791 secundum
1938 750 2115 800 partem

215 813 510 867 sensitivam,
533 811 656 855 sieut
682 809 840 854 videre
863 814 909 854 et
930 808 1109 863 audire,
1145 807 1390 863 imaginari
1414 812 1462 853 et
1491 808 1754 865 memorari,
1786 805 2115 863 concupiscere

214 878 263 918 et
288 874 443 919 irasci.
477 877 599 918 Inter
627 883 746 928 quas
772 871 1066 926 operationes
1089 875 1160 914 est
1186 869 1461 914 differentia.
1484 872 1598 915 Nam
1625 869 1920 927 operationes
1949 868 2117 914 animae

216 936 454 982 sensitivae
476 939 588 979 sunt
607 933 870 990 aliqualiter
886 932 1157 977 obedientes
1179 931 1345 976 rationi
1363 946 1376 976 :
1393 936 1440 977 et
1456 932 1562 977 ideo
1582 938 1694 978 sunt
1708 931 1969 988 aliqualiter
1978 929 2117 975 ratio-

217 997 349 1042 nales
367 1002 413 1042 et
431 997 663 1048 humanae,
689 995 968 1051 inquantum
989 992 1165 1038 scilicet
1183 991 1410 1037 obediunt
1430 993 1615 1049 rationi,
1638 998 1692 1038 ut
1714 998 1841 1050 patet
1864 1005 1947 1050 per
1967 989 2116 1036 Philo-

215 1060 416 1116 sophum
437 1058 597 1112 (Ethic.
624 1056 705 1101 lib.
727 1070 758 1113 ι,
782 1067 885 1112 cap.
907 1055 1029 1108 ult.).
1055 1053 1356 1111 operationes
1377 1054 1488 1100 vere
1506 1067 1612 1112 quae
1634 1060 1897 1112 sequuntur
1911 1053 2116 1098 animam

215 1121 541 1177 vegetabilem,
563 1119 638 1164 vel
670 1118 810 1163 etiam
837 1123 1051 1162 naturam
1091 1117 1388 1162 elementaris
1416 1117 1639 1174 corporis,
1675 1129 1770 1162 non
1803 1116 2118 1173 subjiciuntur

216 1183 386 1227 rationi
410 1195 423 1227 ι
448 1182 574 1227 unde
605 1181 735 1225 nullo
758 1180 897 1225 modo
919 1184 1031 1224 sunt
1062 1179 1330 1236 rationales,
1362 1191 1448 1224 nec
1473 1179 1692 1224 humanae
1723 1178 2010 1237 simpliciter,
2033 1177 2119 1224 sed

217 1245 370 1290 solum
391 1244 653 1290 secundum
674 1248 854 1299 partem
877 1243 1095 1287 humanae
1127 1246 1323 1286 naturae.
1348 1242 1527 1286 Dictum
1555 1249 1629 1287 est
1657 1246 1814 1287 autem
1833 1253 1974 1297 supra
2012 1241 2116 1293 (art.

217 1309 396 1364 praec),
421 1306 547 1363 quod
573 1305 763 1362 quando
786 1316 934 1361 agens
958 1303 1152 1348 inferius
1175 1303 1271 1359 agit
1299 1316 1382 1360 per
1410 1303 1645 1361 propriam
1666 1304 1887 1358 formam,
1912 1307 2026 1346 tunc
2045 1304 2120 1347 est
2162 1349 2167 1354 ,

214 1369 308 1413 alia
328 1369 535 1425 operatio
554 1367 785 1412 inferioris
808 1366 991 1423 agentis
1003 1365 1312 1422 etsuperioris
1327 1366 1410 1422 (1);
1432 1365 1619 1422 quando
1635 1365 1745 1411 vere
1764 1377 1911 1421 agens
1925 1361 2120 1408 inferius

219 1443 314 1474 non
336 1429 433 1486 agit
453 1429 540 1474 nisi
556 1428 817 1474 secundum
839 1428 965 1485 qued
979 1432 1052 1473 est
1068 1433 1247 1472 motum
1267 1427 1534 1485 asuperiori
1545 1432 1729 1485 agente,
1742 1431 1856 1472 tunc
1868 1430 1942 1471 est
1951 1425 2118 1471 eadem

214 1492 426 1549 operatio
449 1491 703 1548 superioris
725 1490 909 1547 agentis
944 1495 991 1536 et
1027 1490 1275 1534 inferioris.
1299 1515 1351 1522 —
1373 1490 1446 1535 Sic
1463 1490 1605 1547 igitur
1626 1490 1675 1535 in
1707 1500 2006 1547 quocumque
2035 1487 2119 1532 ho-

218 1553 346 1598 mine
368 1565 487 1610 puro
506 1552 595 1597 alia
621 1556 694 1597 est
711 1552 918 1609 operatio
947 1551 1244 1596 elementaris
1261 1551 1486 1609 corporis,
1509 1557 1555 1597 et
1577 1552 1745 1596 animae
1766 1548 2039 1607 vegetabilis
2059 1547 2120 1594 ab

214 1616 490 1671 operatione
509 1614 783 1671 voluntatis,
806 1626 910 1671 quae
930 1620 1000 1658 est
1017 1613 1202 1670 proprie
1220 1614 1427 1658 humana
1444 1616 1503 1669 (2)
1525 1619 1603 1659 :et
1621 1613 1835 1658 similiter
1847 1612 1988 1657 etiam
2004 1624 2118 1668 ope-

217 1677 335 1721 ratio
368 1677 538 1721 animae
567 1676 822 1733 sensitivae,
842 1676 1070 1732 quantum
1093 1675 1153 1720 ad
1175 1674 1223 1720 id
1249 1675 1377 1733 quod
1396 1687 1492 1719 non
1520 1680 1735 1720 movetur
1762 1675 1790 1718 a
1808 1674 2014 1729 rati0ne;
2036 1673 2122 1718 sed

215 1740 446 1795 quantum
471 1738 531 1783 ad
556 1738 603 1783 id
622 1738 748 1796 quod
772 1742 988 1783 movetur
1008 1737 1036 1781 a
1055 1737 1252 1790 ratione,
1285 1742 1356 1782 est
1374 1737 1536 1783 eadem
1555 1738 1763 1794 operatio
1797 1735 1944 1795 partis
1975 1734 2123 1780 sensi-

217 1802 324 1846 tivae
340 1806 387 1846 et
409 1800 665 1845 rationalis.
690 1799 840 1857 ipsius
855 1805 1011 1845 autem
1027 1799 1196 1844 animae
1210 1799 1451 1844 rationalis
1466 1805 1538 1846 est
1549 1812 1647 1844 una
1664 1800 1885 1857 operatio,
1906 1797 1945 1842 si
1967 1801 2122 1842 atten-

217 1864 388 1909 damus
424 1863 483 1908 ad
520 1862 676 1919 ipsum
712 1861 995 1919 principium
1033 1861 1338 1919 operationis,
1368 1862 1495 1918 quod
1525 1866 1599 1906 est
1629 1862 1746 1907 ratio
1779 1861 1855 1905 vel
1877 1859 2120 1915 voluntas;

217 1924 560 1970 diversificatur
582 1924 1020 1980 autem⁴secundum
1046 1929 1309 1981 respectum
1338 1923 1398 1968 ad
1422 1924 1607 1969 diversa
1634 1924 1828 1981 obJecta.
1851 1925 1997 1976 Quam
2019 1921 2122 1979 qui-,

216 1986 325 2032 dem
369 1986 684 2032 diversitatem
725 1986 868 2043 aliqui
902 1985 1256 2043 appellaverunt
1288 1985 1604 2031 diversitatem
1641 1991 1940 2043 operatorum
1970 1983 2123 2041 magis

218 2048 361 2106 quam
385 2047 727 2107 operationum,
743 2048 1007 2105 iudicantes
1026 2047 1084 2092 de
1106 2048 1285 2093 unitate
1306 2048 1590 2105 operationis
1607 2048 1758 2093 solum
1779 2060 1838 2093 ex
1863 2051 1995 2104 parte
2011 2057 2122 2103 ope-

216 2109 351 2154 rativi
376 2110 609 2167 principii.
640 2110 714 2155 Sic
735 2110 862 2155 enim
883 2122 1010 2155 nunc
1039 2110 1267 2166 quaeritur
1290 2109 1348 2155 de
1373 2110 1553 2156 unitate
1573 2110 1651 2155 vel
1670 2110 1935 2167 pluralitate
1962 2120 2124 2166 opera-

217 2171 400 2216 tionum
419 2171 468 2215 in
491 2172 686 2217 Christo.
710 2172 783 2217 Sic
804 2171 947 2228 igitur
960 2172 1009 2216 in
1032 2170 1239 2228 quolibet
1255 2184 1373 2229 puro
1394 2171 1583 2216 homine
1602 2176 1676 2217 est
1694 2175 1876 2216 tantum
1897 2183 1995 2216 una
2012 2181 2123 2227 ope-

217 2232 354 2289 ratio,
376 2245 483 2290 quae
504 2233 690 2290 proprie
712 2234 918 2278 humana
933 2233 1101 2278 dicitur
1112 2235 1172 2287 (3)
1189 2247 1202 2289 ς
1219 2237 1388 2289 praeter
1410 2245 1552 2290 quam
1571 2238 1728 2278 tamen
1740 2238 1852 2278 sunt
1866 2232 1915 2277 in
1936 2232 2123 2278 homine

218 2308 339 2352 puro
354 2296 571 2353 quaedam
595 2296 699 2340 aliae
721 2297 1029 2353 operationeS‚
1057 2307 1162 2352 quae
1183 2307 1277 2339 non
1299 2304 1411 2340 sunt
1427 2296 1612 2352 proprie
1625 2297 1861 2356 humanae,
1882 2295 2006 2341 sicut
2027 2295 2124 2340 dic-

218 2363 321 2402 tum
333 2362 405 2402 est
422 2357 513 2411 (hic
535 2361 677 2414 sup.).
703 2358 792 2403 Sed
815 2358 862 2402 in
882 2357 1070 2402 homine
1088 2359 1197 2401 Jesu
1220 2356 1398 2402 Christo
1417 2358 1576 2403 nullus
1594 2364 1694 2404 erat
1707 2364 1863 2403 motus
1887 2357 2123 2403 sensitivae

217 2419 380 2475 partis,
408 2418 488 2475 qui
510 2431 605 2463 non
626 2424 751 2463 esset
769 2419 1013 2463 ordinatus
1034 2417 1062 2460 a
1078 2418 1271 2462 ratione.
1288 2420 1404 2475 Ipsae
1418 2419 1557 2464 etiam
1577 2419 1871 2478 operationes
1887 2419 2123 2464 naturales

218 2486 267 2526 et
285 2480 551 2537 corporales
584 2480 846 2538 aliqualiter
863 2481 922 2526 ad
946 2479 1049 2537 eJ'us
1074 2480 1363 2526 voluntatem
1395 2482 1716 2538 pertinebant,
1740 2482 2019 2540 inquantum
2040 2494 2122 2526 vo-

217 2543 416 2588 luntatis
434 2542 538 2599 ejus
553 2547 652 2587 erat
666 2547 721 2588 ut
738 2555 846 2588 caro
863 2543 968 2600 ejus
986 2547 1145 2598 ageret
1167 2547 1214 2586 et
1233 2547 1468 2599 pateretur
1485 2556 1591 2601 quae
1612 2548 1725 2589 sunt
1738 2544 1825 2589 sibi
1848 2544 2051 2602 propria,
2067 2548 2123 2590 ut

214 2605 398 2651 dictum
418 2611 491 2650 est
509 2617 652 2661 supra
678 2606 861 2662 (quaest.
894 2617 1032 2662 praec.
1060 2609 1148 2649 art.
1178 2608 1238 2659 5).
1259 2608 1313 2649 Et
1337 2605 1441 2650 ideo
1459 2606 1609 2652 multo
1642 2607 1793 2663 magis
1810 2611 1883 2652 est
1900 2619 1996 2652 una
2016 2618 2123 2665 ope-

221 2668 340 2712 ratio
365 2667 414 2712 in
439 2667 618 2712 Christo
638 2667 780 2723 quam
804 2668 852 2711 in
869 2679 1169 2725 quocumque
1190 2666 1282 2712 alio
1304 2666 1508 2714 homine.

276 2728 343 2773 Ad
368 2731 568 2786 primum
588 2740 701 2785 ergo
722 2729 994 2782 dicendum,
1019 2727 1145 2785 qued
1163 2729 1369 2785 operatio
1392 2730 1535 2786 partis
1558 2731 1793 2776 sensitivae
1810 2735 1858 2776 et
1876 2730 2016 2776 etiam
2033 2743 2122 2776 nu-

222 2791 389 2836 tritivae
409 2803 503 2836 non
526 2794 600 2836 est
631 2791 817 2848 proprie
846 2793 1069 2846 humana,
1090 2790 1212 2835 sicut
1240 2791 1417 2837 dictum
1447 2798 1519 2838 est
1539 2793 1604 2850 (in
1632 2795 1805 2851 corp.);
1829 2797 1877 2838 et
1897 2799 2052 2838 tamen
2072 2793 2122 2838 in

216 2853 402 2898 Christo
425 2853 695 2911 hujusmodi
711 2854 1007 2911 operationes
1029 2854 1220 2898 fuerunt
1239 2855 1390 2912 magis
1407 2857 1626 2901 humanae
1640 2857 1782 2913 quam
1801 2856 1849 2900 in
1869 2856 1988 2901 aliis.

275 2916 343 2962 Ad
364 2917 613 2965 secund-um.
633 2916 911 2973 dicendum,
931 2916 1059 2974 quod
1085 2916 1305 2973 potentiae
1340 2922 1387 2962 et
1419 2918 1606 2964 habitus
1638 2919 2012 2964 diversificantur
2038 2931 2121 2977 per

221 2977 618 3034 comparationem
638 2978 697 3022 ad
724 2978 908 3035 obJecta
928 2981 1004 3034 (4).
1029 2980 1083 3022 Et
1118 2977 1223 3022 ideo
1245 2978 1491 3025 diversitas
1524 2980 1846 3037 operationum
1869 2981 1957 3026 hoc
1983 2981 2121 3027 modo

219 3040 473 3096 respondet
496 3040 694 3085 diversis
712 3041 930 3098 potentiis
962 3046 1009 3086 et
1030 3039 1280 3097 habitibus,
1315 3043 1436 3087 sicut
1470 3043 1608 3088 etiam
1642 3043 1894 3100 respondet
1925 3043 2121 3089 diversis

219 3101 430 3158 objectis,
450 3102 603 3147 Talem
635 3107 792 3149 autem
823 3104 1137 3149 diversitatem
1167 3104 1486 3160 operationum
1528 3118 1623 3151 non
1645 3105 1932 3151 intendimus
1963 3106 2122 3151 exclu-

214 3162 332 3207 -dere
371 3163 431 3208 ab
470 3164 759 3210 humanitate
794 3165 975 3224 Christi,
1008 3165 1129 3210 sicut
1149 3176 1237 3209 nec
1264 3178 1366 3210 eam
1396 3179 1503 3224 quae
1537 3172 1609 3213 est
1629 3168 1887 3213 secundum
1926 3167 2055 3214 aliud
2075 3170 2123 3213 et

263 3258 308 3300 (Ι)
323 3258 440 3301 Quoad
454 3260 750 3305 specificationem,
766 3266 881 3303 utiam
899 3268 1053 3298 notatum
1068 3266 1129 3302 est,
1193 3285 1196 3287 >
1214 3263 1398 3298 secundum
1415 3276 1529 3299 veram
1547 3269 1583 3300 et
1600 3264 1770 3307 propriam
1789 3264 1935 3299 hominis
1955 3265 2120 3299 rationem

218 3305 303 3341 ‘licet
319 3307 426 3348 quoad
443 3308 641 3343 exercitium
656 3309 699 3344 sit
722 3311 838 3345 eadem
851 3317 911 3346 aut
931 3324 1000 3346 esse
1015 3313 1128 3352 possit.
1215 3312 1412 3353 procedens.

263 3355 308 3397 (2,
324 3354 631 3398 Supplmperaiio.
644 3371 716 3399 quae
729 3360 894 3394 humana
910 3359 1131 3402 dicitnr-,quia
1257 3361 1301 3401 (τί)
1315 3361 1401 3403 Quia
1413 3364 1446 3395 et
1473 3364 1566 3394 actus
1587 3359 1649 3402 ipsi
1666 3372 1727 3401 per
1741 3371 1825 3401 quos
1839 3359 2034 3394 immediate
2051 3358 2121 3393 dis-

221 3414 260 3436 ex
279 3402 526 3438 deliberatione
544 3406 698 3445 procedit
723 3419 796 3448 quae
823 3407 865 3442 ad
882 3409 1029 3443 hominis
1051 3421 1128 3443 con·
1216 3407 1421 3447 tinguuntur
1439 3407 1598 3449 habitus,
1628 3407 1859 3443 diversitatem
1885 3419 1978 3441 suani
2003 3419 2041 3440 ex
2063 3405 2122 3440 ob-

223 3449 388 3485 ditionem
416 3451 470 3486 vel
497 3459 655 3487 naturam
681 3454 817 3494 proprie
838 3461 978 3498 spectat,
1005 3462 1044 3491 ut
1070 3469 1130 3491 suo
1212 3458 1312 3496 jectis
1327 3456 1508 3490 desumunt
1530 3468 1538 3490 :
1556 3455 1646 3490 unde
1663 3455 1798 3490 habitus
1817 3455 1961 3491 mediate
1976 3467 2036 3496 per
2052 3454 2120 3496 ipsa

218 3497 298 3533 ‘loco
316 3499 342 3541 (l
363 3501 397 3543 2,
413 3506 530 3542 quaest.
552 3502 575 3543 1)
589 3513 627 3536 ex
643 3502 787 3542 professo
800 3503 926 3537 dictum
943 3509 1004 3539 est.
1216 3515 1348 3546 quoque
1363 3503 1493 3544 objecta
1508 3502 1775 3543 distinguuntur.

266 3546 310 3589 (5)
334 3547 371 3582 Id
402 3554 461 3589 est,
493 3560 560 3583 una
588 3550 719 3584 tautum
737 3551 902 3592 „operatio
928 3551 970 3586 ab
992 3552 1129 3587 homine
