2170 3808
589 90 788 158 QUAESTI
819 104 919 159 xw,
947 105 1064 146 Aar.
1096 104 1183 146 vm
1211 104 1275 146 ET
1303 104 1371 148 lx.
1844 103 1926 147 157

46 191 245 238 dicimus
261 194 415 235 autem
435 188 610 244 absque
628 186 1011 232 determinatione
1026 184 1152 243 quod
1174 190 1244 229 est
1266 184 1463 241 crispus,
1489 186 1599 241 quia
1615 183 1706 227 hoc
1731 195 1823 227 non
1844 196 1923 240 po·

47 259 83 298 te
98 258 136 298 st
157 253 200 298 ei
219 251 468 297 convenire
490 249 578 294 nisi
596 247 854 293 seeundum
875 247 1081 304 capillos.

99 313 164 359 Ad
182 316 380 370 primum
394 322 504 367 ergo
523 308 787 363 dicendum,
801 309 922 365 quod
939 308 1187 364 aliquando
1205 308 1354 351 sancti
1385 307 1596 352 doctores
1614 305 1756 350 causa
1773 306 1924 350 brevi-

46 381 85 421 ta
97 375 171 431 tis,
189 374 568 420 determinatione
599 371 788 428 omissa,
824 370 1010 414 nomine
1041 375 1264 414 creaturae
1290 374 1486 413 utuntur
1518 369 1639 412 circa
1667 367 1921 421 Christum;

46 449 80 483 er
101 443 118 481 t
142 443 295 481 tamen
321 436 369 480 in
389 446 549 479 eorum
573 432 708 478 dictis
727 431 1121 492 subintelligenda
1137 430 1476 486 determinatio,
1495 433 1759 485 inquantum
1775 431 1920 474 homo.

99 497 165 543 Ad
182 499 424 542 secundum
441 495 706 549 dicendum,
729 494 853 549 quod
866 505 1028 538 omnes
1043 492 1341 548 proprietates
1360 493 1578 535 humanae
1596 499 1788 546 naturae,
1805 492 1924 536 sicut

47 571 93 604 e,
115 559 298 614 divinae,
328 562 523 614 possunt
544 556 783 612 aequaliter
802 555 891 600 dici
919 555 976 599 de
1010 555 1202 598 Christo.
1242 553 1368 597 Unde
1404 558 1451 596 et
1480 556 1790 596 Damascenus
1815 553 1925 599 dicit

46 621 192 675 (Orth.
213 619 290 664 fid.
307 618 388 663 lib.
415 631 476 675 111,
493 629 594 673 cap.
615 620 659 673 4,
679 617 737 660 ad
760 614 877 671 fin.)‚
911 614 1036 672 quod
1060 633 1078 652 «
1098 614 1320 668 ChristuS,
1342 613 1422 669 qui
1449 615 1567 657 Deus
1599 619 1668 658 est
1699 620 1746 658 et
1767 615 1922 664 homo,

47 681 214 726 dicitur
234 686 280 725 et
294 683 477 724 creatus
496 684 543 723 et
562 678 811 734 increatus,
843 677 1075 734 passibilis
1104 682 1150 721 et
1172 675 1485 732 impassibilis.
1503 694 1524 713 υ
1551 675 1636 719 Sed
1662 681 1812 719 tamen
1847 677 1925 720 illa

48 754 151 798 quae
190 741 519 787 dubitat-ionem
556 740 728 785 habent
757 740 879 784 circa
902 739 1170 782 alterutram
1201 745 1429 792 naturam,
1467 749 1560 779 non
1595 744 1706 780 sunt
1733 737 1926 782 dicenda

48 805 225 861 absque
254 801 635 849 determinatione
655 801 812 846 :unde
844 802 943 857 ipse
969 806 1130 857 postea
1149 799 1256 843 alibi
1283 799 1425 854 (Orth.
1448 795 1527 841 fid.
1556 798 1636 842 lib.
1667 813 1724 854 ιν,
1758 811 1858 855 cap.
1885 803 1926 855 5)

47 864 234 910 subdit:
263 866 400 921 «Ipsa
421 876 516 907 una
534 863 817 920 hypostasis,
840 862 1016 906 scilicet
1050 861 1230 915 Christi,
1259 866 1304 905 et
1335 860 1538 904 increata
1571 866 1641 904 est
1670 860 1851 917 deitate,
1880 867 1926 906 et

47 933 200 972 creata
219 931 290 972 est
309 925 593 969 humanitate
608 939 620 980 ς
636 943 657 963 »
681 925 800 969 sicut
822 924 909 968 ete
924 935 1151 968 converso
1175 934 1266 966 non
1290 928 1413 966 esset
1437 922 1681 966 dicendum
1714 922 1815 967 sine
1847 923 1926 967 de-

48 988 395 1033 terminatione:
425 1005 444 1025 «
461 987 666 1031 Christus
685 992 757 1032 est
778 987 1096 1043 incorporeus,
1116 984 1188 1029 vel
1205 983 1519 1040 impassibilis,
1539 1003 1559 1023 ι»
1578 983 1634 1027 ad
1655 985 1925 1029 evitandum

49 1060 249 1093 errorem
263 1047 513 1102 Manichaei,
539 1047 618 1103 qui
646 1048 802 1100 posuit
835 1048 1063 1091 Christum
1095 1057 1253 1089 verum
1278 1057 1448 1101 corpus
1467 1056 1561 1088 non
1584 1045 1819 1102 habuisse,
1841 1058 1926 1091 nec

48 1110 157 1156 vere
180 1122 370 1167 passum
393 1122 495 1154 esse
516 1122 528 1153 z
551 1109 634 1154 sed
657 1109 905 1154 dicendum
935 1114 1006 1153 est
1030 1120 1138 1153 cum
1166 1107 1548 1152 determinatione
1569 1107 1694 1163 quod
1722 1107 1926 1152 Christus

48 1172 306 1217 seeundum
325 1172 540 1217 deitatem
559 1175 631 1215 est
649 1171 948 1228 incorporeus
966 1174 1012 1214 et
1034 1168 1346 1226 impassibilis.

101 1233 168 1279 Ad
188 1237 372 1277 tertium
390 1233 653 1288 dicendum,
677 1233 800 1289 quod
825 1233 882 1277 de
905 1231 1142 1276 nativitate
1162 1243 1220 1275 ex
1238 1231 1422 1286 Virgine
1445 1231 1572 1275 nulla
1597 1231 1822 1275 dubitatio
1842 1245 1928 1288 po-

50 1298 140 1340 test
162 1306 266 1339 esse
285 1295 409 1352 quod
428 1295 671 1340 conveniat
690 1306 904 1351 personae
923 1293 1018 1338 Filii
1038 1293 1133 1351 Dei,
1158 1293 1278 1337 sicut
1298 1298 1450 1349 potest
1468 1304 1573 1338 esse
1591 1293 1649 1338 de
1667 1293 1923 1351 creatione3

50 1362 98 1402 et
115 1355 219 1402 ideo
234 1369 328 1401 non
348 1362 420 1402 est
437 1356 600 1420 similis
619 1357 734 1400 ratio
755 1355 1012 1413 utrobique·

50 1426 393 1470 ARTICULUS
421 1428 503 1470 lx.
530 1449 585 1458 -
607 1439 747 1468 urium
776 1439 867 1469 uaec
889 1438 953 1469 su·
978 1437 1112 1468 vemt:
1140 1437 1229 1468 isra
1261 1436 1392 1480 nouo,
1412 1436 1707 1467 neuonsrnxro
1731 1435 1924 1484 cnmsro,

849 1499 1030 1531 succum
1049 1499 1165 1531 assa.

498 1557 547 1591 De
574 1556 627 1591 his
651 1557 752 1591 etiam
766 1556 864 1590 Sent.
882 1564 922 1594 v,
948 1555 1027 1590 dist.
1052 1555 1094 1590 42
1108 1581 1118 1595 ,
1133 1560 1249 1597 quoest.
1269 1563 1302 1595 ι,
1319 1562 1385 1590 art.
1413 1566 1471 1589 un.

106 1611 172 1656 Ad
187 1623 362 1656 nonum
374 1611 441 1656 sic
451 1610 730 1667 proceditur.
749 1615 791 1655 1.
808 1610 992 1654 Videtur
1003 1609 1127 1666 qued
1142 1608 1218 1653 ille
1232 1610 1387 1663 homO,
1405 1609 1717 1653 demonstrato
1734 1609 1924 1666 Christo,

53 1673 292 1729 incoeperit
314 1685 432 1718 esse.
451 1672 566 1717 Dicit
584 1673 708 1717 enim
725 1671 1012 1729 Augustinus
1027 1673 1086 1726 (1)
1110 1674 1267 1728 (super
1284 1673 1412 1715 Joan.
1434 1676 1565 1715 tract.
1590 1674 1687 1728 105,
1705 1670 1731 1713 a
1755 1671 1894 1724 med.)
1912 1685 1924 1716 :

57 1751 78 1771 κ
98 1733 368 1790 Priusquam
386 1734 592 1778 mundus
611 1738 749 1791 esset,
766 1745 853 1778 nec
874 1746 959 1777 nos
976 1745 1179 1787 eramus,
1199 1745 1286 1777 nec
1314 1732 1414 1789 ipse
1435 1732 1659 1777 mediator
1679 1732 1755 1777 Dei
1777 1733 1927 1776 etho-

53 1794 231 1839 minum
251 1795 389 1839 homo
415 1799 549 1839 Jesus
570 1795 829 1839 Christus.»
859 1795 944 1840 Sed
967 1795 1080 1839 illud
1106 1794 1229 1850 quod
1258 1807 1351 1838 non
1381 1806 1565 1851 semper
1599 1794 1710 1849 fuit,
1739 1794 1928 1850 incoepit

54 1866 173 1905 esse.
190 1858 308 1911 Ergo
330 1856 407 1900 ille
427 1856 581 1911 homo,
606 1857 919 1902 demonstrato
949 1857 1141 1911 ChristO,
1171 1857 1359 1912 incoepit
1384 1868 1503 1900 esse.

106 1919 149 1962 Ξ,
182 1919 420 1970 Praeterea,
443 1919 648 1963 Christus
676 1918 866 1974 incoepit
890 1930 992 1962 esse
1023 1919 1174 1961 homo.
1201 1918 1285 1961 Sed
1320 1930 1422 1962 esse
1454 1918 1690 1962 hominem
1721 1923 1792 1962 est
1825 1930 1929 1963 esse

53 1977 338 2034 simpliciter.
359 1980 478 2034 Ergo
501 1978 577 2023 ille
597 1979 734 2023 homo
751 1979 941 2035 incoepit
955 1990 1059 2022 esse
1079 1978 1361 2034 simpliciter.

107 2041 151 2084 3.
180 2042 420 2095 Praeterea,
439 2041 577 2085 homo
596 2042 813 2097 importat
831 2041 1122 2098 suppositum
1149 2041 1363 2084 humanae
1388 2046 1582 2086 naturae.
1607 2040 1693 2086 Sed
1720 2041 1928 2088 Christus

53 2111 147 2145 non
168 2112 350 2156 semper
368 2102 756 2158 fuitsuppositum
775 2103 991 2146 humanae
1011 2107 1203 2146 naturae.
1225 2105 1341 2158 Ergo
1357 2103 1432 2145 ille
1451 2103 1588 2146 homo
1603 2102 1794 2159 incoepit.
1806 2115 1925 2148 esse.

108 2163 195 2207 Sed
219 2166 380 2206 contra
394 2168 465 2207 est
479 2162 604 2220 quod
623 2162 787 2207 dieitur
804 2163 956 2218 (Hebr.
986 2162 1071 2207 ult.
1096 2165 1140 2217 8)
1166 2178 1178 2207 ε
1202 2166 1329 2206 lesus
1350 2164 1561 2206 Christus
1579 2163 1696 2220 heri,
1718 2168 1760 2208 et
1776 2165 1924 2224 hodie,

52 2226 147 2280 ipse
166 2227 208 2266 et
230 2227 279 2266 in
299 2224 480 2268 saecula.

99 2290 379 2332 CONCLUSIO.
403 2313 449 2321 -
473 2291 575 2333 Gum
602 2291 668 2331 his
696 2291 877 2342 vocibus,
910 2291 977 2332 hic
995 2291 1142 2340 homo,
1162 2291 1438 2332 demonstrato
1458 2291 1642 2342 Christo,
1668 2292 1928 2344 suppositum

34 2390 35 2393 Ἴ
53 2346 252 2385 aeternum
266 2345 510 2395 designetur,
531 2345 617 2386 haec
633 2345 867 2397 propositio,
890 2345 959 2386 hic
977 2345 1113 2394 homo,
1143 2346 1421 2387 demonstrato
1441 2346 1617 2396 Chi-isto,
1646 2348 1813 2400 incoepit
1827 2359 1926 2398 esse,

53 2398 290 2451 simpliciter
308 2400 409 2440 salsa
426 2405 501 2442 est.
836 2428 839 2430 -

106 2464 378 2519 Respondeo
393 2464 639 2510 dicendum
658 2464 783 2522 quod
802 2478 896 2509 non
918 2471 991 2509 est
1012 2465 1261 2510 dicendum
1286 2465 1411 2523 quod
1429 2466 1511 2509 ille
1530 2466 1678 2523 homo,
1705 2467 1927 2512 demons-

53 2529 171 2569 trato
192 2527 381 2582 Christo,
405 2530 636 2584 incoeperz‘t
660 2540 764 2582 esse,
798 2527 836 2571 si
863 2527 975 2571 nihil
1007 2528 1204 2573 addatur
1226 2530 1301 2583 (2).
1334 2530 1386 2572 Et
1413 2529 1501 2572 hoc
1521 2528 1693 2584 duplici
1730 2529 1923 2575 ratione.

52 2586 201 2631 Primo
219 2588 424 2644 quidem,
439 2589 548 2646 quia
571 2590 671 2633 haec
688 2588 859 2633 locutio
873 2595 943 2634 est
955 2590 1221 2646 simpliciter
1238 2590 1354 2635 falsa
1373 2591 1630 2634 secundum
1649 2593 1926 2638 sententiam

53 2647 287 2693 catholicae
309 2649 430 2704 fidei,
459 2652 552 2707 qua
579 2650 799 2706 ponimus
818 2651 865 2695 in
898 2652 1073 2695 Christo
1096 2663 1241 2695 unum
1272 2652 1583 2708 suppositum,
1606 2658 1652 2696 et
1675 2665 1817 2697 unam
1836 2655 1927 2711 hy·-

54 2709 286 2765 nostasim‚
311 2710 431 2754 sicut
450 2717 495 2755 et
520 2723 664 2756 unam
697 2724 941 2767 personam
962 2715 1037 2766 (3).
1063 2712 1324 2757 Secundum
1348 2714 1435 2757 hoc
1458 2713 1581 2757 enim
1600 2720 1781 2769 oportet
1801 2716 1927 2771 quod

57 2779 104 2813 ln
124 2768 210 2813 hoc
231 2771 353 2827 quod
370 2771 554 2827 dicitur,
580 2776 664 2816 iste
692 2774 839 2829 homo,
871 2775 1187 2819 demonstrato
1205 2774 1399 2831 Christo,
1423 2774 1693 2829 designetur
1709 2778 1927 2832 supposi-

60 2835 153 2874 tum
168 2837 407 2891 aeternum,
421 2835 492 2890 cuj
500 2847 555 2878 us
571 2836 813 2880 aeternitati
826 2842 1057 2892 repugnat
1075 2837 1278 2892 incipere
1293 2848 1396 2880 esse
1410 2852 1422 2891 ς
1441 2837 1566 2881 unde
1582 2838 1679 2881 haec
1692 2844 1762 2881 est
1781 2839 1922 2885 falsa:

58 2893 141 2935 Hic
175 2893 304 2935 homo
328 2897 505 2948 iucoepz‘t
539 2909 648 2940 esse.
677 2899 767 2941 Nec
785 2897 938 2942 obstat
960 2898 1084 2954 quod
1104 2898 1306 2953 incipere
1334 2910 1437 2941 esse
1466 2898 1682 2942 convenit
1710 2900 1926 2945 humanae

53 2957 248 3012 naturae,
272 2967 375 3010 quae
393 2956 678 3011 significatur
693 2971 775 3015 per
793 2960 880 3003 hoc
900 2971 1070 3004 nomen
1093 2960 1224 3002 homo
1244 2974 1258 2999 :
1276 2959 1387 3016 quia
1405 2959 1631 3004 terminus
1648 2960 1695 3003 in
1716 2961 1926 3018 subjecto

53 3015 231 3071 positus
253 3028 343 3059 non
365 3022 547 3061 tenetur
568 3018 818 3064 formaliter
839 3034 923 3078 pro
940 3028 1121 3076 natura,
1143 3021 1224 3065 sed
1238 3021 1386 3076 magis
1402 3021 1697 3066 materialiter
1718 3035 1801 3079 pro
1820 3036 1927 3081 sup-

53 3075 216 3131 posito,
239 3080 292 3120 ut
316 3089 453 3132 supra
480 3077 654 3121 dictum
682 3085 752 3122 est
776 3081 877 3133 (art.
903 3085 928 3125 7
951 3082 1046 3137 huj.
1075 3093 1155 3138 qu.
1179 3080 1238 3124 ad
1261 3085 1320 3136 4).
1357 3082 1584 3136 Secundo,
1608 3083 1716 3138 quia
1747 3084 1925 3130 etiamsi

53 3142 176 3181 esset
193 3149 317 3192 vera,
343 3151 436 3181 non
459 3143 612 3182 tamen
642 3145 762 3183 esset
781 3143 836 3184 ea
859 3143 1083 3187 utendum
1113 3142 1289 3198 absque
1317 3142 1714 3201 determinatione,
1739 3145 1797 3190 ad
1827 3148 1926 3191 evi-

91 3231 135 3272 (4)
153 3231 326 3272 Explicans
344 3231 402 3266 illa
417 3233 518 3267 verba
535 3245 573 3267 ex
588 3245 660 3274 cap.
675 3234 717 3267 67
736 3246 744 3267 t
765 3235 940 3277 Clarifica
1065 3237 1110 3277 (2)
1142 3236 1237 3278 Quod
1270 3249 1391 3278 nempe
1425 3237 1596 3272 modificet
1629 3239 1682 3273 vel
1720 3239 1924 3275 determinet

53 3288 117 3317 me.
129 3279 255 3317 Pater.
274 3280 374 3321 apud
394 3282 620 3323 temetipsam
634 3281 808 3316 claritate
833 3293 941 3326 quam
1025 3284 1301 3324 propositionem.
1319 3291 1355 3319 ut
1373 3286 1556 3326 explicatur
1574 3286 1675 3321 infra.

52 3324 174 3366 habui,
187 3326 409 3370 priusquam
432 3328 589 3363 mundus
605 3332 696 3364 esset
711 3328 814 3371 apud
833 3334 878 3364 te.
1068 3332 1111 3371 (5)
1126 3331 1201 3366 Hoec
1219 3332 1280 3366 tria
1297 3333 1387 3367 enim
1405 3339 1484 3367 sunt
1502 3333 1584 3374 quid
1599 3345 1704 3369 unum
1721 3339 1755 3370 et
1778 3335 1883 3370 idem.
