2170 3808
203 240 309 276 XXH

205 436 332 478 Utrum

206 855 336 898 otram

255 975 307 1174 11111

1071 230 1237 266 INDEX.

397 361 451 390 m:
476 359 653 391 mamm
674 359 726 388 ΕΤ
750 357 1113 388 mREGnLARiTATE
1140 357 1193 386 Ex
1218 355 1274 385 EA
1298 352 1557 384 commem.
1581 364 1628 372 —
1654 343 1828 391 Quaestz'o
1853 344 1918 384 66.

350 435 517 484 bigamiae
537 434 787 483 irregularitas
808 433 857 471 sit
878 443 1033 472 annexa.

351 482 600 532 irregularitas
623 482 672 520 sit
695 492 832 521 annexa
855 481 1036 529 bigamiae,
1060 489 1141 529 quae
1162 478 1344 528 contingit
1365 487 1411 517 ex
1432 477 1502 515 hoc
1524 476 1622 526 quod
1644 477 1754 515 homo
1776 475 1888 514 habet
1910 474 2001 515 duas
2019 485 2125 518 uxoa.

399 543 470 578 res,
494 541 603 569 unam
624 531 669 569 de
689 531 784 579 Jure,
809 532 846 568 et
871 531 1021 568 alteram
1043 528 1089 567 de
1111 527 1223 567 facto.
1732 571 1739 578 η
1791 572 1797 576 ,

352 579 587 619 contrahatur
610 578 859 627 irregularitas
880 589 926 617 ex
946 579 1017 616 hoc
1041 576 1138 626 quod
1155 577 1289 625 aliquis
1311 574 1415 614 duxit
1437 581 1589 612 uxorem
1609 582 1684 610 non
1705 582 1900 620 virginem.

352 628 512 677 bigamia
539 627 702 667 solvatur
723 637 789 676 per
809 627 1045 675 baptismum.

352 687 435 716 cum
460 676 606 725 bigamo
625 676 735 715 liceat
758 675 987 724 dispensare.

749 777 806 806 ni:
834 775 1013 806 LinELLo
1039 774 1229 805 BEPUDII.
1257 785 1304 793 —-
1327 762 1499 811 Quaestio
1521 764 1584 803 67.

352 855 651 905 inseparabilitas
674 853 800 893 uxoris
820 854 870 893 sit
892 853 936 892 de
958 853 1042 900 lege
1062 854 1215 890 naturae.
1417 896 1424 903 ι
1468 896 1476 903 ,

353 904 514 955 potuerit
535 914 615 943 esse
635 903 774 941 licitum
795 913 861 951 per
881 900 1187 950 dispensationem
1210 906 1366 936 uxorem
1390 896 1591 936 dimittere.

354 953 421 992 sub
443 952 523 1002 lege
545 951 660 1002 Moysi
682 951 823 989 licitum
845 949 957 988 fuerit
977 958 1127 987 uxorem
1151 947 1352 985 dimittere.

353 1001 463 1040 liceat
487 1000 592 1040 uxori
614 999 812 1048 repudiatae
833 998 946 1037 alium
968 997 1086 1035 virum
1106 996 1259 1034 habere.

356 1049 467 1088 liceat
482 1049 562 1087 viro
581 1047 806 1104 repudiatam
826 1046 847 1085 a
869 1056 910 1085 se
933 1045 1113 1094 accipere.

356 1107 467 1136 causa
487 1097 633 1146 repudii
655 1096 704 1135 sit
727 1096 850 1135 odium
875 1094 1017 1133 uxoris.
1108 1140 1115 1148 ¹
1146 1140 1156 1148 .

355 1156 474 1185 causae
491 1145 635 1195 repudii
659 1145 815 1183 debeant
837 1144 876 1181 in
898 1142 1023 1181 libello
1046 1140 1171 1180 scribi.

671 1248 726 1276 DE
747 1246 875 1276 F1L11s
903 1244 1146 1274 ῙΕΕΕΕΙΤΙΜΕ
1169 1242 1310 1273 NAris.
1333 1255 1380 1261 —
1403 1233 1574 1280 Quaestio
1599 1234 1662 1274 68.

209 1323 339 1366 Utrum
359 1324 428 1362 filii
455 1324 518 1372 qui
539 1325 737 1362 nascuntur
759 1324 859 1361 extra
882 1331 1008 1360 verum
1030 1321 1313 1366 matrimonium,
1340 1321 1414 1359 sint
1434 1319 1601 1370 legitimi.

357 1372 425 1410 filii
448 1372 632 1420 illegitimi
656 1371 812 1410 debeant
833 1370 980 1418 aliquod
1005 1370 1174 1408 damnum
1195 1372 1393 1419 reportare.

356 1420 454 1460 filius
476 1419 692 1469 illegitimus
714 1419 832 1469 possit
852 1418 1061 1467 legitimari.

322 1526 378 1556 DE
400 1526 471 1555 HIS
498 1525 592 1561 QUAE
620 1525 832 1555 SPECTANT
853 1526 909 1556 AD
937 1525 1334 1562 RESURRECTIONEM,
1359 1525 1410 1553 ET
1431 1523 1562 1553 PRIMO
1584 1525 1638 1553 DE
1663 1523 1770 1553 Loco
1791 1523 2017 1554 ANIMARUM

834 1581 937 1610 Post·
961 1581 1145 1611 MORTEM.
1175 1593 1221 1599 —
1246 1571 1415 1618 Quaestio
1439 1572 1500 1609 69.

211 1655 341 1695 Utriim
360 1656 589 1703 assignentur
611 1656 840 1704 receptacula
863 1656 1052 1694 animabus
1075 1658 1159 1704 post
1183 1657 1353 1693 mortem.

359 1705 482 1742 statim
505 1707 588 1753 post
608 1707 761 1742 mortem
784 1703 912 1742 animae
939 1704 1163 1742 deducantur
1184 1704 1229 1742 ad
1254 1703 1400 1749 coelum,
1424 1702 1483 1740 vel
1506 1703 1551 1741 ad
1573 1702 1771 1742 infernum.

358 1753 487 1807 animae
509 1752 706 1791 existentes
725 1753 762 1790 in
785 1752 969 1801 paradiso,
993 1753 1053 1790 vel
1075 1752 1217 1790 inferno
1240 1751 1364 1800 egredi
1386 1751 1544 1789 valeant.

357 1801 491 1839 limbus
512 1801 646 1839 inferni
673 1801 720 1839 sit
748 1801 846 1838 idem
872 1801 967 1849 quod
991 1802 1094 1839 sinus
1115 1801 1281 1838 Abrahae.

357 1848 492 1887 limbus
511 1849 608 1888 idem
630 1849 679 1888 sit
701 1849 798 1898 quod
823 1849 987 1888 infernus
1011 1849 1274 1887 damnatorum.

356 1896 490 1935 limbus
510 1907 705 1946 puerorum
731 1898 780 1934 sit
801 1897 897 1936 idem
921 1897 1018 1944 quod
1041 1897 1171 1935 limbus
1193 1897 1356 1935 Patrum.

358 1944 513 1984 debeant
534 1948 588 1984 tot
610 1945 841 1995 receptacula
863 1945 1055 1995 distingui.

418 2050 476 2080 DE
500 2050 738 2085 QUALITATE
759 2051 903 2080 ANIMAE
927 2050 1134 2080 EXEUN'ris
1159 2050 1188 2079 A
1209 2048 1419 2085 CORPORE,
1443 2048 1495 2077 m·
1515 2047 1637 2077 POENA
1661 2048 1703 2076 EI
1726 2047 1921 2078 manem

770 2105 826 2135 AB
848 2105 954 2134 IGNE
979 2104 1215 2134 conponno.
1241 2116 1288 2122 —
1312 2094 1481 2141 Quaestio
1503 2095 1564 2131 70.

212 2178 343 2218 Utrum
359 2178 398 2216 in
419 2177 539 2216 anima
560 2178 726 2226 separata
747 2180 957 2216 remaneant
979 2177 1152 2224 potentiae
1177 2176 1378 2214 sensitivae.

641 2247 688 2253 —-
980 2227 1082 2262 actus
1104 2224 1358 2262 sensitivarum
1380 2223 1643 2272 potentiarum.

361 2273 481 2313 anima
505 2276 673 2324 separata
698 2274 775 2322 pati
794 2272 913 2322 possit
935 2274 979 2311 ab
1002 2273 1087 2320 igne
1109 2282 1304 2320 corporeo.

677 2378 731 2407 mi
757 2377 1002 2407 sUFFRAeiis
1026 2376 1309 2406 MORTuomm.
1334 2388 1381 2396 —-
1403 2367 1574 2414 Quaestio
1601 2369 1664 2406 71.

215 2455 347 2497 Utrum
366 2454 538 2510 suffragia
563 2464 629 2503 per
650 2464 759 2491 unum
781 2453 878 2492 facta
901 2452 984 2491 aliis
1006 2452 1180 2500 prodesse
1203 2453 1361 2501 possint.

264 2525 312 2533 ,-

361 2506 496 2542 mortui
517 2503 662 2552 possint
679 2501 803 2551 juvari
825 2511 871 2539 ex
896 2501 1070 2549 operibus
1095 2501 1276 2539 vivorum.

361 2551 533 2600 suffragia
559 2551 654 2589 facta
680 2560 741 2598 per
765 2551 975 2598 peccatores
997 2549 1151 2587 mortuis
1175 2550 1333 2597 prosint.

434 2620 482 2628 -
555 2609 636 2647 quae
659 2598 678 2636 a
699 2598 782 2635 vivo
805 2607 871 2646 pro
893 2599 1037 2635 mortuo
1060 2596 1165 2643 fiunt,
1190 2597 1410 2636 facientibus
1432 2597 1592 2647 prosint.

434 2668 482 2676 —
555 2646 699 2696 prosint
724 2645 965 2684 existentibus
988 2644 1026 2682 in
1049 2644 1207 2683 inferno.

435 2716 483 2723 —
557 2695 702 2743 prosint
725 2693 966 2732 existentibus
988 2692 1027 2730 in
1048 2692 1279 2741 purgatorio.

435 2764 483 2772 —
554 2743 700 2780 valeant
721 2742 845 2790 pueris
867 2742 904 2778 in
927 2740 1039 2778 limbo
1063 2741 1319 2779 existentibus.

435 2813 483 2819 -
556 2790 699 2839 prosint
725 2790 861 2828 sanctis
881 2789 1124 2828 existentibus
1147 2789 1184 2826 in
1204 2790 1336 2838 patria.

362 2840 548 2879 orationes
571 2838 757 2883 Ecclesiae,
782 2837 998 2876 sacrificium
1023 2837 1148 2875 altaris
1171 2840 1209 2875 et
1229 2838 1472 2888 eleemosynae
1492 2838 1638 2888 prosint
1659 2839 1858 2879 defunctis.

363 2887 597 2936 indulgentiae
619 2887 792 2925 Ecclesiae
843 2886 961 2924 rosint
982 2885 1150 2924 mortuis.

362 2936 482 2975 cultus
504 2935 739 2983 exequiarum
762 2934 806 2972 de
826 2937 934 2973 uncto
958 2933 1114 2983 prosint.

364 2984 534 3032 suffragia
556 2994 636 3031 quae
659 2983 750 3021 fiunt
772 2992 838 3031 pro
861 2992 934 3020 uno
959 2982 1141 3029 defuncto,
1170 2981 1287 3030 magis
1308 2980 1365 3019 illi
1390 2980 1534 3030 prosint
1553 2991 1619 3031 pro
1647 2992 1719 3032 quo
1742 2982 1846 3028 fiunt,
1883 2984 1990 3034 quam
2028 2984 2126 3025 aliis.

363 3031 535 3080 suffragia
557 3032 652 3118 faheta
682 3041 749 3117 pro
772 3030 897 3069 multis
920 3030 1143 3069 tantumdem
1169 3031 1316 3069 valeant
1350 3030 1522 3079 singulis,
1560 3040 1602 3069 ac
1624 3031 1656 3069 si
1686 3032 1894 3081 specialiter
1926 3043 1994 3083 pro
2031 3042 2128 3072 uno-

413 3090 485 3128 quo
513 3089 559 3117 ue
606 3090 691 3117 eren
713 3107 723 3116 .

363 3091 511 3168 tantun?
523 3128 667 3182 valeant
689 3127 859 3176 suffragia
881 3127 1086 3165 communia
1107 3127 1181 3164 illis
1203 3136 1269 3175 pro
1285 3127 1418 3176 quibus
1434 3128 1611 3178 specialia
1632 3138 1708 3167 non
1729 3129 1835 3176 fiunt,
1857 3128 2034 3178 quantum
2051 3127 2128 3170 illis

410 3185 479 3226 pro
502 3176 634 3225 quibus
658 3176 831 3225 specialia
853 3179 890 3214 et
913 3175 1118 3214 communia
1143 3175 1267 3214 simul.

509 3275 565 3304 DE
591 3274 806 3304 ORATIONE
831 3273 1320 3368 RESPECTUQSANCTORUM
1351 3275 1427 3311 QUI
1452 3275 1565 3307 sum·
1589 3276 1638 3307 IN
1664 3275 1834 3306 PATRIA.

1078 3323 1218 3359 uoestz'o
1240 3324 1303 3360 72.

218 3402 345 3444 Utrum
358 3406 482 3444 ⁴sancti
506 3405 689 3445 orationes
716 3408 858 3444 nostras
880 3410 1114 3453 cognoscant.

366 3454 560 3492 debeamus
582 3457 728 3492 sanctos
750 3455 983 3503 interpellare
1005 3455 1050 3492 ad
1072 3455 1243 3493 orandum
1269 3466 1334 3504 pro
1357 3455 1480 3494 nobis.

364 3502 548 3543 orationes
569 3506 776 3543 sanctorum
799 3502 845 3542 ad
865 3503 976 3541 Deum
998 3512 1065 3552 pro
1087 3503 1194 3543 nobis
1219 3504 1343 3544 effusae
1367 3513 1512 3553 semper
1534 3503 1785 3542 exaudiantur.
