2170 3808
650 254 850 307 QUAEST.
877 251 1000 305 XXX,
1030 249 1149 293 ART.
1177 249 1196 291 1
1221 247 1288 291 ΕΤ
1316 247 1368 289 11.
1868 239 1953 282 247

127 342 214 389 Sed
235 344 393 386 contra
405 342 477 385 est
492 334 618 394 quod
637 333 834 379 habetur
846 334 969 389 (Luc.
989 344 1021 387 1,
1043 332 1115 382 31)
1131 327 1258 386 quod
1276 324 1478 383 Angelus
1501 322 1615 369 dixit
1634 321 1704 367 ei:
1734 324 1844 364 Ecce
1858 331 1959 362 con-

74 407 211 463 cipies
220 405 269 446 in
287 405 429 457 utero,
443 401 488 444 et
495 398 650 455 paries
670 395 829 450 filium.

124 468 412 512 CONCLUSIO.
429 488 474 498 —
491 465 545 505 Ut
561 465 688 504 beatoe
701 461 883 513 Virginis
895 470 1013 500 mens
1033 457 1147 509 prius
1168 455 1218 495 de
1236 455 1397 505 Christo
1410 454 1695 500 instrueretur,
1717 450 1846 501 quam
1859 457 1956 488 eum

86 535 203 567 carne
221 523 457 574 conciperet,
473 518 608 560 decuit
622 517 704 570 ipsi
721 513 964 557 annuntiari
982 510 1093 564 quod
1110 513 1213 550 esset
1228 507 1438 550 Christum
1456 509 1713 557 conceptura.

132 583 402 644 Respondeo
417 581 663 628 dicendum
678 579 803 637 quod
816 585 1075 633 congruum
1081 571 1171 618 fuit
1182 569 1413 626 B.Virgini
1428 567 1693 612 annuntiari
1703 564 1826 623 quod
1839 568 1963 608 esset

83 647 306 693 Christum
332 647 609 700 conceptura
626 643 703 695 (1).
730 638 880 684 Pfimo
899 635 1087 694 quidem
1103 638 1157 678 ut
1173 635 1436 678 servaretur
1453 639 1690 684 congruus
1714 626 1828 671 ordo
1847 636 1962 668 con-

0 724 2 733 ’
76 705 327 765 junctionis
348 703 446 751 Filii
473 703 552 749 Dei
580 702 640 748 ad
659 701 918 758 Virginem:
948 704 1003 742 ut
1034 694 1211 741 scilicet
1233 692 1362 750 prius
1384 701 1520 735 mens
1542 688 1646 746 ejus
1663 687 1720 732 de
1739 687 1840 743 ipso
1862 685 1960 730 inc-

0 771 4 787 '
81 772 307 814 truerctur
322 766 463 826 quam
490 776 631 810 carne
656 775 764 808 eum
792 759 1070 817 conciperet.
1101 756 1230 802 Unde
1255 753 1543 810 Augustinus
1571 749 1682 795 dicit
1707 749 1770 802 (in
1796 747 1874 791 lib.
1901 749 1965 792 De

82 830 360 886 Virginitate,
389 839 491 884 cap.
512 828 583 881 3):
625 844 645 863 «
668 824 847 869 Beatior
876 827 948 867 est
975 820 1112 866 Maria
1142 815 1437 876 percipiendo
1457 813 1597 858 fidem
1627 809 1789 879 Christi
1823 808 1967 879 quam

80 889 380 946 concipiendo
400 899 588 933 carnem
616 885 804 940 Christi3
837 903 857 923 »
880 889 927 928 et
961 886 1123 938 postea
1155 878 1340 924 subdit:
1379 894 1399 913 «
1421 877 1620 920 Materna
1647 873 1967 929 propinquitas

0 946 3 1008 ζ
80 952 195 997 nihil
211 950 356 996 Mariae
370 949 635 1006 profuisset,
652 947 741 991 nisi
760 945 941 990 felicius
960 942 1188 988 Christum
1207 939 1346 984 corde
1369 936 1510 995 quam
1527 945 1666 979 carne
1682 933 1926 989 gestasset.
1944 948 1965 968 υ

81 1012 540 1069 Secundo,utposset
561 1021 665 1055 esse
676 1007 842 1054 certior
863 1006 992 1052 testis
1005 1004 1147 1061 hujus
1174 998 1477 1061 sacramenti,
1503 995 1691 1067 quando
1717 1004 1858 1051 super
1880 992 1969 1036 hoc

80 1074 300 1120 divinitus
322 1077 420 1118 erat
434 1072 670 1117 instructa.
694 1069 857 1126 Tertio,
885 1073 939 1113 ut
954 1063 1214 1111 voluntaria
1237 1063 1311 1108 sui
1332 1059 1543 1116 obsequii
1571 1069 1766 1102 munera
1787 1058 1879 1099 Deo
1897 1054 1969 1098 of-

80 1135 235 1191 ferret,
254 1134 312 1180 ad
334 1133 459 1190 quod
481 1145 532 1178 se
557 1135 818 1189 promptam
836 1128 1002 1174 obtulit
1022 1127 1210 1172 dicens:
1231 1129 1346 1168 Ecce
1365 1122 1539 1166 ancilla
1561 1121 1755 1188 Domini.
1781 1113 1966 1186 Quarto,

82 1202 133 1240 ut
151 1196 467 1240 ostenderetur
484 1205 588 1240 esse
611 1191 842 1250 quoddam
865 1188 1103 1247 spirituale
1124 1184 1472 1232 matrimonium
1496 1182 1618 1226 inter
1638 1180 1801 1224 Flhum
1827 1180 1905 1222 Dei
1924 1184 1970 1220 et

82 1257 331 1302 humanam
353 1261 581 1300 naturam.
618 1256 671 1298 Et
701 1252 804 1298 ideo
821 1264 903 1308 per
934 1249 1330 1295 annuntiationem
1357 1243 1687 1302 expectabatur
1712 1250 1971 1285 consensus

80 1316 277 1373 Virginis
294 1317 396 1362 loco
414 1315 556 1362 totius
573 1315 789 1359 humanae
802 1317 978 1357 naturae
997 1313 1072 1365 (2).

134 1377 201 1423 Ad
217 1381 417 1435 primum
440 1388 552 1432 ergo
580 1375 845 1428 dicendum,
871 1372 995 1430 quod
1012 1369 1254 1428 prophetia
1274 1365 1521 1426 praedestin
1529 1363 1697 1409 atlonis
1715 1359 1972 1431 completur

82 1439 181 1484 sine
194 1444 353 1483 nostro
368 1437 554 1482 arbitrio
573 1442 811 1494 causante,
836 1447 932 1479 non
953 1439 1109 1478 tamen
1129 1432 1230 1476 sine
1252 1435 1412 1475 nostro
1425 1426 1616 1473 arbitrio
1634 1426 1971 1469 consentlenie.

134 1500 200 1544 Ad
217 1501 462 1544 secundum
481 1499 729 1544 dicendum
747 1531 760 1554 ,
783 1497 908 1554 quod
927 1498 978 1540 B.
997 1493 1132 1550 virgo
1153 1503 1421 1550 expressam
1443 1489 1583 1535 fidem
1595 1485 1798 1532 habebat
1817 1483 1974 1528 incar-

85 1561 282 1605 nationis
309 1562 505 1606 futurae:
530 1560 614 1605 sed
636 1561 743 1604 cum
765 1562 889 1604 esset
907 1556 1112 1612 humiliS,
1137 1568 1232 1600 non
1258 1559 1352 1599 tam
1383 1552 1474 1596 alta
1500 1551 1557 1595 de
1580 1561 1630 1593 se
1654 1546 1892 1603 sapiebat:
1928 1544 1976 1589 et

85 1622 186 1667 ideo
204 1634 344 1679 super
357 1622 446 1667 hoc
467 1626 566 1666 erat
582 1620 869 1666 instruenda.

140 1682 206 1727 Ad
241 1686 422 1727 tertium
453 1683 718 1739 dicendum,
742 1681 866 1739 quod
895 1679 1181 1738 spiritualem
1204 1676 1556 1733 conceptionem
1578 1670 1761 1725 Christi,
1780 1681 1887 1726 quae
1904 1671 1977 1712 est

87 1754 169 1799 per
185 1743 339 1798 fidem,
362 1744 579 1800 praecedit
601 1743 908 1798 annuntiatiO,
940 1752 1045 1797 quae
1067 1744 1140 1784 est
1160 1751 1243 1795 per
1263 1738 1371 1782 fidei
1390 1733 1781 1794 praedicationem,
1807 1739 1977 1775 secun-

89 1803 200 1848 dnm
218 1804 340 1860 quod
358 1805 470 1857 sides
497 1808 638 1848 estex
654 1806 832 1860 auditu,
856 1808 910 1847 ut
938 1801 1107 1847 dicitur
1138 1803 1284 1855 (Rom.
1306 1811 1351 1855 X,
1385 1800 1473 1852 17).
1493 1798 1585 1840 Nec
1610 1800 1765 1837 tamen
1787 1794 1976 1849 propter

89 1865 177 1909 hoc
199 1864 364 1921 aliquis
394 1878 478 1921 pro
497 1870 623 1910 certo
650 1865 738 1911 scit
755 1877 806 1910 se
829 1864 1024 1921 gratiam
1054 1862 1252 1918 habere3
1284 1860 1368 1905 sed
1397 1859 1485 1903 scit
1512 1867 1672 1901 veram
1701 1854 1843 1900 fidem
1869 1862 1977 1899 esse

89 1937 228 1982 quam
239 1926 429 1982 accepit.

148 1998 151 2008 ³
198 1989 538 2032 ARTICULUS
560 1991 617 2031 11.
648 2011 702 2019 -—
730 2001 863 2030 uranu
891 1998 1157 2030 ANNUNTIATIO
1179 1998 1220 2028 B.
1245 1995 1403 2027 vinem
1424 1996 1534 2025 rimu
1562 1991 1764 2023 υεΒυΕιιι-ι·
1787 1989 1868 2020 run

914 2058 1121 2089 ANGELUM.

430 2116 478 2149 De
495 2114 549 2148 his
561 2114 665 2150 etiam
684 2116 780 2150 Sent.
798 2123 851 2157 ιιι,
871 2114 951 2148 dist.
969 2114 1002 2153 5,
1021 2118 1138 2154 quaest.
1158 2121 1213 2154 ιιι,
1234 2118 1298 2146 art.
1313 2111 1348 2153 2,
1368 2116 1482 2153 quaest.
1499 2119 1510 2144 ι
1534 2114 1568 2144 et
1586 2118 1625 2145 ιι.

142 2167 208 2212 Ad
236 2168 494 2213 secundum
523 2167 590 2212 sic
612 2168 891 2224 proceditur.
925 2170 969 2211 1.
991 2166 1179 2210 Videtur
1201 2165 1326 2222 quod
1358 2166 1407 2209 B.
1438 2163 1609 2220 Virgini
1638 2174 1733 2206 non
1766 2160 1979 2206 debuerit

90 2227 376 2272 annuntiatio
399 2227 499 2273 fieri
523 2240 606 2284 per
633 2227 866 2283 angelum.
889 2227 1124 2283 supremis
1148 2226 1270 2271 enim
1293 2225 1473 2281 angelis
1495 2224 1548 2269 fit
1565 2222 1784 2268 revelatio
1810 2221 1978 2265 imme-

91 2289 210 2335 diate
232 2289 260 2333 a
281 2293 388 2343 Deo,
422 2295 474 2334 ut
492 2289 739 2347 Dionysius
761 2289 873 2334 dicit
893 2289 1088 2338 (Coelest.
1120 2288 1346 2332 hierarch.
1370 2300 1471 2343 cap.
1503 2290 1546 2341 7,
1571 2296 1737 2342 parum
1765 2284 1794 2327 a
1815 2283 1975 2337 med.).

93 2351 179 2396 Sed
197 2356 343 2395 mater
359 2351 438 2395 Dei
456 2355 527 2394 est
548 2363 687 2407 super
704 2362 868 2394 omnes
886 2349 1077 2405 angelos
1093 2349 1309 2392 exaltata.
1328 2350 1446 2404 Ergo
1468 2347 1651 2391 videtur
1673 2344 1797 2403 qued
1814 2343 1924 2389 imm
1932 2356 1980 2388 e-

92 2411 260 2517 diatela
289 2413 378 2456 Deo
401 2411 611 2456 debuerit
640 2411 705 2455 illi
728 2410 996 2455 annuntiari
1026 2410 1358 2454 incarnationis
1386 2409 1680 2467 mysterium,
1710 2412 1757 2452 et
1778 2418 1873 2450 non
1894 2417 1979 2462 per

93 2485 211 2528 ange
229 2484 324 2517 um.

146 2537 189 2578 2.
210 2536 449 2592 Praeterea,
473 2533 578 2578 siin
600 2533 689 2578 hoc
711 2533 950 2589 oportebat
969 2533 1142 2577 servari
1158 2544 1454 2577 communem
1470 2531 1698 2587 ordinem,
1720 2530 1978 2575 secundum

95 2606 232 2651 quem
247 2594 403 2639 divina
421 2594 686 2639 hominibus
707 2606 790 2651 per
811 2594 1000 2650 angelos
1023 2594 1306 2648 revelantur,
1324 2593 1537 2638 similiter
1551 2593 1708 2638 divina
1730 2591 1788 2636 ad
1815 2589 1979 2636 mulie-

95 2666 193 2700 rem
213 2667 298 2711 per
313 2655 466 2699 virum
481 2655 775 2712 deferuntur,
791 2656 917 2700 unde
929 2661 976 2700 et
992 2656 1237 2711 Apostolus
1255 2655 1366 2701 dicit
1384 2658 1433 2708 (l.
1448 2655 1649 2700 Corinth.
1667 2667 1753 2707 xiv,
1766 2656 1837 2708 34)
1853 2664 1865 2694 :
1879 2655 1979 2696 Mu-

98 2715 227 2759 lieres
254 2718 303 2759 in
334 2717 528 2760 ecclesiis
557 2721 738 2761 taceant
767 2733 783 2758 .-
809 2720 849 2760 si
875 2718 986 2773 quid
1008 2720 1159 2760 autem
1181 2717 1338 2760 volu-nt
1365 2719 1554 2772 discere,
1587 2717 1712 2758 domi
1734 2717 1856 2757 viros
1874 2727 1979 2757 suos

98 2779 388 2846 interm-oyem.
410 2780 529 2835 Ergo
558 2778 741 2824 videtur
765 2779 889 2836 quod
914 2782 962 2823 B.
987 2779 1159 2834 Virgini
1182 2778 1391 2823 debuerit
1412 2776 1678 2822 annuntiari
1703 2775 1977 2834 mysterium

99 2836 426 2906 incarnanonis
453 2850 537 2894 per
558 2837 759 2896 aliquem
780 2839 949 2895 virum,
972 2838 1230 2894 praesertim
1253 2838 1362 2895 quia
1398 2838 1568 2895 loseph
1606 2836 1678 2881 vir
1715 2835 1818 2893 eJus
1839 2848 1978 2891 super

101 2897 188 2940 hoc
200 2895 288 2940 fuit
300 2897 359 2940 ab
377 2898 541 2954 angelo
562 2899 834 2956 instructus,
854 2905 907 2944 ut
924 2899 1094 2955 legitur
1109 2900 1278 2952 (Matth.
1294 2906 1321 2950 1)
1343 2902 1422 2953 (3).

154 2959 199 3001 3.
231 2958 467 3027 Praeterea,
490 2959 647 3004 nullus
675 2966 825 3017 potest
844 2960 1049 3016 congrue
1072 2961 1349 3005 annuntiare
1368 2960 1492 3016 quod
1516 2960 1712 3015 ignorat.
1735 2958 1822 3003 Sed
1839 2958 1976 3002 etiam

100 3029 302 3086 supremi
334 3018 486 3075 angeli
520 3032 613 3063 non
641 3022 777 3077 plene
807 3027 1125 3079 cognoverunt
1154 3021 1487 3067 Incarnationis
1517 3020 1819 3078 mysterium:
1854 3018 1979 3064 unde

102 3077 210 3123 dicit
228 3079 471 3136 Dionysius
500 3081 694 3133 (Coelest.
715 3082 938 3127 hierarch.
967 3095 1067 3139 cap.
1087 3086 1133 3139 7,
1158 3083 1186 3126 a
1212 3082 1369 3138 med),
1393 3094 1451 3126 ex
1477 3093 1638 3126 eorum
1656 3094 1853 3138 persona
1874 3092 1978 3126 esse

105 3217 114 3223 ⁵
142 3172 186 3226 (t)
200 3171 369 3206 Nimirum
379 3174 421 3206 in
434 3177 551 3215 utero,
567 3180 606 3208 ut
622 3174 700 3208 Luc.
719 3183 732 3208 1
746 3187 832 3210 vers.
846 3177 996 3217 proxime
1082 3177 1121 3211 la
1146 3176 1214 3219 fele
1233 3176 1277 3212 de
1298 3176 1608 3218 l’Annonciation,
1627 3183 1710 3211 tom.
1738 3185 1786 3219 tv,
1801 3156 1875 3218 pag.
1894 3175 1974 3215 254,

103 3219 254 3254 iudicato
269 3220 310 3254 ad
326 3219 511 3261 pleniorem
540 3221 819 3261 significationem
839 3224 995 3264 exprimi·
1079 3223 1161 3258 edit.
1180 3225 1221 3257 de
1237 3224 1441 3261 versantes).

103 3270 170 3305 tur,
182 3266 236 3301 vel
249 3267 290 3300 in
307 3271 411 3302 utero
428 3269 599 3302 habitura
619 3269 752 3309 (Matth.
767 3279 791 3309 ι,
806 3269 872 3309 22).
1122 3271 1166 3310 (5)
1184 3270 1246 3303 Ubi
1264 3270 1389 3305 dicitur
1403 3271 1501 3313 (vers.
1514 3271 1589 3312 20):
1609 3268 1745 3314 loseph
1762 3271 1819 3312 fili
1832 3270 1954 3304 David
1966 3280 1978 3302 τ

144 3313 186 3355 (2)
200 3313 334 3370 Comme
357 3315 442 3355 Eve,
467 3315 515 3349 ait
530 3315 719 3351 Bossuetius
732 3342 741 3356 .
766 3328 785 3350 a
800 3316 955 3352 travaille
974 3318 993 3352 a
1082 3317 1171 3351 Noli
1211 3317 1337 3351 timere
1373 3319 1540 3360 accipere
1580 3318 1744 3352 Mariam
1790 3318 1979 3359 conju-qam

103 3370 198 3394 notre
214 3373 312 3397 ruine
326 3374 388 3405 par
400 3375 467 3398 une
479 3365 590 3398 action
606 3365 646 3398 de
661 3378 696 3400 sa
708 3377 832 3407 propre
847 3365 990 3406 volonte,
1078 3369 1179 3398 tuam
1196 3377 1205 3397 ε
1226 3365 1322 3407 quod
1338 3367 1436 3400 enim
1451 3367 1493 3401 in
1510 3376 1552 3400 ea
1566 3370 1696 3401 natum
1710 3365 1810 3400 esaede
1828 3364 1978 3405 Spiritu

105 3405 129 3440 it
143 3407 247 3443 {hait
265 3422 328 3450 que
342 3410 375 3445 la
395 3410 638 3447 bienheureuse
663 3413 768 3447 Marie
783 3414 938 3453 cooperate
953 3412 991 3447 de
1076 3414 1214 3448 Sancto
1233 3417 1298 3448 est.

106 3460 210 3483 mma„
228 3460 240 3482 τ,
262 3464 356 3484 ...um
381 3458 467 3489 <alut
484 3458 707 3498 {Ouatrieimc
727 3470 871 3494 sermon
897 3470 993 3499 pour
