2170 3808
851 237 1008 281 INDEX
1040 237 1237 280 RERUM.

102 322 204 361 ΛΒΤ.
220 331 285 359 ιιι.
299 318 447 359 Utrum
457 317 643 357 Christus
656 317 790 369 primo
801 328 930 358 resur·

146 373 307 414 rexerit„
952 375 1024 410 452

97 428 204 470 ΛΒΤ.
222 439 280 468 ιν.
298 427 445 467 Utrum
461 426 647 468 Christus
665 426 788 467 fuerit
804 436 929 466 causa

146 493 231 522 suae
252 481 568 523 resurrectionis.
951 483 1024 519 454

393 563 617 612 QUAESTIO
635 564 734 605 LIV.

98 634 152 671 De
168 621 355 679 unalitate
375 633 516 668 Christi
534 634 774 678 resurgentis,
797 633 839 668 in
851 641 940 677 qua-

344 686 429 718 tuor
449 682 631 718 articulos
651 682 785 718 divisa.

959 679 1023 716 ⁴55

97 756 202 796 ΛΒΤ.
219 768 250 796 ι.
266 757 414 797 Utrum
430 756 616 797 Christus
632 758 724 808 post
736 765 926 796 resurree-

143 810 299 851 tionem
317 810 506 851 habuerit
526 822 670 850 verum
690 820 849 861 corpus.

96 865 201 905 ΛΒΤ.
226 877 274 906 ιι.
301 865 447 906 Utrum
464 864 616 905 Christi
631 875 776 916 corpus
794 873 924 903 resur-

143 922 289 961 rexerit
309 921 531 970 integrum.

95 973 202 1015 ΛΒΤ.
217 986 283 1015 ιιι.
298 975 446 1016 Utrum
457 974 609 1015 Christi
625 983 774 1025 corpus
792 983 923 1014 resur·

143 1029 289 1069 rexerit
309 1030 550 1079 gloriosum.

94 1084 201 1123 ΛΒΤ.
235 1086 294 1124 ι’ῒ.
318 1084 464 1125 Utrum
496 1094 641 1134 corpus
668 1081 818 1124 Christi
850 1081 921 1122 de·

143 1135 277 1178 buerit
297 1149 392 1179 cum
413 1136 668 1178 cicatricibus
682 1146 900 1186 resurgere.
945 1138 1018 1175 460

398 1218 623 1268 QUAEsno
647 1217 726 1258 Lv.

94 1287 148 1324 Dc
163 1287 459 1331 manifestatione
474 1286 760 1323 resurrectionis
775 1312 785 1327 ,
809 1286 851 1319 in
867 1294 937 1319 sex

383 1336 563 1372 articulos
582 1335 715 1369 divisa.

91 1408 197 1448 ΛΒΤ.
218 1419 249 1449 ι.
270 1409 418 1449 Utrum
431 1405 667 1446 resurrectio
685 1404 836 1446 Christi
849 1403 918 1445 de·

138 1460 275 1501 buerit
295 1461 490 1501 omnibus
507 1459 776 1501 manifestari.

92 1516 197 1556 ΑΒΤ.
235 1528 282 1556 ιι.
321 1516 468 1562 Utrum
497 1515 642 1555 fuisset
672 1518 917 1555 conveniens

140 1570 251 1620 quod
275 1569 467 1620 discipuli
492 1568 679 1609 viderent
702 1568 918 1608 Christum

139 1635 359 1674 resurgere.

91 1680 197 1719 ΑΒΤ.
220 1691 285 1718 ιιι.
301 1678 450 1719 Utrum
467 1677 653 1719 Christus
674 1682 764 1730 post
785 1689 917 1718 resur-

140 1734 362 1773 rectionem
391 1733 576 1773 debuerit
603 1733 797 1774 continue
822 1743 917 1773 cum

140 1789 353 1840 discipulis
372 1788 618 1828 conversari.

92 1846 197 1884 ΛΒΤ.
236 1854 293 1884 iv.
330 1843 479 1884 Utrum
509 1841 696 1882 Christus
732 1842 918 1883 debuerit

140 1897 350 1948 discipulis
370 1899 413 1937 in
433 1897 513 1937 alia
527 1896 659 1948 effigie
673 1907 874 1948 apparere.

91 1953 196 1993 ΑΒΤ.
235 1964 278 1993 v.
310 1952 459 1992 Utrum
485 1951 670 1992 Christus
703 1951 918 1991 veritatem

137 2006 440 2046 resurrectionis
463 2006 646 2046 debuerit
667 2006 918 2056 argumentis

139 2060 353 2102 declarare.

92 2116 197 2157 ΛΒΤ.
206 2129 264 2157 vr.
276 2116 422 2156 Utrum
433 2118 675 2165 argumenta
685 2127 776 2167 quae
788 2115 920 2156 Chris-

139 2174 206 2211 tus
218 2170 398 2221 induxit,
419 2171 917 2213 sufficientermanifesta-

139 2225 270 2266 verint
287 2226 621 2266 resurrectionem
642 2226 745 2276 ejus.

377 2314 600 2361 QUAESTIO
622 2314 719 2354 LVI.

92 2382 143 2418 De
156 2375 444 2419 resurrectionis
464 2383 607 2419 Christi
631 2385 865 2426 causalitate,
889 2386 931 2420 tn

297 2431 387 2466 duos
407 2432 586 2467 articulos
609 2431 741 2467 divisa.

947 811 1019 847 455

945 921 1017 958 457

947 1030 1018 1068 458

953 1331 1010 1366 464

941 1463 1013 1499 462

941 1627 1013 1663 463

941 1793 1013 1829 464

941 1902 1013 1937 466

942 2066 1013 2102 468

941 2231 1013 2267 469

950 2433 1013 2468 475

89 2503 194 2543 ΑΒΤ.
221 2516 251 2543 ι.
275 2505 424 2544 Utrum
445 2504 678 2544 resurrectio
694 2505 844 2544 Christi
861 2505 916 2544 sit

135 2569 257 2597 causa
273 2559 573 2598 resurrectionis
589 2571 815 2610 corporum.

88 2613 194 2652 ΛΒΤ.
227 2625 274 2652 ιι.
307 2613 456 2653 Utrum
494 2614 729 2653 resurrectio
764 2614 915 2654 Christi

134 2666 191 2706 sit
206 2677 324 2706 causa
336 2668 640 2708 resurrectionis
661 2669 915 2709 animarum.
932 2675 1009 2710 >475

401 2754 626 2801 QUAESTIO
646 2755 760 2795 LVII.

87 2819 140 2856 De
161 2821 376 2855 ascensione
403 2821 555 2861 Christi,
584 2821 626 2857 in
655 2831 722 2858 sex
747 2824 928 2859 articulos

938 2566 1010 2601 473

464 2868 599 2905 divisa.
949 2873 1012 2907 476

86 2942 190 2982 ΛΒΤ.
235 2953 264 2983 ι.
309 2942 455 2983 Utrum
500 2942 623 2982 fuerit
667 2941 914 2984 conveniens

134 2996 344 3037 Christum
358 2997 583 3039 ascendere.
937 3005 1007 3040 477

85 3053 191 3092 ΛΒΤ.
219 3064 265 3092 ιι.
295 3053 441 3093 Utrum
467 3052 732 3093 conveniebat
753 3054 914 3094 Christo

133 3106 343 3146 ascendere
364 3107 407 3146 in
431 3107 583 3147 coelum
601 3106 829 3148 secundum
847 3109 911 3147 di-

132 3161 275 3200 vinam
294 3166 498 3202 naturam.

85 3216 190 3256 ΑΒΤ.
213 3228 278 3257 ιιι.
305 3217 453 3256 Utrum
481 3217 666 3258 Christus
687 3218 910 3258 ascenderit

132 3272 295 3320 propria
309 3272 474 3312 virtute.

85 3323 191 3363 ΛΒΤ.
218 3337 275 3364 iv.
304 3326 452 3365 Utrum
478 3327 665 3366 Christus
687 3327 910 3367 ascenderit

132 3389 252 3430 super
269 3390 409 3419 omnes
423 3380 555 3421 coelos.

86 3433 188 3474 ΛΒΤ.
215 3446 256 3474 v.
283 3435 430 3475 Utrum
445 3447 591 3487 corpus
605 3436 756 3476 Christi
774 3447 907 3476 ascen-

935 3169 1007 3204 478

934 3279 1006 3314 480

934 3388 1001 3423 481

1905 235 1988 278 637

1117 315 1221 356 derit
1235 326 1356 368 super
1362 326 1527 356 omnem
1535 317 1763 356 creaturam
1774 313 1897 366 spiri-

1116 371 1286 411 tualem.

1068 427 1173 466 ΑΒΤ.
1209 437 1269 465 vr.
1294 425 1444 466 Utrum
1465 424 1647 465 ascensio
1670 423 1821 464 Christi
1839 423 1895 464 sit

1115 492 1239 520 causa
1257 485 1404 521 nostrae
1419 480 1582 520 salutis.

1338 562 1563 610 QUAESTIO
1579 561 1714 602 LV111.

1067 629 1118 664 De
1136 633 1295 668 sessione
1314 632 1453 667 Christi
1481 631 1530 666 ad
1551 631 1743 668 deaeteram
1766 631 1904 671 Patris,

1229 681 1270 715 in
1288 684 1449 725 quatuor
1465 679 1644 715 articulos
1666 679 1802 715 divisa.

1918 372 1991 409 483

1917 483 1990 519 484

1926 678 1988 714 480

1063 745 1170 787 Ant.
1205 758 1234 787 1.
1258 746 1405 788 Utrum
1416 746 1576 788 Christo
1601 746 1889 787 conveniatse-

1111 801 1204 842 dere
1217 800 1270 842 ad
1293 801 1498 842 dexteram
1516 801 1587 841 Dei
1606 802 1748 841 Patris.

1063 855 1168 896 ΑΒΤ.
1198 869 1245 897 ιι.
1274 858 1420 898 Utrum
1447 856 1582 896 sedere
1611 855 1663 895 ad
1685 857 1891 895 dexteram

1110 911 1239 951 Patris
1250 912 1468 952 conveniat
1476 911 1649 960 Christo,
1662 911 1888 951 secundum

1110 966 1219 1017 quod
1238 969 1361 1008 Deus.

1063 1022 1167 1062 ΛΒΤ.
1191 1034 1257 1062 ιιι.
1272 1023 1418 1063 Utrum
1443 1021 1578 1063 sedere
1604 1022 1658 1063 ad
1682 1022 1887 1063 dexteram

1109 1077 1241 1117 Patris
1258 1079 1473 1118 conveniat
1485 1078 1647 1118 Christo
1661 1078 1888 1119 secundum

1913 806 1985 841 480

1912 969 1984 1007 487

1109 1132 1220 1182 quod
1242 1132 1380 1173 homo.
1911 1136 1983 1172 488

1062 1186 1165 1225 ΑΒΤ.
1203 1198 1262 1226 ιν.
1284 1186 1434 1227 Utrum
1455 1185 1588 1227 sedere
1611 1186 1663 1226 ad
1682 1187 1888 1228 dexteram

1109 1240 1240 1282 Patris
1253 1240 1308 1280 sit
1333 1241 1543 1293 proprium
1560 1241 1727 1282 Christi.

1349 1329 1575 1377 QUAESTIO
1601 1331 1704 1372 LIX.

1061 1396 1112 1431 De
1133 1395 1363 1439 iudiciaria}
1379 1399 1558 1441 potestate
1586 1397 1742 1440 Christi,
1764 1399 1808 1434 in
1834 1408 1903 1436 εστ

1368 1446 1549 1481 articulos
1563 1445 1694 1482 divisa.

1058 1511 1164 1569 ΑΒΤ.
1183 1525 1214 1553 ι.
1240 1510 1389 1554 Utrum
1407 1512 1624 1565 judiciaria
1642 1519 1817 1567 potestas
1833 1518 1889 1557 sit

1105 1567 1331 1617 specialiter
1344 1568 1504 1609 Christo
1517 1570 1788 1611 attribuenda.

1058 1622 1162 1661 ΛΒΤ.
1202 1634 1249 1662 ιι.
1284 1623 1432 1662 Utrum
1457 1623 1678 1675 judiciaria
1713 1628 1886 1675 potestas

1105 1677 1320 1716 conveniat
1339 1677 1498 1718 Christo
1521 1679 1749 1719 secundum
1769 1680 1880 1732 quod

1106 1733 1165 1769 est
1191 1730 1325 1771 homo.

1058 1784 1163 1824 ΑΒΤ.
1189 1797 1255 1826 ιιι.
1282 1786 1430 1826 Utrum
1453 1787 1639 1828 Christus
1660 1800 1707 1829 ex
1728 1789 1887 1831 meritis

1104 1839 1414 1891 adeptusjuerit
1427 1840 1693 1893 judiciariam
1715 1847 1886 1894 potesta-

1106 1896 1203 1934 tem.

1058 1949 1161 1989 Am.
1178 1961 1237 1990 ιν.
1256 1951 1402 1991 Utrum
1416 1951 1575 1992 Christo
1587 1953 1804 1993 conveniat
1817 1952 1884 2005 ju-

1105 2003 1274 2044 diciaria
1299 2009 1473 2056 potestas
1497 2007 1702 2058 quantum
1718 2007 1771 2048 ad
1796 2019 1885 2048 om-

1106 2070 1177 2099 nes
1198 2071 1258 2100 res
1277 2059 1496 2102 humanaS.

1058 2114 1163 2153 ΑΒΤ.
1188 2126 1230 2155 v.
1255 2116 1403 2155 Utrum
1433 2119 1523 2167 post
1542 2116 1749 2168 judicium
1772 2117 1883 2170 quod

1106 2171 1242 2218 agitur
1258 2170 1300 2209 in
1319 2171 1508 2220 praesenti
1531 2173 1737 2223 tempore,
1763 2175 1884 2214 restet

1104 2224 1218 2264 aliud
1229 2223 1450 2276 judicium.

1058 2280 1162 2319 Anr.
1195 2291 1255 2319 v1.
1291 2281 1439 2320 Utrum
1461 2278 1679 2332 Judiciaria
1712 2284 1885 2334 potestas

1103 2344 1145 2373 se
1168 2333 1358 2373 extendat
1378 2334 1431 2373 ad
1455 2334 1637 2386 angelos.
1829 2348 1835 2365 ’-
1905 2341 1978 2378 498

1345 2423 1568 2471 QUAESTIO
1601 2424 1683 2464 LX.

1056 2488 1107 2524 De
1121 2492 1373 2532 sacramentis,
1392 2491 1436 2526 in
1450 2493 1528 2526 octo
1550 2492 1729 2527 articulos
1747 2493 1878 2529 divisa.
1915 2495 1978 2531 500

1055 2558 1158 2597 ΑΒΤ.
1191 2570 1220 2598 ι.
1247 2558 1395 2598 Utrum
1422 2562 1725 2600 sacramentum
1752 2559 1808 2601 sit
1833 2561 1878 2603 in

1103 2624 1245 2661 genere
1259 2612 1383 2664 signi.

1055 2669 1158 2707 ΑΒΤ.
1182 2680 1229 2707 ιι.
1245 2668 1394 2709 Utrum
1410 2680 1532 2708 omne
1549 2670 1717 2719 signum
1734 2670 1794 2711 rei
1813 2682 1880 2713 sa-

1102 2733 1178 2762 crae
1200 2722 1254 2762 sit
1271 2726 1586 2764 sacramentum.

1055 2778 1160 2817 ΑΒΤ.
1176 2790 1241 2818 ιιι.
1258 2779 1406 2818 Utrum
1427 2781 1731 2821 sacramentum
1746 2779 1802 2822 sit
1821 2783 1878 2823 si-

1101 2843 1231 2882 gnum
1250 2833 1374 2872 unius
1394 2833 1452 2873 rei
1470 2834 1648 2875 tantum.

1054 2889 1158 2927 ΑΒΤ.
1175 2899 1233 2927 lv.
1244 2888 1391 2928 Utrum
1405 2893 1705 2930 sacramentum
1715 2888 1770 2930 sit
1778 2901 1882 2931 sem-

1102 2954 1170 2991 per
1184 2943 1321 2993 aliqua
1344 2954 1407 2983 res
1427 2944 1645 2985 sensibilis.

1052 2997 1157 3037 Anr.
1179 3009 1221 3037 v.
1248 2997 1395 3037 Utrum
1414 2998 1673 3050 requirantur
1689 2999 1879 3040 determi-

1101 3057 1206 3094 natae
1223 3065 1287 3094 res
1306 3054 1358 3094 ad
1378 3058 1640 3095 sacramenta.

1051 3109 1156 3150 ΑΒΤ.
1176 3121 1233 3149 vl.
1256 3109 1406 3150 Utrum
1432 3113 1474 3149 in
1498 3110 1797 3160 significatione
1813 3123 1878 3152 sa-

1099 3168 1400 3204 cramentorum
1415 3166 1675 3216 requirantur
1695 3167 1830 3207 verba.

1051 3219 1156 3258 ΑΒΤ.
1179 3230 1255 3258 vn.
1283 3219 1428 3258 Utrum
1465 3221 1725 3270 requirantur
1752 3221 1876 3262 deter-

1098 3273 1257 3312 minata
1274 3273 1396 3313 verba
1415 3274 1459 3312 in
1476 3275 1753 3315 sacramentis.

1050 3329 1152 3367 Aur.
1166 3340 1259 3367 v111.
1277 3329 1422 3368 Utrum
1434 3329 1552 3369 liceat
1564 3329 1722 3381 aliquid
1737 3329 1880 3372 addere

1052 3423 1054 3426 ,
1098 3383 1231 3423 verbis
1246 3383 1288 3422 in
1306 3383 1455 3434 quibus
1470 3385 1654 3425 consistit
1669 3385 1798 3424 forma
1815 3397 1876 3425 sa·

1098 3441 1415 3478 crementorum.

1178 3504 1220 3536 A

1910 1245 1984 1282 490

1920 1447 1978 1484 491

1910 1575 1980 1612 491

1909 1739 1982 1776 493
2017 1708 2025 1716 .

1906 1902 1977 1940 494

1906 2068 1979 2105 495

1904 2232 1976 2270 497

1904 2624 1976 2659 500

1904 2733 1972 2769 501

1904 2844 1973 2880 502

1904 2953 1972 2989 504

1903 3064 1972 3100 505

1901 3174 1970 3209 506

1901 3283 1971 3318 508

1900 3447 1969 3483 509
