2170 3808
684 219 884 270 QUAEs'r.
914 219 1052 277 mi,
1079 219 1198 262 ART.
1228 220 1261 263 1.
1834 218 1916 259 377

86 303 155 350 Ad
184 306 385 361 primum
416 313 528 357 ergo
565 300 831 353 dicendum,
869 299 994 357 quod
1031 299 1147 344 illud
1182 298 1376 343 verbum
1413 298 1710 343 referendum
1749 301 1820 342 est
1855 297 1912 342 ad

35 369 253 412 aeternam
295 365 373 411 Dei
415 363 720 419 locutionem,
770 362 863 420 qua
904 366 1027 407 Deus
1070 365 1202 407 Pater
1240 361 1440 406 Verbum
1479 361 1672 406 unicum
1722 359 1913 417 protulit

41 427 122 474 iibi
160 434 456 473 coaeternum.
496 428 551 471 Et
582 430 738 470 tamen
776 429 929 482 potest
963 423 1051 470 dici
1089 422 1217 480 quod
1251 422 1357 468 licet
1397 423 1521 468 idem
1550 420 1775 480 corporali
1799 433 1913 467 voce

34 490 153 536 Deus
186 489 443 547 protulerit,
480 499 575 532 non
604 491 762 531 tamen
790 491 976 544 propter
1003 485 1145 542 idem,
1179 484 1262 530 sed
1295 484 1356 530 ad
1385 485 1728 530 ostendendum
1760 482 1914 529 diver-

33 563 139 597 sum
170 551 360 598 modum
392 562 484 608 quo
514 549 728 595 homines
755 547 1031 605 participare
1065 551 1264 604 possunt
1296 546 1648 591 similitudinem
1679 545 1912 590 filiationis

33 618 234 660 aeternae.
273 660 278 665 ,
952 652 962 660 .
1488 656 1491 658 ,

84 675 156 722 Ad
174 674 416 720 secundum
444 673 713 729 dicendum,
746 672 872 729 quud
901 671 1025 716 sicut
1044 671 1094 716 in
1114 669 1365 727 baptismo,
1399 669 1482 714 ubi
1510 669 1795 715 declaratum
1826 668 1910 715 fuit

33 737 307 795 mysterium
339 737 500 793 primae
519 734 899 793 regenerationiS,
933 738 1122 779 ostensa
1151 737 1224 778 est
1254 732 1459 789 operatio
1490 731 1633 776 totius
1663 731 1909 789 Trinitati8‚

33 809 118 856 per
148 799 237 844 hoc
270 797 393 857 quud
425 797 512 842 fuit
543 796 609 842 ibi
642 797 784 842 Filius
821 797 1109 852 incarnatus,
1151 794 1365 852 apparuit
1402 794 1595 852 Spiritus
1633 798 1823 838 sanctus
1861 793 1909 837 in

33 859 188 916 specie
205 859 446 916 columbae,
463 864 512 905 et
542 861 676 904 Pater
707 857 796 903 fuit
816 857 880 903 ibi
909 857 1168 904 declaratus
1185 857 1236 901 in
1263 868 1408 912 voce3
1433 857 1497 901 ita
1524 855 1664 900 etiam
1686 855 1735 899 in
1755 858 1911 899 trans-

33 917 324 978 figuratione,
344 933 450 978 quae
479 926 550 967 est
569 924 916 967 sacramentum
945 919 1163 965 secundae
1189 918 1570 975 regenerationis,
1591 923 1687 962 tota
1717 916 1912 961 Trinitas

33 983 261 1041 apparuit,
299 986 431 1028 Pater
458 983 508 1028 in
544 995 676 1038 voce,
714 982 857 1027 Filius
899 981 948 1026 in
984 981 1187 1037 homine,
1229 980 1425 1036 Spiritus
1463 984 1656 1025 sanctus
1695 978 1745 1022 in
1787 977 1912 1023 nube

33 1043 159 1089 clara
196 1059 209 1088 z
246 1045 354 1102 quia
385 1044 507 1090 sicut
543 1044 592 1088 in
635 1044 864 1101 baptismo
907 1043 988 1103 dat
1017 1042 1347 1098 innocentiam,
1381 1054 1487 1098 quae
1523 1054 1609 1098 per
1642 1039 1912 1097 simplicita-

34 1107 127 1150 tem
157 1105 385 1152 columbae
417 1106 705 1162 designatur,
743 1106 807 1150 ita
841 1105 891 1150 in
926 1104 1262 1149 resurrectione
1288 1103 1417 1148 dabit
1451 1102 1611 1148 electis
1643 1102 1743 1163 suis
1777 1101 1913 1146 clari-

34 1170 176 1214 tatem
206 1168 364 1225 gloriae
401 1174 447 1214 et
480 1168 770 1225 refrigerium
807 1167 867 1212 ab
905 1166 1033 1211 omni
1072 1166 1212 1224 malo,
1249 1177 1357 1222 quae
1373 1166 1679 1222 designantur
1702 1165 1750 1208 in
1786 1163 1912 1211 nube

32 1227 186 1275 lucida
214 1233 288 1286 (1).

84 1291 151 1336 Ad
173 1296 358 1336 tertium
386 1292 651 1347 dicendum,
673 1289 798 1348 quod
833 1291 1040 1335 Christus
1071 1294 1264 1334 venerat
1285 1290 1481 1347 gratiam
1515 1288 1756 1334 actualiter
1782 1288 1909 1344 dare,

31 1351 226 1407 gloriam
238 1354 351 1399 vero
367 1354 635 1411 promittere
649 1352 805 1397 verbo.
829 1352 997 1397 Etideo
1012 1351 1402 1397 convenienterin
1423 1350 1827 1407 transfiguratione
1842 1351 1911 1394 in-

32 1414 267 1459 ducuntur
287 1415 499 1460 homines
520 1421 573 1459 ut
593 1415 749 1472 ipsum
764 1414 970 1468 audiant,
1002 1427 1095 1458 non
1115 1418 1272 1458 autem
1289 1414 1338 1457 in
1361 1412 1607 1470 baptismo·

85 1475 153 1521 Ad
172 1480 387 1533 quartum
420 1477 690 1533 dicendum,
717 1475 842 1534 quod
864 1476 1148 1521 conveniens
1179 1475 1267 1519 fuit
1299 1475 1552 1531 discipulos
1585 1487 1698 1519 voce
1721 1475 1913 1531 paterna

31 1537 192 1582 terreri
209 1542 256 1582 et
271 1539 519 1595 prosterni,
535 1543 588 1583 ut
598 1538 922 1583 ostenderetur
932 1537 1058 1594 quod
1075 1536 1349 1583 excellentia
1366 1537 1490 1581 illius
1509 1536 1668 1593 gloriae
1683 1549 1787 1594 quae
1802 1541 1914 1581 tunc

26 1598 453 1657 demonstrabatur,
468 1601 650 1647 excedit
663 1611 850 1646 omnem
876 1612 1067 1645 sensum
1090 1604 1138 1645 et
1157 1599 1424 1644 facultatem
1441 1599 1722 1653 mortalium,
1746 1611 1912 1643 secun-

33 1659 146 1705 dum
164 1661 279 1707 illud
294 1662 451 1716 (Exodi
465 1677 609 1720 xxxin,
627 1665 698 1718 ΞΟ)
722 1679 733 1707 2
753 1666 855 1707 Non
869 1663 1036 1706 videbit
1049 1675 1119 1706 me
1136 1663 1285 1720 homo,
1301 1667 1344 1705 et
1359 1665 1496 1705 vivet.
1525 1663 1579 1705 Et
1598 1661 1686 1705 hoc
1701 1660 1913 1717 estquod

33 1722 341 1781 Hieronymus
359 1724 470 1770 dicit
488 1726 648 1784 (Super
666 1725 818 1769 Matth.
835 1737 939 1781 sup.
963 1724 1079 1770 illud
1095 1736 1197 1780 cap.
1219 1725 1291 1780 17)
1310 1739 1323 1767 z
1346 1724 1594 1768 Audientes
1612 1723 1825 1778 discipuli
1840 1736 1912 1766 ce-

34 1785 258 1842 ciderunt,
283 1788 390 1841 etc.)
422 1786 548 1843 quod
582 1787 815 1831 «humana
839 1785 1064 1844 fragilitas
1087 1790 1390 1842 conspectum
1404 1785 1595 1843 majoris
1618 1784 1776 1841 gloriae
1794 1783 1913 1829 ferre

34 1858 129 1890 non
146 1847 361 1893 sustinet.
373 1866 394 1888 ι»
416 1847 581 1893 Abhac
594 1854 751 1893 autem
764 1849 1011 1904 fragilitate
1023 1853 1247 1893 sanantur
1262 1848 1475 1893 homines
1492 1860 1576 1904 per
1590 1847 1819 1891 Christum
1836 1849 1910 1903 (⁶2),

34 1908 117 1954 eos
150 1909 198 1953 in
233 1909 427 1966 gloriam
461 1910 735 1956 adducendo
770 1924 782 1955 ε
807 1910 933 1967 quod
962 1910 1249 1966 significatur
1282 1923 1367 1967 per
1387 1911 1478 1954 hoc
1500 1909 1627 1966 quod
1646 1908 1763 1953 dixit
1798 1909 1867 1954 eis
1901 1923 1913 1953 z

32 1971 228 2027 Sumite,
241 1971 378 2014 nolite
390 1973 563 2016 timere.

282 2185 342 2218 DE
374 2183 599 2219 PASSIONE
633 2182 833 2233 CHRISTI,
862 2184 911 2219 IN
943 2184 1180 2220 DUODECIM
1206 2184 1464 2220 ARTICULOS
1494 2185 1662 2221 DIVISA.

82 2275 374 2325 consequenter
393 2272 733 2313 considerandum
750 2277 811 2314 est
828 2273 878 2313 de
896 2272 963 2312 his
979 2284 1073 2324 quae
1091 2272 1294 2324 pertinent
1313 2273 1366 2313 ad
1382 2273 1540 2313 exitum
1553 2273 1707 2314 Christi
1724 2274 1773 2313 de
1790 2285 1911 2313 mun-

34 2327 102 2375 do,
123 2330 162 2367 et
179 2325 312 2377 primo
329 2326 379 2366 de
399 2327 586 2377 passione
603 2325 716 2378 ejus3
735 2327 927 2377 secundo,
950 2326 999 2367 de
1020 2331 1171 2375 morte3
1190 2327 1311 2367 tertio
1325 2357 1336 2376 ‚
1363 2326 1413 2367 de
1431 2327 1665 2378 sepultura;
1684 2329 1843 2380 quarto,
1864 2328 1915 2369 de

34 2381 228 2422 descensu
251 2380 303 2421 ad
324 2381 488 2421 inferos.
513 2381 628 2422 Circa
654 2382 886 2432 passionem
913 2382 1088 2422 occurrit
1110 2382 1258 2432 triplex
1284 2381 1565 2422 consideratio.
1588 2382 1726 2422 Prima
1752 2382 1802 2423 de
1826 2383 1914 2434 ipsa

33 2436 240 2487 passione3
258 2435 449 2485 secunda,
478 2435 528 2476 de
552 2447 675 2476 causa
692 2436 891 2477 efficIente
908 2437 1132 2487 passionis;
1154 2437 1296 2484 tertia,
1323 2437 1372 2476 de
1399 2437 1535 2477 fructu
1564 2437 1777 2488 passionis.
1802 2438 1914 2479 Circa

34 2491 218 2543 primum
234 2493 475 2542 quaeruntur
493 2490 705 2531 duodecim
730 2506 741 2530 ι
770 2497 806 2531 1⁰
822 2492 973 2532 Utrum
993 2503 1153 2532 necesse
1181 2491 1304 2531 fuerit
1319 2491 1530 2532 Christum
1552 2493 1640 2543 pati
1668 2504 1740 2543 pro
1768 2492 1914 2534 libera·

33 2543 144 2585 tione
165 2543 401 2585 hominum.
421 2566 467 2574 -
487 2551 526 2585 2⁰
543 2545 692 2587 Utrum
709 2546 832 2585 fuerit
848 2546 958 2586 alius
974 2545 1123 2586 modus
1146 2546 1351 2598 possibilis
1369 2546 1622 2587 liberationis
1640 2546 1847 2588 humanae.
1865 2571 1914 2577 -—

35 2604 76 2640 3⁰
91 2599 241 2640 Utrum
265 2598 336 2639 ille
352 2599 501 2640 modus
525 2600 648 2640 fuerit
668 2601 986 2642 convenientior.
1005 2623 1052 2629 -
1077 2606 1117 2641 4⁰
1141 2600 1291 2642 Utrum
1316 2601 1443 2641 fuerit
1473 2601 1720 2642 conveniens
1740 2602 1851 2653 quod
1867 2602 1912 2643 in

36 2656 150 2695 cruce
166 2657 382 2705 pateretur.
396 2676 442 2684 —
462 2660 501 2694 5⁰
520 2656 581 2695 De·
593 2654 851 2705 generalitate
869 2656 1070 2708 passionis
1084 2656 1185 2707 ejus.
1205 2679 1252 2685 —
1267 2663 1306 2695 6⁰
1324 2657 1469 2696 Utrum
1485 2655 1600 2696 dolor
1617 2667 1742 2707 quem
1761 2661 1804 2697 in
1821 2669 1913 2708 pas-

36 2707 150 2749 sione
164 2707 379 2758 sustinuit,
391 2708 514 2748 fuerit
527 2709 749 2750 maximus.
769 2733 816 2740 —
834 2715 874 2750 7ο
892 2711 1040 2751 Utrum
1054 2715 1139 2751 tota
1153 2711 1294 2750 anima
1313 2709 1402 2761 ejus
1418 2714 1635 2762 pateretur.
1650 2732 1699 2739 -
1715 2714 1754 2749 8⁰
1768 2711 1913 2752 Utrum

38 2762 168 2814 passio
181 2761 268 2812 ejus
281 2762 538 2812 impediverit
550 2764 750 2814 gaudium
763 2765 1038 2805 fruitionis.———
1053 2770 1093 2804 9ο
1109 2767 1164 2805 De
1179 2769 1359 2816 tempore
1374 2765 1589 2815 passionis.
1604 2786 1652 2792 —-
1669 2769 1730 2803 10⁰
1743 2765 1799 2805 De
1813 2765 1912 2807 loco.

0 2815 1 2821 ’
36 2840 86 2847 -
105 2823 165 2857 11⁰
180 2817 326 2857 Utrum
341 2820 585 2859 conveniens
602 2819 722 2859 fuerit
735 2820 872 2872 ipsum
890 2832 987 2861 cum
999 2820 1230 2860 latronibus
1242 2820 1440 2871 cruciligi.
1462 2842 1508 2848 —
1527 2825 1588 2859 12⁰
1608 2819 1758 2860 Utrum
1779 2822 1913 2872 passio

37 2871 170 2923 ipsius
191 2868 342 2910 Christi
364 2871 418 2910 sit
435 2872 644 2912 divinitati
662 2875 937 2915 attribuenda.

93 2935 433 2977 ARTICULUS
451 2936 551 2976 1.—
562 2947 698 2978 urhun
711 2949 858 2979 runnu*
872 2949 1150 2980 NEcnssAmun
1165 2949 1367 2979 cnmsrun
1386 2924 1476 2978 rA'ri
1494 2949 1575 2980 Plio
1590 2949 1858 2981 ιιΒΕιιΑτιοΝε

753 3010 906 3041 numm
927 3010 1100 3042 cennius
1121 3000 1197 3052 (3).

142 3065 192 3100 Do
209 3064 262 3099 his
274 3065 375 3099 etiam
386 3065 480 3098 Sent.
495 3072 548 3105 111,
560 3063 638 3098 dist.
652 3064 706 3104 20.
723 3070 789 3101 art.
807 3067 842 3109 t,
860 3070 974 3109 quaest.
991 3075 1045 3109 ιιι,
1063 3070 1098 3101 et
1112 3070 1177 3102 art.
1195 3067 1229 3106 4,
1247 3071 1362 3107 quaest.
1376 3074 1402 3107 1,
1426 3071 1460 3101 et
1482 3068 1604 3108 opusc.
1617 3075 1672 3109 111,
1685 3077 1757 3110 cap.
1775 3068 1810 3104 ⁷.

93 3118 161 3164 Ad
193 3118 395 3175 primum
430 3118 498 3162 sic
531 3118 811 3174 proceditur.
842 3125 885 3166 1.
921 3122 1108 3166 Videtur
1140 3120 1263 3177 quod
1300 3132 1394 3164 non
1429 3121 1568 3166 fuerit
1600 3124 1913 3169 necessarium

80 3212 222 3255 fflHinc
233 3213 378 3248 Ecclesia
390 3213 426 3248 in
441 3213 580 3248 collecta
594 3213 786 3248 festivitatis
797 3215 934 3250 transii·
1015 3217 1139 3259 ipsum
1158 3227 1180 3250 a
1220 3216 1260 3250 bo
1285 3225 1471 3250 acsessum
1497 3217 1665 3252 habemus
1688 3219 1736 3252 ad
1766 3220 1914 3255 Patrem

38 3261 224 3303 eui-ationis
251 3272 258 3294 z
286 3261 379 3295 Deus
405 3262 468 3303 qui
494 3262 538 3295 in
558 3262 742 3303 uniyenici
768 3263 824 3296 tui
851 3264 934 3306 910-
1017 3264 1148 3305 (Ephes.
1173 3272 1225 3298 1¹.
1252 3264 1298 3298 In
1316 3273 1384 3308 quo
1410 3265 1580 3299 habemas
1603 3266 1778 3308 fiduciam
1803 3272 1835 3302 et
1855 3278 1913 3300 ac-

37 3309 140 3344 riom
163 3310 490 3351 transfiyuratione
509 3309 744 3352 adoptionem
769 3306 935 3351 filioram?
1017 3323 1152 3346 cessum
1164 3313 1205 3345 in
1221 3313 1438 3355 confidentia
1449 3323 1518 3356 per
1529 3314 1635 3353 fidem
1645 3316 1722 3356 ejus
1737 3315 1833 3352 (ibid.
1847 3321 1912 3351 ur.

37 3356 234 3399 perfectam
256 3366 337 3391 voce
367 3357 523 3399 delapsa
540 3358 632 3391 nube
664 3358 796 3392 lucida
817 3358 932 3394 mira-
1020 3358 1094 3400 Qui
1127 3359 1259 3394 multos
1293 3360 1393 3403 filios
1428 3362 1471 3395 in
1502 3362 1662 3405 qloriam
1699 3362 1912 3399 adduxerat

39 3400 163 3438 witer
177 3406 429 3448 praesiynasti.
1022 3406 1140 3447 (liebr.
1160 3407 1211 3448 11).

80 3450 123 3491 (2)
145 3452 241 3493 Quod
263 3454 346 3493 saepc
363 3453 480 3493 saepius
499 3453 603 3487 tradit
627 3454 807 3494 Apostolus
831 3465 839 3485 ε
862 3455 934 3485 Per
1062 3456 1100 3492 (5)
1124 3455 1163 3489 In
1181 3455 1243 3489 hac
1257 3457 1437 3496 quaestione
1453 3470 1519 3491 non
1539 3459 1648 3495 agitur
1662 3457 1702 3491 de
1715 3458 1912 3497 necessitate
