2170 3808
200 194 283 239 508
770 189 966 244 QUAEST.
998 190 1082 245 LX,
1113 190 1231 233 ART.
1263 190 1318 233 vt
1343 191 1409 234 ET
1435 192 1524 236 vll.

200 287 310 320 men
323 274 375 319 in
390 274 571 320 ratione
587 271 897 328 significandi,
920 285 1027 328 quae
1047 271 1296 328 perfectior
1317 273 1459 317 estin
1475 272 1634 317 verbis
1655 270 1799 330 quam
1819 272 1870 316 in
1899 271 2003 317 aliis
2027 285 2098 319 re-

199 335 306 382 bus.
322 339 374 382 Et
390 335 495 382 ideo
511 347 567 379 ex
584 333 739 379 verbis
755 339 803 379 et
817 333 958 378 rebus
978 330 1031 378 fit
1045 333 1389 390 quodammodo
1406 346 1556 379 unum
1574 335 1623 379 in
1639 334 1957 391 sacramentis,
1977 334 2099 382 sicut

198 397 347 443 forma
366 401 414 442 et
433 394 630 440 materia
666 397 743 452 (1),
778 394 1059 452 inquantum
1088 394 1264 439 scilicet
1281 406 1366 451 per
1400 395 1541 440 verba
1563 393 1801 454 perficitur
1821 395 2097 453 significatio

198 469 378 515 rerum,
413 461 466 501 ut
497 456 675 501 dictum
711 460 781 501 est
807 456 872 511 (in
900 469 1027 513 corp.
1064 459 1112 500 et
1146 460 1233 500 art.
1275 467 1415 512 praec.
1452 457 1511 502 ad
1546 460 1607 512 3).
1637 457 1730 502 Sub
1759 457 1903 502 rebus
1939 462 2097 505 autem

199 518 662 576 comprehenduntur
696 518 837 563 etiam
871 518 961 576 ipsi
1004 522 1137 563 actus
1176 517 1452 576 sensibiles,
1487 519 1600 576 puta
1636 518 1834 576 ablutio,
1867 518 2095 574 inunctio,

197 586 244 626 et
264 581 354 626 alia
375 579 670 638 hujusmodi,
692 581 803 639 quia
836 580 885 625 in
908 580 981 625 his
1003 586 1077 626 est
1105 580 1270 626 eadem
1301 580 1420 625 ratio
1453 580 1761 638 significandi,
1793 584 1841 626 et
1867 581 1916 625 in
1935 581 2094 627 rebus·

254 642 322 688 Ad
354 646 536 686 tertium
579 642 857 697 dicendum,
883 641 1038 699 quod,
1072 642 1194 687 sicut
1222 641 1512 699 Augustinus
1547 643 1659 689 dicit
1689 647 1851 689 contra
1877 644 2098 688 Faustum

199 704 291 759 (lib.
310 719 396 762 xix,
421 717 523 762 cap.
544 707 600 750 16
624 709 671 750 et
701 707 790 759 17),
811 704 902 748 alia
925 704 1099 749 debent
1127 716 1233 750 esse
1254 710 1547 750 sacramenta
1573 706 1636 751 rei
1655 704 1916 764 praesentis,
1942 709 1990 750 et
2007 704 2097 749 alia
2166 726 2170 728 ·

197 766 264 812 rei
298 767 482 812 futurae.
516 770 814 811 Sacramenta
845 771 1002 810 autem
1025 766 1197 811 veteris
1224 766 1343 823 legis
1367 768 1630 824 praenuntia
1650 772 1785 813 erant
1804 766 1968 812 Christi
1987 778 2098 811 ven-

198 828 320 885 turi3
347 834 394 874 et
421 827 525 873 ideo
550 840 643 872 non
674 828 737 872 ita
767 829 990 885 expresse
1019 825 1348 883 significabant
1375 829 1630 888 Christum,
1655 830 1776 875 sicut
1807 833 2098 874 sacramenta

198 891 483 949 novaelegis,
503 902 610 947 quae
626 890 686 934 ab
702 890 804 946 ipso
819 890 999 935 Christo
1019 891 1236 945 effluunt,
1254 895 1301 937 et
1317 893 1569 948 quamdam
1584 892 1937 938 similitudinem
1948 890 2097 948 ipsius

197 952 246 997 in
267 965 317 998 se
347 953 535 1009 habent,
557 958 610 998 ut
634 954 811 998 dictum
831 958 903 998 est
928 953 993 1007 (in
1016 966 1143 1010 corp.
1167 956 1285 1009 art.).
1310 954 1567 999 Utebantur
1583 958 1740 1000 tamen
1760 955 1810 1000 in
1827 953 1974 999 veteri
1995 954 2098 1011 lege

199 1013 433 1071 aliquibus
455 1014 611 1059 verbis
633 1015 681 1058 in
706 1015 779 1059 his
802 1027 909 1071 quae
929 1015 989 1060 ad
1018 1015 1197 1060 cultum
1219 1016 1297 1060 Dei
1318 1016 1570 1073 pertinent,
1591 1020 1687 1060 tam
1718 1016 1997 1071 sacerdotes,
2017 1013 2096 1072 qui

198 1080 332 1121 erant
361 1081 762 1122 sacramentorum
795 1077 981 1121 illorum
1017 1077 1248 1134 ministri,
1272 1078 1534 1123 secundum
1569 1077 1687 1123 illud
1709 1081 1869 1132 (Num.
1903 1091 1970 1133 vi,
1993 1078 2096 1130 23)=

198 1141 273 1183 Sic
288 1139 558 1183 benedicetis
574 1140 684 1194 filiis
706 1141 853 1183 Israel
867 1144 912 1184 et
933 1141 1093 1184 dicetis
1108 1143 1170 1184 eis
1188 1156 1202 1182 .·
1216 1141 1465 1184 Benedicat
1487 1140 1568 1184 tibi
1583 1143 1936 1196 Dominus,etc.,
1955 1137 2099 1195 quam

198 1199 335 1245 etiam
355 1200 421 1245 illi
434 1202 513 1259 qui
534 1202 626 1246 illis
647 1201 952 1246 sacramentis
970 1202 1239 1258 utebantur,
1260 1203 1523 1247 secundum
1542 1201 1660 1247 illud
1679 1203 2005 1256 (Deuter.xxvi,
2022 1201 2096 1256 3)=

198 1265 417 1317 Profiteor
439 1264 574 1307 hodie
590 1277 744 1307 coram
763 1266 954 1307 Domino
968 1268 1063 1307 Deo
1088 1268 1179 1321 tuo,
1206 1265 1340 1321 quod,
1367 1269 1457 1308 etc.

308 1326 654 1372 ARTICULUS
698 1329 899 1371 vl1.-
935 1341 1071 1370 urium
1112 1340 1401 1377 REQmRANTun
1440 1339 1734 1370 DETERfflNA'rA
1774 1338 1908 1369 VERBA
1944 1337 1987 1369 m

950 1403 1230 1433 SAanMEN‘rxs
1270 1393 1346 1443 (2).

257 1449 321 1496 Ad
338 1451 589 1507 septimum
615 1451 683 1495 sic
705 1451 988 1507 proceditur.
1011 1455 1053 1496 1.
1078 1451 1267 1496 Videtur
1289 1451 1418 1507 qued
1438 1464 1532 1495 non
1560 1450 1857 1506 requirantur
1877 1447 2097 1494 determi-

199 1516 309 1557 nata
325 1512 469 1558 verba
490 1513 538 1556 in
559 1512 879 1557 sacramentis.
904 1515 959 1558 Ut
974 1513 1099 1557 enim
1123 1513 1431 1570 Philosophus
1453 1513 1566 1557 dicit
1589 1512 1803 1565 (Periher.
1825 1510 1907 1555 lib.
1931 1525 1961 1567 1,
1984 1510 2096 1556 circ.

198 1575 344 1632 princ.
349 1576 380 1631 ),
410 1592 431 1613 «
450 1587 591 1619 voces
613 1587 706 1618 non
737 1580 848 1620 sunt
866 1575 1040 1620 eaedem
1067 1575 1192 1632 apud
1208 1587 1390 1619 omnes.
1417 1593 1437 1614 »
1458 1574 1546 1619 Sed
1563 1573 1692 1618 salus
1716 1584 1823 1629 quae
1836 1584 1921 1629 per
1941 1584 2099 1617 sacra-

199 1639 355 1680 menta
374 1636 613 1693 quaeritur,
638 1640 710 1681 est
732 1635 897 1681 eadem
916 1637 1039 1693 apud
1063 1649 1245 1681 omnes.
1272 1639 1391 1693 Ergo
1413 1648 1508 1680 non
1526 1634 1830 1691 lequiruntur
1846 1633 2002 1700 aliqua
2020 1633 2098 1678 de·

199 1697 445 1742 terminata
468 1697 647 1743 verba
636 1711 684 1742 1n
709 1699 1028 1744 sacramenti&

250 1764 292 1805 2.
325 1763 564 1816 Praeterea,
589 1762 733 1806 verba
754 1761 1059 1817 requiruntur
1085 1762 1134 1806 in
1159 1760 1480 1815 sacramentis,
1502 1759 1783 1817 inquantum
1805 1761 1917 1804 sunt
1933 1758 2100 1816 princi-

198 1823 362 1879 paliter
377 1823 563 1879 signific
563 1824 703 1879 ativa,
725 1823 847 1868 sicut
862 1823 1039 1868 dictum
1057 1829 1127 1870 est
1146 1827 1250 1878 (art.
1269 1836 1410 1880 praec.
1413 1825 1443 1879 ).
1465 1822 1554 1868 Sed
1573 1821 1802 1879 contingit
1820 1832 1902 1878 per
1916 1820 2100 1867 diversa

195 1885 338 1930 verba
369 1886 492 1931 idem
526 1886 798 1942 significari.
837 1888 957 1942 Ergo
986 1899 1082 1931 non
1108 1886 1412 1944 requiruntur
1443 1884 1753 1930 determinata
1776 1883 1920 1928 verba
1947 1883 1997 1928 in
2029 1896 2101 1963 sa·

195 1947 463 1992 oramentis.

251 2013 293 2055 3.
326 2013 576 2068 Praeterea,
610 2013 846 2069 corruptio
883 2011 1137 2070 cujuslibet
1167 2011 1235 2055 rei
1273 2010 1423 2054 variat
1464 2010 1569 2067 eJus
1601 2009 1822 2067 speciem.
1863 2008 1951 2054 Sed
2001 2007 2101 2065 qui-

197 2073 303 2118 dam
338 2073 557 2129 corrupte
585 2074 730 2118 verba
765 2075 1037 2131 proferunt,
1067 2086 1154 2118 nec
1186 2077 1343 2117 tamen
1371 2076 1560 2128 propter
1588 2072 1678 2116 hoc
1706 2071 1910 2116 creditur
1941 2082 2099 2115 sacra—

197 2140 462 2180 mentorum
498 2135 693 2179 effectus
734 2136 975 2194 impediri,
1012 2135 1222 2192 alioquin
1252 2135 1474 2179 illitterati
1514 2139 1561 2180 et
1599 2133 1750 2191 balbi,
1785 2132 1867 2190 qui
1900 2132 1990 2177 ista
2020 2143 2098 2176 sa-

197 2202 435 2243 cramenta
480 2198 730 2242 conferunt
747 2233 758 2255 ,
801 2200 1072 2257 frequenter
1108 2199 1343 2244 defectum
1377 2197 1425 2241 in
1462 2196 1767 2242 sacramentis
1805 2195 2095 2241 inducerent,

197 2263 315 2318 Ergo
332 2260 518 2305 videtur
552 2260 680 2317 quod
700 2273 794 2305 non
817 2262 1118 2319 requirantur
1139 2261 1189 2305 in
1214 2260 1519 2305 sacramentis
1549 2259 1859 2305 determinata
1882 2257 2028 2303 verba

254 2323 341 2368 Sed
370 2326 532 2366 contra
549 2326 622 2367 est
646 2323 771 2379 quod
805 2325 1029 2369 Dominus
1056 2323 1364 2369 determinata
1385 2322 1528 2367 verba
1556 2322 1750 2379 protulit
1777 2321 1826 2366 in
1859 2332 2099 2366 consecra-

200 2385 324 2430 tione
353 2384 632 2429 sacramenti
665 2386 990 2443 Eucharistiae,
1021 2385 1183 2431 dicens
1210 2386 1379 2441 (Matth.
1415 2399 1530 2440 xxw,
1567 2387 1639 2440 26)
1666 2399 1677 2428 ε
1706 2387 1803 2427 Hoc
1838 2386 1907 2435 est
1937 2395 2098 2439 corpus

196 2461 370 2503 meum,·
395 2445 609 2491 similiter
630 2446 770 2491 etiam
790 2448 1032 2492 mandavit
1057 2447 1299 2504 discipulis
1318 2451 1371 2491 ut
1391 2446 1481 2490 sub
1496 2446 1803 2491 determinata
1825 2443 1976 2488 forma
1997 2456 2099 2488 ver-

195 2511 366 2558 borum
405 2510 712 2568 baptizarent,
748 2512 910 2557 dicens
943 2512 1110 2567 (Matth.
1142 2512 1228 2556 ult.
1252 2513 1349 2566 19):
1377 2514 1548 2553 Euntes
1577 2510 1730 2553 docete
1756 2521 1906 2552 omnes
1925 2510 2096 2565 gentes,

191 2575 481 2632 baptizantes
499 2587 572 2617 eos
595 2576 645 2617 in
667 2578 844 2618 nomine
863 2578 1037 2631 PatriS,
1055 2578 1099 2618 et
1117 2574 1247 2629 Filii,
1272 2577 1316 2617 et
1337 2575 1538 2630 Spiritas
1560 2574 1708 2615 sancti

243 2649 537 2690 CONCLUSIO.
554 2671 599 2678 -
613 2648 719 2689 Cum
735 2649 1006 2689 determinata
1019 2649 1073 2689 sit
1087 2652 1436 2689 sacramentorum
1450 2647 1636 2695 materia,
1653 2646 1933 2687 determinatae
1947 2645 2099 2686 scilicet

195 2704 409 2800 1sensibiles
437 2716 500 2746 res
520 2717 531 2744 ε
554 2704 690 2744 multo
713 2705 847 2756 magis
869 2709 1025 2757 oportet
1054 2704 1371 2745 determinatam
1406 2714 1490 2744 esse
1514 2702 1734 2743 verborum
1757 2702 1802 2741 in
1833 2700 2101 2742 sacramentis

211 2771 386 2802 ormam.

251 2829 526 2887 Respondeo
547 2829 799 2874 dicendum
820 2829 960 2886 quod,
982 2829 1103 2874 sicut
1131 2829 1310 2875 dictum
1328 2833 1400 2873 est
1423 2831 1526 2883 (art.
1550 2838 1691 2884 praec.
1720 2826 1780 2871 ad
1809 2828 1866 2883 2),
1883 2826 1932 2870 in
1948 2837 2098 2870 sacra-

195 2892 364 2938 mentis
384 2890 527 2936 verba
546 2903 597 2936 se
623 2891 798 2935 habent
826 2904 910 2948 per
931 2892 1124 2936 modum
1155 2892 1332 2948 formae,
1358 2901 1435 2934 res
1457 2892 1614 2934 autem
1640 2888 1886 2934 sensibiles
1900 2899 1984 2945 per
2003 2899 2098 2932 mo·

195 2955 309 3001 dum
330 2953 552 2999 materiae.
579 2955 630 2997 ln
649 2953 870 2999 omnibus
898 2960 1056 2999 autem
1088 2953 1358 3011 compositis
1384 2965 1442 2998 ex
1473 2951 1669 2996 materia
1698 2956 1742 2996 et
1770 2950 1918 2995 forma
1931 2949 2098 3008 princi·

194 3016 325 3075 pium
354 3016 756 3063 determinationis
780 3021 852 3062 est
879 3029 939 3062 ex
968 3021 1099 3074 parte
1120 3017 1298 3071 formae,
1320 3028 1427 3073 quae
1455 3019 1526 3059 est
1547 3011 1890 3072 quodammodo
1917 3013 2026 3058 finis
2051 3016 2096 3057 et

194 3080 423 3126 terminus
439 3079 646 3124 materiae
670 3081 755 3136 (3);
779 3085 825 3125 et
848 3080 952 3126 ideo
974 3080 1281 3137 principalius
1309 3078 1562 3135 requiritur
1591 3077 1652 3123 ad
1679 3090 1773 3120 esse
1793 3076 1859 3121 rei
1885 3075 2096 3121 determi-

237 3218 281 3260 (1)
303 3217 558 3253 Observandum
579 3221 649 3258 est,
675 3218 723 3252 ait
749 3218 907 3260 Billuart,
934 3218 993 3253 has
1005 3230 1102 3254 voces
1230 3217 1271 3258 (2)
1300 3217 1514 3252 Attii-matisc
1535 3215 1715 3257 respondet
1738 3215 1772 3250 S.
1797 3215 1934 3257 Doctor,
1962 3225 2040 3249 nam
2064 3215 2092 3249 si

194 3268 353 3303 materia
366 3270 401 3302 et
415 3266 538 3309 forma
557 3266 741 3307 respective
758 3268 798 3301 ad
812 3272 1022 3302 sacramenta
1033 3279 1102 3302 non
1186 3266 1413 3306 reqiiiruntur
1436 3266 1471 3299 in
1490 3264 1711 3299 sacramentis
1736 3275 1790 3297 res
1819 3262 2053 3297 determinatas
2073 3263 2093 3296 ὲ

193 3315 296 3350 fuisse
325 3315 361 3348 in
391 3326 454 3348 usu
473 3314 538 3347 nisi
559 3313 649 3348 circa
671 3326 798 3348 annum
820 3315 905 3350 1215
928 3321 1103 3356 usurpatas
1188 3313 1336 3355 Christo,
1350 3313 1518 3347 §fortiori
1532 3312 1635 3349 verba
1648 3311 1885 3351 determinata,
1898 3311 1977 3351 quia
1992 3309 2093 3344 verba

192 3363 305 3404 primo
324 3364 341 3395 {1
370 3361 556 3396 Guillelmo
582 3361 855 3405 Antisidiorensi,
879 3365 955 3398 cnm
979 3362 1100 3397 nullibi
1187 3362 1355 3396 rationem
1379 3362 1506 3396 habent
1535 3361 1673 3401 formae,
1699 3360 1818 3395 forme
1834 3365 1945 3394 autem
1964 3365 2013 3393 est
2036 3357 2089 3391 de-

194 3416 272 3444 ante
302 3410 426 3452 ipsum,
450 3422 512 3444 nec
537 3409 626 3450 apud
654 3410 855 3450 Magistrum
881 3411 975 3446 Sunt.
1006 3422 1101 3451 repe·
1189 3411 1387 3444 terminare.

195 3463 340 3493 riantur.
1230 3458 1273 3499 (5)
1301 3458 1411 3496 Finis
1444 3457 1584 3499 quidem
1611 3455 1824 3497 intentionis,
1843 3454 1923 3497 quia
1949 3453 2092 3488 materia
