2170 3808
239 245 294 287 58
926 242 1127 293 QUAEST.
1157 242 1207 296 V,
1237 242 1357 284 ART.
1385 242 1454 285 lv.

241 326 290 378 ι),
305 329 604 381 comparatur
618 325 677 369 ad
699 328 921 378 mentem,
943 323 1063 367 sicut
1082 323 1164 367 lux
1178 322 1326 379 major
1341 322 1401 368 ad
1418 323 1672 368 minorem:
1691 322 1802 381 quia
1816 326 1863 368 et
1880 322 1982 379 ipsa
1999 334 2136 368 mens

240 384 325 430 lux
347 386 561 442 quaedam
583 390 669 442 est,
699 384 832 442 quasi
871 384 1063 429 lucerna
1100 384 1361 429 illuminata
1387 384 1415 429 a
1449 385 1599 442 prima
1635 385 1740 430 luce
1764 386 1914 442 (Prov.
1938 397 2009 441 xx,
2029 386 2130 439 27ss

240 451 447 491 Lucerna
467 451 644 491 Domini
671 448 954 503 spiraculum
977 447 1187 491 hominis.
1203 449 1328 503 'Ergo
1342 446 1391 491 in
1413 447 1606 503 Christo,
1631 446 1711 504 qui
1727 451 1799 492 est
1815 446 2015 491 Verbum
2036 446 2132 501 Dei,

242 521 338 553 non
358 509 443 553 fuit
468 510 782 555 necessarium
801 521 906 554 esse
927 513 1133 554 mentem
1152 509 1423 554 humanam.
2117 532 2120 535 Δ

296 574 340 617 3.
377 574 618 624 Praeterea,
641 572 899 628 assumptio
922 572 1140 616 humanae
1155 576 1333 616 naturae
1355 571 1384 615 a
1402 571 1482 616 Dei
1503 571 1668 628 Verbo,
1691 571 1860 616 dicitur
1880 569 2134 615 incarnatio

240 636 465 695 eJus.,Sed
477 635 740 679 intellectus
758 634 855 679 sive
875 645 1009 678 mens
1026 633 1233 678 humana
1248 646 1401 692 neque
1412 637 1482 678 est
1495 646 1620 691 caro,
1634 646 1787 692 neque
1805 635 1939 677 actus
1952 630 2131 676 carnis:

241 699 352 758 quia
368 698 543 744 nullius
561 698 768 755 corporis
789 701 921 741 actus
940 700 1026 751 est,
1049 699 1103 740 ut
1123 697 1345 752 probatur
1365 699 1443 751 (De
1462 695 1634 752 anima,
1647 696 1730 741 lib.
1747 709 1811 752 111,
1831 693 2005 751 implic.
2019 697 2130 738 text.

242 762 298 816 6).
324 763 443 818 Ergo
460 759 643 805 videtur
665 759 792 816 quod
804 758 949 821 ,Filius
964 757 1042 802 Dei
1062 758 1317 803 humanam
1336 762 1542 803 mentem
1561 770 1656 803 non
1679 754 2001 814 assumpserit.

297 822 387 868 Sed
399 826 561 865 contra
577 825 649 866 est
665 820 790 877 quod
807 818 1094 875 Augustinus
1116 819 1417 876 (Fulgentius)
1435 819 1547 864 dicit
1562 819 1625 874 (in
1644 819 1763 864 libro
1784 821 1847 863 De
1863 817 1955 863 fide
1968 816 2029 863 ad
2040 819 2132 862 Pet.

241 896 344 941 cap.
367 885 438 938 14)
457 899 468 928 :
497 901 517 921 «
536 881 817 927 Firmissime
833 886 939 926 tene
967 885 1014 926 et
1030 880 1300 926 nullatenus
1316 880 1501 926 dubites
1518 881 1749 926 Christum
1766 880 1930 926 Filium
1949 878 2028 924 Dei
2049 878 2137 923 ha-

240 945 352 991 bere
368 958 527 990 veram
550 944 695 989 nostri
712 944 897 1000 generis
913 955 1120 997 carnem,
1137 947 1184 987 et
1195 943 1400 987 animam
1413 943 1707 1000 rationalem,
1722 943 1805 1000 qui
1823 942 1881 988 de
1892 953 2034 987 carne
2049 954 2136 986 sua

242 1008 380 1054 dicit:
406 1009 618 1066 Palpate,
643 1011 686 1050 et
706 1007 869 1052 videte,
891 1009 998 1061 quia
1019 1009 1210 1062 spiritns
1243 1019 1429 1050 carnem
1454 1010 1499 1050 et
1519 1019 1622 1050 ossa
1645 1019 1735 1050 non
1756 1006 1892 1049 habet
1915 1007 2033 1048 sicut
2064 1003 2136 1047 me

243 1072 403 1115 videtis
425 1072 590 1114 habere
616 1071 738 1124 (Luc.
760 1068 846 1113 ult.
863 1071 951 1123 39).
973 1085 993 1106 «
1010 1068 1222 1112 Animam
1238 1080 1425 1125 quoque
1447 1080 1499 1113 se
1516 1067 1690 1113 habere
1711 1067 1930 1123 ostendit,
1943 1066 2133 1111 dicens:

241 1138 337 1190 Epo
364 1146 486 1188 pono
519 1135 722 1175 animam
752 1143 914 1186 meam,
951 1134 995 1174 et
1025 1131 1193 1174 iberam
1213 1143 1341 1173 sumo
1369 1143 1472 1173 eam
1492 1132 1637 1185 (Joan.
1663 1142 1706 1185 x,
1727 1131 1814 1185 18).
1848 1128 2137 1174 Intellectum

242 1209 428 1255 quoque
450 1195 618 1240 animae
640 1193 844 1238 ostendit
861 1206 912 1238 se
933 1192 1121 1250 habere,
1142 1193 1334 1238 dicens:
1360 1194 1532 1236 Discite
1546 1194 1578 1236 ὰ
1598 1205 1686 1248 me,
1708 1194 1817 1248 quia
1830 1193 1954 1234 mitis
1973 1204 2073 1234 sum
2091 1194 2138 1234 et

240 1260 424 1304 humilis
448 1258 583 1302 corde
608 1256 777 1311 (Matth.
803 1270 863 1310 xi,
890 1257 978 1309 29).
1004 1258 1057 1299 Et
1074 1255 1131 1300 de
1151 1255 1254 1312 ipso
1287 1267 1370 1312 per
1397 1255 1671 1312 prophetam
1694 1257 1818 1299 Deus
1838 1253 1984 1299 dicit:
2021 1256 2138 1297 Ecce

240 1322 466 1379 intelliget
481 1333 596 1377 puer
619 1332 741 1362 meus
757 1319 860 1373 (lsa.
891 1332 966 1375 ιιι,
986 1319 1072 1373 13).

287 1388 582 1430 CONCLUSIO.
611 1410 657 1417 —
676 1388 731 1428 Ut
748 1397 888 1427 veram
912 1386 1100 1426 animam
1125 1388 1166 1426 et
1179 1397 1327 1438 corpus
1345 1385 1557 1426 Christum
1583 1386 1775 1427 habuisse
1792 1388 1951 1426 certum
1977 1387 2061 1434 est,
2077 1385 2139 1425 ita

240 1448 380 1485 mente
396 1454 560 1496 quoque
577 1445 617 1482 et
633 1441 844 1482 intellectu
859 1452 957 1481 eum
983 1452 1067 1481 non
1085 1440 1262 1481 caruisse
1287 1441 1537 1482 credendum
1555 1445 1629 1481 est.

296 1506 569 1564 Respondeo
593 1504 843 1550 dicendum
868 1503 1009 1560 qued,
1030 1503 1152 1548 sicut
1166 1503 1455 1559 Augustinus
1475 1503 1586 1549 dicit
1600 1504 1662 1559 (in
1677 1504 1760 1549 lib.
1779 1507 1843 1549 De
1860 1501 2137 1559 haeresibuS‚

240 1569 405 1614 haeresi
427 1571 482 1612 49
497 1572 543 1612 et
564 1570 653 1623 55),
678 1565 1015 1622 Apollinaristae
1037 1564 1094 1609 de
1117 1565 1275 1608 anima
1300 1564 1466 1609 Christi
1505 1565 1532 1609 a
1557 1566 1785 1611 catholica
1807 1565 2012 1611 Ecclesia
2039 1563 2139 1610 dis-

242 1636 511 1688 senserunt,
549 1630 773 1683 dicentes,
823 1628 945 1672 sicut
974 1626 1146 1684 Ariani,
1177 1630 1323 1672 Deum
1356 1627 1585 1672 Christum
1628 1640 1818 1673 carnem
1857 1627 2005 1672 solam
2034 1627 2138 1673 sine

241 1692 396 1737 anima
430 1690 692 1747 suscepisse
717 1702 729 1731 :
755 1690 803 1732 in
824 1701 918 1745 qua
949 1688 1209 1745 quaestione
1233 1688 1514 1734 testimoniis
1541 1690 1820 1747 evangelicis
1846 1688 1973 1745 victi,
2001 1700 2138 1733 men-

241 1759 335 1800 tem
354 1754 557 1799 defuisse
580 1753 747 1796 animae
765 1750 944 1806 Christi,
968 1750 1053 1795 sed
1070 1762 1155 1807 pro
1175 1751 1264 1796 hac
1285 1751 1440 1807 ipsum
1456 1751 1658 1798 Verbum
1689 1752 1739 1797 in
1758 1764 1814 1797 ea
1833 1751 1979 1796 fuisse
2003 1750 2138 1796 dixe-

240 1820 352 1861 runt
369 1820 409 1871 (1
466 1816 554 1861 Sed
567 1815 668 1859 haec
683 1813 851 1871 positio
877 1812 1053 1857 eisdem
1071 1812 1332 1861 rationibus
1358 1813 1671 1871 convincitur,
1687 1814 1810 1858 sicut
1839 1817 1887 1858 et
1899 1812 2137 1870 praedicta.

239 1879 389 1924 Primo
405 1878 531 1924 enim
545 1878 634 1922 hoc
648 1877 923 1922 adversatur
942 1875 1197 1919 narrationi
1224 1876 1523 1932 evangelicae,
1553 1888 1661 1934 quae
1683 1880 2016 1922 commemorat
2029 1887 2140 1922 eum

239 1941 386 1987 fuisse
403 1941 640 1993 miratum,
664 1942 717 1982 ut
742 1941 869 1994 patet
888 1937 1057 1991 (Matth.
1091 1938 1179 1991 vm)
1202 1937 1279 1992 (2).
1308 1938 1561 1983 Admiratio
1584 1942 1742 1983 autem
1761 1937 1940 1996 absque
1959 1939 2140 1984 ratione

241 2016 347 2050 esse
361 2016 454 2048 non
471 2005 642 2059 potest,
662 2000 772 2057 quia
787 2000 1006 2056 importat
1017 1998 1314 2044 collationem
1326 2000 1519 2045 effectus
1533 2000 1594 2046 ad
1607 2012 1823 2057 causam3
1836 2001 1950 2046 dum
1963 2000 2139 2046 scilicet

241 2066 408 2124 aliquis
418 2065 545 2110 videt
558 2064 796 2118 effectum,
809 2062 946 2118 cujus
966 2073 1157 2105 causam
1177 2062 1377 2118 ignorat,
1394 2069 1442 2106 et
1460 2062 1642 2119 quaerit,
1655 2066 1709 2107 ut
1719 2061 1889 2107 dicitur
1906 2062 1970 2116 (in
1986 2063 2136 2120 princ.

239 2129 434 2185 Metaph.
461 2139 563 2182 cap.
584 2127 629 2180 2,
653 2125 702 2168 in
722 2124 885 2178 med.).
911 2122 1123 2167 Secundo
1147 2128 1377 2180 repugnat
1415 2123 1603 2168 utilitati
1642 2124 1994 2180 incarnationiS,
2032 2136 2139 2182 quae

241 2194 313 2235 est
329 2188 598 2246 justificatio
615 2186 817 2230 hominis
830 2184 858 2229 a
879 2189 1086 2242 peccato.
1102 2185 1267 2229 Anima
1284 2186 1410 2229 enim
1429 2186 1636 2230 humana
1653 2197 1747 2230 non
1767 2189 1841 2231 est
1861 2198 2009 2243 capax
2030 2199 2138 2243 pec·

241 2252 349 2307 cati,
372 2264 462 2295 nec
491 2249 650 2306 gratiae
681 2245 999 2305 Justificantis,
1026 2246 1117 2290 nisi
1146 2259 1229 2303 per
1261 2251 1482 2292 mentem.
1508 2247 1638 2294 Unde
1669 2247 1903 2305 praecipue
1932 2249 2139 2305 oportuit

240 2316 447 2359 mentem
456 2312 707 2356 humanam
727 2309 919 2354 assumi.
939 2309 1067 2353 Unde
1086 2308 1198 2354 dicit
1214 2311 1528 2354 Damascenus
1541 2310 1682 2366 (Orth.
1699 2310 1778 2356 fid.
1793 2310 1873 2355 lib.
1889 2323 1953 2367 111,
1969 2323 2074 2368 cap.
2090 2314 2134 2368 6,

241 2375 363 2420 circa
384 2373 544 2427 med.):
567 2390 586 2410 «
606 2372 683 2416 Dei
696 2370 894 2415 Verbum
909 2369 1161 2426 assumpsit
1174 2382 1345 2427 corpus
1359 2374 1406 2415 et
1423 2371 1625 2416 animam
1640 2371 1996 2417 intellectualem
2007 2378 2054 2418 et
2068 2385 2137 2418 ra—

242 2437 481 2491 tionalem,
499 2454 518 2473 »
542 2440 588 2479 et
601 2439 762 2491 postea
790 2433 969 2478 subdit:
988 2434 1149 2476 «Totus
1165 2432 1247 2477 toti
1262 2433 1421 2478 unitus
1434 2438 1586 2491 est,ut
1604 2434 1685 2479 toti
1700 2434 1812 2480 mihi
1827 2435 2025 2480 salutem
2041 2435 2138 2480 lar-

242 2500 418 2556 giretur
435 2514 447 2543 2
465 2497 590 2554 quod
606 2497 731 2541 enim
749 2495 1093 2550 inassumptum
1109 2498 1181 2539 est
1198 2494 1455 2540 incurabile
1469 2500 1557 2542 est.
1573 2511 1598 2539 ι»
1615 2496 1780 2553 Tertio,
1796 2498 1885 2542 hoc
1904 2503 2138 2556 repugnat

241 2559 421 2606 veritati
440 2557 790 2603 incarnationis.
805 2557 918 2600 cum
933 2555 1058 2601 enim
1074 2567 1245 2613 corpus
1258 2557 1634 2614 proportionetur
1652 2559 1836 2615 animae,
1853 2559 1975 2604 sicut
1990 2565 2137 2607 mate-

242 2622 312 2667 ria
329 2621 523 2679 propriae
540 2620 724 2674 formae,
743 2630 835 2663 non
859 2622 931 2663 est
948 2618 1058 2662 vere
1079 2630 1186 2663 caro
1201 2618 1406 2663 humana
1421 2632 1527 2677 quae
1548 2632 1643 2665 non
1660 2625 1733 2666 est
1753 2620 1957 2678 perfecta
1979 2623 2137 2667 anima

240 2685 461 2739 humana,
482 2682 655 2727 scilicet
670 2680 899 2725 rationali.
929 2681 983 2724 Et
1005 2680 1109 2724 ideo
1128 2680 1167 2724 si
1187 2680 1394 2726 Christus
1420 2682 1625 2727 animam
1648 2683 1750 2728 sine
1771 2687 1927 2728 mente
1944 2683 2134 2728 habuis-

242 2751 329 2803 set,
344 2758 440 2791 non
459 2744 699 2789 habuisset
712 2755 868 2788 veram
886 2754 1077 2787 carnem
1093 2743 1364 2800 humanam,
1377 2743 1462 2791 sed
1475 2744 1743 2802 bestialem3
1766 2744 1876 2802 quia
1885 2757 1970 2802 per
1986 2746 2134 2791 solam

245 2815 444 2854 mentem
464 2807 620 2851 anima
639 2809 797 2849 nostra
815 2804 968 2850 differt
980 2805 1040 2849 ab
1055 2803 1212 2849 anima
1232 2804 1431 2850 bestiali.
1452 2806 1582 2852 Unde
1600 2807 1712 2853 dicit
1731 2806 2020 2864 AugustInus
2033 2809 2134 2863 (Qu.

243 2871 320 2916 'ib.
334 2882 506 2923 Lxxxm,
526 2872 692 2925 quaest.
711 2870 783 2922 80,
804 2867 927 2911 circa
948 2866 1132 2923 princ),
1150 2866 1277 2924 quod
1298 2868 1557 2914 secundnm
1590 2869 1719 2914 hunc
1739 2880 1944 2914 errorem
1968 2882 2135 2928 seque-

241 2938 368 2977 retur
390 2930 515 2988 quod
537 2930 679 2974 Filius
701 2928 779 2974 Dei
813 2946 833 2966 «
867 2928 1075 2973 belluam
1109 2929 1360 2986 quamdam
1382 2942 1491 2975 cum
1523 2931 1675 2987 figura
1698 2930 1893 2976 humani
1928 2925 2156 2989 corporis

239 2993 547 3050 suscepissetg
565 3010 585 3030 »ι
611 2991 736 3048 quod
757 2991 925 3036 iterum
943 2995 1177 3048 repugnat
1192 2991 1374 3037 veritati
1405 2991 1590 3051 divinae,
1621 3004 1727 3051 quae
1765 2992 1944 3038 nullam
1962 2994 2135 3051 patitur

236 3055 436 3100 fictionis
464 3054 728 3099 falsitatem.

292 3118 359 3163 Ad
378 3119 578 3174 primum
605 3128 718 3173 ergo
737 3116 1005 3171 dicendum,
1030 3116 1158 3174 quod
1183 3116 1264 3162 ubi
1287 3121 1358 3163 est
1386 3117 1489 3174 ipsa
1512 3130 1590 3163 res
1611 3129 1696 3174 per
1712 3117 1795 3173 {sui
1817 3118 2131 3178 praesentiam,

238 3193 334 3226 non
355 3179 608 3236 requiritur
627 3178 732 3234 ejus
752 3179 909 3236 imago
934 3179 994 3225 ad
1022 3179 1113 3224 hoo
1141 3179 1268 3236 quod
1289 3180 1507 3237 suppleat
1526 3180 1682 3225 locum
1699 3180 1791 3238 rei3
1815 3180 1938 3226 sicut
1960 3179 2042 3226 ubi
2061 3186 2135 3227 est

277 3303 323 3346 (Ι)
340 3304 435 3338 Hanc
456 3301 562 3336 refert
578 3301 781 3337 sententiam
803 3303 985 3339 concilium
1002 3303 1141 3339 Floren·
1228 3304 1337 3339 livam
1356 3307 1389 3339 et
1404 3304 1575 3340 deitatem
1598 3303 1707 3340 Verbi
1727 3303 1801 3339 vim
1826 3305 2032 3341 rationalis
2053 3307 2135 3343 ani»

237 3352 363 3394 tinum,
395 3363 539 3392 eamque
567 3350 619 3384 his
633 3350 747 3384 verbis
774 3350 934 3392 profligat
964 3364 973 3385 z
1003 3352 1142 3388 Sacro·
1225 3361 1294 3386 mae
1313 3353 1488 3388 tenuisse.

237 3404 365 3438 :ancta
387 3400 551 3434 Ecclesia
568 3400 1142 3452 anathematizaqaeipollinarem
1267 3401 1312 3442 (2)
1341 3400 1404 3435 Ubi
1439 3412 1526 3435 vers.
1554 3400 1596 3436 40
1625 3400 1752 3436 dicitur
1777 3401 1866 3444 quod
1891 3402 2032 3438 audiens
2057 3415 2134 3445 qun

237 3454 302 3499 qui
315 3452 357 3486 in
372 3450 521 3485 Christo
546 3450 667 3484 solam
690 3450 815 3488 posuit
837 3450 1002 3485 animam
1023 3450 1141 3485 teme'-
1226 3449 1381 3484 centurio
1401 3448 1580 3483 sanitatem
1611 3449 1733 3485 famuli
1760 3450 1813 3485 sui
1846 3454 1963 3493 petens
1989 3451 2131 3493 dixerat,

1224 3499 1371 3532 miratus
1381 3499 1431 3530 est
1444 3496 1478 3530 in
1494 3508 1533 3532 eo
1546 3500 1678 3533 tantam
1691 3497 1806 3538 fidem,
1818 3503 1858 3534 ut
1870 3503 1905 3533 et
1917 3500 1997 3534 Luc.
2014 3508 2077 3537 vu.
2091 3499 2128 3535 9.
