2170 3808
600 189 794 242 QUAEST.
833 190 993 243 XLVII,
1029 191 1147 233 ART.
1178 190 1213 232 V
1240 190 1304 232 ET
1330 191 1396 234 VI.
1859 193 1942 233 405

82 271 311 316 {ammodo
332 269 591 327 ignoranda
622 269 832 314 affectata
852 285 863 313 ε
885 269 1104 314 videbant
1127 270 1250 314 enim
1275 270 1506 315 evidentia
1534 269 1669 325 signa
1691 267 1940 312 divinitatis

84 333 227 389 psius,
254 332 334 377 sed
351 344 408 376 ex
439 331 560 386 odio,
584 335 630 375 et
647 330 820 374 invidia
839 331 1000 375 Christi
1021 343 1074 375 ea
1099 331 1449 387 pervertebant3
1467 336 1514 376 et
1531 330 1685 375 verbis
1706 329 1820 386 ejus,
1838 329 1939 385 qui-

81 405 156 438 )us
190 405 241 438 se
268 393 342 437 Dei
379 393 539 437 Filium
571 391 819 447 fatebatur,
844 392 1032 437 credere
1067 392 1332 438 noluerunt.
1360 393 1485 437 Unde
1514 393 1615 449 ipse
1650 392 1708 436 de
1742 391 1809 435 eis
1831 390 1940 436 dicit

81 457 207 499 Joan.
231 469 301 510 xv,
321 459 390 507 22)
414 468 426 498 ι
450 457 500 498 Si
527 467 616 496 non
633 456 864 509 venissem,
892 457 937 496 et
957 454 1128 496 locutus
1150 457 1213 496 ez‘s
1240 467 1328 496 non
1364 457 1556 505 fuissem,
1581 455 1816 511 peccatum
1851 465 1940 495 non

66 517 307 573 [baberentf
335 530 452 560 nunc
483 519 632 558 autem
655 518 982 558 excusationem
1002 528 1091 557 non
1117 515 1283 558 liabent
1303 516 1359 558 de
1375 519 1557 571 peccato
1574 530 1669 558 suo·
1703 517 1756 558 Et
1781 522 1939 570 postea

66 578 246 623 subdit:
267 580 317 621 Si
343 591 479 634 opera
497 591 584 620 non
613 578 815 631 fecissem
837 581 884 620 z‘n
915 581 996 632 eis,
1016 588 1114 631 quae
1145 589 1273 619 nemo
1294 577 1414 619 alius
1446 580 1568 632 fecit,
1591 580 1822 633 peccatum
1851 589 1939 619 non

66 640 295 684 haberent.
318 643 369 684 Et
386 639 454 684 sic
473 651 531 683 ex
549 651 749 695 persona
771 651 930 683 eorum
951 639 1095 694 accipi
1114 643 1264 695 potest
1285 639 1409 695 quod
1427 638 1596 683 dicitur
1612 639 1728 692 (iob,
1746 651 1828 693 xxi,
1848 641 1935 692 14):

72 701 293 746 Dixerunt
317 707 405 744 Deo
427 716 443 742 .·
460 703 628 745 Recede
658 702 688 744 ὰ
710 702 847 756 nobis,
869 703 1107 744 scientiam
1126 703 1305 743 viarum
1328 705 1511 744 tuarum
1541 701 1747 743 ‘nolumus
1765 700 1843 755 (1).
1862 699 1916 744 Mi

67 774 202 808 nores
223 764 347 820 vero,
371 763 418 808 id
446 767 531 818 est,
563 763 824 819 populareS‚
842 763 919 820 qui
950 762 1171 819 mysteria
1199 764 1440 819 Scripturae
1467 775 1559 807 non
1579 766 1819 816 noverant,
1845 774 1937 807 non

62 823 200 880 plene
220 830 536 882 cognoverunt
561 825 713 881 ipsum
746 837 850 869 esse
877 837 966 869 nec
993 825 1236 877 Christum,
1262 837 1348 869 nec
1373 824 1534 869 Filium
1557 824 1651 868 Dei.
1676 823 1795 867 Licet
1812 823 1938 867 enim

63 885 204 942 aliqui
233 900 391 932 eorum
410 888 457 931 in
481 899 589 932 eum
608 887 904 942 crediderint,
928 886 1176 931 multitudo
1200 891 1354 930 tamen
1375 899 1469 930 non
1489 886 1707 940 credidit3
1730 890 1775 928 et
1797 885 1835 928 si
1855 884 1939 928 ali-

63 949 249 1004 quando
277 950 602 994 dubitaverunt
626 962 687 993 an
702 949 802 1005 ipse
821 954 944 994 esset
962 949 1184 1003 Christus,
1207 955 1392 1005 propter
1414 949 1652 1004 signorum
1685 946 1938 991 multitudi-

65 1020 169 1052 nem
193 1015 240 1055 et
269 1011 517 1055 efficaciam
552 1010 785 1066 doctrinae,
807 1016 860 1054 ut
890 1010 1087 1054 habetur
1104 1012 1247 1064 (Joan.
1271 1011 1363 1067 vn),
1387 1016 1539 1054 tamen
1573 1014 1732 1065 postea
1761 1007 1936 1064 decepti

60 1068 249 1116 fuerunt
266 1072 292 1115 a
313 1074 409 1117 suis
426 1072 731 1130 principibus,
747 1077 799 1117 ut
817 1084 924 1116 eum
939 1085 1030 1115 non
1054 1072 1295 1116 crederent
1319 1084 1470 1128 neque
1494 1071 1653 1115 Filium
1671 1071 1762 1125 Dei,
1787 1081 1939 1126 neque

61 1130 449 1180 Christum-,Unde
464 1139 510 1178 et
529 1137 688 1177 Petrus
703 1134 770 1177 eis
785 1133 899 1177 dixit
923 1148 934 1175 ι
955 1134 1055 1176 Scio
1075 1135 1181 1187 quia
1202 1146 1285 1190 per
1299 1135 1610 1188 iynorantz‘am
1627 1134 1811 1187 fecistis,
1826 1135 1938 1175 sicut

60 1196 107 1235 et
115 1197 344 1250 principes
366 1198 516 1251 vestri,
543 1195 652 1250 quia
674 1194 848 1239 scilicet
869 1206 952 1250 per
973 1193 1205 1249 principes
1229 1193 1406 1238 seducti
1421 1198 1570 1238 erant.

113 1254 180 1300 Ad
191 1260 387 1312 primum
400 1268 510 1312 ergo
531 1255 795 1311 dicendum,
820 1255 944 1311 quod
959 1255 1037 1298 illa
1059 1254 1202 1298 verba
1221 1254 1440 1299 dicuntur
1453 1267 1511 1298 ex
1530 1266 1727 1311 persona
1749 1253 1939 1299 colono·

57 1326 162 1360 rum
178 1316 351 1372 vineae3
372 1330 456 1374 per
474 1329 592 1374 quos
616 1317 936 1372 significantur
957 1322 1161 1361 rectores
1181 1316 1307 1361 illius
1337 1316 1511 1373 populi,
1533 1316 1614 1372 qui
1637 1328 1744 1360 eum
1763 1328 1938 1371 cogno*-

57 1383 222 1422 verunt
233 1390 337 1423 esse
349 1379 604 1433 haeredem3
625 1378 902 1435 inquantum
918 1382 1241 1433 cognoverunt
1262 1391 1369 1422 eum
1388 1391 1491 1423 esse
1506 1378 1732 1422 Christum
1749 1378 1940 1433 promis-

57 1451 162 1483 sum
180 1440 226 1484 in
263 1440 379 1496 lege.
402 1440 488 1485 Sed
521 1444 682 1484 contra
701 1441 822 1484 hanc
839 1441 1191 1496 responsionem
1218 1453 1322 1486 esse
1345 1441 1529 1485 videtur
1555 1440 1681 1497 quod
1699 1440 1776 1484 illa
1795 1441 1938 1484 verba

58 1501 239 1553 (Psalmi
262 1514 308 1557 ιι,
333 1505 376 1556 8)
398 1503 608 1547 :Postula
632 1504 661 1545 ὰ
686 1515 771 1556 me,
802 1506 846 1546 et
866 1503 985 1546 dabo
1009 1503 1089 1546 tibi
1112 1506 1261 1559 yentes
1280 1504 1591 1546 haereditatem
1612 1505 1763 1553 ωαψς
1787 1502 1937 1548 eidem

57 1562 275 1608 dicuntur
291 1565 364 1608 cui
381 1564 548 1610 dicitur
572 1579 582 1608 :
602 1564 750 1608 Filius
771 1577 893 1608 meus
916 1578 961 1608 es
982 1568 1049 1622 tu,
1073 1578 1153 1621 eqo
1171 1565 1305 1608 hodie
1324 1568 1459 1621 qenai
1481 1569 1537 1609 te.
1565 1564 1607 1608 Si
1632 1576 1742 1620 ergo
1761 1575 1938 1620 cogno-

55 1631 223 1670 verunt
241 1637 348 1670 eum
381 1638 484 1670 esse
516 1625 648 1670 illum
681 1625 757 1670 cui
787 1625 962 1671 dictum
982 1630 1079 1670 est:
1103 1627 1287 1669 Postula
1311 1628 1341 1669 ὰ
1362 1640 1448 1682 me,
1469 1631 1511 1670 et
1532 1627 1651 1669 dabo
1682 1627 1762 1669 tibi
1784 1632 1937 1682 qentes

56 1686 362 1731 haereditatem
377 1691 500 1731 tuam
520 1702 535 1729 .·
555 1687 763 1743 sequitur
778 1687 902 1744 quod
918 1687 1222 1743 cognoverint
1240 1700 1348 1732 eum
1362 1700 1469 1732 esse
1484 1687 1645 1731 Filium
1675 1687 1767 1731 Dei.
1795 1688 1936 1744 Chry-

55 1752 288 1794 sostomus
301 1749 432 1803 (alius
449 1753 622 1801 auctor)
639 1750 777 1794 etiam
803 1749 973 1794 ibidem
994 1750 1135 1804 (hom.
1155 1763 1207 1793 xz
1228 1750 1276 1793 in
1295 1753 1375 1806 Op.
1400 1749 1598 1806 imperf.‚
1616 1750 1642 1792 a
1661 1750 1802 1803 med.)
1825 1749 1937 1795 dicit

56 1809 180 1866 quod
203 1828 223 1849 α
246 1816 562 1867 cognoverunt
586 1823 695 1856 eum
719 1823 824 1855 esse
842 1811 1004 1856 Filium
1031 1813 1126 1857 Dei.
1148 1832 1168 1851 υ
1191 1812 1312 1857 Beda
1342 1812 1481 1856 etiam
1508 1824 1649 1868 super
1667 1811 1781 1856 illud
1806 1813 1931 1865 (Luc.

55 1875 198 1926 xx111):
219 1876 336 1930 Quia
367 1875 570 1916 nesciunt
603 1873 712 1928 quid
741 1875 935 1928 faciunt,
968 1886 1068 1930 cap.
1096 1876 1149 1918 94
1183 1874 1231 1918 in
1257 1876 1365 1918 Luc.
1395 1889 1405 1917 :
1432 1873 1743 1929 «Notandum,
1764 1873 1931 1932 inquit,

55 1933 179 1990 quod
200 1947 293 1979 non
308 1947 391 1991 pro
405 1935 472 1979 eis
494 1938 592 1978 orat
613 1935 692 1990 qui
715 1946 855 1991 quem
872 1935 1035 1979 Filium
1050 1935 1126 1980 Dei
1149 1936 1492 1990 intellexerunt,
1510 1936 1778 1991 crucifigere
1792 1937 1933 1991 quam

55 1996 261 2041 confiteri
280 1998 558 2042 maluerunt.
577 2015 598 2036 »
621 1997 709 2042 Sed
725 1997 786 2041 ad
799 1997 886 2041 hoc
904 2001 1056 2053 potest
1073 1998 1343 2053 responderi
1356 1998 1475 2053 quod
1493 2003 1810 2054 cognoverunt
1823 2010 1930 2052 eum

55 2069 158 2103 esse
175 2058 336 2102 Filium
353 2059 446 2114 Dei,
466 2071 560 2102 non
580 2070 663 2114 per
685 2064 915 2112 naturam,
940 2059 1023 2103 sed
1041 2071 1125 2115 per
1149 2059 1467 2103 excellentiam
1486 2059 1645 2115 gratiae
1664 2059 1929 2115 singularis.

53 2120 302 2164 Possumus
322 2125 474 2164 tamen
503 2120 657 2164 dicere
685 2121 808 2177 qued
830 2120 969 2165 etiam
1001 2132 1164 2166 verum
1193 2122 1270 2166 Dei
1289 2121 1449 2165 Filium
1470 2121 1744 2177 cognovisse
1762 2121 1932 2166 dicun-

53 2184 146 2238 tur,
159 2181 269 2237 quia
285 2181 512 2226 evidentia
529 2181 661 2237 signa
672 2181 812 2239 hujus
825 2182 891 2226 rei
913 2182 1170 2237 habebant3
1191 2183 1362 2239 quibus
1380 2187 1536 2227 tamen
1556 2183 1779 2227 assentire
1794 2195 1932 2240 prop·

55 2245 125 2286 ter
149 2243 307 2287 odium
338 2247 385 2287 et
428 2243 647 2288 invidiam
682 2244 964 2300 noluerunt,
998 2248 1052 2289 ut
1098 2255 1207 2290 eum
1243 2249 1580 2300 cognoscerent
1623 2256 1727 2289 esse
1769 2245 1931 2291 Filium

54 2303 132 2348 Dei
154 2306 233 2358 (2).

106 2364 174 2410 Ad
204 2367 445 2410 secundum
466 2366 731 2422 dicendum,
754 2366 875 2423 quod
893 2371 1003 2411 ante
1020 2367 1098 2411 illa
1114 2367 1258 2411 verfia
1271 2366 1564 2422 praemittitur
1584 2379 1598 2411 ε
1615 2369 1664 2411 Si
1685 2380 1824 2423 opera
1841 2381 1930 2412 non
1987 2422 1990 2425 ¹

53 2429 252 2480 fecissem
273 2430 322 2470 in.
346 2431 408 2471 eis
423 2441 517 2483 quae
531 2441 659 2472 izemo
678 2428 794 2472 alius
811 2430 934 2482 fecit,
949 2432 1188 2485 peccatum
1204 2442 1293 2472 non
1316 2429 1546 2485 haberent,
1566 2432 1612 2472 et
1636 2434 1797 2485 postea
1815 2430 1931 2474 sub-

53 2487 177 2533 ditur
200 2492 357 2533 :Nunc
376 2494 527 2534 autem
547 2491 773 2547 viderunt,
796 2494 841 2533 et
860 2492 1057 2534 oderunt
1081 2504 1167 2546 me,
1207 2494 1251 2534 et
1276 2494 1460 2535 Patrem
1491 2503 1654 2534 meum.
1693 2493 1777 2535 Per
1805 2493 1931 2547 quod

52 2550 309 2594 ostenditur
341 2551 465 2606 quud
493 2551 704 2596 videntes
738 2564 878 2608 opera
906 2552 1070 2596 Christi
1104 2551 1313 2609 mirifica,
1339 2564 1399 2596 ex
1427 2551 1533 2596 odio
1555 2552 1780 2608 processit
1805 2552 1930 2609 quod

51 2621 157 2655 eum
175 2611 336 2655 Filium
355 2611 430 2656 Dei
449 2624 540 2655 non
562 2616 896 2669 cognoverunt.

104 2673 171 2718 Ad
194 2677 373 2716 tertzum
408 2673 672 2732 dicendum,
691 2673 817 2731 quod
857 2675 1119 2730 ignorantia
1142 2675 1355 2719 affectata
1384 2686 1479 2718 non
1502 2678 1694 2718 excusat
1715 2687 1742 2718 a
1773 2674 1927 2732 culpa,

50 2733 135 2779 sed
155 2735 302 2790 magis
323 2734 505 2778 videtur
526 2735 712 2791 culpam
741 2747 1026 2791 aggravare:
1051 2736 1253 2780 ostendit
1275 2736 1400 2780 enim
1437 2735 1674 2779 hominem
1695 2735 1762 2779 sic
1788 2737 1928 2782 vehe-

51 2800 230 2839 menter
245 2808 349 2840 esse
367 2796 582 2841 affectum
601 2797 660 2841 ad
678 2797 980 2853 peccandum,
1005 2797 1131 2853 quOd
1144 2798 1244 2841 vuit
1262 2797 1573 2852 ignorantiam
1594 2809 1751 2840 mcum
1753 2809 1845 2841 ere
1868 2811 1927 2843 ne

50 2861 290 2912 peccatum
311 2857 438 2900 vitet
462 2860 516 2900 Et
535 2858 635 2902 ideo
658 2859 802 2904 Judaei
829 2863 1154 2915 peccaverunt,
1186 2871 1281 2902 non
1309 2858 1460 2902 solum
1486 2858 1708 2914 tanquam
1727 2848 1927 2905 hominis

50 2918 231 2972 Christi,
254 2918 335 2961 sed
360 2918 497 2962 etiam
517 2920 735 2976 tanquam
758 2921 834 2964 Dei
857 2920 1153 2964 crucifixores
1173 2923 1249 2975 (3).

132 2981 475 3024 ARTICULUS
500 2982 576 3024 vl.
601 3005 655 3012 —
683 2995 821 3025 urium
844 2994 1057 3025 racemum
1087 2993 1295 3026 cumsruu
1326 2993 1668 3025 cancii-’mannum
1696 2994 1844 3026 runnu·

839 3055 1129 3086 Gravissimum.

420 3109 469 3143 De
488 3109 539 3144 his
552 3109 652 3145 etiam
664 3121 778 3152 supra,
792 3114 860 3146 nrt.
873 3112 895 3146 4
906 3110 948 3145 ad
968 3110 991 3144 2
1005 3110 1065 3144 fin.
1081 3114 1116 3145 et
1129 3111 1251 3152 Opusc.
1273 3118 1331 3151 Lx,
1344 3121 1418 3152 cap.
1437 3111 1479 3145 48
1492 3110 1552 3146 fin.

103 3163 171 3209 Ad
200 3166 385 3208 sextum
417 3163 486 3208 sic
521 3164 800 3220 proceditur.
820 3167 863 3209 1.
893 3164 1082 3208 Videtur
1118 3163 1242 3221 quod
1278 3168 1522 3220 peccatum
1553 3164 1922 3221 crucifigentium

102 3271 133 3313 4)
151 3272 199 3305 Dc
218 3270 378 3306 divitibus
390 3298 398 3313 ‚
418 3272 484 3316 qui
505 3271 644 3307 ducunt
669 3273 711 3307 in
733 3271 837 3307 bonis
866 3272 942 3308 dies
1026 3272 1263 3312 cognoscebant
1276 3272 1452 3308 Christum
1467 3285 1535 3308 esse
1547 3285 1665 3310 verum
1682 3286 1720 3309 ac
1733 3275 1920 3311 naturalem

0 3340 2 3342 -
52 3327 132 3352 euos
146 3317 340 3353 litteraliter
357 3319 422 3353 dici
440 3319 596 3359 adjuncta
611 3319 810 3359 significant.
1028 3321 1089 3354 Dei
1114 3320 1249 3354 Filium.

90 3364 134 3407 (2)
158 3366 204 3400 Ex
230 3366 283 3401 his
311 3371 404 3407 patet
436 3367 524 3408 quod
560 3367 664 3402 Judaei
696 3378 764 3401 non
793 3366 943 3403 absolute
1069 3368 1113 3409 (5)
1136 3367 1341 3403 Occiderant
1360 3369 1452 3403 enim
1471 3370 1654 3406 Dominum
1673 3370 1855 3412 gioriae,ut
1871 3370 1921 3406 ait

1030 3414 1204 3457 Apostolus
1219 3415 1259 3458 (1.
1275 3418 1352 3452 Cor.
1368 3425 1408 3461 11,
1422 3418 1468 3460 8).
