2170 3808
670 272 868 325 QUAEST.
900 271 968 329 ln,
992 270 1111 314 ART.
1141 271 1192 314 vl
1220 269 1284 313 ET
1310 269 1395 312 vll.
1923 268 1972 310 41

92 367 292 412 persona
313 354 472 400 Patris.
497 352 542 399 Si
571 351 677 410 quis
712 357 868 397 autem
908 351 1104 396 ulterius
1135 350 1404 408 procederet
1425 363 1437 394 :
1458 351 1602 394 Homo
1621 350 1693 393 est
1710 346 1975 404 ingenitus;

93 417 232 462 Filius
259 421 332 463 est
348 417 511 471 homo3
536 427 648 472 ergo
675 413 817 458 Filius
838 417 908 458 est
925 412 1189 469 ingenitus3
1219 415 1345 456 esset
1371 410 1553 456 fallacia
1576 409 1739 466 figurae
1762 407 1978 456 dictionis

93 479 167 524 vel
202 477 451 525 accidentis
485 478 543 532 (1)
571 491 582 520 z
617 475 737 521 sicut
768 479 814 520 et
856 486 984 518 nunc
1012 473 1212 519 dicimus
1231 475 1376 517 Deum
1405 485 1509 518 esse
1540 470 1831 528 ingenitum,
1868 469 1980 529 quia

94 542 226 586 Pater
244 545 316 587 est
337 539 572 596 ingenitus
594 553 605 582 ε
631 550 719 582 nec
737 541 893 581 tamen
922 546 1174 592 possumus
1191 534 1471 580 concludere
1492 533 1618 591 quod
1638 532 1780 578 Filius
1815 531 1877 578 sit
1904 531 1978 577 in-

92 601 291 657 genitus,
311 599 523 658 quamvis
545 598 607 643 sit
623 600 758 643 Deus.

158 664 497 707 ARTIGULUS
526 663 632 705 vll.
661 683 718 693 -—
745 672 883 703 uranu
911 671 990 703 um
1019 671 1202 702 ransom
1230 670 1376 701 mvnu
1404 668 1541 700 rossn·
1568 669 1780 700 assumar:
1809 667 1914 701 uuas

821 732 1004 764 NATURAS
1032 732 1234 763 HUMANAS.
1365 766 1367 768 ,

585 793 634 826 De
652 791 705 826 his
721 790 823 826 etiam
838 790 931 824 Sent.
949 797 1003 829 111,
1020 788 1099 823 dist.
1114 789 1129 822 l
1144 815 1154 829 ,
1171 790 1287 829 quaest.
1300 796 1340 829 11,
1356 790 1421 823 art.
1441 787 1475 822 ⁴.

145 853 211 898 Ad
231 853 480 910 septimum
501 853 568 897 sic
590 852 871 909 proceditur.
896 855 938 896 1.
972 851 1159 895 Videtur
1188 849 1312 907 quod
1342 861 1437 893 una
1456 860 1657 906 persona
1687 847 1847 893 divina
1878 860 1975 893 non

91 914 239 972 possit
257 927 494 959 assumere
516 914 634 960 duas
654 919 846 958 naturas
862 913 1109 957 humanas.
1130 914 1302 956 Natura
1319 911 1446 956 enim
1465 914 1705 967 assumpta
1726 909 1775 953 in
1797 914 1978 966 myste-

91 976 160 1021 rio
179 977 514 1022 incarnationis
532 989 624 1021 non
649 976 790 1022 habet
810 975 936 1021 aliud
954 974 1249 1032 suppositum
1265 977 1436 1032 praeter
1453 973 1747 1030 suppositum
1765 984 1978 1029 personae

91 1037 274 1098 divinae,
294 1043 356 1084 ut
369 1052 427 1084 ex
446 1052 588 1096 supra
608 1038 742 1084 dictis
761 1042 889 1095 patet
908 1038 1009 1093 (art.
1035 1049 1175 1094 praec.
1207 1039 1255 1081 et
1278 1039 1366 1081 art.
1398 1039 1427 1080 2
1455 1035 1555 1094 huj.
1575 1035 1778 1093 quaest.).
1801 1033 1845 1078 Si
1864 1046 1977 1091 ergo

90 1104 287 1156 ponatur
308 1112 413 1145 esse
425 1113 521 1145 una
539 1112 739 1158 persona
759 1099 917 1145 divina
939 1110 1187 1143 assumens
1213 1097 1332 1142 duas
1358 1098 1589 1142 humanas
1615 1100 1825 1152 naturas,
1850 1101 1977 1142 esset

90 1172 238 1205 unum
257 1162 550 1218 suppositum
573 1161 771 1206 duarum
795 1164 1070 1204 naturarum
1088 1158 1299 1215 ersdem
1317 1158 1513 1215 speciei,
1540 1158 1665 1215 quod
1686 1158 1870 1203 videtur
1885 1156 1977 1202 im-

91 1221 260 1278 plicare
278 1222 690 1268 contradictionem
709 1236 721 1266 :
742 1234 838 1266 non
857 1221 981 1266 enim
999 1225 1165 1265 natura
1179 1219 1322 1266 unius
1338 1220 1511 1278 speciei
1529 1219 1865 1277 multiplicatur
1884 1219 1976 1265 nisi

92 1285 351 1330 secundum
374 1284 718 1330 distinctionem
739 1283 1103 1341 suppositorum.

145 1347 188 1390 2.
219 1347 568 1404 Praeterea,lhac
589 1345 907 1404 suppositione
928 1345 1076 1405 facta,
1107 1358 1199 1390 non
1222 1347 1382 1403 posset
1405 1344 1495 1389 dici
1524 1342 1650 1400 quod
1678 1355 1879 1400 persona
1902 1342 1977 1389 di·

90 1406 200 1451 vina
222 1406 461 1452 incarnata
478 1411 602 1453 esset
623 1420 749 1452 unus
769 1407 932 1464 homot,
952 1406 1061 1463 quia
1081 1419 1176 1451 non
1196 1407 1386 1452 haberet
1403 1417 1548 1450 unam
1570 1409 1787 1449 naturam
1810 1404 1977 1450 huma-

91 1480 199 1513 nam
216 1481 229 1513 :
250 1469 459 1515 similiter
477 1482 571 1513 non
587 1473 747 1527 posset
759 1468 850 1514 dici
865 1468 991 1526 quod
1008 1473 1130 1514 esset
1143 1469 1322 1526 plures3
1342 1468 1451 1525 quia
1466 1467 1624 1524 plures
1636 1467 1850 1512 homines
1865 1471 1977 1512 sunt

91 1531 330 1587 supposito
349 1531 571 1588 distincti,
591 1535 638 1576 et
660 1531 723 1575 ihi
753 1535 878 1575 esset
905 1534 1087 1576 tantum
1107 1543 1257 1576 unum
1283 1529 1594 1587 suppositum.
1621 1531 1739 1585 Ergo
1757 1529 1977 1586 praedicta

90 1592 257 1649 positio
274 1597 346 1637 est
364 1593 553 1638 omnino
575 1592 893 1649 impossibilis.

144 1656 187 1700 3.
216 1657 459 1711 Praeterea,
481 1655 529 1699 in
549 1655 884 1700 incarnationis
905 1655 1128 1713 mysterio
1148 1659 1245 1700 tota
1268 1660 1436 1700 natura
1459 1654 1616 1700 divina
1637 1657 1709 1698 est
1729 1652 1863 1698 unita
1892 1652 1976 1698 toti

92 1721 269 1761 naturae
285 1722 553 1776 assumptae,
575 1718 622 1762 id
644 1722 716 1762 est
731 1752 743 1774 ,
773 1717 963 1762 cuilibet
981 1717 1100 1773 parti
1119 1717 1222 1774 ejus
1246 1733 1257 1761 e
1281 1735 1302 1756 α
1323 1721 1402 1762 Est
1420 1717 1546 1761 enim
1574 1715 1781 1761 Christus
1797 1716 1976 1773 perfec-

93 1783 168 1822 tus
182 1781 304 1823 Deus
326 1783 374 1824 et
391 1779 624 1835 perfectus
640 1779 796 1835 homo,
816 1783 942 1823 totus
960 1782 1098 1833 Deus,
1119 1783 1166 1822 et
1194 1782 1320 1823 totus
1351 1779 1508 1833 homo,
1526 1796 1548 1817 »a
1575 1781 1628 1822 ut
1659 1780 1975 1823 Damascenus

93 1837 204 1883 dicit
236 1838 333 1892 (lib.
347 1839 783 1896 111‚cap.7amed.).
815 1840 902 1885 Sed
926 1839 1031 1885 duae
1062 1839 1280 1884 humanae
1307 1844 1486 1885 naturae
1514 1851 1610 1883 non
1644 1842 1838 1895 possent
1859 1842 1976 1884 tota·

93 1899 198 1944 liter
214 1900 302 1945 sibi
316 1900 513 1945 invicem
530 1901 651 1945 uniri
670 1915 683 1954 ;
707 1902 817 1959 quia
839 1906 1070 1958 oporteret
1089 1902 1214 1958 quod
1236 1902 1388 1946 anima
1414 1902 1556 1946 unius
1574 1906 1698 1946 esset
1726 1902 1858 1945 unita
1873 1914 1976 1945 cor-

93 1961 192 2018 pori
212 1961 402 2007 alterius
419 1995 432 2020 ‚
448 1966 495 2008 et
512 1962 638 2019 quod
660 1963 799 2007 etiam
819 1962 912 2007 duo
928 1975 1123 2019 corpora
1150 1968 1310 2007 essent
1329 1963 1495 2008 simul:
1509 1962 1635 2020 quod
1653 1962 1975 2007 confusionem

93 2023 337 2069 induceret
355 2028 641 2083 naturarum.
656 2027 754 2069 Non
768 2036 879 2081 ergo
893 2028 966 2069 est
981 2023 1204 2081 possibile
1220 2024 1346 2082 quod
1362 2037 1457 2070 una
1471 2037 1674 2082 persona
1688 2024 1846 2069 divina
1856 2024 1976 2070 duas

93 2086 324 2130 humanas
352 2091 542 2131 naturas
559 2091 780 2131 assumat.

147 2147 235 2192 Sed
259 2152 419 2192 contra
439 2148 652 2204 estquod
672 2147 897 2205 quidquid
922 2143 1074 2205 potest
1092 2151 1240 2204 Pater,
1264 2153 1415 2205 potest
1437 2148 1595 2193 Filius·
1616 2148 1703 2193 Sed
1721 2150 1855 2194 Pater
1871 2154 1976 2205 post

92 2208 454 2254 incarnationem
472 2209 571 2254 Filii
593 2214 746 2266 potest
765 2221 1005 2254 assumere
1023 2214 1238 2255 naturam
1268 2211 1521 2254 humanam
1540 2209 1678 2254 aliam
1699 2221 1895 2254 numero
1915 2210 1975 2255 ab

93 2284 148 2316 ea
165 2282 306 2328 quam
330 2270 468 2315 Filius
489 2270 740 2328 assumpsit
763 2287 773 2315 ι
794 2271 843 2314 in
874 2269 1004 2315 nullo
1026 2271 1152 2316 enim
1173 2284 1255 2328 per
1277 2271 1646 2316 incarnationem
1675 2271 1774 2315 Filii
1803 2275 1875 2316 est
1901 2271 1976 2315 di·-

93 2334 272 2377 minuta
286 2332 488 2389 potentia
507 2333 651 2378 Patris
668 2333 744 2378 vel
762 2332 859 2377 Filii
883 2333 962 2387 (2).
986 2335 1106 2390 Ergo
1128 2332 1312 2378 videtur
1329 2333 1453 2390 quod
1471 2333 1613 2378 Filius
1634 2337 1739 2390 post
1756 2332 1975 2378 incarna-

95 2395 268 2440 tionem
298 2394 446 2451 possit
466 2394 604 2440 aliam
620 2395 873 2439 humanam
899 2398 1118 2439 naturam
1138 2407 1379 2440 assumere
1410 2400 1577 2452 praeter
1604 2406 1707 2440 eam
1734 2407 1877 2452 quam
1895 2408 1974 2440 as-

93 2456 306 2512 sumpsit.

140 2524 428 2565 CONGLUSIO.
453 2546 503 2554 --
523 2524 728 2572 Quoniam
759 2524 938 2575 potentia
964 2524 1118 2564 divinae
1141 2536 1321 2575 personae
1340 2525 1509 2565 infinita
1534 2528 1611 2574 est,
1641 2528 1771 2576 potest
1806 2535 1974 2576 persona

94 2579 235 2620 divina
252 2582 395 2630 praeter
412 2579 641 2619 humanam
656 2581 862 2628 naturam,
881 2590 1007 2630 quam
1032 2581 1270 2631 assumpsit,
1290 2579 1417 2620 aliam
1443 2591 1616 2620 numero
1639 2579 1871 2621 humanam
1899 2592 1971 2621 na—

97 2638 232 2674 turam
246 2645 463 2674 assumere.

148 2695 415 2753 Respondeo
430 2695 676 2741 dicendum
696 2696 820 2754 quod
838 2696 953 2741 illud
972 2696 1098 2753 quod
1115 2701 1270 2754 potest
1285 2698 1334 2742 in
1353 2710 1503 2743 unum
1518 2702 1566 2743 et
1580 2698 1738 2743 nonin
1754 2699 1970 2756 amplius,

93 2757 232 2802 habet
254 2757 504 2814 potentiam
534 2757 773 2803 limitatam
803 2758 862 2803 ad
884 2770 1048 2803 unum.
1079 2760 1288 2804 Potentia
1305 2763 1463 2805 autem
1483 2759 1652 2805 divinae
1672 2772 1885 2816 personae
1901 2765 1974 2806 est

94 2818 286 2873 infinita,
310 2831 397 2865 nec
426 2824 578 2876 potest
602 2819 788 2865 limitari
819 2820 880 2866 ad
903 2819 1081 2877 aliquid
1108 2825 1334 2867 creatum.
1362 2823 1493 2868 Unde
1515 2835 1609 2867 non
1629 2826 1701 2867 est
1721 2821 1972 2868 dicendum

97 2879 220 2936 quod
239 2893 438 2935 persona
458 2881 615 2926 divina
640 2881 704 2926 ita
723 2881 1029 2938 assumpserit
1050 2894 1193 2927 unam
1216 2888 1432 2929 naturam
1460 2883 1709 2929 humanam
1729 2883 1856 2940 quod
1877 2896 1973 2929 non

95 2940 293 2997 potuerit
310 2953 547 2987 assumere
560 2942 698 2987 aliam
712 2945 788 2999 (3).
809 2943 1050 2989 Videretur
1063 2943 1189 2989 enim
1203 2957 1262 2990 ex
1274 2945 1364 2990 hoc
1381 2945 1514 3002 sequi
1529 2945 1654 3002 quod
1669 2945 1974 3001 personalitas

95 3001 265 3046 divinae
283 3006 460 3046 naturae
479 3008 602 3047 esset
619 3003 682 3048 ita
700 3005 1036 3062 comprehensa
1055 3017 1139 3062 per
1155 3018 1300 3051 unam
1327 3010 1542 3051 naturam
1559 3007 1829 3063 humanam,
1848 3008 1974 3064 quod

95 3062 151 3107 ad
174 3062 275 3120 eJus
294 3062 666 3118 personalitatem
685 3065 774 3110 alia
794 3067 969 3112 assumi
989 3079 1083 3111 non
1102 3067 1271 3125 possit3
1293 3068 1417 3125 quod
1440 3073 1513 3113 est
1536 3067 1852 3126 impossibile3
1877 3082 1972 3114 non

90 3123 219 3168 enim
251 3123 507 3168 increatum
539 3123 567 3168 a
597 3130 752 3170 creato
782 3128 1110 3185 comprehendi
1133 3133 1288 3186 potest
1320 3132 1393 3185 (4).
1425 3133 1552 3175 Patet
1583 3142 1695 3186 ergo
1717 3130 1844 3187 quod
1874 3131 1973 3176 sive

135 3218 180 3260 (l)
195 3217 339 3252 Fallacia
357 3217 514 3252 dictionis
537 3221 588 3253 est
610 3218 691 3253 dum
713 3220 757 3255 ab
780 3234 848 3257 uno
864 3235 984 3263 genere
1109 3224 1153 3267 (3)
1170 3224 1282 3260 Simul
1307 3228 1342 3259 et
1364 3225 1480 3267 semel,
1499 3225 1554 3262 vel
1578 3227 1786 3266 conjunctim
1809 3237 1887 3260 cum
1910 3224 1971 3260 illa

96 3265 135 3300 nd
150 3265 242 3300 aliud
258 3266 297 3300 fit
315 3266 475 3300 transitus
487 3291 496 3307 ,
512 3272 547 3300 et
564 3265 695 3301 fallacia
710 3268 890 3305 accidentis
903 3276 951 3306 est
966 3273 985 3305 a
1068 3283 1168 3313 quam
1186 3272 1372 3314 assumpsit.

95 3312 184 3367 dicto
200 3313 383 3347 secundum
399 3313 480 3354 quid
495 3312 535 3347 ad
560 3313 688 3348 dictum
704 3316 904 3358 simpliciter
920 3318 982 3359 (Cf.
1110 3319 1152 3360 (ss)
1182 3319 1297 3361 Neque
1332 3320 1629 3361 comprehensione
1660 3319 1871 3355 substantiali
1900 3319 1971 3355 sive

97 3359 240 3401 Logique
255 3360 294 3394 de
313 3360 531 3402 port-Royan,
550 3361 604 3396 ch.
619 3370 690 3403 xm,
704 3363 720 3403 Ξ
734 3364 779 3404 5).
1069 3365 1246 3401 entitativa
1273 3367 1313 3401 de
1337 3379 1403 3409 qua
1421 3379 1510 3402 nunc
1539 3367 1671 3408 agitur,
1692 3379 1800 3407 neque
1822 3365 1971 3400 intellec·

135 3407 177 3448 (2)
189 3407 274 3441 Hinc
283 3407 428 3442 Ecclesia
443 3408 534 3443 canit
545 3409 583 3443 in
597 3409 672 3444 fest.
689 3411 984 3446 circumcisionis:
1072 3413 1137 3449 tiva
1155 3419 1189 3449 et
1200 3416 1339 3450 mentali
1359 3428 1431 3457 quae
1450 3415 1493 3449 ad
1509 3415 1700 3450 beatificam
1722 3414 1814 3448 visio<
1834 3425 1882 3447 arn
1898 3425 1972 3455 per·
2011 3415 2013 3417 ’

98 3454 136 3487 ld
166 3456 260 3499 quod
278 3455 349 3496 fuit
370 3458 586 3499 permansit,
603 3458 763 3500 {quando
792 3459 888 3504 quod
913 3469 988 3495 non
1071 3460 1169 3497 tinet.

96 3506 175 3536 arat
198 3503 410 3543 assumpsit.
