2170 3808
731 213 927 265 QuAEsT.
958 213 1059 266 xm,
1088 213 1206 255 ΛΒΤ.
1237 212 1288 255 11.
1872 210 1955 254 343

164 339 167 342 .
220 297 555 342 ARTICIJLIJS
587 296 646 337 11.
671 317 726 325 —
753 307 891 336 ornum
916 306 1115 337 cumsws
1138 306 1179 335 m
1204 305 1386 336 naseam
1405 305 1577 336 mptum
1601 303 1815 334 unaucurt.

139 359 206 404 Ad
227 359 479 404 secundum
496 356 562 400 sic
579 354 856 411 proceditur.
878 358 922 399 1.
946 355 1130 399 Videtur
1147 353 1272 409 quod
1283 353 1489 397 Christus
1509 366 1602 397 non
1625 350 1836 397 debuerit
1850 353 1955 393 ten-

88 421 172 465 tari
195 420 240 464 in
268 421 460 466 deserto.
484 416 687 461 Christus
718 416 841 460 enim
865 415 1031 460 tentari
1058 415 1205 459 voluit
1218 419 1406 471 propter
1426 415 1690 471 exemplum
1725 417 1951 472 nostrum,

85 486 138 525 ut
156 480 328 526 dictum
348 484 420 526 est
448 479 550 534 (art.
581 476 758 533 praec.).
783 476 870 521 Sed
902 475 1165 531 exemplum
1203 474 1342 520 debet
1372 476 1618 519 manifeste
1648 472 1843 532 proponi
1867 471 1956 516 illis

86 542 165 598 qui
183 547 294 586 sunt
315 555 397 599 per
413 538 678 595 exemplum
701 537 995 583 informandi.
1017 540 1115 581 Non
1141 548 1252 592 ergo
1267 535 1428 580 debuit
1446 536 1493 579 in
1516 537 1700 580 deserto
1720 533 1900 580 tentari.

140 605 183 648 2.
207 606 440 655 Praeterea,
455 601 811 658 Chrysostomus
828 599 940 645 dicit
957 601 1131 654 (Super
1152 598 1302 643 Matth.
1329 598 1457 642 hom.
1476 610 1550 653 χιι,
1581 597 1609 640 a
1624 596 1807 653 princ.)‚
1831 594 1955 652 quod

89 680 110 702 α
134 668 245 710 tune
262 663 459 709 maxime
478 663 619 706 instat
632 662 843 706 diabolus
860 662 919 706 ad
936 660 1225 715 tentandum,
1245 659 1352 703 cum
1370 658 1538 703 viderit
1555 658 1814 702 solitarios:
1832 656 1956 701 unde

84 725 198 771 etin
219 725 439 783 principio
461 724 702 769 mulierem
721 723 929 779 tentavit,
953 723 1055 768 sine
1080 722 1180 766 viro
1198 733 1303 766 eam
1335 721 1604 775 inveniens3
1624 738 1645 758 ι»
1668 724 1718 764 et
1739 719 1806 763 sic
1827 718 1957 763 vide-

88 791 162 831 tur
182 799 264 844 per
277 788 362 831 hoc
379 786 498 843 quod
519 785 566 829 in
587 786 822 830 desertum
853 785 936 829 ivit
956 790 1009 829 ut
1031 789 1298 838 tentaretur,
1325 782 1451 838 quod
1475 780 1716 826 tentationi
1738 792 1790 824 se
1811 790 1956 835 expo-

85 846 193 893 suit.
212 850 324 893 Cum
349 860 460 905 ergo
487 847 591 904 ejus
610 847 802 892 tentatio
829 847 890 891 sit
917 852 1127 891 nostrum
1155 845 1438 902 exemplum,
1470 844 1652 888 videtur
1675 841 1800 900 qued
1820 842 1957 886 etiam

83 908 164 953 alii
196 909 392 954 debeant
410 922 462 954 se
480 910 690 966 ingerere
702 908 763 953 ad
786 908 1063 953 tentationes
1090 906 1432 963 suscipiendas3
1452 905 1578 962 quod
1596 910 1747 948 tamen
1774 903 1957 948 videtur

83 981 187 1015 esse
208 970 529 1027 periculosum,
553 974 660 1015 cum
686 970 837 1027 magis
857 970 1163 1015 tentationum
1184 968 1451 1029 occasiones
1469 967 1615 1011 vitare
1630 966 1899 1011 debeamus.

138 1034 180 1076 3.
203 1034 424 1077 Praeterea
449 1033 615 1086 (Matth.
639 1034 716 1089 w),
741 1031 927 1088 ponitur
958 1030 1165 1076 secunda
1192 1029 1356 1074 Christi
1379 1028 1587 1083 tentatio,
1622 1027 1715 1084 qua
1749 1027 1958 1070 diabolas

85 1092 311 1138 Christum
327 1097 567 1150 assumpsit
587 1097 636 1137 in
652 1096 857 1137 sanctam
877 1095 1120 1147 civitatem,
1142 1095 1187 1135 et
1211 1093 1372 1135 statuit
1388 1104 1483 1134 eum
1511 1103 1647 1146 super
1665 1089 1957 1145 pinnaculum

83 1154 270 1259 (tiemplu
286 1156 410 1212 quod
433 1156 620 1212 quidem
642 1167 736 1199 non
759 1159 859 1199 erat
881 1153 929 1198 in
943 1153 1144 1199 deserte.
1166 1155 1268 1197 Non
1290 1164 1403 1208 ergo
1420 1156 1626 1196 tentatus
1646 1156 1718 1197 est
1739 1151 1890 1196 solum
1908 1151 1957 1195 in

116 1220 279 1260 eserto.

136 1277 224 1321 Sed
249 1282 410 1321 contra
427 1281 500 1322 est
521 1277 646 1333 quod
659 1277 828 1321 dicitur
841 1276 988 1331 (Marci
1012 1289 1043 1330 1,
1061 1277 1149 1332 13),
1172 1275 1300 1332 quod
1319 1279 1422 1318 erat
1433 1279 1558 1318 Jesus
1579 1277 1627 1317 in
1653 1275 1828 1318 deserto
1844 1287 1955 1331 qua-

82 1337 300 1394 draqinta
319 1340 485 1394 diebus,
511 1341 556 1382 et
576 1339 886 1394 quadr-afflata
907 1338 1126 1396 noctibus,
1147 1341 1191 1382 et
1220 1337 1478 1380 tentabatur
1499 1338 1529 1379 a
1553 1340 1730 1380 Salam
1750 1338 1824 1389 (1).

129 1405 416 1446 CONCLUSIO.
437 1428 483 1436 -—
500 1406 709 1447 Christum
729 1405 867 1446 decuit
887 1406 933 1446 in
952 1405 1107 1447 deserto
1132 1405 1304 1457 tentari,
1324 1408 1372 1445 ut
1394 1404 1607 1445 hominem
1628 1406 1678 1444 de
1701 1402 1889 1444 Paradiso
1912 1404 1957 1444 in

82 1458 285 1500 desertum
305 1460 491 1512 ejectum,
513 1460 563 1501 (le
582 1461 704 1501 exilio
722 1460 923 1501 liberaret.

136 1523 404 1578 Respondeo
427 1523 674 1568 dicendum
695 1524 835 1580 quod,
857 1523 978 1571 sicut
1003 1522 1179 1569 dictum
1198 1526 1268 1567 est
1296 1524 1398 1577 (art.
1425 1534 1562 1579 praec.
1585 1522 1644 1566 ad
1676 1522 1732 1575 2).
1752 1521 1976 1567 Christus

82 1584 268 1640 propria
292 1584 527 1630 voluntate
549 1598 600 1630 se
621 1585 804 1630 diabolo
833 1585 1042 1630 exhibuit
1064 1586 1124 1630 ad
1144 1585 1419 1629 tentandum
1444 1586 1519 1639 (2),
1552 1584 1672 1628 sieut
1689 1584 1826 1628 etiam
1849 1596 1959 1639 pro-

84 1644 182 1700 pria
199 1646 436 1691 voluntate
454 1647 675 1692 membris
696 1647 799 1704 ejus
826 1659 879 1692 se
896 1647 1108 1692 exhibuit
1135 1647 1193 1692 ad
1217 1645 1526 1691 occidendum
1546 1660 1557 1689 z
1578 1645 1781 1702 alioquin
1802 1644 1960 1689 diabo-

84 1705 160 1750 lus
179 1707 339 1752 venire
361 1709 419 1753 ad
450 1721 559 1753 eum
590 1722 684 1754 non
714 1710 918 1754 auderet.
941 1708 1158 1753 Diabolus
1180 1713 1336 1753 autem
1358 1708 1508 1764 magis
1536 1711 1729 1752 attentat
1758 1707 1959 1764 aliquem

83 1769 190 1812 cnm
212 1774 281 1813 est
299 1769 531 1814 solitarius
551 1786 564 1816 z
586 1771 711 1828 quia,
728 1775 780 1815 ut
798 1771 967 1816 dicitur
986 1770 1151 1824 (Eccle.
1176 1784 1236 1824 lv„
1257 1772 1347 1826 ¹2),
1367 1772 1407 1813 si
1431 1772 1657 1825 quispiam
1669 1769 1961 1826 praevaluerit

85 1835 245 1872 contra
259 1843 410 1886 unum,
427 1831 515 1875 duo
538 1835 752 1875 resistunt
767 1834 824 1875 ei.
847 1834 901 1875 Et
923 1831 1034 1877 inde
1057 1836 1129 1876 est
1157 1830 1282 1887 quod
1307 1830 1514 1875 Christus
1538 1830 1583 1873 in
1606 1830 1837 1874 desertum
1861 1830 1961 1874 exi·

59 1888 163 1946 wit,
197 1891 330 1947 quasi
349 1892 408 1937 ad
423 1905 640 1949 eampum
664 1893 946 1948 certaminis,
975 1898 1027 1937 ut
1051 1893 1114 1936 ibi
1141 1891 1169 1936 a
1187 1892 1371 1938 diabolo
1405 1896 1672 1936 tentaretur.
1706 1891 1834 1935 Unde
1855 1894 1960 1935 Am-

83 1950 268 1998 brosius
284 1953 391 1998 dicit
416 1957 577 2010 (Super
597 1957 782 2010 Lucam,
799 1967 901 2011 cap.
922 1956 980 2010 4),
1000 1954 1126 2011 quod
1156 1973 1175 1992 «ι
1189 1953 1394 1998 Christus
1412 1953 1637 2010 agebatur
1653 1954 1699 1996 in
1726 1953 1961 1998 desertum

84 2014 294 2071 consilio,
314 2021 366 2060 ut
380 2015 615 2061 diabolum
633 2020 921 2073 provocaret.
939 2019 975 2060 N
979 2029 1053 2060 am
1072 2016 1161 2060 nisi
1183 2016 1260 2060 ille
1279 2020 1517 2073 certasset,
1543 2015 1717 2059 scilicet
1730 2015 1957 2072 diabolus,

85 2087 179 2120 non
197 2075 284 2121 iste
298 2077 409 2120 mihi
434 2077 645 2133 vicisset,
661 2096 681 2115 »ι
709 2077 756 2122 id
775 2082 860 2134 est,
884 2077 1105 2122 Christus.
1129 2077 1263 2122 Addit
1283 2081 1438 2121 autem
1457 2081 1503 2121 et
1522 2075 1636 2120 alias
1652 2076 1871 2130 rationes,
1892 2076 1960 2121 di—

84 2148 196 2181 cens
211 2137 301 2182 hoc
317 2138 546 2182 Christum
568 2139 733 2184 fecisse
753 2139 991 2197 mysterio,
1012 2144 1065 2183 ut
1082 2138 1226 2183 Adam
1244 2138 1301 2183 de
1323 2139 1461 2183 exilio
1482 2138 1714 2191 liberaret,
1738 2138 1818 2194 qui
1836 2137 1961 2182 scili-

84 2202 157 2243 cet
175 2199 233 2244 de
251 2201 466 2245 Paradiso
480 2200 527 2244 in
553 2201 790 2246 desertum
816 2201 991 2258 ejectus
1012 2205 1108 2258 est3
1141 2206 1187 2246 et
1207 2200 1437 2259 exemplo,
1464 2204 1518 2244 ut
1535 2200 1800 2244 ostenderet
1826 2199 1960 2244 nobis

86 2258 318 2306 diabolum
340 2262 398 2307 ad
419 2263 608 2307 meliora
630 2263 925 2308 tendentibus
944 2262 1166 2308 invidere.

139 2322 206 2367 Ad
214 2327 414 2380 primum
429 2337 539 2381 ergo
561 2325 826 2382 dicendum,
847 2325 971 2382 quod
988 2326 1195 2370 Christus
1214 2324 1488 2382 proponitur
1508 2324 1726 2369 omnibus
1743 2325 1791 2369 in
1806 2337 1961 2370 exem·

84 2382 214 2439 plum
245 2397 328 2442 per
360 2385 513 2442 fidem,
544 2387 802 2432 secundum
825 2386 940 2431 illud
970 2387 1119 2440 (Hebr.
1155 2401 1230 2444 xn,
1265 2390 1336 2441 2):
1360 2384 1638 2442 Aspicientes'
1669 2389 1716 2429 in
1735 2390 1961 2429 auctorem

85 2444 190 2507 fidei
209 2449 255 2489 et
275 2452 674 2492 consummatorem
693 2452 859 2492 Iesum.
879 2449 1017 2492 Fides
1031 2453 1206 2506 autem,
1227 2454 1277 2493 ut
1294 2448 1462 2493 dicitur
1477 2450 1624 2502 (Rom.
1647 2461 1690 2504 x,
1714 2450 1798 2504 1⁸7)7
1819 2456 1884 2490 est
1903 2462 1962 2492 ex

85 2508 265 2564 auditu,
289 2519 382 2552 non
402 2514 558 2554 autem
578 2522 637 2555 ex
653 2510 774 2555 visu.
798 2510 1011 2563 Quinimo
1034 2512 1178 2565 (Joan.
1211 2525 1281 2566 xx,
1303 2512 1390 2566 29),
1412 2509 1606 2555 dicitur:
1628 2513 1757 2554 Beati
1776 2514 1854 2564 qua·
1873 2524 1962 2553 non

86 2568 308 2626 viderunt,
329 2573 372 2613 et
392 2572 697 2616 crediderunt.
717 2574 772 2616 Et
798 2571 902 2617 ideo
925 2571 984 2617 ad
1013 2573 1100 2616 hoc
1117 2572 1240 2628 quod
1271 2572 1459 2616 tentatio
1488 2571 1652 2615 Christi
1680 2576 1807 2616 esset
1826 2572 1960 2616 nobis

86 2626 134 2671 in
153 2630 431 2687 exemplum,
453 2645 545 2676 non
582 2633 784 2690 oportuit
811 2633 936 2690 quod
964 2633 1023 2677 ab
1043 2633 1308 2678 hominibus
1339 2633 1594 2687 videretur3
1617 2632 1702 2677 sed
1724 2632 1961 2677 sufficiens

89 2688 175 2734 suit
193 2691 316 2747 quod
338 2693 601 2738 hominibus
622 2700 901 2740 narraretur.

142 2752 209 2796 Ad
228 2755 468 2797 secundum
487 2755 752 2811 dicendum,
778 2757 903 2813 quod
923 2756 1098 2813 duplex
1118 2761 1189 2801 est
1220 2755 1485 2800 tentationis
1511 2755 1708 2799 occasio.
1735 2757 1833 2798 Una
1855 2757 1961 2812 qui-

91 2810 196 2857 dem
218 2823 275 2882 ex
298 2819 427 2869 parte
449 2816 675 2873 hominis3
716 2819 830 2874 puta
853 2821 961 2863 cum
988 2817 1157 2874 aliquis
1200 2829 1251 2862 se
1281 2821 1472 2874 peccato
1494 2816 1807 2873 propinquum
1838 2816 1960 2872 facit,

90 2885 357 2919 occasiones
380 2878 599 2931 peccandi
621 2891 716 2923 non
738 2881 942 2935 evitansz,
965 2884 1012 2924 et
1033 2879 1138 2924 talis
1162 2879 1346 2923 occasio
1366 2877 1634 2924 tentationis
1653 2882 1724 2922 est
1756 2878 1958 2930 vitanda.

91 2933 212 2979 sicut
233 2934 407 2979 dictum
423 2941 494 2981 est
510 2939 621 2982 Loth
637 2941 816 2993 (Genes.
837 2955 925 2995 x1x,
947 2943 1019 2995 17)
1038 2955 1049 2984 ε
1069 2944 1136 2984 Ne
1151 2943 1324 2984 steteris
1341 2942 1390 2982 in
1412 2942 1533 2983 omni
1546 2942 1727 2995 reqione
1739 2942 1865 2982 circa
1881 2943 1959 2983 So-

91 2996 290 3040 domam.
311 2996 407 3040 Alia
430 2998 538 3042 vero
557 3000 823 3046 tentationis
835 3002 1016 3046 occasio
1038 3005 1111 3045 est
1125 3013 1183 3044 ex
1202 3006 1332 3057 parte
1346 2999 1535 3055 diaboli,
1551 3000 1631 3056 qui
1653 3017 1673 3037 «
1686 3012 1868 3057 semper
1886 3000 1961 3045 in-

91 3056 216 3101 videt
234 3057 292 3102 ad
314 3059 503 3102 meliora
520 3059 830 3118 tendentibus,
852 3082 872 3100 »ι
892 3068 946 3107 ut
969 3062 1239 3107 Ambrosius
1262 3061 1374 3106 dicit
1398 3062 1503 3118 (loc.
1526 3074 1633 3118 sup.
1649 3061 1766 3117 cit.);
1791 3066 1837 3106 et
1856 3062 1961 3108 talis

93 3117 352 3163 tentationis
364 3121 545 3165 occasio
567 3133 661 3166 non
675 3127 745 3167 est
759 3123 962 3169 vitanda.
982 3124 1109 3168 Unde
1123 3123 1235 3168 dicit
1253 3123 1607 3181 Chrysostomus
1619 3123 1755 3180 (alius
1764 3126 1958 3179 auctor),

90 3191 230 3236 super
248 3182 399 3226 Matth.
425 3183 566 3237 (hom.
587 3197 614 3228 v
644 3183 694 3227 in
713 3185 794 3241 Op.
829 3185 1009 3241 imperf.
1045 3185 1269 3241 aliquant.
1296 3185 1324 3228 a
1351 3184 1530 3242 princ.)‚
1554 3185 1680 3242 quod
1697 3198 1791 3230 non
1810 3186 1960 3229 solum

130 3288 176 3330 (i)
190 3288 286 3323 Sicut
310 3294 344 3324 et
361 3290 440 3325 Luc.
458 3299 507 3334 lv,
521 3292 544 3327 2
563 3303 576 3326 .-
591 3293 776 3335 Agebatur
793 3293 818 3329 ὀ
834 3293 983 3338 Spiritu
1066 3293 1200 3335 (Matth.
1227 3295 1287 3335 1v).
1310 3293 1363 3330 vel
1384 3294 1561 3338 expulsus
1588 3299 1621 3330 et
1640 3299 1743 3331 actus
1762 3296 1883 3338 (Marc.
1901 3303 1913 3328 1
1928 3297 1962 3329 et

91 3335 134 3370 in
153 3335 334 3372 desertum
359 3338 481 3375 diebus
509 3341 760 3385 quadraginta
777 3369 785 3382 ,
812 3345 845 3377 et
871 3344 983 3377 tema-
1066 3342 1145 3376 Luc.
1177 3341 1331 3385 1v);non
1352 3343 1445 3377 enim
1468 3348 1507 3377 ut
1532 3343 1660 3378 invitus
1689 3349 1724 3379 et
1753 3350 1872 3384 captus
1904 3344 1960 3378 vel

93 3381 201 3419 bacar
219 3385 243 3418 ὰ
258 3385 416 3420 diabolo.
1067 3393 1199 3424 coaetus
1207 3388 1586 3434 duciturhSpiritmsed
1594 3392 1768 3428 voluntate
1779 3389 1960 3434 pugnandi,

133 3430 178 3473 (2)
208 3432 275 3468 Nec
310 3438 478 3476 repugnat
503 3436 596 3478 *quod
629 3437 815 3481 &Spiritu
851 3436 982 3472 ductus
1069 3440 1107 3472 ut
1121 3437 1344 3482 Hieronymus
1358 3444 1465 3476 notat.
