2170 3808
775 179 970 230 QUAEST.
1001 178 1088 231 XV,
1123 178 1241 220 ART.
1271 176 1339 219 IX.
1916 173 1997 217 143

124 266 241 312 citur
258 265 380 310 enim
394 262 559 319 (Jacobi
579 275 610 316 ι,
630 262 700 314 20)
724 276 734 304 ι
753 263 833 303 Ira
858 262 945 302 viri
957 260 1194 314 justitiam
1205 258 1289 301 Dei
1307 270 1395 299 non
1414 257 1646 312 operatur.
1668 253 1755 298 Sed
1772 251 1998 309 quidquid

124 328 208 373 fuit
226 327 274 371 in
298 326 489 377 Christo,
506 324 564 368 ad
574 322 800 379 justitiam
818 321 895 365 Dei
915 320 1164 377 pertinuit:
1183 323 1282 375 Ipse
1297 321 1414 361 enim
1433 320 1583 370 factus
1600 320 1664 361 est
1685 317 1807 359 nobis
1821 317 1997 368 justitia

127 393 159 433 ὰ
191 393 300 445 Deo,
335 393 388 432 ut
422 385 590 432 dieitur
612 385 661 438 (l.
699 382 903 428 Corinth.
941 394 972 437 1,
994 383 1082 435 30).
1125 382 1242 435 Ergo
1265 378 1445 424 videtur
1481 377 1606 433 quod
1629 377 1675 422 in
1700 377 1877 421 Christo
1903 386 1993 419 non

126 449 265 494 fuerit
281 449 364 493 ira.
1418 494 1421 497 ⁸

176 513 218 556 2.
251 513 485 563 Praeterea‚
504 507 572 552 ira
591 504 938 550 mansuetudini
952 503 1217 561 opponitur,
1236 506 1289 545 ut
1305 504 1431 557 patet
1451 501 1608 554 (Ethic.
1630 500 1711 545 lib.
1733 514 1791 557 w,
1812 511 1915 555 cap.
1934 499 1990 554 5).

125 572 211 617 Sed
225 572 425 617 Christus
445 569 530 614 fuit
547 567 751 613 maxime
771 570 1062 612 mansuetus.
1087 568 1206 620 Ergo
1236 563 1285 607 in
1304 575 1359 607 eo
1383 574 1476 606 non
1495 563 1583 607 fuit
1604 562 1690 606 ira.

177 635 220 678 3.
248 635 483 686 Praeterea,
497 630 740 687 Gregorius
753 627 1042 683 dicitffloral.
1057 627 1135 671 lib.
1154 637 1308 682 v‚eap.
1323 627 1393 682 30,
1411 624 1527 667 inter
1539 623 1662 668 med.
1675 628 1721 668 et
1737 621 1855 679 fin.),
1874 622 1994 679 qudd

127 711 148 733 α
159 694 227 739 ira
240 707 321 751 per
339 694 499 737 vitium
514 697 716 737 excaecat
729 691 916 736 oculum
930 690 1098 735 mentis
1111 706 1123 745 ς
1146 689 1213 732 ira
1236 686 1343 731 vero
1362 698 1444 742 per
1459 685 1608 729 zelum
1623 685 1776 740 ipsum
1790 684 1959 730 turbat.
1972 702 1993 724 ι

125 757 212 802 Sed
243 756 290 801 in
322 755 496 800 Christo
518 754 686 798 mentis
706 753 871 798 oculus
902 764 995 796 non
1028 750 1115 796 fuit
1140 753 1416 804 excaecatuS,
1447 759 1537 792 nec
1557 746 1783 791 turbatus.
1808 749 1927 802 Ergo
1948 746 1995 791 in

122 819 296 863 Christo
313 829 398 862 nec
418 817 504 861 fuit
517 817 584 860 ira
599 829 680 873 per
697 815 878 871 vitium,
898 826 986 858 nec
1007 813 1074 857 ira
1091 825 1174 870 per
1192 811 1360 856 zelum.

178 880 263 924 Sed
290 884 447 923 contra
472 884 542 922 est
574 877 697 934 quod
721 879 863 930 (Joan.
895 879 939 928 ιι)
963 875 1021 920 de
1054 887 1108 919 eo
1132 874 1299 918 dicitur
1335 884 1439 916 esse
1473 870 1715 927 impletum
1751 869 1877 926 quod
1907 871 1993 924 (ΡΒ.

123 954 263 998 ιιινιιι,
282 944 351 996 10)
367 941 559 998 legitur:
584 940 723 983 Zetus
743 939 902 982 domas
917 942 1004 982 tuae
1023 937 1216 981 eomedit
1229 949 1313 979 me.

168 1008 451 1049 CONCLUSlO.
480 1030 528 1038 -›-
548 1009 653 1047 Gum
675 1007 720 1047 in
738 1005 899 1046 Christo
917 1005 1039 1044 fuerit
1057 1003 1224 1044 tristitia
1244 1005 1284 1043 et
1303 1000 1497 1043 vindicta>
1510 999 1727 1051 appetitus,
1753 1010 1834 1038 non
1857 1002 1997 1039 contra

124 1063 186 1102 vel
203 1066 344 1114 praeter
364 1061 534 1103 rationis
561 1061 748 1101 ordinem
761 1089 774 1110 ,
803 1071 886 1101 non
908 1058 988 1098 fuit
1014 1059 1060 1099 in
1082 1069 1130 1098 eo
1148 1061 1209 1097 ira
1230 1068 1300 1109 per
1320 1056 1499 1105 vitium,
1522 1054 1591 1095 sed
1618 1066 1688 1107 per
1709 1054 1844 1094 zelum
1863 1053 1997 1094 divini

124 1115 444 1236 hoilgggondeo
463 1178 711 1224 dicendum
729 1175 869 1234 qued,
882 1175 1002 1222 sieut
1015 1175 1063 1219 in
1076 1175 1284 1219 secunda
1296 1177 1427 1230 parte
1443 1172 1618 1217 dictum·
1631 1176 1704 1216 est
1719 1173 1754 1225 (1
1772 1174 1815 1220 2.
1831 1175 1993 1228 quaest.

120 1254 231 1296 uvi,
250 1246 337 1287 art.
359 1244 386 1286 3
401 1240 458 1285 ad
473 1244 516 1297 3,
533 1245 579 1284 et
596 1243 623 1283 2
640 1243 681 1295 2,
702 1242 867 1295 quaest.
893 1250 1035 1293 οινιιι,
1058 1241 1141 1281 art.
1163 1241 1206 1292 4,
1222 1239 1307 1280 2et
1320 1238 1382 1291 3),
1399 1233 1468 1278 ira
1485 1239 1555 1279 est
1576 1234 1767 1279 effectus
1787 1232 1994 1277 tristitiae.

120 1304 185 1347 Ex
205 1303 385 1348 tristitia
411 1302 535 1347 enim
564 1301 700 1346 alicui
730 1300 856 1344 illata.
886 1299 1186 1356 consequitur
1207 1299 1253 1342 in
1292 1310 1348 1342 eo
1380 1295 1501 1340 circa
1529 1296 1793 1341 sensitivam
1822 1300 1996 1350 partem

37 1373 39 1376 ’
120 1366 349 1421 appetitus
367 1364 618 1423 repellendi
634 1363 807 1408 illatam
828 1361 1045 1419 injuriam
1061 1361 1136 1406 vel
1153 1360 1258 1418 sibi,
1281 1359 1356 1404 vel
1377 1357 1493 1403 aliis.
1515 1360 1567 1402 Et
1584 1359 1651 1403 sic
1665 1358 1732 1402 ira
1749 1363 1820 1401 est
1842 1358 1996 1413 passio

120 1426 371 1482 composita
397 1439 451 1470 ex
487 1425 670 1470 tristitia
691 1429 736 1469 et
759 1423 963 1480 appetitu
985 1423 1217 1468 vindictae.
1243 1422 1421 1466 Dictum
1445 1424 1515 1464 est
1543 1425 1698 1465 autem
1717 1421 1819 1473 (art.
1845 1422 1871 1462 6
1896 1420 1992 1477 huj.

120 1489 233 1546 qu),
252 1487 376 1544 quod
397 1486 443 1530 in
462 1486 636 1531 Christo
657 1485 839 1530 tristitia
855 1497 960 1529 esse
974 1484 1137 1541 potuit.
1157 1482 1397 1540 Appetitus
1413 1484 1552 1529 etiam
1564 1481 1777 1527 vindictae
1792 1481 1996 1536 quando·

119 1560 211 1604 que
232 1554 304 1593 est
321 1560 427 1593 cum
444 1552 645 1604 peccato,
665 1546 855 1603 quando
871 1545 1046 1590 seilicet
1067 1546 1233 1602 aliquis
1256 1544 1507 1592 vindictam
1530 1544 1693 1602 quaerit
1710 1545 1797 1591 sibi
1820 1545 1996 1601 absque

119 1610 279 1655 ordine
295 1610 498 1655 rationis.
523 1613 577 1654 Et
596 1610 664 1655 sic
685 1609 755 1653 ira
774 1609 822 1651 in
846 1607 1022 1652 Christo
1039 1619 1145 1652 esse
1167 1619 1258 1651 non
1278 1610 1426 1663 potuit
1461 1624 1471 1653 :
1495 1607 1761 1665 huiusmodi
1781 1608 1906 1653 enim
1925 1607 1996 1651 di-

120 1670 243 1714 citur
258 1671 327 1715 ira
358 1684 443 1728 per
462 1671 622 1716 vitium
648 1671 721 1724 (1).
755 1668 1040 1724 Quandoque
1074 1668 1309 1716 veretalia
1326 1671 1559 1727 appetitus
1580 1674 1648 1713 est
1667 1670 1768 1714 sine
1791 1674 1994 1726 peccato,

121 1731 212 1778 imo
232 1738 303 1776 est
322 1732 587 1783 laudabilis;
608 1731 719 1787 puta
733 1734 841 1775 cum
856 1730 1022 1786 aliquis
1045 1730 1217 1787 appetit
1237 1731 1488 1776 vindictam
1505 1731 1763 1776 secundum
1785 1730 1996 1775 ordinem

119 1791 305 1846 justitiae
337 1808 349 1838 ε
374 1798 424 1837 et
444 1794 531 1837 hoc
548 1798 736 1837 vocatur
757 1792 824 1837 ira
848 1804 929 1848 per
961 1791 1110 1836 zelum
1129 1794 1202 1847 (2).
1225 1792 1337 1837 Dicit
1367 1794 1494 1838 enim
1519 1792 1804 1848 Augustinus
1835 1793 1997 1848 (Super

120 1856 248 1898 Joan.
272 1860 404 1899 tract.
429 1857 497 1910 10,
533 1855 754 1910 aliquant.
779 1853 806 1896 ὲ
827 1853 970 1908 med.)
1006 1853 1131 1910 qued
1162 1854 1297 1898 «zelo
1321 1855 1487 1900 domus
1519 1854 1595 1899 Dei
1623 1854 1893 1910 comeditur,
1917 1853 1997 1911 qui

119 1916 275 1960 omnia
292 1928 395 1973 quae
409 1915 471 1960 ibi
489 1927 704 1972 perversa
717 1915 859 1969 videt,
875 1915 1043 1972 satagit
1054 1916 1328 1972 emender-eg
1347 1922 1392 1961 et
1403 1917 1443 1961 si
1453 1916 1702 1961 emendare
1720 1929 1812 1960 non
1827 1920 1994 1973 potest,

121 1978 295 2034 tolerat,
321 1983 369 2023 et
385 1979 542 2034 gemit.
565 1981 617 2022 Et
637 1978 740 2022 talis
762 1977 829 2021 ira
847 1977 934 2022 fuit
951 1978 1000 2022 ln
1027 1978 1253 2022 Christo.»

172 2039 238 2084 Ad
267 2043 465 2095 primum
499 2051 610 2094 ergo
633 2038 895 2094 dicendum,
921 2037 1063 2095 quod,
1100 2039 1220 2083 sicut
1241 2041 1485 2097 Gregorius
1519 2040 1628 2085 dicit
1648 2039 1813 2096 (Moral.
1848 2040 1928 2086 lib.
1951 2054 1994 2097 v,

117 2113 218 2158 cap.
256 2104 344 2158 30),
370 2101 436 2145 ira
473 2100 717 2158 dupliciter
750 2112 802 2144 se
840 2099 978 2145 habet
1017 2100 1063 2144 in
1103 2101 1304 2146 homine.
1345 2103 1629 2160 Quandoque
1662 2102 1786 2147 enim
1818 2116 1996 2160 praeve-

119 2162 187 2206 nit
226 2162 464 2216 rationem,
505 2168 553 2206 et
587 2161 726 2207 trahit
762 2173 866 2205 eam
902 2173 1062 2206 seeum
1102 2162 1160 2206 ad
1202 2163 1487 2218 operandum
1528 2178 1541 2208 ε
1583 2168 1629 2208 et
1663 2168 1775 2208 tunc
1813 2165 1996 2222 proprie

117 2222 282 2267 dicitur
315 2223 519 2280 operari,
562 2234 670 2267 nam
703 2223 908 2278 operatio
946 2221 1212 2267 attribuitur
1250 2224 1493 2281 principali
1529 2223 1700 2280 agenti.
1739 2227 1792 2269 Et
1826 2237 1998 2270 secun-

119 2284 230 2329 dum
262 2286 351 2330 hoe
376 2285 647 2341 intelligitur
677 2284 801 2341 quod
835 2288 910 2328 ira
945 2287 1035 2328 viri
1052 2286 1289 2339 justitiam
1328 2290 1408 2330 Dei
1442 2301 1530 2330 non
1566 2290 1798 2343 operatur.
1840 2290 1997 2341 Quan-

118 2344 270 2402 doque
304 2347 416 2391 vero
455 2346 523 2390 ira
558 2346 766 2403 sequitur
803 2346 954 2402 ipsam
988 2346 1237 2404 rationem,
1283 2353 1330 2392 et
1359 2354 1431 2392 est
1461 2347 1595 2405 quasi
1632 2348 1995 2395 instrumentum

119 2406 264 2462 ipsius
301 2421 313 2451 z
356 2412 403 2452 et
440 2413 550 2452 tunc
583 2406 803 2464 operatio,
843 2418 950 2463 quae
987 2411 1059 2451 est
1089 2406 1298 2465 justitiae,
1344 2421 1437 2452 non
1477 2409 1741 2454 attribuitur
1777 2409 1872 2466 irae,
1913 2411 1996 2456 sed

119 2467 299 2512 rationi.

172 2529 235 2574 Ad
269 2531 506 2574 secumdum
543 2530 808 2585 dicendum,
848 2530 975 2587 qued
1009 2530 1078 2574 ira
1109 2543 1214 2587 quae
1246 2531 1584 2588 transgreditur
1614 2531 1824 2577 ordinem
1857 2532 1995 2577 ratio-

119 2590 208 2645 nis,
232 2592 481 2647 opponitur
508 2592 875 2649 mansuetudini3
916 2605 1011 2637 non
1039 2599 1198 2637 autem
1231 2593 1299 2638 ira
1332 2606 1440 2651 quae
1469 2599 1540 2638 est
1573 2594 1824 2651 moderata,
1856 2600 1903 2640 et
1936 2595 1994 2641 ad

118 2652 321 2697 medium
339 2653 528 2697 reducta
542 2666 624 2712 per
645 2654 867 2698 rationem
893 2669 904 2698 ε
932 2667 1039 2698 nam
1058 2656 1365 2700 mansuetudo
1385 2656 1591 2700 medium
1615 2661 1740 2701 tenet
1759 2656 1804 2700 in
1828 2656 1910 2701 ira.

173 2713 238 2757 Ad
261 2717 441 2757 tertium
461 2714 724 2767 dicendum,
748 2714 874 2771 quod
900 2714 949 2758 in
978 2715 1114 2759 nobis
1135 2716 1392 2760 secundnm
1409 2716 1666 2760 naturalem
1685 2717 1893 2761 ordinem
1911 2730 1995 2773 po-

120 2773 272 2817 tentiae
294 2774 459 2818 animae
478 2775 641 2819 mutuo
665 2787 717 2822 se
743 2775 1023 2831 impediunt;
1046 2776 1107 2819 ita
1130 2776 1304 2821 scilicet
1325 2777 1448 2833 quod
1481 2778 1590 2821 oum
1609 2778 1748 2821 unius
1782 2778 1995 2834 potentiae

120 2833 325 2889 operatio
340 2834 474 2883 fuerit
489 2835 683 2891 intensa,
699 2828 889 2882 alterius
903 2836 1107 2893 operatio
1120 2836 1395 2883 debilitetur.
1412 2840 1464 2881 Et
1480 2850 1540 2881 ex
1553 2838 1640 2881 hoe
1652 2838 1858 2893 procedit
1872 2838 1995 2894 quod

121 2897 277 2938 motus¹
293 2894 385 2949 irae,
409 2895 587 2939 etiamsi
607 2896 666 2940 sit
684 2897 941 2941 secundum
973 2897 1196 2941 rationem
1220 2898 1502 2953 moderatuS,
1528 2903 1785 2954 utcumque
1806 2899 1995 2953 impedit

119 2953 309 2997 oculum
342 2955 507 2998 animae
530 2958 898 3013 contemplantis.
933 2958 1020 3002 Sed
1059 2959 1106 3001 in
1130 2958 1308 3002 Christo
1338 2971 1422 3015 per
1444 2959 1806 3004 moderatio-nem
1827 2959 1995 3005 divinae

119 3013 299 3059 virtutis
320 3016 568 3071 unicuique
600 3020 814 3072 potentiae
843 3019 1194 3078 permittebatur
1226 3032 1368 3075 agerev
1384 3020 1509 3076 quod
1531 3026 1630 3064 erat
1667 3021 1707 3065 ei
1741 3022 1991 3079 proprium,

119 3075 182 3118 ita
214 3075 337 3132 quod
374 3089 467 3120 una
491 3078 692 3132 potentia
713 3091 768 3123 ex
792 3081 882 3124 alia
909 3093 1003 3124 non
1026 3081 1377 3136 impediebatur.
1414 3085 1467 3126 Et
1488 3082 1591 3127 ideo
1609 3083 1728 3127 sicut
1752 3083 1992 3127 delectatio

118 3137 285 3180 mentis
320 3139 672 3194 contemplantis
692 3153 784 3184 non
823 3141 1101 3198 impediebat
1136 3143 1384 3200 tristitiam,
1420 3143 1493 3188 vel
1524 3144 1732 3189 dolorem·
1764 3145 1994 3190 inferioris

117 3269 307 3301 perversa.
324 3261 507 3303 quousque
523 3272 584 3295 ero
602 3261 810 3298 vobiscum?
825 3275 1009 3309 usquequo
1133 3265 1181 3308 (2).
1204 3265 1293 3300 Hinc
1311 3267 1387 3301 oum
1415 3268 1508 3301 lesus
1531 3266 1551 3301 Ξι
1578 3266 1717 3308 Templo
1747 3268 1933 3301 vendentes*
1952 3278 1989 3302 ae

117 3307 246 3349 patiar
270 3317 329 3340 vos
342 3309 359 3341 P
377 3308 510 3348 (Mattb.
533 3317 625 3349 xvn,
646 3310 748 3345 Marc.
765 3319 813 3353 lv,
829 3313 908 3346 Luc.
928 3313 990 3352 lx.)
1093 3319 1240 3347 ementes
1259 3315 1406 3353 ejecisset
1420 3315 1544 3349 dicitur
1564 3327 1571 3349 :
1589 3315 1785 3349 Recordare
1805 3319 1888 3348 sunt
1913 3314 1983 3348 dis-

156 3354 200 3395 (4)
221 3355 285 3388 Seu
302 3354 419 3390 vitiosa
437 3356 488 3391 vel
509 3369 547 3391 ex
565 3357 648 3391 vitio
674 3369 810 3393 nascens
833 3366 868 3392 et
890 3359 1010 3395 vitioso
1092 3361 1212 3404 cipuli
1228 3362 1307 3405 eju:
1324 3364 1414 3404 qaia
1436 3364 1618 3406 scriptum
1634 3366 1685 3397 est
1701 3373 1711 3396 .·
1725 3362 1830 3396 zelus
1855 3362 1991 3396 doinus

115 3400 182 3435 tine
197 3400 249 3437 vel
268 3401 366 3435 modo
381 3409 560 3438 exercetur.
1093 3412 1163 3444 tuoe
1178 3410 1329 3445 eomedit
1344 3421 1411 3445 me.
