2170 3808
100 263 182 305 588
664 258 866 310 QUAEST.
896 258 1072 311 LXVIII,
1101 259 1221 302 ART.
1252 259 1269 299 1
1296 259 1362 301 ΕΤ
1390 260 1442 302 ll.

100 345 289 397 propter
307 341 395 385 hoc
413 340 453 385 si
474 340 615 396 aliqui
646 339 773 384 nunc
795 340 1198 384 sanctificarentur
1217 340 1266 384 in
1286 345 1420 385 utero
1438 342 1516 396 (1),
1542 353 1736 386 necesse
1764 345 1889 386 esset
1919 353 2001 385 eos

101 403 340 462 baptizari,
362 410 414 447 ut
435 415 518 459 per
549 402 897 510 susceptionem
924 403 1206 447 characteris
1232 402 1335 446 aliis
1363 402 1586 448 membris
1616 403 1780 447 Christi
1814 403 2002 447 confor-

102 471 361 511 marentur.

223 529 568 571 ARTICULUS
596 529 657 571 11.
681 551 735 558 -
756 540 895 571 arnum
917 540 1011 571 snm
1032 539 1237 570 ΒΑΡτιεΜο
1259 538 1423 575 Anionis
1445 538 1585 570 possm·
1604 539 1778 570 sALvmu
1796 528 1873 582 (2).

101 597 150 632 De
166 596 219 630 his
242 595 345 630 etiam
363 597 377 629 4
396 595 419 630 2
423 599 568 636 ..quaest
582 604 678 638 extu,
697 599 759 630 art.
771 595 900 635 zadi,
917 599 951 630 et
964 596 1059 629 Sent.
1072 603 1122 634 lv,
1140 594 1218 629 dist.
1236 595 1271 635 4,
1286 598 1406 636 quaest.
1421 603 1477 636 nl,
1491 599 1555 630 art.
1571 597 1604 636 5,
1621 600 1740 638 quaest.
1757 605 1783 631 Π
1801 608 1895 639 corp.
1911 599 1945 631 et
1958 594 2002 633 nd

371 644 439 682 5.2=
421 647 455 678 et
473 645 572 679 Cont.
594 649 683 684 gent.
700 644 762 679 lib.
779 652 827 684 lv,
844 656 916 685 cap.
933 644 988 685 72,
1006 649 1040 678 et
1054 643 1171 683 quodi.
1192 653 1216 685 ι,
1233 647 1301 678 art.
1315 644 1349 684 ὦ,
1369 647 1403 679 et
1416 644 1513 678 Joan.
1530 653 1579 686 vi,
1596 644 1674 679 lect.
1694 644 1729 680 7.

157 699 221 743 Ad
242 699 504 744 secundum
527 699 595 743 sic
619 698 901 756 proceditur.
923 697 1322 754 1„Videtu1·quod
1344 698 1446 742 sine
1467 697 1699 755 baptismo
1715 699 1876 744 nullus
1891 711 2002 756 pos-

101 760 162 806 sit
179 760 365 805 salvari.
401 761 517 806 Dicit
549 761 676 805 enim
709 761 933 804 Dominus
956 762 1101 814 (Joan.
1129 773 1192 816 ιιι,
1215 763 1288 814 5):
1313 763 1415 804 Nisi
1437 763 1534 815 quis
1555 765 1743 804 renatus
1774 763 1915 815 suerit
1944 774 2005 805 ex

101 834 226 877 aqna:
242 827 286 866 et
308 825 487 878 Spiritu
508 826 682 877 sancto,
710 836 800 864 non
816 825 964 879 potest
983 824 1174 864 introire
1192 824 1241 864 in
1263 834 1453 878 reqnum
1474 824 1575 865 Dei.
1601 822 1688 867 Sed
1710 823 1773 866 illi
1797 822 1881 866 soli
1903 822 2001 867 sal-

101 889 272 928 vantur
291 885 370 941 qui
391 896 591 941 regnum
612 884 689 928 Dei
711 884 901 933 intrant.
937 886 1056 940 Ergo
1079 883 1237 927 nullus
1265 888 1420 940 potest
1443 883 1614 929 salvari
1633 884 1735 928 sine
1752 883 2002 940 baptismo,

102 957 195 1002 quo
219 946 389 1002 aliquis
409 950 714 1001 regeneratur
733 957 792 990 ex
815 957 937 1001 aqua
957 950 1003 989 et
1027 945 1198 1001 Spiritu
1217 948 1397 989 sancto.

156 1011 198 1053 2.
221 1011 446 1053 Praeterea
468 1009 564 1064 (lib.
590 1012 653 1053 De
671 1008 931 1053 ecclesiast.
963 1007 1278 1065 dogmatibus,
1303 1020 1407 1064 cap.
1428 1008 1514 1065 74),
1546 1007 1747 1053 dicitur:
1775 1026 1796 1047 ι-
1816 1007 2006 1054 Nullum

102 1071 521 1127 catechumenum,
555 1071 771 1127 quamvis
795 1071 843 1113 in
873 1070 1008 1114 bonis
1029 1070 1250 1127 operibus
1282 1070 1582 1126 defunctum,
1607 1071 1750 1115 vitam
1782 1074 2005 1116 aeternam

102 1131 273 1177 habere
292 1132 544 1188 credimus,
569 1137 765 1189 excepto
784 1131 1010 1190 martyrio
1025 1167 1036 1186 ,
1069 1131 1150 1176 ubi
1182 1136 1278 1176 tota
1298 1132 1451 1176 virtus
1478 1132 1757 1176 sacramenti
1787 1131 2006 1188 baptismi

102 1195 378 1250 completur.
402 1213 421 1234 »
445 1194 533 1239 Sed
555 1194 595 1239 si
621 1194 791 1250 aliquis
810 1194 913 1239 sine
933 1194 1168 1250 baptismo
1188 1198 1347 1249 posset
1363 1193 1562 1249 salvari,
1585 1192 1787 1238 maxime
1812 1195 1902 1238 hoc
1922 1194 2006 1239 ha-

102 1255 233 1300 beret
250 1256 408 1301 locum
427 1256 475 1301 in
498 1256 848 1301 catechumenis
869 1257 992 1301 bona
1012 1269 1154 1313 opera
1172 1256 1477 1312 habentibus,
1502 1255 1582 1311 qui
1600 1255 1817 1301 videntur
1832 1256 2006 1303 habere

102 1317 241 1363 fidem
262 1332 344 1376 per
367 1319 663 1365 dilectionem
689 1324 978 1376 operantem.
1001 1321 1121 1375 Ergo
1144 1319 1327 1364 videtur
1349 1317 1477 1375 quod
1501 1318 1605 1363 sine
1634 1318 1867 1375 baptismo
1895 1318 2006 1364 nul-

101 1380 178 1425 lus
199 1382 347 1438 possit
367 1382 553 1426 salvari.

158 1446 202 1488 3.
234 1446 478 1500 Praeterea,
505 1444 628 1489 sicut
649 1456 792 1501 supra
813 1444 989 1489 dictum
1008 1448 1081 1489 est
1100 1444 1283 1500 (quaest.
1306 1457 1406 1499 va,
1429 1446 1517 1487 art.
1541 1445 1567 1487 3
1592 1446 1640 1487 et
1656 1444 1718 1500 4),
1737 1454 2005 1489 sacramen-

104 1510 205 1549 tum
223 1505 444 1562 baptismi
468 1510 540 1550 est
562 1505 621 1550 de
641 1505 919 1550 necessitate
939 1505 1120 1550 salutis.
1139 1504 1465 1549 Necessarium
1486 1507 1645 1548 autem
1664 1508 1760 1559 est,
1785 1504 1888 1550 sine
1910 1517 2006 1562 quo

105 1577 199 1610 non
228 1572 383 1623 potest
400 1567 578 1623 aliquid
598 1579 719 1622 esse,
755 1572 807 1611 ut
833 1567 1002 1612 dicitur
1030 1566 1240 1623 (Metaph.
1271 1566 1354 1610 lib.
1377 1579 1423 1622 v,
1442 1569 1551 1610 text.
1581 1567 1642 1619 6).
1676 1567 1797 1622 Ergo
1821 1567 2007 1612 videtur

103 1628 230 1685 quod
251 1629 353 1674 sine
374 1629 608 1685 baptismo
629 1629 790 1674 nullus
812 1629 962 1685 possit
983 1629 1206 1686 consequi
1232 1628 1448 1672 salutem.

157 1690 245 1735 Sed
265 1694 426 1734 contra
444 1689 662 1747 estquod
681 1690 974 1747 Augustinus
998 1690 1109 1735 dicit
1136 1693 1296 1746 (super
1322 1689 1574 1734 Leviticum
1591 1722 1603 1744 ,
1624 1693 1792 1745 quaest.
1823 1692 2004 1745 xtvni):

108 1769 128 1790 α
151 1752 437 1798 Invisibilem
457 1752 875 1797 sanctificationem
897 1751 1180 1810 quibusdam
1205 1751 1420 1810 affuisse,
1442 1755 1489 1796 et
1507 1750 1738 1807 profuisse
1767 1750 1870 1797 sine
1890 1751 2007 1796 visi-

101 1813 277 1859 bilibus
295 1815 628 1871 sacramentis3
655 1815 888 1860 visibilem
908 1815 1020 1859 vero
1044 1814 1463 1860 sanctificationem
1485 1825 1590 1871 quae
1608 1813 1661 1858 fit
1677 1813 1727 1857 in
1744 1826 2008 1859 sacramen-

104 1881 151 1920 to
169 1875 359 1931 visibili,
385 1876 488 1921 sine
507 1875 730 1921 invisibili
749 1889 889 1933 posse
906 1876 1092 1934 adesse,
1112 1875 1197 1921 sed
1216 1889 1310 1920 non
1330 1887 1471 1933 posse
1490 1875 1729 1932 prodesse.
1750 1893 1770 1913 n
1787 1877 1902 1920 cum
1917 1875 2008 1932 igi-

104 1942 182 1982 tur
197 1942 547 1983 sacramentum
561 1938 779 1995 baptismi
799 1938 859 1984 ad
875 1938 1108 1997 visibilem
1124 1938 1538 1983 sanctificationem
1554 1937 1804 1995 pertineat,
1823 1938 2008 1985 videtur

105 1999 231 2056 quod
264 2000 367 2044 sine
389 2004 685 2045 sacramento
709 2000 930 2058 baptismi
951 2000 1122 2058 aliquis
1144 2000 1294 2058 possit
1314 2001 1516 2046 salutem
1539 1999 1762 2057 consequi
1783 2012 1869 2058 per
1886 2000 2007 2046 invi-

105 2061 287 2107 sibilem
312 2062 745 2108 sanctificationem.

151 2130 447 2172 CONCLUSIO.
467 2154 516 2161 --
537 2131 710 2172 Minime
730 2130 880 2172 salvari
902 2134 1092 2183 possunt,
1124 2131 1198 2184 qui
1228 2143 1302 2172 nec
1325 2143 1383 2181 re,
1415 2142 1489 2171 nec
1511 2134 1622 2180 voto,
1651 2130 1848 2182 baptismi
1879 2143 2007 2174 sacra-

103 2189 295 2227 mentum
309 2191 600 2238 susceperunt;
618 2188 693 2239 qui
708 2187 805 2228 vero
819 2187 968 2228 saltem
992 2191 1087 2228 voto
1105 2189 1410 2228 sacramentum
1424 2185 1623 2238 baptismi
1643 2187 1910 2238 susceperint,
1930 2187 2008 2228 etsi

105 2253 188 2281 non
205 2253 262 2291 re,
278 2242 430 2282 salvari
450 2246 638 2294 possunt.

157 2304 432 2361 Respondeo
452 2305 702 2350 dicendum
723 2304 850 2362 quod
871 2309 1219 2350 sacramentum
1240 2303 1460 2361 baptismi
1480 2303 1729 2360 dupliciter
1750 2308 1904 2361 potest
1919 2305 2008 2351 ali-

105 2365 181 2411 cui
204 2366 400 2411 deesse:
422 2378 518 2410 uno
537 2366 677 2411 modo
699 2371 748 2411 et
767 2379 819 2411 re
840 2372 887 2411 et
908 2371 1035 2421 vot0,
1055 2366 1180 2423 quod
1199 2366 1430 2423 contingit
1447 2364 1539 2410 illis
1557 2364 1638 2423 qui
1660 2377 1749 2410 nec
1770 2365 2008 2424 baptizan-

105 2431 182 2472 tur
199 2440 289 2472 nec
312 2428 535 2484 baptizari
554 2429 736 2485 volunt,
756 2428 881 2485 quod
900 2428 1148 2473 manifeste
1171 2429 1232 2474 ad
1250 2432 1571 2485 contemptum
1594 2429 1875 2474 sacramenti
1903 2442 2009 2487 per-

105 2489 238 2546 tinet,
257 2494 487 2547 quantum
507 2490 567 2535 ad
586 2491 690 2534 illos
709 2491 790 2547 qui
809 2490 984 2535 habent
1003 2503 1144 2535 usum
1164 2491 1299 2535 liberi
1322 2490 1519 2534 arbitrii.
1553 2492 1609 2534 Et
1627 2489 1732 2534 ideo
1755 2491 1802 2535 hi
1834 2491 2008 2548 quibus

104 2551 194 2596 hoc
214 2551 355 2597 modo
375 2551 506 2596 deest
527 2551 814 2609 baptismus,
835 2552 1034 2597 salutem
1061 2552 1287 2609 consequi
1312 2563 1408 2595 non
1431 2554 1658 2608 possunt,
1680 2551 1789 2608 quia
1810 2565 1899 2598 nec
1931 2566 2007 2599 sa-

105 2613 451 2658 cramentaliter
472 2625 561 2658 nec
578 2614 843 2659 mentaliter
861 2614 1040 2659 Christo
1069 2615 1445 2671 incorporantur,
1472 2625 1556 2670 per
1585 2625 1727 2670 quem
1756 2614 1911 2659 solum
1935 2623 2008 2662 est

105 2675 258 2732 salus,
282 2675 374 2720 alio
392 2676 532 2720 modo
554 2681 708 2732 potest
741 2681 1087 2722 sacramentum
1109 2676 1328 2734 baptismi
1351 2674 1488 2719 alicui
1518 2675 1682 2720 deesse
1704 2688 1777 2731 re,
1800 2677 1885 2722 sed
1911 2690 2007 2724 non

104 2742 237 2793 voto;
271 2737 394 2782 sicut
412 2741 521 2782 cum
548 2738 719 2795 aliquis
745 2738 970 2795 baptizari
1001 2738 1251 2795 desiderat,
1285 2737 1370 2783 sed
1393 2737 1549 2793 aliquo
1579 2749 1694 2781 casu
1725 2739 2009 2794 praevenitur

107 2803 275 2857 morte,
300 2800 556 2857 antequam
575 2800 862 2858 baptismum
882 2801 1122 2858 suscipiat,
1145 2806 1191 2847 et
1218 2800 1324 2846 talis
1346 2799 1449 2845 sine
1470 2798 1704 2856 baptismo
1729 2800 1900 2845 actuali
1932 2813 2009 2847 sa-

105 2863 252 2908 lutem
273 2862 499 2919 consequi
518 2867 671 2920 potest
691 2865 776 2921 (3),
796 2869 986 2921 propter
1006 2863 1290 2910 desiderium
1310 2861 1547 2919 baptismi,
1573 2861 1700 2919 quod
1722 2863 1931 2919 procedit
1948 2875 2010 2911 ex

105 2924 197 2969 fide
227 2936 311 2982 per
339 2924 636 2970 dilectionem
665 2929 919 2982 operante,
954 2938 1039 2983 per
1057 2938 1200 2983 quam
1218 2928 1339 2970 Deus
1361 2924 1558 2968 interius
1576 2923 1814 2969 hominem
1837 2927 2010 2972 sancti-

106 2987 229 3043 ficat,
249 2985 386 3043 cujtis
403 2987 611 3043 potentia
628 2988 935 3033 sacramentis
951 2988 1218 3032 visibilibus
1233 2999 1329 3031 non
1345 2987 1579 3043 alligatur.
1595 2985 1724 3031 Unde
1738 2986 2009 3037 Ambrosius

108 3046 221 3092 dicit
249 3047 345 3103 (lib.
371 3051 434 3093 De
459 3048 591 3093 obitu
607 3049 834 3094 valentin.
860 3050 1086 3107 aliquant.
1110 3050 1135 3094 a
1159 3049 1302 3105 med.)
1333 3049 1391 3094 de
1410 3045 1749 3103 Valentiniano,
1773 3048 1854 3105 qui
1884 3056 2008 3096 cate·

146 3176 191 3220 (i)
214 3176 377 3220 Quamvis
401 3189 519 3214 eorum
548 3178 772 3215 sanctificatio
799 3184 882 3216 nota
902 3185 1011 3224 esset;
1097 3183 1188 3223 (sess.
1213 3181 1439 3223 v1,cap.7):
1464 3179 1747 3215 Sacramentum
1765 3179 1940 3224 baptismi
1956 3183 2009 3218 es!

106 3226 194 3262 sicut
220 3226 257 3261 S.
288 3226 444 3269 loannes,
477 3226 541 3261 etsi
577 3228 805 3264 sanctificatus
831 3229 868 3265 in
900 3234 1013 3272 utero,
1099 3233 1371 3264 sacramentum
1389 3229 1491 3271 fidei,
1510 3229 1592 3263 sine
1614 3237 1689 3270 qua
1716 3227 1820 3262 nulli
1842 3238 2010 3272 unquam

107 3273 326 3309 circumcisus
339 3278 390 3308 est
407 3275 501 3315 (Luc.
518 3275 555 3317 ι).
1101 3278 1254 3320 conlinit
1267 3277 1506 3320 justificatio.

147 3322 193 3364 (2)
214 3320 377 3363 Negativa
403 3324 575 3364 responsio
604 3324 646 3359 de
671 3325 740 3359 fide
764 3328 826 3368 est,
847 3329 886 3360 ut
920 3329 1016 3368 patet
1142 3327 1185 3367 (5)
1215 3325 1340 3361 Votum
1376 3324 1566 3366 requiritur
1590 3323 1785 3366 explicitum
1820 3323 1855 3357 in
1885 3336 1925 3359 eo
1953 3324 2011 3360 cui

106 3381 146 3403 ex
168 3370 314 3405 concilio
332 3370 487 3406 Trident.
506 3373 595 3413 (sess.
615 3380 679 3414 vn.
698 3385 772 3408 can
791 3376 850 3412 m:
872 3374 917 3409 Si
932 3376 1015 3420 quis
1100 3374 1282 3409 innotescit
1296 3373 1490 3416 thaptismus
1515 3377 1551 3408 et
1571 3377 1642 3413 eius
1665 3372 1863 3416 necessitas3
1883 3371 2010 3408 sufficit

107 3418 252 3453 dixerit
284 3430 295 3453 .·
324 3420 404 3452 sine
430 3420 483 3454 eis
511 3423 755 3457 sacramentis
789 3427 857 3457 aut
888 3434 1017 3458 eorum
1102 3427 1214 3456 autem
1227 3422 1433 3465 implicitum
1444 3421 1476 3458 ei
1488 3421 1547 3464 qui
1559 3421 1649 3456 nihil
1665 3420 1774 3456 adhuc
1789 3420 1829 3454 de
1841 3419 2009 3462 baptismo

106 3469 199 3506 voco,
217 3477 284 3510 per
295 3467 412 3501 solam
425 3467 534 3509 fidem
550 3469 712 3504 homines
728 3470 751 3504 ὰ
763 3470 838 3505 Deo
853 3472 1017 3515 qratiam
1101 3471 1243 3509 audivit.

105 3514 384 3557 iustificationis
421 3516 601 3560 adipisci,·
640 3518 839 3554 anathema
874 3521 935 3554 sit.
974 3521 1017 3554 Et

2154 2639 2158 2646 ,

2157 2690 2170 2703 ἦ.

2154 2706 2170 2730 ’.Δ

2155 2766 2170 2802 Y}

2155 2803 2170 2831 ,κ

2162 3029 2170 3090 ¹,
