2170 3808
774 200 782 206 ’
826 199 1021 250 QUAEST.
1051 199 1160 253 LIII,
1188 199 1307 242 ART.
1335 198 1370 243 l.
1961 199 2044 242 449

161 264 413 329 quadruplex
433 276 711 318 consideratio.
732 277 915 324 Quarum
942 279 1077 329 prima
1094 282 1153 319 est
1178 278 1227 319 de
1247 279 1336 331 ipsa
1359 278 1510 319 Christi
1532 278 1832 319 resurrectione.
1859 279 2044 319 Secunda

161 332 209 371 de
224 333 420 384 qualitate
438 331 696 382 resurgentis.
713 332 844 371 Tertia
860 333 909 371 de
926 333 1257 373 manifestatione
1274 333 1591 374 resurrectionis.
1612 334 1763 381 Quarta
1779 332 1829 373 de
1847 332 1935 384 ejus
1950 344 2044 373 cau-

161 386 235 426 sali
242 390 335 427 tate.
352 409 401 417 —
415 387 528 427 Circa
544 387 729 437 primum
742 392 983 437 quaeruntur
996 391 1200 439 quatuor:
1227 393 1264 428 1⁰
1283 389 1340 428 De
1358 389 1597 429 necessitate
1621 388 1926 428 resurrectionis
1940 388 2042 439 ejus.

161 461 208 472 —
225 449 264 481 2⁰
278 442 335 482 De
351 445 541 492 tempore.
560 462 608 471 —
623 446 663 480 3⁰
681 442 738 481 De
756 442 910 482 ordine.
927 464 976 472 --
993 447 1035 482 4⁰
1055 443 1112 482 De
1133 454 1266 482 causa.

217 511 561 553 ARTICULUS
588 512 626 553 Ι.
656 534 711 542 —-
740 524 873 555 uranu
902 525 1051 555 runnu·
1079 523 1363 555 necessarimm
1392 524 1599 555 cnmsruu
1634 524 1876 556 miscuerint:
1909 512 1988 565 (1).

366 586 415 620 De
431 585 484 620 his
497 585 600 619 etiam
614 585 711 620 Sent.
724 594 784 626 111,
808 585 888 621 dist.
901 586 957 630 2¹,
975 588 1090 628 quoest.
1111 593 1151 628 Π,
1168 588 1234 621 art.
1253 585 1284 628 t,
1302 589 1337 620 et
1352 585 1474 627 opusc.
1491 593 1535 619 Lx
1547 612 1556 625 .
1572 596 1645 627 cap.
1659 585 1713 626 42,
1729 586 1840 627 princ.

217 644 283 690 Ad
313 645 512 702 primum
550 645 618 689 sic
653 647 936 702 proceditur.
972 650 1014 691 1.
1046 647 1232 691 Videtur
1261 646 1386 703 quod
1423 659 1517 691 non
1551 646 1691 690 fuerit
1728 647 2041 692 necessarium

163 705 388 751 Christum
408 718 666 763 resurgere.
687 708 802 753 Dicit
834 708 956 753 enim
982 711 1296 753 Damascenus
1324 710 1466 763 (Orth.
1485 708 1565 753 fid.
1590 708 1671 752 lib.
1689 722 1749 764 ιν,
1770 721 1883 765 cap..
1901 709 2004 764 ult.)
2025 720 2036 750 :

166 783 187 804 α
206 768 494 813 Resurrectio
506 773 578 813 est
589 770 794 816 secunda
808 770 912 827 ers
929 770 1056 827 quod
1073 771 1351 815 dissolutum
1369 775 1439 814 est
1454 774 1500 815 et
1511 769 1692 824 cecidit,
1708 769 1921 813 animalis
1935 782 2042 814 sur-

161 828 319 874 rectio.
343 848 364 869 »
387 829 474 874 Sed
488 830 694 875 Christus
711 843 805 875 non
827 831 992 877 cecidit
1014 844 1097 889 per
1107 836 1367 889 peccatum,
1387 844 1475 877 nec
1493 843 1662 888 corpus
1681 830 1783 888 eJus
1800 835 1871 875 est
1890 831 2041 876 disso-

162 888 328 946 lutum,
343 895 397 936 ut
415 903 472 936 ex
496 904 638 949 supra
658 892 794 938 dictis
813 896 1134 951 patet(quaest.
1160 907 1218 953 m,
1241 899 1330 939 art.
1348 895 1407 949 3).
1424 895 1523 938 Non
1544 906 1655 951 ergo
1670 893 1851 951 proprie
1870 906 2040 939 conve-

163 950 231 994 nit
253 951 294 996 ei
317 964 574 1010 resurgere.

217 1017 257 1058 2.
291 1016 529 1071 Praeterea,
559 1017 838 1074 qu1cumque
873 1018 1090 1075 resurgit,
1114 1018 1173 1064 ad
1202 1017 1376 1075 aliquid
1411 1017 1551 1062 altius
1579 1020 1902 1075 promovetur3
1933 1017 2041 1074 quia

163 1086 351 1132 surgere
373 1081 443 1121 est
458 1081 643 1122 sursum
658 1079 848 1123 moveri.
872 1079 957 1123 Sed
979 1091 1149 1136 corpus
1169 1079 1330 1123 Christi
1347 1079 1570 1124 remansit
1591 1085 1696 1136 post
1710 1083 1904 1123 mortem
1926 1079 2040 1123 divi-

161 1135 291 1180 nitati
312 1137 521 1194 unitum3
555 1144 601 1183 et
632 1139 696 1184 ita
732 1152 827 1183 non
858 1139 1007 1196 potuit
1037 1140 1085 1184 in
1113 1139 1289 1197 aliquid
1318 1140 1457 1184 altius
1486 1141 1763 1197 promoveri.
1797 1143 1916 1197 Ergo
1944 1152 2038 1185 non

160 1198 451 1254 competebat
468 1200 554 1245 sibi
576 1212 833 1256 resurgere.

214 1262 257 1304 3.
287 1263 524 1316 Praeterea,
555 1274 611 1306 ea
633 1273 739 1318 quae
770 1261 890 1306 circa
914 1262 1250 1307 humanitatem
1273 1263 1435 1308 Christi
1463 1267 1571 1307 sunt
1606 1267 1723 1318 acta,
1744 1263 1803 1307 ad
1833 1267 2039 1308 nostram

159 1318 356 1365 salutem
375 1321 660 1366 ordinantur.
685 1322 772 1367 Sed
793 1322 1052 1368 sufficiebat
1067 1323 1125 1368 ad
1141 1323 1337 1368 salutem
1353 1328 1561 1368 nostram
1574 1323 1731 1381 passio
1757 1323 1936 1380 Christi,
1957 1336 2039 1381 per

158 1391 297 1437 quam
335 1394 497 1426 sumus
529 1383 707 1428 liberati
743 1384 771 1428 a
801 1397 956 1440 poena,
984 1385 1136 1443 culpa,
1168 1391 1221 1429 ut
1254 1398 1312 1430 ex
1337 1398 1478 1442 supra
1510 1385 1645 1430 dictis
1676 1389 1803 1442 patet
1830 1386 1926 1442 (qu.
1956 1399 2037 1440 ux,

159 1445 244 1486 art.
266 1445 288 1487 1
314 1448 361 1487 et
395 1445 452 1498 3).
484 1446 583 1489 Non
615 1456 725 1501 ergo
750 1445 838 1490 fuit
868 1446 1183 1490 necessarium
1206 1446 1331 1504 quod
1368 1447 1574 1491 Christus
1599 1447 1627 1491 a
1658 1446 1853 1491 mortuis
1886 1458 2039 1491 resur-

159 1510 300 1558 geret.

215 1565 301 1609 Sed
333 1569 494 1610 contra
511 1571 583 1611 est
604 1568 730 1624 quod
751 1568 920 1613 dicitur
936 1571 1060 1623 (Luc.
1081 1568 1165 1614 ult.
1187 1572 1258 1624 26)
1284 1586 1296 1615 ε
1323 1570 1573 1626 Oportebat
1591 1569 1826 1614 Christum
1852 1573 1970 1628 pati,
1994 1573 2039 1614 et

159 1639 392 1684 resurqere
409 1630 439 1671 ἀ
455 1632 640 1673 mortuis
663 1631 737 1685 (2).

207 1695 496 1737 CONCLUSIO.
513 1720 559 1726 -
578 1697 851 1739 Necessarium
872 1699 953 1739 fuit
978 1698 1189 1739 Christum
1220 1712 1268 1741 ex
1290 1702 1465 1741 mortuis
1493 1712 1712 1752 resurgere,
1736 1712 1818 1741 non
1844 1702 1965 1742 modo
1985 1697 2037 1742 ad

159 1749 310 1790 divinae
320 1752 490 1803 justitiae
503 1753 898 1794 commendationem
912 1785 922 1804 ,
941 1754 994 1795 ad
1008 1755 1103 1796 fidei
1121 1758 1268 1796 nostrae
1286 1755 1599 1797 instructionem
1614 1759 1655 1796 et
1667 1758 1753 1809 spei
1771 1757 2034 1806 erectionem,

158 1805 437 1846 verumetiam
454 1807 507 1847 ad
523 1808 618 1847 vitae
634 1808 820 1849 fidelium
836 1809 1172 1850 informationem
1187 1814 1227 1851 et
1246 1811 1393 1851 salutis
1412 1815 1559 1851 nostrae
1575 1812 1986 1851 consummationem.

213 1875 483 1932 Respondeo
496 1876 743 1922 dicendum
755 1878 880 1935 quod
893 1879 1206 1924 necessarium
1222 1879 1309 1924 fuit
1325 1880 1553 1924 Christum
1571 1892 1831 1939 resurgere,
1851 1884 2037 1937 propter

158 1936 380 1993 quinque.
419 1938 565 1983 Primo
587 1939 773 1996 quidem
807 1941 867 1985 ad
895 1941 1344 1986 commendationem
1381 1942 1549 1986 divinae
1573 1941 1781 1998 justitiae,
1804 1943 1864 1987 ad
1895 1954 2036 1999 quam

89 2052 101 2057 ,μ
158 1997 352 2053 pertinet
385 1999 586 2045 exaltare
618 2000 721 2046 illos
753 2002 831 2059 qui
862 2014 912 2046 se
955 2006 1144 2059 propter
1168 2006 1313 2047 Deum
1346 2003 1610 2058 humiliant,
1635 2004 1892 2048 secundum
1921 2003 2036 2049 illud

113 2059 116 2063 ’
159 2061 283 2112 (Luc.
303 2073 334 2116 1,
354 2063 455 2115 52):
489 2066 706 2119 Deposuit
732 2067 932 2119 potentes
953 2066 1008 2108 de
1032 2065 1151 2121 sede,
1186 2069 1228 2108 et
1263 2065 1481 2108 exaltavit
1518 2066 1726 2109 humiles.
1757 2065 1869 2119 Quia
1896 2065 2036 2121 igitur

157 2120 363 2166 Christus
382 2127 567 2180 propter
580 2124 849 2170 charitatem
859 2129 904 2170 et
922 2125 1234 2170 obedientiam
1252 2127 1330 2171 Dei
1342 2139 1392 2172 se
1404 2126 1822 2183 humiliavitusqne
1833 2126 1893 2171 ad
1908 2138 2035 2171 mor-

159 2186 253 2226 tem
278 2184 444 2237 crucis‚
469 2186 705 2241 oportebat
735 2186 860 2243 quod
887 2187 1167 2232 exaltaretur
1196 2187 1223 2231 a
1250 2190 1342 2232 Deo
1369 2200 1520 2245 usque
1542 2187 1601 2233 ad
1620 2188 1867 2245 gloriosam
1885 2200 2036 2233 resur·

158 2244 406 2288 rectionem
430 2262 440 2289 :
461 2247 587 2292 unde
605 2260 660 2292 ex
675 2247 778 2305 ejus
798 2261 997 2305 persona
1014 2249 1179 2294 dicitur
1202 2249 1334 2304 (Psal.
1357 2263 1552 2306 cxxxviii,
1576 2252 1619 2305 1)
1639 2264 1651 2294 ε
1680 2253 1742 2293 Tu
1774 2252 2031 2306 coqnovisti,

160 2305 207 2350 id
226 2310 310 2359 est,
337 2308 617 2366 approbasti,
640 2314 878 2355 sessionem
898 2326 1060 2367 meam,
1090 2312 1136 2356 id
1171 2315 1257 2367 est,
1278 2312 1603 2368 humilitatem,
1625 2316 1670 2357 et
1687 2313 1966 2369 passionem,
1990 2316 2035 2356 et

158 2372 524 2413 resurrectionem
545 2384 705 2427 meam,
724 2371 769 2415 id
786 2376 872 2429 est,
894 2373 1272 2429 glorificationem
1295 2373 1343 2417 in
1359 2374 1711 2430 resurrectione,
1736 2374 1856 2418 sicut
1876 2375 2033 2419 Glossa

157 2427 310 2473 interl.
340 2431 541 2487 exponit.
577 2432 802 2487 Secundo,
841 2434 900 2478 ad
938 2434 1044 2479 fidei
1082 2439 1253 2479 nostrae
1282 2435 1652 2494 instructionem,
1684 2435 1792 2492 quia
1823 2447 1906 2492 per
1931 2435 2034 2492 ejus

156 2491 537 2537 resurrectIOnem
560 2494 830 2538 confirmata
853 2500 924 2540 est
941 2492 1055 2540 fides
1076 2501 1232 2540 nostra
1249 2496 1370 2541 circa
1395 2497 1680 2542 divinitatem
1702 2495 1881 2552 Christi,
1906 2497 2030 2553 quia,

161 2554 211 2595 ut
238 2551 405 2596 dicitur
423 2554 489 2606 (ΙΙ.
507 2556 604 2598 Cor.
626 2555 712 2600 ult.
739 2558 783 2610 4)
809 2571 820 2598 :
849 2560 949 2600 Etsi
966 2558 1208 2611 crucifissus
1230 2561 1297 2601 est
1326 2571 1384 2601 ex
1420 2561 1699 2612 infirmitate,
1723 2559 1804 2601 sed
1828 2561 1940 2601 vivit
1975 2571 2033 2602 ex

158 2615 318 2657 virtute
340 2617 438 2658 Dei.
463 2617 515 2659 Et
535 2616 637 2661 ideo
662 2619 709 2671 (Ι.
732 2617 930 2663 Corinth.
951 2633 1020 2674 xv,
1046 2622 1116 2673 14)
1140 2619 1331 2663 dicitur:
1357 2623 1406 2663 Si
1429 2621 1638 2664 Christus
1655 2633 1744 2662 non
1765 2623 2029 2678 resurrexit,

159 2675 308 2717 inanis
329 2679 394 2718 est
422 2679 692 2732 praedicatio
713 2684 889 2734 nostra,
918 2681 1069 2723 inanis
1088 2684 1152 2723 est
1182 2684 1225 2724 et
1255 2682 1367 2735 fides
1396 2685 1548 2724 vestra
1558 2696 1576 2736 ,·
1598 2685 1644 2726 et
1672 2680 1801 2736 (Psal.
1825 2695 1939 2735 xxix,
1959 2683 2030 2736 10)

158 2734 323 2780 dicitur
343 2751 354 2779 ε
377 2739 483 2792 Quae
519 2740 694 2782 utilitas
729 2743 777 2783 in
809 2745 1027 2797 sanquine
1059 2755 1172 2800 meo,
1213 2742 1258 2784 id
1289 2746 1375 2797 est,
1408 2741 1456 2785 in
1486 2742 1759 2787 effusionem
1790 2742 2031 2798 sanguinis

156 2795 267 2851 mei,
287 2796 395 2838 dum
410 2799 645 2856 descendo,
665 2801 796 2857 quasi
813 2813 896 2857 per
918 2802 1144 2859 quosdam
1168 2802 1340 2859 gradus
1352 2802 1657 2859 malorum,in
1673 2805 2032 2859 corruptionem?

156 2857 290 2914 quasi
321 2857 458 2915 dicat,
495 2861 643 2905 Nulla.
681 2879 702 2901 α
723 2862 766 2907 Si
796 2864 919 2908 enim
952 2864 1106 2908 statim
1141 2876 1234 2907 non
1263 2876 1474 2920 resurgo,
1504 2870 1865 2922 corruptumque
1894 2866 2032 2911 fuerit

155 2931 326 2975 corpus
346 2931 518 2976 meum,
540 2922 712 2967 nemini
734 2925 1035 2981 annuntiabo,
1060 2925 1242 2970 nullum
1280 2925 1511 2982 lucrabor,
1536 2945 1557 2966 ιι
1596 2931 1649 2971 ut
1677 2926 1833 2971 Glossa
1859 2928 2027 2983 (interl.

156 2986 202 3026 et
222 2982 322 3027 ord.
349 2986 482 3038 Aug.)
503 2985 707 3040 exponit.
730 2986 878 3030 Tertio
899 2988 958 3032 ad
988 2983 1357 3032 sublevationem
1379 2993 1548 3032 nostrae
1565 2976 1681 3045 spei,
1700 2990 1807 3045 quia
1828 2990 1939 3034 dum
1956 2991 2030 3035 vi-

156 3043 321 3090 demus
361 3046 588 3090 Christum
623 3058 879 3104 resurgere,
902 3049 981 3105 qui
1015 3054 1086 3093 est
1117 3054 1257 3106 caput
1280 3054 1506 3106 nostrum,
1533 3062 1773 3106 speramus
1791 3055 1837 3095 et
1856 3063 1941 3095 nos
1958 3063 2030 3096 re-

157 3112 460 3152 surrecturos.
484 3107 612 3153 Unde
634 3108 859 3165 dicitur(l.
874 3110 1075 3156 Corinth.
1098 3125 1169 3168 xv,
1187 3113 1257 3165 12)
1277 3114 1355 3155 :Si
1376 3111 1581 3155 Christus
1607 3113 1888 3167 praedicatur
1911 3114 2030 3168 quo'd

197 3230 239 3271 (l)
261 3230 492 3265 Necessarium
518 3231 573 3265 hie
591 3231 756 3273 accipitur
773 3243 841 3266 non
856 3232 964 3267 solum
987 3245 1049 3275 pro
1174 3233 1217 3275 (2)
1239 3233 1315 3268 Haec
1331 3233 1432 3268 verba
1454 3237 1646 3276 supponunt
1667 3234 1817 3269 divinam
1843 3235 2028 3276 praedictio-

156 3288 195 3312 eo
209 3277 298 3319 quod
309 3282 381 3313 erat
395 3278 574 3313 admodum
590 3291 791 3319 congruens,
806 3279 972 3314 sedetiam
988 3292 1050 3322 pro
1134 3293 1226 3319 nem,
1238 3281 1279 3315 dc
1294 3293 1359 3322 qua
1376 3283 1597 3323 praemittitur
1614 3295 1623 3317 ε
1641 3283 1791 3319 Necesse
1806 3288 1859 3319 est
1876 3284 2028 3326 impleri

154 3336 196 3360 eo
214 3325 303 3366 qnod
326 3329 458 3365 poterat
478 3339 545 3361 non
570 3327 663 3371 fieri;
681 3340 748 3362 non
770 3328 904 3368 quidem
919 3329 1050 3370 simpli·
1134 3331 1257 3364 omnia
1281 3341 1360 3375 qua»
1390 3332 1531 3375 scripta
1561 3334 1649 3367 sunt
1672 3333 1715 3367 in
1745 3333 1819 3376 leqe
1846 3333 1966 3375 Moysi
1994 3335 2028 3369 et

155 3371 254 3414 citer,
279 3373 334 3407 sed
354 3385 390 3408 ex
414 3375 653 3418 suppositione,
679 3376 803 3417 partim
825 3377 1050 3417 praedictionis
1134 3378 1329 3421 Prophetes
1345 3381 1376 3413 et
1393 3378 1553 3414 Psalmis
1569 3379 1612 3414 de
1627 3390 1694 3413 me.

155 3422 190 3454 et
206 3419 427 3455 ordinationis
454 3421 588 3463 divinae,
616 3424 741 3464 partim
770 3425 885 3459 meriti
910 3425 1047 3460 Christi.

348 3489 408 3520 vi.
1778 3485 1826 3525 15
