2170 3808
182 183 266 226 262
332 147 336 153 ⁵
831 171 1032 223 QuAEsr.
1068 167 1212 222 xxxt,
1243 168 1364 210 Aer.
1394 167 1445 211 v,

183 263 327 313 mina.
351 260 435 305 sed
463 270 606 314 supra
628 252 947 299 conditionem
980 253 1159 293 naturae
1182 248 1307 304 quod
1334 253 1406 292 est
1439 251 1578 292 natus
1612 259 1670 292 ex
1703 246 1901 303 virgine.
1942 247 2090 294 Habet

183 328 342 368 autem
366 321 456 364 hoc
472 315 698 362 naturalis
720 312 941 366 conditio,
968 310 1093 368 quod
1117 310 1165 353 in
1190 309 1490 365 generatione
1510 308 1725 353 animalis
1743 307 1918 352 femina
1943 312 2090 354 mate·

183 385 302 430 riam
322 381 572 433 ministret,
597 389 659 422 ex
684 380 815 433 parte
843 379 1000 419 autem
1028 372 1172 416 maris
1195 370 1255 415 sit
1276 370 1556 428 principium
1587 370 1792 414 activum
1823 369 1871 413 in
1889 380 2090 425 genera-

185 448 327 503 tione,
349 445 472 489 sicut
495 441 661 498 probat
679 429 988 495 Philosophus
1008 439 1085 490 (De
1101 433 1405 491 generatione
1423 434 1714 489 animalium,
1734 432 1815 477 lib.
1839 447 1870 489 ι,
1893 445 1998 489 cap.
2014 435 2086 490 19,

184 508 234 553 in
257 507 356 562 fin.)
377 520 388 549 ε
416 502 593 549 femina
623 506 781 546 autem
805 511 911 556 quae
937 510 996 543 ex
1018 508 1147 541 mare
1178 494 1397 551 concipit,
1427 507 1522 539 non
1545 499 1616 540 est
1637 495 1787 550 virgo.
1816 495 1870 538 Et
1905 493 2010 539 ideo
2030 494 2091 540 ad

185 564 594 625 supernaturalem
618 562 810 607 modum
832 558 1147 616 generationis
1172 557 1335 601 Christi
1360 557 1560 613 pertinet
1577 556 1702 613 quod
1724 555 1928 600 activum
1958 555 2092 612 prin-

185 630 359 687 cipium
379 627 428 672 in
449 624 750 684 generatione
774 622 852 668 illa
875 620 1015 666 fuerit
1033 619 1184 664 virtus
1214 618 1583 675 supernaturalis
1604 618 1779 674 divina,
1803 617 1888 663 sed
1917 617 1973 662 ad
2003 629 2087 662 na-

187 691 385 737 turalem
405 688 600 734 modum
634 683 949 743 generationis
970 681 1073 740 ejus
1102 680 1304 739 pertinet
1326 680 1453 738 quod
1482 680 1675 726 materia
1699 680 1758 725 de
1789 692 1882 737 qua
1919 691 2091 737 corpus

184 753 288 811 eJus
307 754 591 808 conceptum
619 754 707 806 est,
730 748 791 792 sit
819 744 1071 791 conformis
1102 743 1306 789 materiae
1328 755 1471 800 quam
1494 743 1596 788 aliae
1622 742 1811 788 feminae
1836 741 2093 787 subminis-

186 819 312 860 trant
345 813 404 860 ad
428 810 784 867 conceptionem
818 807 977 864 prolis.
1016 808 1121 850 Haec
1153 809 1309 850 autem
1334 804 1546 862 materia,
1584 805 1846 850 secundum
1886 803 2091 848 Philoso-

184 877 330 934 phum
353 877 432 931 (De
452 871 754 932 generatione
771 868 1063 925 animaHum,
1083 867 1164 913 lib.
1187 882 1216 927 1,
1235 880 1338 924 cap.
1355 868 1442 923 19),
1458 871 1529 912 est
1548 866 1741 925 sanguis
1753 865 1978 922 mulieris,
1993 877 2090 910 non

185 939 487 996 quicumque,
522 933 606 980 sed
627 933 883 990 perductus
906 930 967 976 ad
981 929 1234 988 quamdam
1260 929 1532 986 ampliorem
1554 928 1862 985 digestionem
1886 940 1972 986 per
1999 927 2090 972 vir‘

186 1005 334 1046 tutem
357 997 678 1056 generativam
698 996 878 1055 matris,
907 998 961 1039 ut
993 993 1053 1039 sit
1071 992 1265 1037 materia
1287 998 1396 1049 apta
1427 993 1488 1038 ad
1511 995 1809 1049 conceptum.
1832 994 1885 1036 Et
1909 991 2015 1037 ideo
2031 1002 2091 1037 ex

187 1063 265 1107 tali
289 1060 483 1107 materia
504 1059 593 1105 fuit
611 1071 784 1115 corpus
803 1056 969 1102 Christi
987 1060 1284 1112 conceptum.

240 1125 309 1170 Ad
324 1128 525 1181 primum
543 1133 655 1178 ergo
679 1121 945 1177 dicendum,
970 1118 1112 1176 quod,
1141 1121 1248 1162 cum
1270 1120 1319 1160 B.
1355 1117 1491 1173 Virgo
1514 1115 1654 1161 fuerit
1679 1115 1890 1173 eJusdem
1913 1119 2094 1160 naturae

186 1198 295 1231 cum
315 1186 418 1231 aliis
437 1184 643 1242 seminis,
664 1194 961 1241 consequens
981 1187 1053 1226 est
1075 1181 1200 1238 quod
1218 1178 1433 1224 habuerit
1455 1190 1646 1223 carnem
1670 1182 1717 1222 et
1741 1191 1849 1224 ossa
1880 1177 2093 1236 eJusdem

186 1252 381 1293 naturae.
409 1251 579 1293 Carnes
605 1249 763 1291 autem
783 1249 831 1290 et
848 1257 958 1289 ossa
987 1244 1036 1288 in
1058 1243 1161 1287 aliis
1190 1241 1374 1287 feminis
1395 1244 1508 1286 sunt
1529 1241 1737 1287 actuales
1758 1240 1965 1298 corporis
1983 1252 2094 1298 par—

186 1314 275 1366 tes,
289 1323 348 1355 ex
360 1309 534 1367 quibus
547 1307 846 1354 constituitur
859 1306 1103 1364 integritas
1114 1304 1322 1362 corporis
1336 1320 1348 1361 3
1371 1308 1417 1348 et
1431 1303 1537 1349 ideo
1558 1303 1769 1349 subtrahi
1785 1315 1880 1348 non
1894 1306 2094 1361 possunt

187 1372 290 1417 sine
326 1371 626 1428 corruptione
660 1370 867 1426 corporis
896 1370 968 1414 vel
1004 1367 1329 1414 diminutione.
1352 1365 1562 1411 Christus
1586 1370 1762 1423 autem,
1786 1365 1866 1423 qui
1901 1367 2095 1409 venerat

187 1437 407 1490 corrupta
430 1444 664 1494 reparare,
693 1431 869 1475 nullam
889 1428 1235 1493 corruptionem
1251 1431 1334 1472 aut
1350 1426 1707 1472 diminutionem
1726 1426 1979 1484 integritati
1995 1438 2094 1470 ma-

187 1495 271 1539 tris
291 1495 395 1552 ejus
411 1494 582 1538 inferre
604 1492 783 1547 debuit,
803 1499 1013 1549 utsupra
1039 1491 1216 1536 dictum
1241 1494 1314 1534 est
1333 1492 1518 1546 (quaest.
1542 1503 1689 1544 xxvm,
1713 1493 1801 1534 art.
1830 1493 1850 1534 1
1884 1493 1931 1533 et
1951 1490 2008 1543 2).
2040 1490 2095 1533 Et

185 1554 291 1601 ideo
309 1568 403 1599 non
427 1555 588 1600 debuit
613 1566 782 1610 corpus
802 1553 967 1599 Christi
993 1552 1182 1598 formari
1206 1551 1265 1596 de
1287 1563 1430 1596 carne
1453 1550 1527 1596 vel
1551 1551 1740 1600 ossibus
1765 1550 1981 1608 VirginiS‚
2009 1549 2094 1595 sed

186 1617 244 1661 de
271 1616 521 1672 sanguine,
545 1615 625 1673 qui
645 1615 856 1660 nondum
877 1619 950 1661 est
964 1618 1072 1660 actu
1085 1625 1211 1671 pam,
1237 1612 1321 1658 sed
1340 1617 1412 1658 est
1428 1613 1638 1669 potentia
1660 1617 1829 1669 totum,
1849 1617 1903 1657 ut
1925 1610 2095 1658 dicitur

187 1680 266 1732 (De
295 1691 457 1735 gener.
482 1677 774 1734 animalium,
794 1677 876 1722 lib.
897 1692 930 1734 ι,
952 1689 1056 1734 cap.
1076 1679 1132 1722 18
1148 1682 1195 1722 et
1210 1677 1294 1732 19).
1318 1677 1371 1720 Et
1388 1675 1495 1721 ideo
1517 1675 1686 1721 dicitur
1711 1687 1902 1721 carnem
1920 1674 1980 1720 de
1992 1672 2094 1718 Vir-

187 1740 295 1796 gine
316 1740 592 1797 sumpsisse,
615 1752 706 1784 non
730 1739 854 1796 qudd
877 1737 1072 1785 materia
1088 1738 1297 1795 corporis
1312 1737 1417 1794 ejus
1440 1736 1581 1782 fuerit
1597 1741 1707 1782 actu
1721 1749 1858 1792 caro3
1883 1735 1969 1782 sed
1986 1747 2093 1781 san-

187 1802 310 1860 guis,
333 1803 413 1859 qui
437 1808 509 1847 est
531 1802 739 1859 potentia
759 1814 885 1846 caro.

242 1865 308 1910 Ad
330 1866 575 1908 secundum
593 1864 862 1920 dicendum,
882 1863 1024 1920 quod,
1049 1862 1170 1908 sicut
1189 1862 1238 1906 in
1275 1860 1427 1918 prima
1457 1865 1591 1919 parte
1613 1861 1791 1907 dictum
1815 1867 1887 1907 est
1907 1863 2091 1918 (quaest.

187 1939 303 1983 xciii,
316 1931 403 1971 art.
421 1929 448 1971 3
469 1927 529 1971 ad
547 1929 607 1980 2),
624 1926 785 1983 Adam,
799 1926 909 1984 quia
928 1925 1171 1970 institutus
1190 1929 1290 1969 erat
1308 1927 1362 1968 ut
1379 1924 1662 1981 principium
1677 1924 1911 1981 quoddam
1929 1924 2093 1968 huma-

189 2001 259 2032 nae
280 1992 477 2044 naturae,
504 1987 708 2033 habebat
725 1988 773 2032 in
797 2001 885 2032 suo
908 1999 1101 2045 corpore
1118 1986 1294 2043 aliquid
1314 1986 1470 2031 carnis
1490 1991 1538 2032 et
1557 1986 1693 2042 ossis,
1718 1986 1846 2044 quod
1866 1998 1962 2030 non
1984 1998 2094 2043 per—

188 2051 366 2096 tinebat
385 2051 444 2095 ad
465 2050 778 2107 integritatem
800 2050 1095 2107 personalem.
1112 2049 1277 2107 ipsius,
1298 2048 1383 2094 sed
1404 2049 1557 2094 solum
1585 2049 1865 2106 inquantum
1887 2052 1988 2093 erat
2009 2061 2092 2093 na-

187 2109 303 2157 turae
324 2113 544 2157 humanae
560 2113 866 2168 principium3
885 2117 933 2157 et
949 2112 1008 2157 de
1033 2112 1112 2157 tali
1143 2124 1284 2156 carne
1309 2111 1509 2156 formata
1532 2115 1603 2156 est
1621 2110 1790 2156 mulier
1808 2110 1987 2168 absque
2005 2110 2092 2156 viri

187 2173 483 2219 detrimento.
509 2174 596 2217 Sed
619 2173 735 2217 nihii
755 2173 847 2219 tale
867 2173 954 2217 fuit
983 2172 1031 2216 in
1052 2185 1245 2229 corpore
1272 2172 1494 2228 Virginis,
1514 2184 1574 2217 ex
1593 2184 1688 2229 quo
1719 2184 1891 2229 corpus
1926 2173 2092 2217 Christi

186 2240 346 2291 posset
361 2235 550 2280 formari
571 2234 674 2280 sine
691 2235 989 2292 corruptione
1007 2233 1206 2279 materni
1226 2233 1448 2290 corporis.

241 2296 307 2341 Ad
330 2299 518 2340 tertium
542 2296 807 2351 dicendum,
829 2296 956 2353 quod
979 2307 1137 2340 semen
1160 2294 1347 2340 feminae
1372 2306 1467 2339 non
1489 2298 1560 2339 est
1588 2294 1878 2352 generationi
1911 2298 2090 2354 aptum,

187 2358 270 2403 sed
289 2362 361 2403 est
380 2357 604 2414 quiddam
627 2357 951 2414 imperfectum
972 2358 1020 2401 in
1042 2369 1214 2413 genere
1238 2356 1447 2414 seminis,
1470 2357 1595 2414 quod
1617 2369 1711 2401 non
1731 2357 1880 2413 potuit
1899 2357 2091 2414 perduci

187 2418 247 2465 ad
286 2419 542 2477 perfectum
580 2419 775 2464 seminis
813 2419 1208 2475 complementum
1245 2424 1434 2475 propter
1471 2419 1867 2475 imperfectionem
1906 2418 2091 2465 virtutis

185 2480 418 2526 femineae.
443 2484 497 2525 Et
520 2481 624 2526 ideo
648 2482 739 2526 tale
760 2493 920 2525 semen
944 2494 1037 2525 non
1062 2485 1133 2525 est
1152 2480 1361 2536 materia,
1385 2493 1490 2538 quae
1514 2481 1572 2526 de
1591 2482 1867 2527 necessitate
1884 2482 2091 2539 requira-

186 2546 263 2587 tur
285 2542 345 2588 ad
374 2547 672 2599 conceptum,
696 2543 818 2589 sicut
840 2542 1142 2599 Philosophus
1164 2541 1276 2587 dicit
1299 2544 1376 2596 (De
1395 2547 1605 2598 generat.
1639 2543 1928 2600 animalium,
1950 2544 2028 2588 lib.
2056 2557 2087 2603 ι,

185 2616 288 2661 cap.
311 2606 383 2660 19,
409 2604 437 2648 a
459 2605 620 2660 med.).
655 2607 708 2651 Et
741 2605 845 2650 ideo
875 2606 924 2649 in
948 2604 1254 2662 conceptione
1276 2605 1484 2662 corporis
1508 2605 1673 2651 Christi
1700 2618 1797 2651 non
1819 2606 1910 2651 fuit
1933 2620 1944 2649 :
1970 2618 2090 2664 prae-

186 2665 348 2710 sertim
366 2665 493 2724 quia,
519 2665 627 2712 licet
646 2667 707 2711 sit
724 2666 1049 2724 imperfectum
1072 2666 1121 2710 in
1142 2678 1315 2723 genere
1337 2666 1548 2723 seminiS,
1575 2670 1732 2712 tamen
1754 2679 1864 2713 cum
1886 2667 2090 2724 quadam

185 2727 567 2785 concupiscentia
601 2728 868 2786 resolvitur,
900 2727 1023 2774 sicut
1054 2733 1102 2774 et
1134 2740 1296 2773 semen
1320 2728 1478 2773 maris.
1503 2731 1554 2773 In
1576 2729 1657 2774 illo
1680 2734 1838 2775 autem
1860 2733 2091 2787 conceptu

183 2788 401 2846 virginali
418 2790 800 2847 concupiscentia
830 2790 986 2836 locum
1019 2790 1192 2835 habere
1218 2802 1313 2835 non
1345 2789 1512 2848 potuit.
1552 2792 1606 2835 Et
1637 2790 1741 2836 ideo
1773 2794 2090 2837 Damascenus

185 2850 296 2896 dicit
310 2852 453 2907 (Or-th.
470 2851 551 2897 fid.
575 2851 657 2896 lib.
683 2865 747 2907 111,
771 2865 874 2909 cap.
901 2855 944 2908 2,
965 2853 1087 2897 circa
1109 2851 1233 2897 med.
1258 2856 1306 2897 et
1326 2851 1408 2897 lib.
1434 2865 1490 2909 iv,
1518 2864 1620 2909 cap.
1643 2855 1714 2908 15,
1737 2852 1764 2897 a
1782 2852 1941 2910 med),
1963 2853 2089 2911 quod

185 2923 357 2969 corpus
376 2912 540 2957 Christi
563 2926 658 2958 non
679 2913 966 2959 seminaliter
989 2918 1268 2971 conceptum
1291 2919 1379 2959 est.
1403 2915 1603 2971 Sanguis
1621 2918 1778 2960 autem
1799 2919 2084 2972 menstruus,

185 2984 327 3030 quem
348 2973 536 3019 feminae
552 2988 636 3033 per
651 2975 866 3031 singulos
880 2988 1070 3022 menses
1092 2976 1328 3036 emittunt,
1347 2975 1665 3033 impuritatem
1684 2977 1937 3035 quamdam
1956 2981 2087 3023 natu-

184 3033 332 3079 ralem
356 3035 498 3082 habet
516 3037 856 3095 corruptionis;
878 3038 999 3084 sicut
1031 3042 1078 3084 et
1109 3043 1290 3084 caeterae
1321 3039 1688 3097 superfluitateS‚
1714 3039 1887 3097 quibus
1921 3045 2087 3084 natura

150 3123 153 3126 -
186 3107 282 3141 non
298 3096 492 3154 indiget,
506 3100 590 3144 sed
605 3112 686 3144 eas
697 3100 904 3158 expellit.
917 3103 983 3145 Ex
993 3101 1075 3146 tali
1087 3105 1243 3147 autem
1255 3106 1497 3147 menstruo
1510 3101 1855 3159 corruptionem
1866 3101 2082 3159 habente,

186 3157 311 3214 quod
327 3163 496 3203 natura
514 3161 743 3219 repudiat,
765 3174 861 3206 non
878 3162 1106 3209 formatur
1120 3167 1374 3220 conceptus
1390 3178 1403 3220 3
1429 3164 1513 3210 sed
1527 3165 1616 3209 hoc
1632 3168 1703 3209 est
1722 3167 2085 3221 purgamentum

185 3218 421 3276 quoddam
443 3220 569 3267 illius
588 3223 692 3280 puri
723 3224 984 3282 sanguiniS‚
1006 3225 1088 3283 qui
1118 3226 1379 3283 digestione
1398 3226 1599 3283 quadam
1619 3233 1690 3271 est
1716 3234 2004 3284 praeparatus
2023 3225 2083 3270 ad

186 3286 480 3339 conceptum,
505 3284 639 3340 quasi
667 3286 826 3341 purior
849 3290 895 3331 et
916 3287 1164 3344 perfectior
1186 3288 1277 3333 alio
1299 3288 1546 3344 sanguine.
1573 3288 1717 3332 Habet
1739 3292 1894 3333 tamen
1928 3288 2082 3344 impu-

186 3342 370 3389 ritatem
389 3344 595 3390 libidinis
624 3346 673 3389 in
707 3348 1011 3404 conceptione
1046 3350 1243 3395 aliorum
1280 3350 1541 3407 hominum,
1581 3349 1858 3407 inquantum
1887 3361 1946 3395 ex
1978 3349 2081 3406 ipsa

186 3405 514 3451 commixtione
526 3407 668 3451 maris
682 3411 727 3452 et
737 3408 923 3454 feminae
942 3411 1046 3456 talis
1059 3412 1253 3469 sanguis
1272 3411 1332 3457 ad
1345 3412 1500 3456 locum
1518 3412 1809 3468 generationi
1819 3422 2079 3466 congruum
