2170 3808
249 233 330 278 498
833 230 1032 281 QUAEST.
1058 231 1158 286 LIX,
1189 231 1308 273 ART.
1337 232 1371 270 V
1398 232 1464 275 ET
1491 233 1557 276 Vl.

243 316 401 359 tamen
435 314 692 358 multorum
725 312 957 357 bonorum
989 316 1102 357 sunt
1134 311 1243 356 mali
1280 311 1379 369 filii,
1402 318 1449 358 et
1480 315 1507 359 e
1539 315 1788 359 contrariO.
1821 314 1970 359 Tertio
2002 317 2140 361 modo

242 377 472 431 quantum
496 374 552 417 ad
574 373 793 420 effectum
811 385 1005 419 suorum
1026 385 1243 431 operum3
1265 372 1388 418 sicut
1400 385 1459 419 ex
1473 374 1747 432 deceptione
1765 375 1857 419 Arii
1878 381 1924 420 et
1942 374 2139 423 aliorum

242 436 542 482 seductorum
564 435 765 493 pullulat
783 435 1033 481 infidelitas
1051 448 1204 494 usque
1223 435 1283 481 ad
1304 435 1447 481 finem
1462 438 1651 492 mundi;
1674 442 1720 483 et
1740 449 1892 494 usque
1909 441 2021 483 tunc
2034 451 2139 495 pro-

241 498 336 543 ficit
355 497 474 543 fides
491 511 551 544 ex
575 499 905 556 praedicatione
923 499 1258 557 apostolorum.
1284 502 1454 553 Quarto
1474 501 1614 547 modo
1634 500 1864 558 quantum
1879 499 1939 546 ad
1951 512 2135 559 corpus,
2151 502 2160 566 ξ

242 559 368 617 quod
386 561 671 619 quandoque
691 559 948 608 honorifice
967 562 1164 608 traditur
1186 561 1456 621 sepulturae,
1481 563 1763 621 quandoque
1781 561 1892 608 vere
1912 561 2140 620 relinqui·
2157 567 2169 598 '-

242 625 319 667 tur
338 621 642 682 insepultum,
664 629 712 670 et
737 624 924 671 tandem
949 624 1262 669 incineratum
1288 623 1481 668 omnine
1503 625 1771 671 resolvitur.
1803 625 1973 678 Quinto
1999 626 2126 673 moda

241 685 469 742 quantum
485 686 544 732 ad
562 699 617 731 ea
636 687 685 731 in
702 687 875 745 quibus
893 687 1034 732 homo
1052 699 1193 731 suum
1208 687 1425 731 affectum
1442 686 1615 744 defixit,
1635 687 1749 745 puta
1766 686 1815 731 in
1835 686 2137 744 quibuscum-

241 756 333 802 que
350 748 682 804 temporalibus
701 749 859 804 rebus‚
878 760 1078 806 quarum
1094 749 1308 806 quaedam
1320 747 1459 793 citius
1475 748 1718 806 finiuntur,
1731 749 1944 807 quaedam
1963 749 2138 796 diutius

242 807 431 855 durant.
453 811 619 855 Omnia
641 817 800 856 autem
821 810 922 855 haec
944 810 1213 856 subduntur
1234 810 1567 856 existimationi
1585 811 1749 870 judicii
1769 811 1930 857 divini.
1953 813 2007 856 Et
2034 811 2138 858 idee

242 869 301 916 dc
331 870 405 917 his
435 872 658 917 omnibus
686 873 947 930 perfectum
979 877 1025 918 et
1057 874 1358 918 manifestum
1387 873 1618 931 judicium
1647 874 1809 920 haberi
1842 885 1937 919 non
1968 880 2132 933 potest,

241 932 467 990 quamdiu
482 933 625 991 hujus
648 935 871 993 temporis
901 947 1072 981 cursus
1095 936 1249 981 durat.
1273 938 1329 981 Et
1346 939 1535 994 propter
1560 936 1650 981 hoc
1675 939 1857 994 oportet
1874 947 1979 981 esse
1998 935 2136 982 finale

237 994 466 1053 judicium
485 996 535 1041 in
561 998 819 1043 novissimo
835 997 926 1054 die,
946 999 996 1044 in
1016 1011 1110 1057 quo
1133 999 1337 1057 perfecte
1358 999 1406 1046 id
1427 998 1554 1056 quod
1573 999 1632 1044 ad
1652 1010 2039 1057 unumquemque
2055 999 2136 1044 ho-

241 1057 416 1104 minem
438 1059 643 1116 pertinet
661 1072 960 1119 quocumque
981 1061 1121 1107 modo
1136 1061 1338 1119 perfecte
1353 1064 1399 1106 et
1413 1060 1659 1106 manifeste
1666 1060 1918 1120 judicetur.

296 1119 364 1166 Ad
377 1124 579 1178 primum
598 1135 711 1181 ergo
724 1123 991 1183 dicendum,
1006 1124 1131 1181 quod
1153 1124 1309 1181 opinio
1325 1125 1383 1178 (1)
1403 1123 1713 1181 quorumdam
1727 1123 1814 1168 fuit
1827 1122 1951 1182 qued
1970 1122 2137 1168 animae

241 1186 510 1230 sanctorum
532 1198 626 1231 non
645 1186 948 1243 praemiantur
962 1187 1011 1231 in
1032 1187 1169 1243 coe10,
1188 1200 1274 1231 nec
1292 1185 1462 1230 animae
1480 1185 1806 1230 damnatorum
1822 1185 2076 1243 puniantur
2088 1185 2138 1230 in

241 1242 423 1291 inferno
441 1259 593 1305 usque
616 1248 678 1294 ad
700 1248 823 1294 diem
846 1248 1033 1306 judici13
1057 1250 1183 1306 quod
1207 1249 1395 1305 quidem
1425 1254 1616 1305 apparet
1640 1259 1745 1293 esse
1767 1246 1940 1292 falsum
1962 1258 2021 1292 ex
2049 1247 2138 1294 hoc

241 1307 368 1364 quod
391 1309 638 1366 Apostolus
666 1312 734 1365 (ΙΙ.
763 1310 967 1357 Corinth.
994 1325 1037 1365 v,
1069 1314 1112 1367 8)
1148 1311 1259 1356 dicit
1284 1325 1296 1355 :
1330 1311 1575 1366 Audemus,
1600 1312 1643 1353 et
1675 1310 1838 1353 bonam
1860 1309 2138 1353 voluntatem

239 1370 457 1416 habemus
470 1375 618 1431 maqis
634 1375 966 1431 peregrinari&
982 1387 1184 1431 corpore,
1209 1378 1251 1417 et
1272 1366 1517 1431 prdsentes
1537 1385 1628 1416 esse
1645 1373 1710 1416 ad
1728 1373 1991 1420 Dominum:
2011 1372 2137 1429 quod

240 1438 311 1478 est
324 1434 424 1491 jam
440 1448 532 1479 mm
553 1437 794 1480 ambulare
810 1451 896 1494 per
913 1437 1068 1494 fidem,
1093 1438 1174 1481 sed
1186 1450 1270 1493 per
1290 1439 1499 1494 speciem,
1520 1439 1574 1480 ut
1591 1440 1716 1492 patet
1732 1447 1791 1481 ex
1810 1435 1883 1480 his
1902 1447 2007 1492 quae
2021 1435 2137 1480 sub-

239 1500 521 1553 sequuntur.
540 1500 636 1544 Hoc
666 1503 825 1545 autem
852 1502 925 1544 est
947 1498 1106 1545 videre
1135 1502 1280 1544 Deum
1309 1511 1393 1556 per
1418 1497 1687 1554 essentiam,
1719 1497 1768 1542 in
1797 1509 1892 1555 quo
1922 1497 2135 1543 consistit

240 1557 334 1602 vita
355 1564 529 1614 aeterna
549 1562 624 1618 (2),
645 1565 699 1605 ut
724 1564 852 1618 patet
871 1563 1018 1615 (Joan.
1036 1562 1155 1617 xvu).
1179 1561 1307 1606 Unde
1327 1559 1625 1604 manifestum
1640 1562 1712 1604 est
1725 1558 1907 1602 animas
1925 1557 2136 1616 acorpo-

238 1618 370 1664 ribus
393 1626 632 1678 separatas
652 1634 756 1668 esse
775 1621 825 1666 in
844 1623 941 1668 vita
965 1627 1156 1669 aeterna.
1177 1624 1231 1667 Et
1248 1621 1352 1667 idee
1375 1620 1626 1665 dicendum
1647 1623 1720 1665 est
1739 1619 1865 1677 qued
1888 1623 1994 1677 post
2012 1631 2136 1665 mor-

239 1683 349 1738 tem,
368 1683 598 1739 quantum
617 1684 679 1730 ad
697 1696 753 1729 ea
776 1696 882 1742 quae
900 1688 1012 1730 sunt
1029 1684 1214 1741 animae,
1239 1684 1379 1729 homo
1398 1681 1590 1727 sortitur
1607 1681 1857 1740 quemdam
1871 1681 2136 1727 immutabi-

237 1742 331 1788 lem
351 1748 550 1802 statum3
569 1751 615 1792 et
633 1746 739 1792 ideo
756 1747 985 1804 quantum
1004 1747 1065 1793 ad
1076 1746 1321 1805 praemium
1337 1745 1505 1790 animae
1521 1757 1615 1790 non
1635 1747 1816 1803 oportet
1832 1743 2029 1789 ulterius
2050 1743 2136 1791 dif-

236 1804 346 1851 ferri
354 1806 604 1864 judicium.
630 1810 719 1855 Sed
738 1809 847 1867 quia
872 1810 1089 1868 quaedam
1111 1809 1202 1855 alia
1222 1812 1333 1855 sunt
1354 1807 1415 1854 ad
1436 1807 1674 1852 hominem
1702 1805 2007 1865 pertinentia,
2031 1819 2137 1866 quae

239 1872 335 1914 toto
354 1871 577 1928 temporis
597 1884 741 1918 cursu
757 1877 980 1929 aguntur,
997 1886 1105 1930 quae
1123 1885 1219 1918 non
1239 1876 1352 1917 sunt
1365 1870 1518 1916 aliena
1534 1869 1561 1915 a
1580 1869 1738 1916 divino
1745 1869 1940 1928 Judicio,
1954 1873 2137 1927 oportet

237 1931 406 1976 iterum
437 1932 485 1978 in
506 1933 600 1980 fine
624 1934 847 1992 temporis
868 1935 1026 1980 omnia
1050 1935 1151 1981 haec
1171 1935 1221 1979 in
1242 1933 1474 1992 judicium
1498 1932 1685 1979 adduci.
1703 1932 1829 1978 Licet
1848 1931 1975 1978 enim
1996 1933 2135 1978 homo

237 1995 497 2040 secundum
523 1997 624 2041 haec
644 2009 738 2042 non
769 2003 1002 2043 mereatur
1026 2010 1179 2057 neque
1198 1997 1509 2053 demereatur,
1537 2000 1694 2042 tamen
1715 1994 1948 2054 pertinent
1969 1994 2029 2041 ad
2049 1994 2136 2040 ali-

236 2058 364 2113 quod
385 2058 489 2115 ejus
515 2060 764 2116 praemium
788 2060 864 2106 vel
892 2073 1098 2118 poenam.
1132 2060 1262 2107 Unde
1285 2063 1467 2118 oportet
1489 2058 1588 2104 haec
1606 2058 1765 2104 omnia
1778 2057 1995 2104 aestimari
2014 2057 2063 2103 in
2082 2058 2135 2104 fi-

238 2119 331 2164 nali
349 2120 545 2178 judicio.
2138 2155 2144 2163 .

290 2183 358 2227 Ad
379 2185 628 2228 secundum
646 2184 915 2242 dicendum,
937 2185 1065 2243 qued
1086 2190 1207 2230 Deus
1221 2199 1312 2229 non
1325 2184 1559 2241 judicabit
1577 2184 1643 2228 bis
1665 2183 1950 2241 inidipsum,
1975 2183 2023 2229 id
2045 2189 2131 2243 est,

236 2245 499 2291 secundum
528 2247 680 2304 idem,
710 2247 795 2292 sed
820 2248 1081 2293 secundum
1111 2249 1295 2293 diversa
1318 2260 1413 2292 non
1441 2251 1514 2292 est
1534 2246 1874 2293 inconveniens
1894 2249 2039 2292 Deum
2061 2247 2133 2293 bis

233 2306 460 2364 J'udicare.
478 2356 491 2366 χ

244 2402 247 2405 -
290 2369 359 2415 Ad
388 2372 573 2414 tertium
609 2370 876 2424 dicendum,
908 2372 1035 2429 qued
1055 2371 1164 2417 licet
1196 2372 1436 2429 praemium
1462 2371 1535 2417 vel
1557 2383 1700 2429 poena
1728 2369 1935 2428 corporis
1957 2369 2134 2428 depen-

238 2432 345 2478 deat
367 2444 426 2477 ex
445 2431 636 2488 praemio
653 2432 730 2478 vel
750 2445 890 2491 poena
906 2434 1090 2491 animae,
1107 2439 1266 2480 tamen
1287 2435 1398 2492 quia
1417 2435 1574 2480 anima
1592 2447 1688 2479 non
1703 2437 1776 2479 est
1788 2433 2026 2479 mutabilis
2046 2435 2134 2480 nisi

237 2505 322 2552 per
335 2494 571 2550 accidens,
596 2500 786 2552 propter
806 2508 993 2555 corpus,
1017 2496 1174 2541 statim
1197 2501 1413 2554 separata
1432 2496 1461 2541 e
1478 2509 1673 2554 corpore
1689 2495 1832 2541 habet
1852 2499 2024 2541 statum
2042 2495 2133 2542 im-

237 2556 527 2616 mutabilem,
555 2564 604 2603 et
628 2556 796 2615 accipit
823 2570 965 2604 suum
992 2558 1240 2616 judicium.
1272 2559 1360 2604 Sed
1390 2571 1562 2618 corpus
1594 2562 1806 2605 remanet
1836 2558 2133 2605 mutabilitati

236 2618 503 2679 subiectum
522 2631 676 2676 usque
704 2619 765 2665 ad
785 2619 927 2665 finem
957 2621 1178 2678 temporis
1203 2635 1217 2665 ε
1251 2625 1298 2667 et
1324 2620 1431 2667 ideo
1460 2625 1642 2679 oportet
1657 2620 1786 2679 quod
1806 2624 1919 2667 tunc
1939 2621 2133 2680 recipiat

237 2693 378 2729 suum
398 2681 642 2739 praemium
665 2682 742 2728 vel
764 2695 954 2740 poenam
977 2683 1027 2728 in
1042 2684 1171 2729 finali
1188 2683 1382 2741 judicio.

292 2746 641 2790 ARTlcULUS
667 2747 751 2791 Vl.
767 2769 824 2778 —
847 2759 987 2791 u‘rnuu
1020 2760 1249 2792 sumamma
1277 2759 1486 2791 rorns'us
1515 2759 1677 2791 cnmsn
1702 2757 1751 2790 sn
1780 2759 1998 2792 annum-r
2023 2760 2078 2793 nn

1081 2822 1284 2855 ANGELOS.

291 2867 362 2914 Ad
376 2875 562 2914 sextum
577 2868 647 2914 sic
665 2869 951 2925 proceditur.
969 2871 1014 2916 1.
1030 2870 1218 2916 Videtur
1234 2869 1361 2928 qued
1377 2873 1586 2927 potestas
1601 2868 1765 2915 Christi
1778 2869 2023 2928 judiciaria
2035 2884 2131 2918 uon

238 2942 291 2977 se
311 2930 534 2976 extendat
551 2930 613 2976 ad
635 2930 848 2988 angeIOS.
872 2931 1036 2989 Angeli
1056 2933 1184 2978 enim
1207 2937 1303 2978 tam
1326 2931 1439 2978 boni
1461 2931 1604 2989 quem
1626 2931 1739 2977 mali
1750 2931 1947 2990 judicati
1972 2938 2083 2979 sunt
2102 2933 2132 2979 a

238 2992 466 3050 principio
494 2992 661 3038 mundi
674 3028 689 3050 ‚
710 2992 902 3051 quando
929 2993 1213 3052 quibusdam
1233 2993 1510 3040 cadentibus
1530 3005 1615 3052 per
1633 2998 1904 3052 peccatum,
1927 2995 2004 3040 alii
2023 2998 2131 3042 sunt

238 3054 287 3099 in
307 3055 596 3101 beatitudine
615 3054 894 3102 confirmati.
921 3056 1011 3102 Sed
1036 3057 1103 3102 illi
1129 3058 1208 3115 qui
1234 3056 1429 3115 judicati
1451 3060 1585 3114 sunt,
1607 3068 1702 3101 non
1730 3055 1943 3115 indigent
1961 3057 2158 3113 iterum.>

234 3115 452 3174 judicari.
477 3120 596 3175 Ergo
618 3122 829 3175 potestas
841 3118 1089 3177 judiciaria
1106 3120 1270 3165 Christi
1288 3132 1383 3166 non
1403 3132 1455 3166 se
1475 3118 1684 3165 extendit
1705 3119 1765 3165 ad
1782 3119 1988 3176 angelos,

293 3181 337 3224 2.
367 3182 610 3238 Praeterea,
639 3193 735 3225 non
757 3186 829 3227 est
855 3181 1068 3240 ejusdem
1091 3182 1314 3240 judicare
1332 3187 1380 3229 et
1395 3181 1612 3240 judicari.
1644 3181 1733 3227 Sed
1761 3182 1914 3239 angeli
1942 3182 2129 3229 venient

278 3302 324 3344 (l)
344 3302 519 3338 Sententia
532 3302 593 3337 illa
609 3307 683 3338 erat
703 3304 839 3340 tantum
853 3316 1009 3347 erronea,
1034 3305 1143 3348 prius-
1269 3307 1312 3348 (2)
1343 3307 1444 3341 Juxta
1467 3317 1604 3341 sensum
1628 3304 1800 3346 vulgarem
1825 3306 2002 3348 Augustini
2027 3318 2126 3349 quem

237 3361 339 3392 qum
382 3350 530 3386 Ecclesia
559 3362 634 3386 eam
663 3352 878 3387 anathemate
911 3352 1141 3397 profligasset3
1227 3361 1362 3389 secutus
1389 3357 1441 3389 est
1465 3354 1501 3389 S.
1526 3353 1802 3398 'l'homas3quasi
1828 3353 1982 3390 formalis
2000 3352 2125 3389 locutio

238 3412 330 3440 nunc.
356 3401 436 3435 vere
466 3400 669 3440 rejiceretur
701 3405 739 3435 ut
762 3400 941 3443 hareticn,
974 3402 1143 3445 siquidem
1228 3403 1292 3437 ista
1308 3402 1352 3437 sit
1370 3402 1424 3437 vel
1442 3400 1631 3436 formaliter
1647 3401 1791 3443 intelligi
1818 3402 1938 3437 debeat
1957 3412 1966 3436 :
1983 3402 2056 3437 hoec
2074 3403 2126 3436 est

238 3448 419 3482 concilium
447 3447 686 3482 Florentinum
701 3448 823 3489 dogma
838 3448 920 3484 hnic
936 3451 1048 3486 errori
1068 3463 1143 3486 con·
1228 3451 1304 3485 vita
1331 3453 1471 3486 aeterna
1492 3452 1534 3484 ut
1562 3453 1780 3494 coquoscant
1804 3453 1835 3484 te
1857 3450 1978 3485 solum
1999 3457 2125 3485 oerum

240 3496 383 3531 crarium
401 3494 558 3533 delinivit
570 3497 661 3539 (sess.
679 3495 769 3539 ult).
1226 3498 1346 3535 veum
1362 3502 1396 3535 οι
1407 3508 1512 3544 quem
1523 3498 1660 3534 misisti
1674 3499 1799 3535 Iesum
1815 3499 2018 3534 Christum.
