2170 3808
119 208 204 251 270
672 205 871 259 QUAEST.
901 206 1062 259 XXXII,
1093 207 1212 250 ART.
1243 209 1279 250 11
1306 209 1371 252 ET
1398 210 1468 254 111.

119 289 247 346 quod
265 292 394 346 patet
410 299 514 334 esse
530 286 715 332 falsum.
745 289 845 332 Non
867 298 977 343 ergo
998 287 1205 333 Christus
1223 287 1361 334 dehet
1381 289 1471 335 dici
1496 294 1750 347 conceptus
1773 290 1831 336 de
1853 291 2015 348 Spiritu

119 354 445 457 saggitloeontra
461 413 533 455 est
555 411 681 467 quod
701 410 871 456 dicitur
890 411 1059 466 (Matth.
1079 425 1108 466 1,
1132 412 1202 466 18)
1217 425 1228 455 ε
1245 413 1500 468 Antequam
1520 416 1819 463 convenirent.
1839 417 2020 459 inventa

119 477 187 518 est
206 477 256 517 in
273 477 402 517 utero
424 472 592 516 habens
610 473 665 516 de
687 475 864 530 Spiritu
882 476 1054 518 sancta

169 541 455 583 CONCLUSIO.
478 563 524 570 —
550 540 681 581 Filius
706 541 777 582 Dei
794 541 1081 582 convenienter
1098 539 1148 580 de
1164 540 1321 591 Spiritu
1339 545 1478 582 sancto
1494 546 1712 595 conceptus
1738 544 1783 583 in
1802 542 2022 595 scripturis

120 595 287 647 dicitur,
308 596 408 649 quia
423 596 512 650 ejus
530 608 648 649 opere
665 608 811 649 corpus
835 597 1060 637 formatum
1074 600 1157 645 est,
1175 599 1214 636 et
1239 597 1277 636 ei
1294 596 1464 648 aequalis
1485 598 1530 638 in
1553 598 1786 639 substantia
1805 600 2022 650 conceptus

121 655 195 692 est.

176 715 450 772 Respondeo
467 715 717 761 dicendum
738 713 863 772 quod
879 713 1121 771 conceptio
1137 725 1231 758 non
1248 713 1517 760 attribuitur
1533 716 1619 760 soli
1642 716 1824 774 corpori
1840 715 2020 773 Christi,

121 776 208 822 sed
230 778 370 823 etiam
406 778 496 836 ipsi
518 778 697 822 Christo
732 776 913 822 ratione
935 775 1085 833 ipsius
1120 776 1344 833 corporiS.
1376 779 1428 822 In
1466 778 1636 835 Spiritu
1669 784 1825 825 autem
1859 782 2022 824 sancto

122 839 295 896 duplex
315 839 539 886 habitudo
558 839 881 885 consideratur
901 841 1117 896 respectu
1143 838 1326 884 Christi.
1350 841 1463 884 Nam
1486 841 1547 886 ad
1563 841 1719 898 ipsum
1742 841 1906 886 Filium
1925 839 2020 897 Dei,

122 903 204 960 qui
223 902 392 948 dicitur
402 915 506 948 esse
526 907 797 960 conceptus,
818 902 959 948 habet
968 902 1293 948 habitudinem
1309 904 1804 950 consubstantialitatis
1816 904 1903 961 aad
1918 915 2023 948 cor-

120 975 212 1021 pus
233 967 390 1009 autem
409 964 512 1020 ers
533 962 673 1008 habet
704 962 1025 1009 habitudinem
1053 975 1209 1008 causae
1234 964 1477 1010 efficientis
1494 967 1569 1020 (1).
1590 967 1694 1011 Haec
1719 970 1876 1012 autem
1905 976 2025 1023 prae·

120 1026 290 1084 positio
319 1027 375 1071 de
402 1031 650 1084 utramque
682 1026 1001 1073 habitudinem
1027 1026 1268 1084 designat3
1304 1027 1424 1073 sicut
1441 1031 1548 1073 cum
1568 1028 1766 1074 dicimus
1785 1028 2025 1074 hominem

122 1087 326 1146 aliquem
344 1101 449 1134 esse
469 1089 527 1134 de
543 1101 629 1134 suo
648 1093 795 1145 patre.
814 1091 868 1135 Et
885 1089 989 1134 ideo
1010 1089 1340 1135 convenienter
1357 1089 1511 1135 dicere
1526 1102 1776 1147 possumus
1791 1089 2026 1136 Christum

121 1160 226 1195 esse
247 1155 526 1209 conceptum
547 1151 603 1195 de
625 1151 796 1208 Spiritu
807 1155 985 1209 sancto,
1001 1150 1091 1195 hoc
1108 1151 1246 1196 modo
1265 1150 1392 1208 quod
1409 1151 1658 1199 efficientia
1670 1152 1864 1210 Spiritus
1878 1149 2025 1198 sancti

120 1211 350 1258 referatur
385 1213 443 1259 ad
478 1225 651 1271 corpus
683 1217 995 1270 assumptum,
1035 1212 1497 1259 consubstantialitas
1531 1215 1643 1261 vero
1676 1214 1737 1260 ad
1776 1223 2025 1272 personam

120 1279 454 1321 assumentem.

176 1342 244 1390 Ad
258 1346 464 1402 primum
480 1354 593 1400 ergo
615 1342 883 1399 dicendum,
907 1341 1032 1399 qued
1052 1354 1224 1399 corpus
1250 1342 1432 1402 Christi,
1455 1343 1565 1400 quia
1585 1355 1678 1388 non
1703 1348 1776 1389 est
1794 1342 2025 1389 consubs-

119 1405 314 1452 tantiale
341 1405 526 1463 Spiritui
550 1409 729 1462 sancto,
751 1417 847 1450 non
869 1403 1055 1462 proprie
1085 1408 1239 1461 potest
1257 1404 1347 1450 dici
1369 1405 1426 1451 de
1449 1405 1621 1463 Spiritu
1642 1410 1803 1451 sancto
1825 1417 2020 1462 concep-

120 1470 239 1528 tum,
255 1467 341 1514 sed
356 1468 505 1526 magis
522 1479 579 1512 ex
600 1467 771 1524 Spiritu
791 1470 971 1523 sancto,
992 1466 1113 1511 sicut
1132 1466 1401 1511 Ambrosius
1421 1466 1533 1512 dicit
1550 1469 1629 1522 (De
1652 1467 1822 1525 Spiritu
1844 1470 2023 1526 sancto,

120 1529 202 1577 lib.
219 1545 267 1588 11,
290 1543 393 1588 cap.
423 1534 466 1588 5,
493 1530 552 1576 ad
577 1530 703 1585 fin.):
733 1546 753 1568 «
776 1528 906 1583 Quod
928 1541 987 1574 ex
1015 1529 1171 1586 aliquo
1188 1534 1273 1582 est,
1297 1534 1379 1574 aut
1400 1541 1459 1574 ex
1486 1529 1747 1575 substantia
1764 1533 1847 1575 aut
1867 1541 1927 1575 ex
1944 1541 2026 1586 po-

121 1595 287 1638 testate
302 1593 406 1650 ejus
425 1596 496 1638 est
513 1607 524 1636 ε
548 1604 605 1637 ex
627 1591 901 1647 substantia,
921 1590 1043 1635 sicut
1059 1589 1215 1646 Filius,
1231 1591 1311 1648 qui
1327 1590 1354 1634 a
1371 1593 1501 1636 Patre
1517 1596 1611 1647 est3
1630 1603 1690 1636 ex
1703 1596 1949 1651 potestate,
1964 1590 2026 1636 si-

121 1659 203 1700 cut
223 1668 282 1701 ex
302 1659 394 1700 Deo
407 1655 579 1712 omnia,
603 1653 838 1712 quomodo
859 1653 972 1699 etin
994 1658 1127 1698 utero
1145 1653 1306 1698 habuit
1323 1654 1460 1698 Maria
1480 1666 1541 1699 ex
1559 1654 1728 1711 Spiritu
1746 1659 1923 1699 sancto.
1946 1672 1967 1694 ‚a

177 1717 245 1763 Ad
267 1718 512 1762 secundum
534 1717 804 1773 dicendum,
822 1715 949 1774 quod
966 1728 1108 1772 super
1130 1716 1219 1760 hoc
1236 1716 1419 1761 videtur
1434 1727 1538 1761 esse
1553 1716 1769 1772 quaedam
1785 1715 2029 1761 diversitas

120 1780 388 1839 Hieronymi
411 1780 469 1825 ad
502 1779 732 1837 quosdam
753 1778 870 1823 alios
898 1777 1127 1832 doctores,
1155 1777 1236 1834 qui
1258 1783 1475 1823 asserunt
1504 1778 1723 1835 Spiritum
1743 1783 1959 1823 sanctum
1978 1779 2028 1822 in

122 1842 426 1900 conceptione
443 1842 607 1887 Christi
630 1842 775 1887 fuisse
793 1852 879 1899 pro
895 1840 1087 1886 semine.
1112 1840 1227 1885 Dicit
1239 1841 1364 1885 enim
1380 1842 1736 1899 Chrysostomus
1748 1839 1885 1896 (alius
1904 1844 2025 1886 auct.

122 1917 265 1963 super
286 1906 439 1951 Matth.
464 1906 591 1950 hom.
612 1918 626 1949 ι
644 1904 692 1949 in
715 1906 797 1961 Op.
822 1903 1025 1961 imperf.,
1049 1903 1108 1948 ad
1130 1899 1266 1959 fin.):
1299 1921 1320 1941 α
1343 1903 1586 1959 unigenito
1613 1903 1692 1949 Dei
1718 1903 1767 1948 in
1795 1903 2029 1960 Virginem

121 1968 410 2025 ingressuro,
443 1966 680 2025 praecessit
711 1965 907 2023 Spiritus
935 1970 1145 2022 sanctus,
1177 1970 1230 2011 ut
1257 1966 1549 2022 praecedente
1581 1966 1752 2023 Spiritu
1786 1969 1950 2012 sancto
1977 1964 2028 2010 in

122 2029 553 2089 sanctificationem,
579 2032 816 2084 nascatur,
842 2028 1020 2074 scilicet
1049 2028 1256 2073 Christus
1283 2028 1543 2074 secundum
1571 2041 1758 2087 corpus,
1787 2026 2029 2074 Divinitate

124 2092 418 2148 ingrediente
440 2104 525 2148 pro
554 2091 751 2136 semine.
774 2109 796 2130 κ
817 2092 873 2135 Et
893 2094 1209 2136 Damascenus
1225 2089 1335 2134 dicit
1353 2090 1494 2144 (Orth.
1515 2089 1596 2134 fid.
1620 2089 1702 2134 lib.
1722 2103 1785 2147 111,
1809 2101 1912 2147 cap.
1935 2091 1979 2148 2,
1999 2089 2028 2134 a

121 2155 320 2210 princ.):
351 2172 370 2192 «
401 2152 705 2198 Obumbravit
723 2163 865 2209 super
892 2152 1047 2208 ipsum
1066 2151 1146 2196 Dei
1178 2151 1405 2208 sapientia
1424 2155 1471 2196 et
1487 2151 1636 2196 virtus
1656 2151 1786 2197 velut
1815 2150 2028 2197 divinum

123 2228 300 2263 semen.
329 2235 350 2256 ι»
374 2216 461 2261 Sed
477 2216 568 2260 hoc
590 2215 650 2260 de
664 2214 786 2259 facili
811 2213 1008 2259 solvitur
1026 2227 1038 2255 :
1056 2213 1165 2271 quia
1183 2213 1443 2258 secundum
1466 2212 1592 2270 quod
1616 2213 1665 2257 in
1689 2212 1869 2258 semine
1887 2213 2028 2259 intel-

121 2278 283 2335 ligitur
309 2278 458 2323 virtus
479 2277 643 2332 activa,
665 2277 733 2321 sic
766 2277 1124 2334 Chrysostomus
1144 2280 1192 2320 et
1212 2279 1525 2321 Damascenus
1557 2280 1830 2333 comparant
1860 2275 2027 2324 semini

119 2336 341 2399 ‘Spiritum
360 2344 592 2395 sanctum,
607 2338 682 2383 vel
695 2338 835 2383 etiam
851 2337 1031 2393 Filium,
1049 2336 1129 2393 qui
1144 2341 1217 2382 est
1236 2337 1383 2382 virtus
1400 2337 1646 2383 Altissimi:
1667 2337 1927 2383 secundum
1941 2350 2027 2383 au-

123 2409 218 2450 tem
240 2403 365 2461 quod
384 2404 431 2447 in
452 2401 629 2447 semine
651 2400 926 2456 intelligitur
947 2399 1209 2444 substantia
1231 2399 1499 2456 corporalis,
1531 2411 1635 2457 quae
1658 2399 1707 2444 in
1725 2399 2026 2457 conceptione

121 2469 476 2522 transmutatur,
497 2468 638 2520 negat
661 2463 971 2519 Hieronymus
995 2461 1214 2517 Spiritum
1232 2465 1449 2506 sanctum
1466 2461 1613 2506 fuisse
1636 2473 1721 2518 pro
1746 2461 1940 2507 semine.

177 2529 243 2573 Ad
261 2531 447 2572 tertium
464 2525 731 2579 dicendum,
755 2523 898 2581 quod,
914 2523 1036 2568 sicut
1049 2522 1337 2579 Augustinus
1356 2522 1468 2568 dicit
1483 2523 1547 2579 (in
1565 2522 1797 2569 Enchirid.
1814 2536 1916 2581 cap.
1938 2526 2024 2581 40),

122 2602 219 2636 non
242 2590 405 2635 eodem
422 2588 561 2634 modo
583 2587 752 2633 dicitur
768 2585 973 2630 Christus
993 2591 1247 2642 conceptus
1267 2589 1348 2630 aut
1371 2589 1511 2630 natus
1533 2585 1592 2631 de
1612 2585 1783 2643 Spiritu
1803 2589 1967 2631 sancto
1979 2591 2027 2632 et

123 2652 182 2698 de
201 2652 338 2698 Maria
358 2652 565 2708 Virgine3
588 2661 697 2694 nam
717 2649 775 2694 de
794 2648 931 2694 Maria
946 2648 1129 2704 Virgine
1147 2647 1460 2704 materialiter,
1474 2647 1532 2693 de
1553 2647 1724 2705 Spiritu
1738 2652 1901 2693 sancto
1914 2647 2025 2694 vero

122 2714 347 2761 effective.
369 2717 423 2758 Et
443 2713 549 2759 ideo
572 2724 666 2757 non
685 2711 847 2756 habuit
866 2710 942 2754 hic
957 2709 1111 2755 locum
1132 2710 1415 2755 commixtio.

205 2776 554 2821 ARTICULUS
581 2776 662 2818 111.
698 2797 752 2805 -
780 2786 916 2816 uranu
939 2785 1120 2817 srim‘rus
1142 2785 1323 2816 SANCTUS
1345 2784 1426 2815 mel
1443 2785 1601 2816 nsum-r
1617 2785 1752 2815 PATER
1780 2784 1943 2816 cnmsn

819 2848 1033 2880 secunaum
1061 2847 1224 2878 cannen
1249 2835 1326 2890 (2).

122 2908 175 2944 De
186 2908 243 2945 his
259 2909 363 2944 etiam
383 2909 478 2943 Sent.
501 2915 556 2948 11¹,
573 2906 655 2941 dist.
671 2908 704 2947 4,
721 2907 838 2948 quast.
855 2914 880 2946 Ι,
895 2909 962 2939 art.
980 2904 1012 2948 2,
1031 2908 1150 2946 quaest.
1166 2913 1192 2946 1,
1210 2907 1244 2939 ct
1258 2906 1372 2945 quaest.
1393 2912 1420 2939 u
1444 2903 1487 2939 ad
1501 2902 1517 2937 Ι
1540 2906 1574 2939 et
1590 2904 1624 2946 ⁴,
1641 2907 1677 2938 et
1694 2903 1730 2938 in
1746 2903 1867 2944 Expos.
1891 2901 1960 2938 litt.
1983 2903 2026 2939 ad

537 2954 571 2996 2,
581 2958 616 2989 et
634 2955 734 2989 Cont.
754 2951 846 2993 gent.
860 2952 923 2990 lib.
939 2961 988 2995 lv,
1008 2964 1081 2994 cap.
1097 2952 1158 2995 4⁷,
1177 2957 1211 2987 et
1233 2953 1355 2994 opusc.
1371 2960 1423 2991 111.
1440 2963 1513 2993 cap.
1530 2950 1605 2986 225.

177 3010 245 3057 Ad
263 3011 451 3055 tertium
470 3010 538 3056 sic
557 3008 837 3067 proceditur.
860 3011 899 3053 1.
937 3007 1124 3053 Videtur
1154 3007 1278 3065 quod
1297 3006 1501 3064 'Spiritus
1523 3010 1715 3052 sanctus
1748 3005 1916 3051 debeat
1933 3005 2024 3051 dici

135 3077 256 3119 water
282 3072 447 3118 Christi
476 3072 736 3118 secundum
765 3071 1119 3117 humanitatem.
1158 3069 1271 3122 Quia
1301 3068 1563 3114 secundum
1590 3067 1919 3125 Philosophum
1946 3070 2023 3123 (De

123 3133 421 3195 generatione
444 3133 731 3190 animalium,
751 3133 834 3179 lib.
860 3147 891 3189 1,
905 3145 1008 3190 cap.
1024 3132 1087 3188 2),
1108 3136 1240 3188 pater
1258 3130 1337 3175 dat
1351 3130 1632 3188 principium
1652 3128 1855 3174 activum
1876 3129 1925 3173 in
1947 3140 2024 3187 ge-

122 3197 379 3254 neratione,
419 3203 567 3241 mater
600 3195 712 3241 >vero
745 3195 979 3241 ministrat
1010 3194 1268 3239 materiam.
1302 3193 1389 3238 Sed
1420 3195 1469 3238 B.
1506 3192 1642 3248 Virgo
1677 3190 1846 3236 dicitur
1874 3195 2023 3236 mater

165 3321 210 3362 Η)
234 3320 319 3356 Nam
343 3319 492 3362 Spiritus
509 3320 643 3353 sanctus
662 3322 712 3354 est
731 3318 1025 3353 consubstantialis
1109 3327 1203 3352 conc.
1246 3315 1356 3351 Tolet.
1394 3324 1445 3356 11,
1478 3325 1540 3349 nec
1579 3312 1726 3354 Spiritus
1749 3316 1885 3348 sanctus
1921 3312 2021 3348 Pater

126 3369 272 3410 Christo,
286 3369 450 3411 quatenus
464 3371 514 3402 est
531 3367 637 3409 Deus;
652 3369 687 3400 et
699 3370 750 3400 est
765 3378 861 3400 causa
875 3366 1026 3400 efficiens
1112 3364 1272 3400 dicendus
1286 3369 1336 3399 est
1351 3363 1439 3404 Filii,
1458 3374 1519 3405 pro
1535 3374 1573 3397 eo
1583 3361 1671 3404 quod
1686 3361 1796 3398 Maria
1813 3361 1932 3397 eodem
1948 3360 2019 3403 spi-

126 3417 276 3458 eorporis
292 3422 326 3452 et
344 3415 573 3458 conceptionis
587 3418 657 3455 ejus
671 3414 841 3449 humanae.
1111 3412 1184 3448 ritu
1204 3417 1321 3448 sancto
1338 3411 1560 3447 obumbrante
1577 3410 1744 3451 concepit.

167 3466 210 3505 (2)
229 3465 390 3504 Negative
417 3463 643 3505 respondetS.
665 3462 788 3497 Doctor
813 3464 906 3502 iuxta
929 3461 1015 3496 illud
