2170 3808
862 208 1062 258 QUAEST.
1092 208 1210 261 LXV,
1240 208 1359 249 ART.
1386 207 1452 249 lv.
2016 207 2101 249 555

211 289 487 334 necessitate
509 286 687 332 salutis.
706 287 821 332 Illud
843 289 967 332 enim
987 287 1111 344 quod
1132 301 1225 332 non
1246 293 1316 332 est
1339 287 1674 343 necessarium,
1693 285 1877 330 videtur
1896 297 2000 329 esse
2025 297 2102 330 su.

211 350 456 407 perfluum.
478 350 566 394 Sed
585 349 766 393 nullum
790 361 1028 393 sacramen
1038 354 1133 393 tum
1157 353 1229 393 est
1251 348 1559 405 superfluum,
1584 348 1693 405 quia
1712 350 1832 393 Deus
1852 347 1967 390 nihil
1989 346 2101 390 facit

209 411 395 456 frustra.
420 413 538 467 Ergo
554 411 713 455 omnia
730 416 1021 455 sacramenta
1039 414 1150 455 sunt
1170 410 1228 455 de
1249 410 1527 455 necessitate
1546 410 1729 454 salutis.

265 475 309 517 2.
337 474 586 528 Praeterea,
622 472 744 516 sicut
773 472 831 517 de
856 471 1087 528 baptismo
1111 471 1278 516 dicitur
1304 474 1447 525 (Joan.
1478 485 1553 529 111,
1572 473 1645 524 5):
1673 473 1774 515 Nisi
1793 472 1891 526 quis
1910 473 2100 514 renatus

208 535 352 586 suerit
374 547 432 577 ex
450 547 571 590 aqua
590 536 634 576 et
659 536 833 589 Spiritu
853 537 1028 588 sancto,
1049 546 1139 575 non
1159 536 1303 587 potest
1327 534 1516 575 introire
1534 534 1583 575 in
1605 544 1791 588 reqnum
1816 531 1922 588 Dei,·
1952 531 2015 576 ita
2040 531 2098 576 de

208 595 496 640 Eucharistia
513 595 678 640 dicitur
697 597 842 649 (Joan.
865 608 924 651 w,
953 596 1024 649 54)
1040 609 1052 637 ι
1071 597 1172 638 Nisi
1191 594 1576 637 manducaveritis
1597 606 1783 636 carnem
1806 594 1922 637 Filii
1949 594 2098 637 homi-

209 660 292 713 nis,
326 662 370 702 et
404 659 600 701 biberitis
623 659 717 712 ejzcs
742 660 1022 713 sanquinem,
1052 669 1142 700 non
1173 657 1395 699 habebitis
1423 659 1571 699 vitam·
1596 658 1645 698 in
1669 656 1804 700 vobis.
1827 658 1947 711 Ergo
1977 654 2098 700 sicut

212 718 470 775 baptismus
490 724 562 763 est
586 723 930 763 sacramentum
953 717 1261 773 necessitatis,
1283 718 1347 761 ita
1367 720 1413 761 et
1427 715 1727 761 Eucharistia.

297 813 309 825 .
341 783 582 838 Praeterea,
603 781 704 825 sine
722 783 1010 825 sacramento
1031 779 1248 837 baptismi
1264 783 1418 836 potest
1437 778 1605 835 aliquis
1621 778 1912 835 salvusjneri‚
1933 795 1954 817 α
1970 779 2082 824 dum

207 842 348 887 modo
369 854 461 887 non
482 845 779 899 contemptus
797 841 1053 898 religionis,
1075 841 1158 886 sed
1186 841 1445 886 necessitas
1463 844 1806 884 sacramentum
1824 840 2054 897 excludat,
2070 858 2094 880 ι

212 907 264 948 ut
280 902 401 947 infra
417 903 597 948 dicetur
613 904 793 960 (quaest.
811 916 956 958 vam,
977 907 1064 948 art.
1086 907 1106 947 1
1134 907 1181 947 et
1199 905 1258 954 2).
1287 902 1374 947 Sed
1396 902 1444 946 in
1461 901 1666 959 quolibet
1682 906 1972 946 sacramento
1989 913 2099 946 con-

213 969 414 1023 temptus
432 964 667 1022 religionis
685 964 878 1021 impedit
900 964 1102 1008 hominis
1128 964 1342 1009 salutem.
1367 966 1486 1019 Ergo
1515 963 1614 1020 pari
1643 963 1820 1007 ratione
1841 962 1998 1008 omnia
2018 974 2096 1007 sa-

211 1031 448 1072 cramenta
471 1031 584 1071 sunt
604 1027 663 1071 de
685 1027 959 1071 necessitate
981 1026 1162 1070 salutis.

265 1088 352 1132 Sed
381 1092 542 1131 contra
564 1091 636 1131 est
660 1086 785 1144 quod
812 1086 946 1143 pueri
968 1087 1207 1132 salvantur
1235 1085 1499 1142 per-solum
1526 1083 1808 1142 baptismum
1826 1119 1839 1140 ,
1864 1085 1965 1130 sine
1992 1084 2096 1131 aliis

212 1150 532 1195 sacramentis.

258 1218 545 1260 CONCLUSIO.
563 1238 612 1246 —
623 1215 715 1257 Tria
724 1218 824 1256 sunt
841 1217 1094 1255 sacramenta
1111 1213 1163 1253 ad
1175 1213 1352 1253 salutem
1371 1214 1624 1253 necessaria.
1613 1227 1625 1237 ·
1643 1213 1875 1265 baptismus
1886 1214 2093 1263 absolute3

211 1273 472 1323 poenitentia,
493 1271 680 1312 existenti
705 1270 748 1310 in
765 1272 926 1321 peccato
947 1267 1136 1318 mortali3
1156 1267 1254 1308 ordo
1268 1272 1449 1318 respectu
1462 1266 1672 1318 Ecclesiae3
1695 1272 1837 1308 caetera
1856 1270 1949 1308 vero
1965 1279 2098 1309 sacra·

208 1331 347 1366 menta
371 1329 470 1367 sunt
489 1326 656 1367 eatenus
679 1324 917 1374 necessaria,
936 1324 1141 1376 quatenus
1158 1334 1228 1375 per
1242 1334 1289 1363 ea
1309 1323 1569 1363 commodius
1588 1324 1778 1363 effectum
1795 1323 1942 1364 salutis
1959 1335 2097 1364 conse·

209 1382 391 1431 quimur.

264 1443 537 1500 Respondeo
573 1441 820 1487 dicendum
858 1440 984 1499 quod
1006 1440 1322 1486 necessarium
1354 1444 1568 1497 respectu
1601 1439 1708 1484 finis
1726 1473 1739 1496 ,
1770 1440 1827 1484 de
1850 1451 1942 1496 quo
1971 1451 2097 1486 nunc

208 1505 459 1561 loquimur,
486 1504 653 1549 dicitur
674 1504 850 1559 aliquid
873 1503 1155 1559 dupliciter:
1179 1514 1276 1546 uno
1299 1500 1456 1556 modo,
1477 1499 1579 1546 sine
1598 1513 1692 1557 quo
1716 1514 1809 1545 non
1836 1506 1991 1558 potest
2011 1501 2097 1546 ha-

209 1564 308 1610 beri
327 1566 448 1623 finis,
474 1566 595 1610 sicut
613 1565 745 1609 cibus
767 1573 839 1610 est
858 1565 1154 1609 necessarius
1175 1564 1282 1608 vitae
1304 1565 1540 1618 humanae,
1562 1567 1607 1607 et
1629 1564 1717 1607 hoc
1737 1568 1808 1607 est
1827 1562 2097 1619 simpliciter

211 1628 522 1672 necessarium
544 1627 601 1672 ad
616 1627 780 1684 finem3
805 1627 895 1671 alio
913 1627 1053 1670 modo
1074 1626 1242 1671 dicitur
1256 1638 1360 1671 esse
1380 1624 1693 1670 necessarium
1711 1625 1755 1669 id
1773 1626 1874 1670 sine
1892 1637 1986 1681 quo
2000 1637 2095 1671 non

210 1690 407 1735 habetur
434 1690 541 1734 finis
571 1689 633 1733 ita
663 1689 1011 1747 convenienter,
1046 1688 1167 1733 sicut
1189 1701 1339 1745 equus
1363 1687 1654 1732 necessarius
1683 1691 1755 1731 est
1783 1687 1842 1732 ad
1870 1687 1982 1741 item
1988 1688 2095 1733 hoc

211 1755 366 1796 autem
391 1764 482 1795 non
509 1755 580 1796 est
602 1750 874 1807 simpliciter
903 1750 1219 1795 necessarium
1251 1750 1312 1795 ad
1335 1745 1492 1794 finem.
1521 1749 1673 1793 Primo
1692 1748 1833 1806 igitur
1853 1748 1993 1794 modo
2015 1761 2094 1795 ne‘

210 1813 442 1858 cessitatiS
458 1817 568 1857 sunt
587 1812 674 1857 tria
692 1816 983 1856 sacramenta
998 1812 1283 1856 necessaria.
1306 1811 1399 1856 duo
1415 1810 1602 1868 quidem
1619 1823 1827 1867 personae
1841 1810 2090 1867 singulari·
2078 1844 2092 1869 ,

210 1874 469 1933 baptismus
490 1874 677 1930 quidem
697 1874 967 1930 simpliciter
980 1879 1025 1918 et
1040 1873 1251 1918 absolute
1268 1875 1357 1928 (1),
1376 1873 1650 1929 poenitentia
1664 1878 1839 1929 autem,
1857 1872 2095 1930 supposito

211 1941 400 1992 peccato
423 1936 605 1980 mortali
629 1941 736 1992 post
757 1934 1041 1990 baptismum
1062 1937 1145 1991 (2);
1170 1939 1512 1979 sacramentum
1538 1942 1693 1979 autem
1720 1934 1897 1979 ordinis
1919 1939 1990 1979 est
2007 1946 2097 1980 ne-

211 1999 465 2042 cessarium
486 1998 716 2055 Ecclesiae,
741 1997 847 2054 quia
870 1998 943 2039 ubi
965 2011 1055 2040 mm
1078 2000 1141 2040 est
1161 1998 1452 2054 qubernator,
1471 1997 1668 2054 populus
1688 2000 1883 2051 corruet,
1905 2000 1960 2042 ut
1978 1994 2096 2042 dici-

211 2059 330 2104 citur
353 2060 584 2114 (Proverb.
607 2073 665 2111 xi,
683 2060 770 2113 14).
789 2058 876 2103 Sed
891 2058 1097 2103 secundo
1110 2058 1248 2104 modo
1267 2064 1378 2103 sunt
1393 2058 1656 2103 necessaria
1670 2057 1760 2101 alia
1773 2061 2064 2103 sacramenta
2079 2075 2092 2107 ε

210 2134 319 2166 nam
343 2121 630 2166 confirmatio
653 2120 995 2178 quodammodo
1016 2121 1196 2178 perficit
1218 2121 1520 2178 baptismum,
1539 2124 1747 2166 extrema
1768 2120 1927 2165 unctio
1949 2119 2100 2178 poeni·

210 2184 430 2240 tentiam3
462 2183 810 2227 matrimonium
839 2182 949 2226 vero
966 2182 1191 2227 Ecclesiae
1221 2182 1569 2228 multitudinem
1596 2194 1681 2240 per
1712 2181 2093 2239 propagationem

211 2250 470 2290 conservat.

264 2307 331 2352 Ad
348 2311 546 2364 primum
571 2317 683 2362 ergo
712 2305 976 2361 dicendum,
1011 2305 1134 2362 quod
1164 2305 1220 2350 ad
1240 2305 1330 2349 hoc
1351 2305 1476 2362 quod
1507 2304 1684 2362 aliquid
1714 2317 1807 2350 non
1841 2304 1901 2350 sit
1929 2317 2095 2362 super-

209 2367 418 2424 fluum<
396 2368 568 2413 sufficit
586 2367 709 2424 quod
729 2367 788 2412 sit
813 2367 1130 2412 necessarium
1155 2367 1306 2423 primo
1325 2367 1399 2411 vel
1418 2367 1625 2411 sec-undo
1644 2366 1808 2423 modo·
1834 2371 1881 2411 et
1898 2366 1967 2412 sic
1984 2370 2097 2413 sunt

210 2431 471 2475 necessaria
491 2430 647 2474 omnia
669 2434 974 2485 sacramenta,
999 2429 1120 2473 sicut
1138 2429 1311 2473 dictum
1334 2432 1405 2473 est
1425 2428 1489 2482 (in
1512 2440 1638 2485 corp.
1661 2429 1785 2482 art.).

262 2493 329 2537 Ad
358 2493 599 2535 secandum
627 2491 897 2546 dloendum‚
924 2491 1045 2548 quod
1068 2491 1184 2535 illud
1211 2491 1406 2535 verbum
1429 2490 1606 2534 Domini
1632 2495 1702 2534 est
1735 2489 2092 2546 intelligendum

210 2554 266 2599 de
286 2554 509 2610 spirituali
529 2553 902 2610 manducatione,
921 2558 967 2598 et
986 2565 1080 2597 non
1102 2553 1159 2597 de
1180 2553 1279 2597 sola
1297 2552 1620 2597 sacramentali
1639 2554 1715 2607 (3),
1735 2556 1789 2595 ut
1807 2552 2096 2608 Augustinus

210 2616 397 2672 exponit
427 2619 588 2671 (Super
610 2618 739 2659 Joan.
762 2619 895 2660 tract.
919 2618 990 2670 26,
1014 2615 1041 2658 a
1063 2614 1223 2665 med).

265 2677 330 2721 Ad
353 2680 533 2720 tertium
558 2676 833 2732 dicendum,
860 2676 986 2733 quod
1006 2675 1115 2720 licet
1142 2675 1353 2720 omnium
1376 2678 1775 2719 sacramentorum
1798 2678 2094 2730 contemptus

211 2737 270 2782 sit
287 2738 423 2782 saluti
447 2737 722 2789 contrarius,
747 2751 839 2783 non
867 2742 1022 2782 tamen
1046 2741 1117 2781 est
1147 2740 1444 2793 contemptus
1473 2735 1751 2780 sacramenti
1771 2746 1830 2779 ex
1851 2735 1939 2779 hoc
1967 2734 2092 2792 quod

210 2799 376 2856 aliquis
396 2811 488 2842 non
510 2802 641 2843 curat
660 2799 868 2857 accipere
887 2802 1233 2843 sacramentum
1247 2832 1261 2856 ,
1285 2797 1410 2855 quod
1429 2810 1521 2842 non
1547 2802 1618 2842 est
1641 2797 1699 2842 de
1721 2796 1998 2841 necessitate
2014 2809 2094 2841 sa·

210 2860 344 2915 lutis,
371 2861 576 2917 alioquin
596 2872 760 2905 omnes
780 2861 858 2919 qui
883 2873 979 2905 non
1003 2860 1238 2917 accipiunt
1260 2860 1496 2915 ordinem,
1518 2863 1564 2904 et
1585 2858 1665 2916 qui
1696 2870 1791 2903 non
1813 2858 2092 2905 contrahunt

209 2923 574 2979 matrimonium,
594 2927 945 2968 contemnerent
963 2922 1230 2980 hujusmodi
1252 2925 1564 2968 sacramenta.

250 3070 294 3109 xl)
319 3068 353 3103 Si
372 3068 446 3110 quis
471 3066 594 3100 dixerit
619 3065 822 3107 baptismum
850 3066 997 3102 liberum
1024 3078 1105 3107 esse,
1191 3077 1271 3107 esse,
1292 3069 1368 3104 iure
1388 3063 1517 3103 divino.
1531 3062 1709 3099 anathema
1727 3062 1771 3099 sit
1786 3061 1919 3106 (concil.
1934 3061 2090 3098 Trident.

235 3127 274 3153 oc
290 3120 351 3156 est,
366 3127 432 3149 non
450 3114 672 3149 necessarium
687 3112 729 3146 ad
749 3112 892 3148 salutem
905 3129 915 3160 ς
930 3113 1107 3148 anathema
1191 3125 1270 3148 sess.
1286 3120 1359 3152 xlv,
1375 3123 1450 3147 can.
1465 3112 1511 3152 6).

210 3169 256 3200 sit
274 3166 377 3205 (conc.
392 3162 549 3197 Trident.
567 3172 646 3194 sess.
663 3168 728 3201 vn,
745 3171 819 3195 can.
840 3161 886 3202 5).
1232 3161 1274 3202 (5)
1293 3159 1329 3194 Si
1345 3159 1420 3200 quis
1431 3158 1554 3192 dixerit
1564 3158 1727 3200 parvulis,
1739 3161 1917 3198 antequam
1933 3156 1975 3191 ad
1987 3167 2092 3191 anno·

251 3212 294 3253 (2)
314 3211 350 3245 Si
370 3210 445 3252 quis
469 3208 640 3248 negaverit
656 3208 895 3243 contessionem
917 3219 1105 3243 sacramen·
1190 3208 1402 3242 discretionis
1419 3208 1658 3248 pervenerint,
1683 3209 1901 3241 necessariam
1927 3216 1996 3239 esse
2023 3205 2090 3239 Eu-

213 3259 312 3295 talem
323 3258 377 3295 vel
391 3257 592 3298 institutam,
610 3256 661 3292 vel
678 3255 719 3290 ad
732 3255 874 3291 salutem
886 3257 1102 3292 necessariam
1189 3255 1355 3338 rclliagistiaa
1378 3254 1673 3338 οοιιιιιιιιιιίοιὶειιις
1693 3254 1871 3290 anathema
1891 3252 1937 3288 sit
1957 3251 2088 3294 (concil.

1220 3305 1248 3338 ri
1277 3329 1284 3338 .
1301 3315 1378 3338 sess.
1395 3311 1467 3345 xxl,
1486 3314 1561 3338 can,
1601 3308 1623 3343 ).
