2170 3808
101 11 129 23 ἠ’
211 29 217 35 -
343 30 348 38 ,

134 49 148 58 .,
178 37 228 74 Am
251 43 289 55 sr-

774 193 955 246 QUEST.
986 195 1070 249 LV,
1099 195 1216 237 ART.
1246 194 1316 238 111.
1897 194 1992 243 465,

108 277 280 325 eisdem
300 275 671 334 regredientibus
690 273 718 318 e
740 281 1042 320 monumento
1064 274 1111 319 in
1130 274 1321 329 itinere3
1346 273 1478 318 tertie
1496 275 1656 329 Petro,
1679 272 1843 329 quarte
1872 273 1981 317 duo-

106 340 196 386 bus
218 338 454 395 discipulis
480 336 697 382 euntibus
715 335 763 379 in
786 337 1053 393 castellum3
1088 335 1252 392 quinte
1284 335 1496 391 pluribus
1529 335 1578 380 in
1610 334 1877 390 Jerusalem,
1900 334 1979 379 ubi

107 414 199 448 non
219 406 318 446 erat
332 401 539 445 Thomas.
559 401 676 454 Ergo
695 398 833 442 etiam
851 398 1033 443 videtur
1047 397 1172 454 qued
1185 402 1232 442 et
1250 397 1352 442 aliis
1369 397 1536 442 diebus·
1553 409 1611 441 an
1619 401 1660 442 te
1671 409 1804 442 suam
1814 408 1979 442 ascen-

107 463 284 508 sionem
306 462 364 506 ad
381 461 536 506 minus
554 459 726 517 pluries
749 460 957 505 debuerit
976 471 1214 516 apparere.

159 527 204 569 4.
219 526 453 578 Praeterea,
469 522 687 566 Dominus
705 526 812 566 ante
828 522 1091 578 passionem
1113 520 1180 565 eis
1203 519 1382 565 dixerat
1402 520 1568 573 (Matth.
1590 533 1703 575 xxvi,
1722 522 1792 574 32)
1817 532 1829 562 :
1849 524 1977 564 Post-

106 586 240 642 quam
263 597 566 639 resurrexem,
588 584 844 639 praecedam
873 595 948 626 vos
973 586 1020 624 in
1039 581 1302 633 Galilaeam,·
1322 580 1446 637 quod
1469 581 1606 624 etiam
1629 581 1821 636 angelus
1843 589 1890 625 et
1909 582 1977 638 ip-

105 652 252 692 semet
270 647 489 692 Dominus
511 650 616 701 post
638 645 1022 688 resurrectionem
1050 642 1325 688 mulieribus
1344 641 1485 698 dixit3
1509 647 1556 685 et
1589 645 1743 686 tamen
1771 648 1908 687 antea
1927 644 1976 688 in

105 707 355 752 Jerusalem
378 707 436 752 ab
454 706 523 751 eis
536 706 668 751 visus
686 711 773 761 est,
787 710 833 751 et
850 706 951 762 ipso
967 705 1040 750 die
1055 703 1426 758 resurrectionis,
1442 709 1495 748 ut
1511 703 1687 749 dictum
1705 707 1776 747 est
1797 704 1860 759 (in
1875 716 1978 761 arg..

104 771 277 828 praec.),
301 774 347 815 et
368 769 505 814 etiam
531 769 604 814 die
634 772 814 824 octavo,
837 773 891 812 ut
911 767 1080 823 legitur
1101 769 1244 822 (Joan.
1272 768 1357 821 xx).
1389 768 1486 810 Non
1514 777 1624 821 ergo
1645 765 1828 809 videtur
1853 766 1977 822 qued

106 831 396 875 convenienti
415 830 554 875 modo
573 837 677 887 post
694 829 1080 874 resurrectionem
1104 841 1211 873 cum
1231 827 1469 883 discipulis
1490 827 1627 872 fuerit
1645 832 1960 871 conversatus.

162 892 249 938 sed
273 897 431 936 contra
453 898 524 937 est
557 892 682 949 quod
705 894 849 945 (Joan.
874 905 942 945 xx,
973 894 1042 945 29)
1061 890 1229 936 dicitur
1250 890 1375 946 qued
1385 894 1491 946 post
1517 891 1613 934 dies
1643 892 1738 932 octo
1766 889 1975 932 Christus

98 954 342 1011 'discipulis
359 957 593 1011 apparuit.
614 955 713 998 Non
731 965 841 1010 ergo
860 952 1078 997 continue
1097 951 1460 997 conversabatur
1472 962 1579 996 cum
1591 950 1673 995 eiS.

152 1029 436 1071 CONCLUSIO.
458 1050 507 1058 -
530 1029 619 1068 Non
648 1029 790 1069 debuit
823 1027 1022 1076 Christus,
1044 1029 1263 1079 postquam
1298 1026 1473 1066 surrexit
1504 1027 1528 1066 a
1558 1026 1748 1073 mortuis,
1775 1024 1850 1065 diu
1879 1037 1975 1067 eum

105 1083 319 1136 discipulis
335 1084 419 1124 suis
439 1085 681 1132 conversari,
700 1095 750 1122 ne
768 1082 820 1123 ad
847 1085 977 1122 vitam
999 1082 1163 1122 rediisse
1185 1081 1400 1121 mortalem
1423 1084 1654 1132 putaretur,
1672 1080 1741 1120 sed
1765 1080 1975 1131 aliquanto

107 1141 298 1189 tempore,
317 1144 363 1178 ut
380 1150 422 1179 se
438 1139 530 1178 vere
547 1139 808 1178 resurrexisse
828 1136 1065 1177 ostenderet.

161 1201 426 1258 Respondeo
446 1200 693 1245 dicendum
712 1198 835 1255 qued
851 1198 970 1243 circa
987 1197 1372 1242 resurrectionem
1396 1197 1558 1242 Christi
1573 1197 1666 1241 duo
1687 1202 1818 1242 erant
1834 1197 1976 1242 disci-

105 1260 228 1317 pulis
246 1262 535 1317 declaranda,
560 1262 734 1305 scilicet
752 1261 850 1316 ipsa
874 1260 1045 1303 veritas
1063 1258 1416 1303 resurrectionis
1440 1263 1487 1303 et
1508 1258 1652 1315 gloria
1672 1259 1972 1314 resurgentis.

103 1323 171 1367 Ad
187 1324 424 1369 veritatem
441 1330 592 1367 autem
609 1321 959 1367 resurrectionis
982 1321 1366 1366 manifestandam
1385 1321 1555 1365 sufficit
1571 1321 1693 1378 qued
1716 1322 1888 1377 pluries
1906 1322 1974 1366 eis

105 1384 327 1440 apparuit,
355 1388 402 1429 et
424 1395 532 1429 cum
550 1383 617 1427 eis
645 1382 931 1428 familiariter
947 1387 1017 1426 est
1034 1382 1234 1438 locutuS,
1262 1388 1308 1426 et
1336 1382 1534 1426 comedit
1552 1388 1597 1426 et
1619 1382 1747 1437 bibit,
1770 1387 1816 1426 et
1837 1393 1889 1426 se
1907 1381 1976 1427 eis

103 1446 386 1502 palpandum
407 1445 617 1503 praebuit.
637 1445 702 1490 Ad
726 1444 918 1502 gloriam
939 1449 1092 1489 autem
1119 1444 1406 1500 resurgentis
1424 1444 1809 1488 manifestandam
1829 1444 1977 1488 noluit

104 1510 322 1553 continue
338 1508 601 1553 conversari
614 1520 719 1552 cum
729 1508 812 1563 eiS,
827 1508 949 1551 sicut
966 1507 1095 1562 prius
1111 1507 1298 1563 fecerat,
1310 1519 1368 1551 ne
1377 1506 1610 1550 videretur
1621 1506 1825 1550 adtalem
1833 1506 1974 1551 vitam

104 1571 430 1626 resurrexisse,
447 1570 634 1626 qualem
656 1569 783 1625 prius
801 1568 1040 1612 habuerat.
1062 1569 1190 1613 Unde
1206 1572 1328 1621 (Luc.
1349 1568 1433 1612 ult.
1451 1571 1522 1624 44)
1548 1580 1559 1610 :
1582 1572 1688 1612 Haec
1713 1572 1818 1611 sunt
1839 1569 1975 1611 verba

106 1644 201 1686 qzcae
217 1632 386 1675 locutus
403 1645 500 1674 sum
520 1632 583 1674 ad
599 1644 690 1686 vos,
714 1631 811 1673 ciem
828 1630 981 1673 adhuc
995 1643 1132 1673 essem
1148 1632 1383 1674 vobiscum.
1400 1632 1526 1674 Tunc
1544 1630 1732 1686 quidem
1753 1634 1852 1675 erat
1867 1643 1974 1675 cum

106 1693 172 1736 eis
193 1694 436 1749 praesentia
457 1691 699 1749 corporali,
725 1692 807 1737 sed
829 1696 935 1736 ante
950 1704 1057 1736 cum
1072 1692 1139 1736 eis
1160 1693 1310 1737 fuerat
1329 1704 1422 1736 non
1445 1692 1595 1736 solum
1618 1692 1839 1748 corporali
1858 1705 1975 1749 prae-

106 1755 270 1812 sentia,
280 1755 362 1800 sed
376 1755 512 1799 etiam
535 1766 616 1811 per
630 1753 978 1798 similitudinem
993 1754 1298 1798 mortalitatis.
1322 1754 1448 1799 Unde
1466 1754 1587 1799 Beda
1599 1753 1818 1811 praedicta
1834 1754 1975 1800 verba

105 1827 344 1873 exponens
374 1819 493 1873 (cap.
514 1819 567 1861 97
583 1815 631 1860 in
650 1809 794 1871 Luc.),
815 1815 952 1860 dicit:
977 1817 1090 1859 Ciam
1112 1816 1262 1860 adhuc
1280 1829 1416 1860 essem
1434 1817 1671 1872 vobiscum,
1697 1816 1744 1862 id
1763 1820 1848 1872 est,
1865 1816 1974 1861 cum

105 1878 257 1924 adhuc
271 1891 423 1924 essem
446 1879 494 1923 in
518 1891 657 1924 carne
674 1877 869 1934 mortali,
890 1877 938 1921 in
957 1889 1047 1934 qua
1063 1878 1175 1922 estis
1200 1883 1245 1922 et
1269 1891 1366 1923 vos.
1393 1881 1518 1922 Tunc
1539 1879 1726 1935 quidem
1745 1879 1794 1923 in
1812 1879 1975 1925 eadem

105 1951 244 1985 carne
259 1941 559 1985 resuscitatus
578 1943 692 1995 erat,
710 1940 791 1984 sed
809 1951 916 1984 cum
937 1939 1028 1984 illis
1049 1939 1097 1983 in
1120 1940 1281 1984 eadem
1306 1941 1578 1985 mortalitate
1593 1953 1685 1984 non
1700 1944 1813 1985 erat.
1840 1959 1860 1980 υ

158 2002 225 2047 Ad
243 2007 440 2059 primum
456 2014 566 2059 ergo
587 2001 849 2056 dicendum,
886 2001 1010 2058 qued
1043 2001 1260 2058 frequens
1279 2002 1442 2046 Christi
1475 2001 1695 2059 apparitio
1716 2001 1975 2049 sufficiebat

109 2063 167 2108 ad
188 2062 538 2109 certificandum
558 2062 808 2119 discipulos
828 2063 887 2107 de
903 2062 1098 2107 veritate
1118 2063 1485 2108 resurrectionis.
1508 2063 1800 2108 conversatio
1817 2068 1975 2109 autem

105 2125 322 2170 continua
337 2138 417 2170 eos
432 2125 657 2182 potuisset
675 2125 845 2169 ducere
865 2123 913 2168 in
933 2136 1152 2180 errorem,
1172 2129 1225 2169 ut
1239 2125 1298 2169 ad
1319 2125 1515 2170 similem
1533 2126 1674 2170 vitam
1696 2137 1802 2169 eum
1822 2137 1975 2170 resur-

105 2187 278 2232 rexisse
292 2188 547 2243 crederent,
567 2199 707 2244 quam
728 2186 856 2242 prius
871 2185 1109 2230 habuerat.
1131 2187 1499 2232 consolationem
1511 2191 1665 2231 autern
1680 2186 1738 2231 de
1755 2187 1975 2232 continua

106 2250 179 2292 sui
209 2250 450 2304 praesentia
471 2249 539 2293 eis
568 2249 615 2291 in
646 2248 734 2292 alia
762 2248 856 2292 vita
878 2248 1154 2303 repromisit,
1175 2250 1432 2294 secundum
1457 2249 1571 2293 illud
1587 2251 1733 2302 (Joan.
1763 2262 1849 2303 xvi,
1872 2252 1971 2305 22st

105 2311 274 2354 [terem
290 2311 445 2362 atdebo
463 2323 554 2366 vos,
574 2313 617 2353 et
639 2310 851 2366 pandebit
865 2322 944 2353 cor
963 2314 1173 2367 vestrum,
1189 2315 1234 2354 et
1251 2312 1471 2367 qaudium
1491 2313 1685 2354 vestrum
1703 2323 1830 2353 nemo
1843 2312 1975 2356 tollet

106 2373 137 2415 ὰ
158 2373 295 2416 vobis.

158 2433 224 2479 Ad
255 2435 499 2478 secundum
518 2433 783 2490 dicendum,
814 2433 940 2489 qued
958 2433 1161 2479 Christus
1179 2446 1274 2478 non
1294 2433 1398 2478 idee
1422 2446 1515 2478 non
1537 2434 1756 2479 continue
1776 2447 1974 2481 conver-

106 2494 295 2540 sabatur
317 2508 425 2540 cum
448 2495 701 2552 discipulis,
724 2494 832 2551 quia
866 2499 1103 2551 reputaret
1135 2508 1186 2540 se
1216 2495 1324 2540 alibi
1357 2496 1709 2541 convenientiiJs
1741 2509 1869 2554 esse,
1890 2499 1974 2544 scd

106 2556 214 2614 quia
238 2556 476 2613 discipulis
496 2556 777 2602 instruendis
791 2557 1144 2602 convenientius
1161 2558 1415 2614 judicabat,
1440 2558 1476 2601 si
1497 2571 1591 2601 non
1620 2557 1839 2602 continue
1864 2572 1973 2604 con-

106 2623 366 2664 versaretur
380 2631 486 2663 eum
507 2619 590 2675 eis,
607 2619 784 2663 ratione
807 2619 1027 2675 praedicta
1049 2619 1112 2673 (in
1135 2622 1297 2676 corp).
1326 2621 1615 2675 Incognitum
1635 2624 1788 2663 autem
1818 2625 1890 2664 est
1916 2621 1974 2675 (1)

109 2680 275 2735 quibus
294 2681 341 2724 in
364 2681 477 2725 locis
498 2680 770 2725 intermedio
802 2686 1009 2736 tempore
1033 2681 1329 2737 corporaliter
1348 2686 1488 2737 esset,
1508 2685 1614 2725 cum
1632 2681 1720 2725 hoc
1742 2681 1973 2737 Scriptura

107 2752 200 2785 non
224 2742 388 2798 tradat,
410 2746 454 2786 et
470 2743 517 2785 in
531 2742 659 2786 omni
676 2742 777 2786 loco
798 2741 857 2786 sit
872 2742 1124 2786 dominatio
1145 2742 1262 2799 ejus.

159 2803 222 2848 Ad
245 2808 425 2847 tertium
453 2804 717 2860 dicendum,
736 2804 861 2861 qued
882 2804 984 2854 idee
1012 2805 1161 2861 prima
1188 2805 1262 2850 die
1290 2805 1579 2862 frequentius
1602 2804 1830 2862 apparuit,
1862 2807 1972 2864 quia

106 2877 187 2922 per
203 2866 335 2921 plura
354 2865 520 2910 indicia
537 2871 667 2910 erant
682 2866 978 2922 admonendi,
1003 2867 1099 2911 uta
1121 2868 1345 2924 principio
1367 2867 1503 2912 fidem
1530 2868 1877 2913 resurrectionis
1894 2881 1971 2914 re—

106 2927 330 2984 ciperent3
351 2928 596 2983 postquam
626 2934 778 2973 autem
805 2928 901 2985 jam
931 2941 1033 2973 eam
1059 2934 1345 2990 receperant,
1377 2942 1470 2973 non
1502 2929 1742 2986 oportebat
1769 2943 1849 2975 eos
1871 2931 1970 2987 Jam

105 2989 375 3033 certificatos
393 2994 483 3033 tam
496 2989 816 3046 frequentibus
828 2991 1190 3047 apparitionibus
1206 2991 1386 3036 instrui.
1403 2991 1531 3036 Unde
1548 2991 1596 3034 in
1611 2993 1861 3048 Evangelio
1877 3005 1969 3037 non

105 3050 272 3107 legitur
290 3051 412 3107 qued
435 3056 539 3108 post
556 3051 756 3108 primum
779 3051 900 3095 diem
919 3051 986 3096 eis
1008 3055 1285 3109 apparuerit,
1309 3054 1396 3097 nisi
1418 3052 1663 3110 quinquies
1679 3049 1752 3109 (Ξ).
1773 3057 1826 3099 Ut
1845 3055 1971 3100 enim

146 3190 189 3231 (l)
205 3188 510 3229 Nonimprobabile
526 3192 588 3231 est,
604 3189 652 3223 ait
667 3187 810 3229 Sylvius,
826 3187 996 3221 interdum
1122 3191 1163 3231 (2)
1182 3191 1298 3225 Prima
1307 3191 1469 3233 apparitio
1481 3191 1567 3227 sacta
1585 3193 1758 3227 estMariae
1768 3193 1970 3234 Magdalenae

104 3237 205 3271 fuisse
232 3236 320 3276 apud
346 3238 383 3271 B·
403 3236 590 3278 Virginem,
611 3240 650 3271 ut
680 3236 784 3270 tradit
802 3234 996 3274 Ludolpllus
1080 3239 1195 3280 (Marc.
1218 3240 1280 3274 uit.
1299 3246 1333 3274 et
1349 3241 1446 3274 Ioan.
1467 3246 1534 3276 xx).
1554 3241 1705 3275 Secunda
1730 3242 1928 3276 mulieribus
1950 3244 1968 3276 ὲ

106 3286 258 3326 Chai-tus,
279 3297 310 3323 p.
327 3284 359 3324 2,
379 3296 406 3318 c.
428 3285 481 3323 81,
507 3285 588 3319 alias
610 3284 700 3325 apud
723 3288 852 3318 sanctos
881 3282 996 3334 Patres
1078 3287 1230 3326 sepulcro
1259 3288 1526 3327 regredientibus
1552 3290 1687 3327 (Malth.
1710 3298 1838 3324 xxviii).
1856 3291 1970 3324 Tertia

104 3345 186 3373 quos
212 3333 245 3365 in
273 3332 325 3366 die
352 3332 471 3366 mortis
488 3343 554 3366 suae
570 3332 764 3367 visitaverat
792 3337 825 3364 ct
849 3329 993 3363 beantu-
1078 3335 1190 3368 Petro.
1211 3336 1340 3377 Quarta
1366 3335 1537 3374 discipulis
1560 3336 1596 3370 in
1620 3338 1775 3371 Emmaus
1798 3337 1967 3372 euntibus.

106 3380 183 3413 diue
204 3380 394 3421 d‘Jssffl'ffl'sst,
421 3380 602 3413 secundnm
621 3391 658 3414 ea
675 3392 747 3420 quae
767 3381 801 3412 S.
821 3379 989 3412 Bonaven-
1076 3382 1200 3423 Quinta
1219 3383 1292 3417 cnm
1306 3383 1416 3423 januis
1433 3383 1552 3419 clausis
1566 3384 1706 3421 intravit
1721 3385 1759 3419 ad
1778 3384 1967 3426 discipulos.

106 3432 181 3461 tura
195 3427 311 3462 scribit
326 3428 359 3461 in
379 3428 446 3462 vita
459 3428 581 3463 Christi
596 3428 636 3471 (c.
654 3429 710 3469 79,
724 3433 758 3463 et
770 3428 804 3461 81
815 3454 823 3470 ,
837 3427 906 3467 92).
