2170 3808
851 209 1047 261 QUAEST.
1078 208 1214 264 XLVI,
1246 208 1363 251 ART.
1394 208 1462 252 IX.
2018 211 2099 253 393

216 295 315 336 tum
339 301 520 335 coenam
543 289 726 344 fecisse,
741 291 788 333 et
805 290 968 345 quinta
988 288 1167 333 decima
1189 300 1296 332 eum
1320 300 1423 333 esse
1443 301 1649 344 passum.
1664 291 1718 333 Et
1730 290 1818 334 hoc
1834 290 2099 345 expressius

216 351 540 397 manifestatur
562 362 646 406 per
681 349 729 394 id
762 351 889 406 quod
910 350 1078 394 dicitur
1100 351 1247 404 (Marc.
1283 363 1372 406 xiv,
1396 353 1465 397 12)
1487 365 1498 393 :
1520 354 1674 394 Primo
1709 351 1783 393 die
1815 364 2096 408 azymorum,

216 414 398 469 quando
420 411 597 455 Pascha
620 411 932 467 immolabant,
955 419 1064 465 etc„
1086 415 1134 454 et
1161 412 1283 463 (Luc.
1304 424 1406 465 xxu,
1428 414 1471 465 7)
1493 426 1504 455 :
1529 415 1659 455 Venit
1692 413 1787 455 dies
1817 426 2094 470 azymorum,

215 478 262 518 in
280 488 365 532 quo
385 487 556 517 necesse
575 476 676 516 erat
696 474 840 516 occidi
858 473 1053 516 Pascha.
1077 495 1134 504 —
1154 473 1208 515 Et
1232 470 1336 515 ideo
1357 472 1546 527 quidam
1568 474 1731 518 dicunt
1749 474 1872 530 quod
1891 474 2096 519 Christus

217 536 290 581 die
322 534 631 591 convenienti,
667 535 715 579 id
748 540 836 591 est,
862 536 1029 591 quarta
1059 532 1240 579 decima
1262 533 1390 587 luna,
1416 535 1589 578 Pascha
1609 548 1717 580 cum
1738 537 1976 593 discipulis
1997 536 2097 580 suis

217 597 528 651 manducavit3
554 615 574 634 «
592 597 919 641 demonstrans
935 595 1060 653 quod
1079 607 1230 652 usque
1247 595 1307 640 ad
1326 595 1540 639 ultimum
1555 596 1677 641 diem
1692 610 1784 642 non
1802 604 1901 643 erat
1914 603 2095 643 contra·

217 658 315 703 rius
335 659 444 715 legi,
471 677 490 698 »
515 662 567 702 ut
597 658 954 715 Chrysostomus
975 657 1084 702 dicit
1108 658 1268 712 (super
1306 657 1456 700 Matth.
1484 658 1609 701 hom.
1644 671 1813 714 Lxxx111.,
1838 659 1864 702 a
1898 660 2093 716 princ.);

217 721 298 766 sed
316 721 457 766 Judaei
481 721 692 776 occupati
708 721 830 766 circa
851 720 1224 776 procurationem
1248 718 1412 763 mortis
1431 719 1609 773 Christi,
1639 726 1800 764 contra
1822 721 1989 776 legem,
2014 733 2095 765 ce-
2120 746 2131 749 „

217 782 513 828 lebrationem
532 784 717 826 Paschae
733 781 781 826 in
801 782 1054 827 crastinum
1074 780 1370 825 distulerunt.
1392 782 1444 823 Et
1457 786 1643 837 propter
1656 781 1743 825 hoc
1762 782 1820 825 de
1838 782 1910 825 his
1927 783 2094 827 dicitur

216 845 339 901 quod
361 845 407 888 in
429 844 502 889 die
527 843 753 901 passionis
777 843 940 888 Christi
962 843 1216 887 noluerunt
1234 841 1408 886 intrare
1430 843 1713 901 praetorium,
1737 861 1756 880 «
1778 848 1829 886 ut
1854 856 1944 886 non
1979 857 2092 889 con-

217 906 566 962 taminarentur,
578 907 659 950 sed
679 911 732 950 ut
746 906 1083 951 manducarent
1104 904 1293 949 Pascha.
1311 922 1332 943 »
1354 929 1412 936 --
1430 905 1517 948 Sed
1537 917 1623 949 nec
1647 905 1769 949 istud
1789 905 1971 949 videtur
1987 918 2092 950 esse

188 1011 193 1020 ,
216 979 470 1011 consonum
487 967 642 1011 verbis
660 968 792 1011 Marci
814 967 1009 1014 dicentis
1029 981 1040 1008 ε
1060 970 1214 1010 Primo
1232 967 1306 1009 die
1321 979 1597 1022 azymorum,
1610 968 1790 1022 quando
1806 967 1985 1009 Pascha
2002 971 2092 1010 im-

215 1029 463 1072 molabant.
498 1029 642 1073 Simul
677 1040 789 1084 ergo
811 1028 1019 1072 Christus
1039 1033 1086 1072 et
1106 1027 1252 1071 Judaei
1285 1032 1418 1071 vetus
1449 1028 1623 1071 Pascha
1651 1028 1999 1072 celebraverunt
2014 1030 2089 1084 (4).

214 1092 283 1145 Et,
306 1090 556 1135 sicutBeda
578 1089 686 1134 dicit
707 1092 864 1145 (super
881 1088 1014 1132 Marci
1037 1100 1140 1145 cap.
1163 1090 1253 1143 43),
1278 1087 1535 1132 secundum
1567 1088 1669 1144 eJus
1687 1089 1913 1143 ordinem⁷
1937 1106 1956 1126 «
1983 1088 2091 1134 licet

215 1151 435 1208 Christus,
456 1152 536 1208 qui
568 1155 640 1196 est
662 1152 834 1195 Pascha
856 1154 1066 1194 nostrum
1082 1181 1095 1206 ‚
1118 1149 1180 1193 sit
1199 1148 1450 1193 crucifixus
1482 1150 1693 1205 sequenti
1720 1150 1810 1205 die,
1838 1169 1857 1189 »
1888 1149 1975 1194 hoc
1998 1156 2084 1207 est,

215 1214 378 1270 quinta
399 1213 575 1258 decima
596 1211 707 1257 luna
724 1227 738 1256 ε
760 1218 917 1256 tamen
940 1216 1094 1265 nocte,
1110 1213 1203 1267 qua
1223 1222 1375 1266 agnus
1395 1211 1736 1267 immolabatur,
1757 1212 1961 1266 corporis
1981 1224 2090 1256 san-

214 1275 462 1332 guinisque
495 1275 567 1319 sui
591 1273 832 1330 discipulis
853 1273 1043 1318 tradens
1061 1273 1283 1330 mysteria
1305 1272 1596 1327 celebranda,
1619 1278 1665 1317 et
1699 1272 1726 1316 a
1742 1273 1910 1317 ludaeis
1932 1277 2088 1318 tentus

213 1348 269 1380 ac
286 1336 472 1394 ligatus„
495 1335 641 1392 ipsius
658 1334 1005 1392 immolationis,
1018 1335 1107 1379 hoc
1117 1339 1188 1379 est
1212 1334 1441 1391 passionis
1457 1347 1572 1390 suae,
1592 1335 2084 1379 sacravitexordium.»

213 1398 322 1443 Cum
342 1404 498 1442 autem
521 1398 690 1442 dicitur
709 1399 853 1451 (Joan.
874 1399 1001 1451 x111):
1023 1400 1144 1440 Ante
1166 1397 1287 1440 diem
1307 1399 1469 1451 sestam
1490 1398 1691 1451 Pascltae
1712 1397 1984 1452 intelligitur
2000 1398 2088 1443 hoc

211 1458 356 1503 fuisse
377 1462 542 1516 quarta
560 1458 738 1503 decima
756 1459 884 1511 luna,
902 1458 1026 1514 quod
1047 1463 1161 1502 tunc
1178 1458 1336 1503 evenit
1354 1458 1518 1514 quinta
1535 1458 1676 1503 feria:
1698 1471 1822 1504 nam
1839 1459 1950 1502 luna
1972 1459 2088 1503 exis·

213 1525 337 1565 tente
360 1521 522 1577 quinta
542 1521 737 1577 decima
753 1526 852 1565 erat
870 1521 970 1565 dies
988 1520 1360 1564 solemnissimus
1382 1522 1564 1564 Paschae
1581 1521 1705 1577 apud
1723 1509 1932 1565 Judaeos.
1952 1526 1999 1565 et
2019 1522 2087 1565 sic

214 1582 426 1627 eumdem
447 1583 585 1639 diem,
607 1593 747 1638 quem
780 1585 980 1627 Joannes
1003 1582 1212 1627 nominat
1237 1586 1341 1625 ante
1364 1584 1484 1625 diem
1504 1584 1667 1635 festum
1681 1583 1879 1637 Pas-clm,
1900 1587 2088 1639 propter

214 1644 555 1689 distinctionem
580 1644 836 1690 naturalem
854 1645 1052 1698 dierum,
1072 1644 1310 1689 Matthaeus
1329 1645 1538 1688 nominat
1550 1645 1746 1700 primum
1763 1645 1883 1689 diem
1902 1657 2087 1702 azymo-

214 1718 344 1763 rum,
365 1707 473 1763 quia
510 1706 768 1751 secundum
806 1707 946 1752 ritum
979 1706 1181 1752 Judaicae
1211 1706 1469 1751 festivitatis
1499 1706 1768 1751 solemnitas
1789 1706 2039 1762 incipiebat
2058 1708 2088 1752 a

214 1780 407 1824 vespera
425 1769 726 1826 praecedentis
739 1767 846 1813 diei.
868 1770 997 1822 Quod
1015 1773 1172 1813 autem
1192 1769 1373 1825 dicitur,
1387 1780 1468 1812 eos
1485 1773 1773 1813 comesturos
1790 1781 1894 1812 esse
1914 1771 2087 1814 Pascha

215 1828 263 1874 in
296 1830 456 1886 quinta
489 1830 668 1875 decima
700 1830 830 1883 luna,
860 1831 1215 1887 intelligendum
1250 1835 1321 1875 est
1349 1830 1475 1887 quod
1507 1830 1570 1874 ihi
1596 1831 1768 1874 Pascha
1801 1843 1894 1874 non
1918 1831 2087 1876 dicitur

215 1902 364 1947 agnus
389 1892 633 1949 paschalis,
655 1892 735 1948 qui
755 1892 1018 1937 immolatus
1046 1893 1198 1937 fuerat
1230 1891 1409 1936 decima
1445 1894 1611 1949 quarta
1633 1893 1774 1947 luna3
1798 1892 1881 1937 sed
1918 1893 2086 1938 dicitur

214 1954 346 1999 cibus
378 1954 625 2010 paschalis,
654 1953 700 1998 id
723 1958 810 2009 est,
845 1954 995 2011 azymi
1028 1966 1192 2011 panes,
1218 1965 1337 2010 quos
1371 1954 1611 2010 oportebat
1635 1953 1810 1998 comedi
1834 1953 1862 1997 a
1880 1954 2082 2000 mundis.

214 2015 342 2059 Unde
376 2016 732 2073 Chrysostomus
766 2015 972 2071 (ibidem,
1006 2014 1035 2059 a
1068 2015 1211 2070 med.)
1239 2015 1378 2059 aliam
1415 2015 1748 2072 expositionem
1780 2015 1928 2072 ponit,
1960 2017 2085 2072 quod

210 2077 383 2181 gascha
414 2082 565 2133 potest
596 2076 742 2132 accipi
759 2089 842 2133 pro
871 2081 968 2122 toto
998 2076 1116 2122 festo
1136 2077 1416 2129 Judaeorum,
1437 2077 1561 2133 quod
1590 2082 1766 2133 septem
1786 2077 1950 2121 diebus
1972 2090 2086 2134 age-

244 2142 361 2182 atur.

266 2201 332 2245 Ad
351 2201 593 2244 secundum
621 2201 884 2257 dicendum,
925 2200 1065 2258 quod,
1104 2200 1224 2245 sicut
1264 2200 1550 2255 Augustinus
1586 2200 1696 2245 dicit
1716 2204 1793 2253 (De
1835 2213 1964 2245 cons.
2001 2205 2081 2247 Ev.

212 2262 291 2306 lib.
313 2277 375 2319 ιιι,
395 2275 496 2318 cap.
521 2266 607 2318 13),
630 2282 650 2301 «
666 2264 780 2308 hora
798 2267 900 2308 erat
916 2263 1049 2320 quasi
1067 2268 1198 2307 sexta
1216 2263 1291 2317 (2),
1311 2266 1418 2306 cum
1438 2262 1632 2306 traditus
1650 2267 1721 2307 est
1739 2263 1958 2307 Dominus
1975 2276 2082 2308 cru-

211 2324 468 2380 cifigendus
488 2323 516 2367 a
537 2325 694 2380 Pilato,
716 2329 770 2370 ut
792 2327 922 2368 Joan.
942 2325 1083 2379 dicit3
1107 2343 1127 2362 «
1146 2336 1239 2367 non
1259 2324 1384 2368 enim
1400 2328 1499 2368 erat
1517 2324 1652 2380 plene
1675 2331 1821 2381 sexta,
1845 2325 1927 2370 sed
1950 2327 2082 2382 quasi

210 2391 358 2442 sexta,
374 2386 420 2430 id
449 2390 534 2439 est,
560 2391 744 2442 peracta
763 2386 943 2443 quinta,
966 2392 1013 2430 et
1031 2386 1205 2441 aliquid
1229 2386 1368 2430 etiam
1389 2385 1447 2429 de
1470 2390 1598 2430 sexta
1619 2398 1725 2431 esse
1747 2392 1965 2443 coeperat,
1997 2390 2082 2433 do-

208 2458 297 2492 nec
316 2447 544 2503 completa
566 2450 711 2504 sexta,
731 2449 907 2493 Christo
939 2447 1173 2505 pendente
1208 2447 1255 2491 in
1281 2459 1435 2504 cruce,
1474 2448 1675 2492 tenebrae
1713 2448 1889 2493 fierent.
1912 2451 2081 2495 Intelli-

210 2509 334 2566 gitur
354 2515 508 2554 autem
531 2510 674 2555 fuisse
695 2511 808 2554 hora
837 2510 971 2555 tertia
1002 2513 1107 2554 cum
1131 2509 1445 2554 clamaverunt
1465 2511 1693 2565 Judaei,ut
1726 2511 1945 2555 Dominus
1973 2525 2082 2557 cru-

208 2571 500 2626 cifigeretur:
524 2575 571 2615 et
588 2572 828 2616 verissime
849 2572 1194 2616 demonstratur
1216 2576 1329 2615 tunc
1351 2583 1432 2614 eos
1455 2571 1755 2626 crucifixisse,
1779 2573 1966 2628 quando
1984 2575 2080 2618 cla-

209 2637 467 2677 maverunt.
489 2635 606 2688 Ergo
627 2646 685 2678 ne
700 2633 947 2690 quisquam
965 2633 1295 2689 cogitationem
1315 2632 1431 2676 tanti
1449 2633 1655 2677 criminis
1668 2634 1898 2678 aversusa
1911 2636 2081 2682 Judaeis

208 2693 257 2737 in
278 2694 448 2737 milites
465 2699 785 2739 converteret:
809 2698 946 2750 Erat,
967 2694 1139 2751 inquit,
1159 2695 1277 2737 hora
1301 2697 1453 2748 tertia,
1472 2698 1517 2736 et
1538 2695 1862 2748 crucifixerant
1889 2709 2004 2753 eum,
2027 2702 2083 2742 ut
2151 2727 2154 2730 -

211 2754 276 2798 illi
295 2767 401 2798 eum
423 2756 575 2810 potius
595 2756 906 2802 crucifixisse
895 2769 974 2800 mv
979 2756 1196 2800 eniantur
1224 2755 1303 2811 qui
1328 2756 1438 2798 hora
1460 2755 1613 2810 tertia,
1635 2760 1689 2799 ut'
1715 2757 2076 2816 crucifigeretur⁷

211 2814 540 2859 clamaverunt.
555 2818 826 2873 Quanquam
841 2830 933 2861 non
956 2817 1127 2862 desunt
1145 2816 1224 2873 qui
1247 2819 1546 2871 parasceven,
1571 2828 1710 2872 quam
1733 2819 1933 2862 loannes
1951 2832 2081 2865 com-

211 2881 435 2921 memorat
471 2877 662 2921 dicens:
688 2882 807 2922 Erat
837 2883 1085 2923 Parasceve
1122 2879 1238 2922 hora
1265 2881 1396 2934 quasi
1416 2882 1565 2932 sexta,
1590 2879 1749 2922 horam
1771 2878 1858 2923 diei
1899 2881 2080 2927 tertiam

211 2937 354 2982 velint
374 2937 581 2992 intelligi.
603 2942 852 2985 Parasceve
878 2942 1049 2998 quippe
1081 2941 1409 2997 interpretatur
1428 2940 1712 2996 praeparatio.
1738 2942 1902 2984 Verum
1924 2949 2080 2989 autem

209 3001 397 3055 Pascha,
421 3000 546 3055 quod
570 3000 617 3043 in
653 3003 867 3057 passione
887 3003 1067 3048 Domini
1085 3002 1362 3057 celebratur,
1382 3001 1574 3056 incoepit
1607 3002 1853 3058 praeparari
1873 3003 1932 3047 ab
1968 3005 2080 3050 hora

179 3107 182 3110 ,
222 3061 358 3105 ιοοῑίε
382 3073 521 3118 nona,
546 3062 731 3118 quando
750 3064 926 3110 scilicet
940 3077 1104 3109 omnes
1126 3064 1359 3122 principes
1380 3063 1671 3108 sacerdotum
1695 3064 1911 3109 dixerunt
1933 3080 1944 3107 :
1965 3072 2080 3110 Reus

251 3197 653 3239 (ucelebraruntl’ascha
664 3202 759 3240 juxta
771 3201 1003 3242 praescriptum
1014 3202 1098 3243 legis.
1182 3203 1284 3242 tiam,
1310 3203 1452 3236 sextam
1476 3204 1509 3235 et
1533 3211 1682 3237 nonam.
1709 3203 1797 3237 Hinc
1824 3204 1967 3238 loannes
1995 3202 2079 3237 dixit

215 3250 286 3280 ‘una
302 3245 429 3280 decima
445 3252 560 3288 quarta
573 3247 613 3280 ad
630 3259 819 3293 vesperam3
834 3249 950 3283 etideo
965 3253 1036 3284 orta
1048 3255 1097 3284 est
1182 3250 1353 3285 Christum
1369 3261 1437 3284 esse
1447 3255 1620 3285 mortuum
1632 3251 1670 3283 ad
1684 3256 1820 3290 sextam,
1837 3251 1963 3285 scilicet
1979 3251 2078 3292 paulo

220 3305 243 3327 n
273 3294 443 3335 prioribus
476 3295 628 3330 Ecclesiae
648 3295 776 3330 saeculis
807 3296 940 3331 haeresis
957 3302 1099 3339 quarto·
1183 3302 1258 3332 ante
1273 3297 1462 3339 meridiem,
1478 3304 1511 3332 et
1526 3299 1655 3333 Marcus
1670 3300 1780 3333 dicere
1796 3299 1994 3340 potuiteum
2004 3311 2078 3334 cru-

207 3341 481 3377 decumanorum.
1183 3345 1318 3380 cifixum
1334 3346 1434 3380 tertia
1456 3346 1550 3389 liora,
1571 3347 1607 3380 id
1628 3352 1679 3381 est
1704 3359 1807 3387 quum
1822 3351 1890 3385 jam
1910 3346 1970 3381 illa
1995 3347 2077 3382 hora

223 3434 230 3442 .
248 3389 291 3430 (2)
306 3390 322 3423 J
328 3391 409 3423 udaei
430 3390 623 3424 dividebant
644 3394 774 3426 noctem
797 3392 833 3427 in
850 3396 993 3434 quatuor
1015 3393 1098 3434 vigi·
1183 3395 1224 3430 ad
1238 3395 1362 3430 exitum
1378 3395 1533 3430 tenderet
1549 3399 1584 3431 et
1600 3396 1749 3438 proxime
1760 3396 1899 3430 instaret
1913 3400 2014 3431 sexta.

206 3434 268 3470 has
296 3440 330 3471 et
347 3437 435 3471 diem
468 3438 503 3472 in
527 3444 669 3479 quatuor
684 3440 782 3475 horas
796 3452 803 3476 ε
819 3442 984 3485 primam
1001 3468 1011 3483 ,
1030 3445 1099 3476 ter-
