2170 3808
171 229 254 272 604
836 222 1038 275 QUAEST.
1068 224 1209 275 cxix,
1241 222 1358 264 ART.
1389 220 1424 264 1.

170 307 330 352 omnia
351 310 558 363 peccata.
577 303 844 360 Baptismus
877 302 1002 346 enim
1035 306 1108 346 est
1133 300 1351 358 quaedam
1374 299 1629 356 spiritualis
1646 299 1955 357 regeneratio,
1975 312 2083 357 quae

172 368 525 425 contraponitur
548 364 840 421 generationi
867 363 1061 409 carnali.
1092 362 1180 407 Sed
1198 374 1283 419 per
1306 361 1656 417 generationem
1687 361 1922 406 carnalem
1941 361 2083 406 homo

172 429 405 476 contrahit
427 427 581 471 solum
599 425 825 482 originale
853 430 1113 482 peccatum.
1137 426 1258 479 Ergo
1276 435 1361 480 per
1392 422 1679 479 baptismum
1703 422 1901 468 solvitur
1928 421 2083 468 solum

171 490 396 548 originale
418 493 680 546 peccatum.

230 558 271 598 2.
301 555 539 608 Praeterea,
555 548 830 608 poenitentia
845 553 917 595 est
931 547 1173 594 sufficiens
1184 559 1328 592 causa
1342 546 1632 592 remissionis
1646 545 1899 591 actualium
1917 558 2083 602 pecca-

173 623 342 660 torum.
358 615 446 660 Sed
461 619 568 660 ante
579 613 865 670 baptismum
879 613 925 656 in
939 611 1112 656 adultis
1123 609 1376 667 requiritur
1387 609 1675 667 poenitentia,
1694 621 1803 654 secu
1810 609 1954 654 ndum
1967 610 2082 656 illud

171 677 288 732 (Act.
310 691 358 732 11,
388 679 489 731 38):
511 678 831 719 Paenitentiam
853 676 995 730 aque,
1030 676 1074 716 et
1096 673 1351 728 baptizetur
1393 674 1695 728 unusquisque
1724 675 1938 715 vestram.
1961 674 2087 730 Ergo

171 738 436 795 baptismus
461 739 574 783 nihil
597 741 817 795 operatur
839 737 964 780 circa
985 735 1314 779 remissionem
1336 733 1590 778 actualium
1609 739 1920 790 peccatorum.

227 803 271 845 3.
303 803 544 855 Praeterea,
563 799 857 843 diversorum
878 796 1149 841 morborum
1170 796 1368 840 diversae
1390 799 1503 839 sunt
1518 795 1777 851 medicinae,
1805 794 1932 851 quia,
1959 794 2082 841 sicut

171 861 484 920 Hieronymus
505 861 643 916 (alius
666 861 845 915 auctor)
868 859 979 904 dicit
1011 860 1133 914 (sup.
1155 857 1271 902 illud
1289 857 1423 900 Marci
1441 857 1499 912 1x)
1523 871 1535 900 ι
1558 860 1652 901 Hoc
1677 870 1814 914 qenus
1834 858 2083 901 daemonio-

171 937 292 978 rum,
311 937 441 968 «non
462 927 597 967 sanat
608 922 815 978 oculum,
830 921 956 978 quod
969 926 1106 964 sanat
1125 919 1416 964 calcaneum.
1429 936 1449 958 »
1473 918 1560 963 Sed
1574 923 1820 976 peccatum
1835 918 2080 978 originale,

171 986 298 1042 quod
336 999 418 1043 per
439 985 725 1041 baptismum
760 983 952 1038 tollitur,
978 987 1048 1026 est
1076 982 1204 1027 aliud
1240 993 1393 1038 genus
1428 981 1605 1037 peccati
1627 980 1656 1024 a
1674 985 1869 1038 peccato
1890 981 2079 1027 actuali.

171 1049 290 1104 Ergo
314 1061 408 1092 non
435 1047 593 1091 omnia
608 1051 799 1104 peccata
817 1046 1119 1090 remittuntur
1147 1057 1229 1102 per
1246 1043 1550 1100 baptismum.

228 1111 317 1155 Sed
337 1114 498 1154 eontra
511 1114 583 1154 est
594 1108 722 1166 quod
736 1108 906 1153 dicitur
919 1108 1093 1163 (Ezech.
1116 1121 1262 1163 xxxv1,
1286 1109 1354 1161 15)
1371 1119 1384 1150 :
1406 1107 1651 1161 Effundam
1672 1118 1808 1162 super
1822 1118 1901 1149 vos
1912 1119 2082 1162 aquam

172 1175 409 1227 mundam,
429 1178 471 1217 et.
493 1173 823 1216 mundabimini
845 1172 903 1215 ab
927 1171 1131 1214 omnibus
1161 1171 1516 1226 inquinamentis
1538 1171 1716 1212 vestris.

220 1241 512 1282 CONCLUSIO.
541 1263 587 1271 —-
610 1241 715 1281 Cum
734 1250 857 1280 omne
875 1242 1084 1291 peccatum
1102 1239 1154 1278 ad
1170 1238 1266 1278 vitae
1282 1240 1530 1278 vetustatem
1548 1237 1765 1288 pertineat,
1780 1237 1851 1277 cui
1870 1236 1997 1278 homo
2010 1248 2084 1290 per

172 1295 428 1347 baptismum
451 1296 644 1345 moritur,
662 1296 926 1347 perspicuum
943 1298 1005 1336 est
1019 1295 1161 1335 omnia
1184 1298 1346 1345 peccata
1366 1305 1436 1346 per
1454 1293 1714 1345 baptismum
1736 1292 1843 1334 tolli.

227 1360 502 1416 Respondeo
523 1359 774 1404 dicendum
809 1358 950 1415 quod,
973 1358 1095 1403 sicut
1119 1358 1369 1414 Apostolus
1388 1357 1499 1401 dicit
1518 1359 1665 1411 (Rom.
1687 1370 1748 1411 vi,
1771 1358 1814 1411 3)
1837 1372 1848 1400 ε
1871 1359 2083 1414 Quicum-

172 1434 257 1477 que
279 1424 506 1478 baptizati
524 1435 675 1466 sumus
691 1425 740 1464 in
757 1422 939 1465 Christo
957 1426 1077 1476 Jesu,
1096 1423 1145 1463 in
1162 1424 1307 1464 morte
1327 1422 1468 1476 ipsius
1485 1420 1710 1476 baptizati
1722 1432 1900 1476 sumus5
1916 1424 1962 1464 et
1975 1432 2083 1476 pos-

171 1489 246 1529 tea
265 1485 529 1530 concludit:
556 1488 629 1528 Ita
651 1488 695 1528 et
706 1497 780 1527 vos
802 1486 1066 1527 existimate
1079 1495 1157 1526 vos
1172 1487 1371 1526 mortuos
1394 1483 1576 1538 quidem
1594 1494 1687 1525 esse
1695 1485 1902 1538 peccate,
1929 1484 2085 1526 viven-

174 1549 239 1590 tes
259 1552 413 1591 autem
431 1551 523 1590 Deo
542 1549 592 1589 in
609 1547 798 1590 Christo
818 1550 924 1589 Jesn
944 1546 1134 1588 Domino
1151 1548 1323 1588 nostro.
1346 1547 1411 1587 Ex
1425 1557 1518 1600 quo
1534 1547 1659 1600 patet
1671 1541 1798 1600 quod
1818 1556 1900 1599 per
1913 1543 2085 1600 baptis-

171 1621 302 1654 mum
320 1611 460 1653 homo
475 1608 673 1653 moritur
689 1608 911 1652 vetustati
923 1619 1064 1664 pecca
1072 1607 1118 1662 ti,
1132 1611 1180 1651 et
1193 1606 1355 1663 incipit
1369 1606 1526 1651 vivere
1541 1605 1735 1650 novitati
1746 1606 1923 1662 gratiae.
1939 1608 2084 1652 Omne

171 1677 328 1716 autem
350 1675 595 1728 peccatum
629 1670 690 1715 ad
724 1671 970 1727 pristinam
993 1674 1275 1715 vetustatem
1299 1669 1517 1726 pertinet.
1555 1668 1681 1714 Unde
1697 1681 1995 1726 consequens
2012 1676 2087 1716 est

171 1733 297 1793 quod
318 1745 456 1778 omne
478 1736 722 1789 peccatum
746 1744 830 1789 per
852 1732 1142 1788 baptismum
1162 1731 1353 1775 tollatur
1370 1734 1445 1786 (1).

224 1795 292 1840 Ad
327 1798 526 1852 primam
558 1806 671 1850 ergo
696 1794 964 1851 dicendum,
1001 1794 1142 1850 quod,
1185 1794 1307 1838 sicut
1329 1793 1576 1850 Apostolus
1609 1793 1721 1839 dicit
1753 1797 1897 1848 (Rom.
1929 1809 1972 1851 v,
1992 1799 2081 1854 16),

170 1865 415 1914 peccatum
436 1857 545 1901 Adae
568 1869 662 1900 non
681 1860 864 1900 tantum
888 1861 1042 1914 potest
1065 1868 1189 1912 quan
1199 1856 1295 1899 tum
1315 1860 1470 1912 potest
1482 1856 1660 1901 donum
1676 1856 1858 1913 Christi,
1885 1859 2013 1915 quod
2034 1858 2084 1903 in

170 1920 402 1977 baptismo
421 1919 702 1976 percipitur:
722 1922 844 1963 Nam
856 1921 1088 1974 Judiciam
1110 1932 1170 1963 ex
1188 1933 1276 1962 uno
1299 1921 1348 1961 in
1368 1919 1800 1974 condemnationem,
1823 1923 1981 1976 qratia
1997 1934 2085 1966 au-

171 1987 262 2027 tem
279 1995 338 2025 ex
359 1981 515 2023 maltis
535 1982 717 2024 delictis
739 1983 787 2024 in
791 1983 1190 2037 jicstifieatz'onem.
1207 1982 1338 2026 Unde
1353 1985 1399 2026 et
1421 1981 1711 2037 Augustinus
1732 1982 1843 2028 dicit
1863 1985 1939 2036 (De
1972 1983 2086 2042 bap-

171 2045 310 2089 tismo
339 2044 576 2100 parvulor.
612 2043 695 2087 lib.
718 2057 749 2099 1,
771 2055 855 2088 seu
878 2046 939 2088 De
962 2048 1192 2099 peccator.
1214 2043 1368 2088 merit.
1390 2049 1437 2088 et
1459 2043 1643 2089 remiss.
1666 2056 1770 2101 cap.
1796 2048 1866 2102 15,
1892 2045 1940 2090 in
1964 2046 2084 2104 fin.)‚

170 2107 297 2164 quod
319 2111 608 2162 «generante
623 2118 779 2159 carne,
799 2106 1122 2150 tantummodo
1146 2106 1603 2163 trahiturpeccatum
1623 2107 1871 2164 originale,
1889 2121 2086 2166 regene-

171 2175 303 2215 rante
319 2174 475 2213 autem
489 2169 674 2225 Spiritu,
698 2181 791 2212 non
810 2169 963 2213 solum
972 2168 1286 2225 originalium,
1300 2169 1384 2214 sed
1398 2170 1540 2214 etiam
1559 2169 1930 2216 voluntariorum
1947 2173 2084 2218 fitre-

169 2232 332 2278 missio
351 2235 665 2288 peccatorum.
679 2249 700 2270 »

224 2295 290 2339 Ad
303 2295 547 2337 secundum
567 2293 835 2349 dicendum,
855 2293 979 2350 quod
994 2293 1170 2338 nullius
1181 2294 1360 2350 peccati
1381 2293 1598 2338 remissio
1612 2290 1714 2339 fieri
1732 2300 1887 2352 potest
1904 2295 1990 2340 nisi
2003 2309 2086 2354 per
2162 2295 2166 2327 ³

173 2357 391 2401 virtutem
414 2355 647 2412 passionis
667 2355 855 2412 Christi3
878 2356 1006 2401 unde
1022 2361 1068 2401 et
1086 2356 1335 2412 Apostolus
1357 2356 1470 2401 dicit
1493 2356 1722 2414 <Hebr.1x‚
1741 2360 1830 2414 22),
1849 2358 1975 2416 quod
1991 2362 2087 2404 sine
2162 2359 2165 2398 Ῑ

169 2421 404 2475 sanquinis
426 2419 636 2472 effusione
647 2431 737 2461 non
755 2419 810 2472 fit
830 2420 1049 2461 remissio.
1076 2418 1206 2463 Unde
1222 2423 1380 2463 motus
1399 2419 1619 2463 humanae
1635 2420 1903 2477 voluntatis,
1919 2421 2000 2478 qui
2014 2425 2087 2468 est

170 2480 217 2524 in
236 2480 510 2535 poenitente,
533 2492 626 2523 non
650 2479 887 2524 sufficeret
906 2480 966 2524 ad
985 2480 1309 2525 remissionem
1331 2481 1498 2538 culpae,
1523 2482 1615 2525 nisi
1639 2482 1824 2527 adesset
1842 2483 1958 2528 fides
1980 2496 2086 2540 pas-

170 2542 316 2587 sionis
327 2542 509 2601 Christi,
519 2546 566 2587 et
579 2543 869 2599 propositum
885 2542 1190 2599 participandi
1205 2543 1371 2599 ipsam,
1384 2543 1459 2588 vel
1472 2544 1769 2600 suscipiendo
1781 2545 2082 2607 baptismum,

169 2604 245 2648 vel
264 2604 556 2660 subjiciendo
578 2616 630 2648 se
645 2604 857 2648 clavibus
872 2604 1104 2648 Ecclesiae.
1125 2607 1178 2648 Et
1191 2603 1296 2649 ideo
1317 2604 1507 2662 quando
1530 2605 1699 2662 aliquis
1719 2606 1910 2651 adultus
1931 2607 2088 2664 poeni-

170 2670 276 2711 tens
308 2666 368 2711 ad
410 2665 696 2723 baptismum
721 2666 917 2721 accedit,
943 2666 1248 2724 consequitur
1288 2667 1479 2723 quidem
1514 2666 1839 2712 remissionem
1875 2669 2086 2715 omnium

169 2731 469 2783 peccatorum
500 2740 559 2771 ex
582 2727 820 2785 proposito
844 2728 1081 2784 baptismi,
1106 2728 1359 2785 perfectius
1395 2733 1554 2774 autem
1577 2742 1638 2774 ex
1659 2730 1772 2774 reali
1792 2730 2093 2787 susceptione

170 2788 497 2896 bagdlssfflltium
515 2850 786 2908 dicendum,
812 2849 939 2908 quod
963 2852 1082 2896 ratio
1100 2852 1180 2896 illa
1198 2841 1408 2909 procedit
1428 2852 1487 2898 de
1510 2852 1872 2910 particularibus
1892 2853 2091 2900 medici-

170 2914 258 2958 nis.
282 2915 548 2971 Baptismus
571 2918 729 2957 autem
744 2918 965 2970 operatur
985 2914 1035 2958 in
1049 2915 1220 2960 virtute
1240 2915 1475 2973 passionis
1486 2915 1670 2974 Christi,
1695 2928 1801 2974 quae
1817 2917 2086 2962 estuniver-

2158 2839 2170 2877 ἑ

2147 2876 2170 2964 i

169 2975 283 3019 salis
306 2975 541 3020 medicina
559 2975 768 3019 omnium
788 2980 1088 3032 peccatorum
1105 2980 1179 3033 3et
1197 2976 1303 3022 ideo
1318 2989 1401 3034 per
1412 2976 1703 3033 baptismum
1722 2977 1880 3022 omnia
1894 2980 2091 3035 peccata
2144 2965 2170 3027 '3²'

171 3038 403 3082 tolluntur
425 3040 504 3091 (2).

211 3185 254 3228 (l)
271 3187 397 3230 Hujus
420 3189 650 3222 sacramenti
675 3188 818 3233 effeetus
838 3191 891 3223 esc
918 3189 1086 3224 remissio
1172 3189 1366 3232 voluerunt,
1393 3201 1462 3225 non
1484 3189 1649 3229 justificat
1682 3192 1701 3226 ξι
1727 3191 1872 3233 peccatis
1898 3203 1973 3232 quae
1999 3190 2087 3226 fiunt
2165 3191 2170 3193 ”

170 3235 288 3270 omnis
306 3235 643 3279 culpoeoriyinalis
661 3239 695 3270 et
707 3237 887 3278 actualis,
914 3237 962 3271 ait
989 3249 1085 3271 conc.
1171 3242 1247 3279 post
1263 3242 1334 3279 ejus
1354 3238 1617 3282 susceptionem.
1640 3244 1677 3274 ut
1695 3243 1788 3283 petet
1813 3250 1854 3275 ex
1876 3251 1971 3274 conc.
1988 3238 2086 3274 Tri&

173 3281 365 3317 florentin.
385 3283 420 3316 in
441 3283 570 3318 decret.
594 3285 742 3320 unionis.
1172 3286 1263 3327 (sess.
1280 3293 1344 3326 vn,
1361 3296 1437 3321 can.
1456 3285 1522 3327 lo).

211 3329 255 3374 (2)
278 3330 345 3365 Sed
366 3330 437 3366 sola
466 3331 632 3366 memoria
652 3331 828 3375 baptismi,
855 3336 893 3366 ut
911 3337 1089 3368 novatores
