2170 3808
687 205 885 256 QUAEST.
917 206 1127 262 XXXVIII,
1155 207 1272 249 ART.
1302 207 1370 250 111.
1869 210 1950 249 317

195 293 540 337 ARTICULUS
559 293 643 334 III.
660 314 715 322 —
734 304 871 355 uranu
892 304 933 352 ιρι
955 305 1157 336 Bam-isim
1180 305 1347 336 somnis
1371 305 1518 337 GRA'nA
1540 306 1725 335 mumma
1743 293 1816 346 (1).

431 361 477 394 De
491 360 544 394 his
557 358 659 393 etiam
674 360 768 393 Sent.
783 366 833 399 lv,
853 358 931 394 dist.
946 359 981 401 2,
996 364 1111 401 quoest.
1142 369 1181 400 n,
1201 365 1266 394 art.
1282 362 1316 402 ⁴,
1330 366 1446 401 quaest.
1466 370 1477 394 ι
1497 372 1592 401 corp.

121 414 188 459 Ad
209 415 393 459 tertium
412 415 479 459 sic
494 412 774 470 proceditur.
791 413 1032 458 1.Videtur
1052 413 1236 470 quodin
1249 414 1479 470 baptismo
1500 414 1688 458 Joannis
1708 413 1854 470 gratia
1866 414 1950 458 da-

66 481 208 519 retur.
232 476 403 520 Dicitur
420 475 543 519 enim
562 474 711 528 (Marci
730 488 762 530 1,
783 477 828 528 4)
847 488 860 517 2
881 477 989 517 Fuit
1010 478 1207 518 loannes
1227 478 1275 517 in
1297 478 1471 519 deserto
1503 477 1741 532 baptizans
1764 480 1807 519 et
1828 489 1950 532 prae-

64 537 223 580 dicans
253 538 519 593 baptismum
538 538 812 590 poenz’tentt‘ae
838 538 887 579 in
915 539 1218 579 remissionem
1237 540 1541 592 peccatorum.
1568 537 1651 581 Sed
1679 537 1950 594 poenitentia

63 602 111 642 et
131 599 344 643 remissio
363 601 659 655 peccatorum
679 602 753 643 est
773 609 858 654 per
880 598 1092 654 gratiam.
1118 600 1238 654 Ergo
1259 597 1520 654 baptismus
1541 599 1731 642 Joannis
1755 599 1949 654 gratiam

63 660 342 705 conferebat.

119 725 160 765 2.
193 724 433 777 Praeterea,
454 721 720 778 baptizandi
742 719 771 764 a
789 722 964 765 ,Ioanne
981 720 1324 766 confitebantur
1351 724 1541 778 peccata
1560 733 1661 777 sua,
1684 724 1739 765 ut
1754 721 1951 767 habetur

64 784 232 836 (Matth.
258 798 304 827 ιιι
324 789 371 829 et
393 783 524 828 Marci
547 785 592 835 ι).
617 782 705 828 Sed
732 783 963 828 confessio
986 788 1282 840 peccatorum
1302 783 1544 828 ordinatur
1572 783 1631 827 ad
1654 787 1948 839 peccatorum

63 845 410 901 remissionem,
435 856 540 900 quae
562 844 614 887 fit
634 856 717 900 per
738 844 952 900 gratiam.
983 847 1103 900 Ergo
1133 845 1181 888 in
1204 844 1437 901 baptismo
1465 844 1654 888 Joannis
1675 845 1822 900 gratia
1839 856 1950 888 con-

63 906 312 951 ferebatur.

119 971 162 1012 3.
199 969 440 1021 Praeterea‚
455 966 717 1023 baptismus
734 968 924 1012 Joannis
942 968 1245 1024 propinquior
1259 971 1360 1012 erat
1375 967 1605 1024 baptismo
1624 967 1787 1012 Christi
1809 966 1949 1024 quam

64 1029 369 1075 cii’cumcisio.
404 1029 492 1074 Sed
514 1041 597 1085 per
624 1029 1025 1073 circumcisionem
1061 1030 1385 1074 remittebatur
1415 1034 1658 1085 peccatum
1686 1029 1910 1085 originale
1935 1045 1947 1075 :

64 1091 189 1146 quia,
212 1097 265 1136 ut
282 1091 402 1135 Beda
424 1091 535 1135 dicit
552 1090 615 1144 (ln
641 1091 766 1134 hom.
791 1091 849 1135 de
867 1091 1132 1134 Circumcis.
1160 1094 1324 1147 parum
1344 1090 1372 1133 a
1395 1091 1578 1147 princ.)‚
1604 1111 1624 1130 »
1644 1091 1766 1135 idem
1785 1091 1952 1135 saluti-

63 1153 173 1196 serae
191 1153 441 1197 curationis
465 1152 690 1196 auxilium
708 1152 998 1196 circumcisio
1015 1152 1063 1196 in
1083 1154 1187 1208 lege
1205 1157 1369 1196 contra
1387 1153 1627 1208 originalis
1645 1153 1821 1209 peccati
1844 1154 1951 1197 vul-

65 1226 155 1258 nus
173 1215 355 1272 agebat‚
380 1215 505 1271 quod
527 1226 653 1258 nunc
670 1214 934 1270 baptismus
951 1226 1091 1270 agere
1114 1214 1328 1259 revelatae
1347 1216 1506 1270 gratiae
1525 1221 1731 1271 tempore
1750 1228 1950 1259 consue-

63 1275 144 1318 vit.
171 1293 192 1314 »ι
216 1279 336 1332 Ergo
358 1276 505 1319 multo
524 1275 674 1330 magis
695 1275 956 1331 baptismus
973 1276 1163 1320 Joannis
1182 1277 1502 1321 remissionem
1521 1280 1815 1333 peccatorum
1838 1289 1950 1333 ope-

63 1336 280 1391 rabaturr,
305 1336 431 1393 quod
445 1337 554 1380 ‚sine
578 1337 725 1392 gratia
742 1337 840 1380 fieri
863 1349 958 1381 non
977 1342 1144 1394 potest.

120 1397 207 1442 Sed
231 1402 391 1441 contra
422 1405 494 1442 est
527 1398 652 1454 quod
685 1399 853 1452 (Matth.
887 1412 957 1456 ιιι,
982 1402 1024 1452 2)
1050 1398 1249 1443 dicitur:
1274 1403 1372 1456 Eyo
1396 1400 1577 1454 quidem
1601 1400 1784 1456 baptizo
1801 1413 1877 1443 vos
1901 1403 1950 1442 in

63 1472 185 1513 aqua
205 1463 253 1503 in
281 1462 594 1516 poenitentiam
614 1475 630 1502 .-
651 1460 776 1516 quod
799 1472 1039 1516 exponens
1059 1460 1304 1516 Gregorius
1336 1460 1401 1515 (in
1425 1461 1626 1517 quadam
1655 1462 1779 1505 hom.
1817 1475 1874 1504 vn
1899 1462 1948 1506 in

61 1523 258 1578 Evang,
282 1525 389 1566 ante
408 1521 568 1577 med),
592 1522 730 1567 dicit:
756 1539 776 1559 «
797 1524 995 1566 Joannes
1018 1535 1111 1566 non
1137 1522 1185 1565 in
1209 1521 1397 1579 spiritu,
1421 1523 1571 1567 sedin
1591 1535 1713 1579 aqua
1731 1522 1946 1579 baptizat,

63 1583 172 1639 quia
193 1587 384 1639 peccata
405 1583 585 1628 solvere
606 1596 699 1627 non
721 1583 920 1628 valebat.
944 1602 964 1622 »
987 1584 1074 1628 Sed
1095 1583 1245 1639 gratia
1261 1590 1332 1627 est
1353 1584 1381 1628 a
1404 1583 1575 1640 Spiritu
1604 1588 1780 1639 sancto,
1804 1590 1850 1628 et
1867 1597 1950 1641 per

64 1656 169 1688 eam
192 1649 382 1701 peccata
405 1644 646 1689 tolluntur.
667 1647 785 1701 Ergo
803 1645 1065 1702 baptismus
1080 1645 1271 1690 Joannis
1285 1646 1482 1701 gratiam
1504 1659 1598 1690 non
1620 1646 1903 1691 conferebat.

110 1719 401 1760 CONCLUSIO.
427 1743 476 1750 —
500 1721 734 1771 Baptismus
755 1721 928 1760 Joannis
943 1722 1119 1770 gratiam
1138 1732 1221 1761 non
1241 1719 1487 1770 conferebat,
1508 1722 1576 1761 sed
1601 1720 1652 1760 ad
1674 1720 1792 1760 illam
1813 1721 1947 1773 dispo·

64 1774 185 1867 nebat
205 1785 275 1824 per
290 1775 518 1814 doctrinam
533 1775 587 1816 ad
607 1775 733 1815 fidem
752 1779 792 1816 et
811 1775 1067 1826 baptismum
1086 1780 1126 1816 et
1139 1776 1427 1827 poenitentiam
1441 1776 1724 1824 inducentem,
1749 1779 1788 1816 et
1812 1776 1948 1828 dispo-

64 1837 141 1866 nen
164 1838 244 1867 em.

117 1889 391 1946 Respondeo
415 1889 663 1935 dicendum
682 1890 821 1947 quod,
846 1891 967 1936 sicut
981 1891 1154 1937 dictum
1176 1897 1249 1936 est
1267 1893 1370 1946 (art.
1391 1896 1412 1937 1
1441 1891 1541 1947 huj.
1562 1896 1725 1948 quaest.
1746 1897 1792 1936 et
1813 1897 1898 1937 art.
1921 1895 1949 1937 2

63 1951 122 1995 ad
142 1952 202 2008 2),
223 1955 319 1996 tota
337 1951 548 1996 doctrina
567 1958 614 1996 et
635 1953 844 2008 operatio
865 1953 1053 1996 Joannis
1072 1954 1401 2010 praeparatoria
1422 1959 1522 1998 erat
1542 1954 1601 1999 ad
1620 1954 1865 2010 Christum,
1887 1955 1949 1999 si-

62 2019 143 2057 cut
157 2013 356 2058 ministri
371 2018 418 2058 et
432 2014 662 2059 inferioris
676 2014 862 2059 artificis
881 2020 952 2059 est
970 2028 1231 2071 praeparare
1248 2015 1489 2060 materiam
1505 2016 1564 2060 ad
1578 2016 1790 2073 formam⁷
1807 2029 1948 2074 quam

62 2076 241 2120 inducit
260 2075 532 2132 principalis
554 2076 737 2121 artifex.
772 2076 922 2121 Gratia
946 2082 1103 2122 autem
1134 2077 1416 2123 conferenda
1448 2083 1546 2123 erat
1571 2079 1838 2123 hominibus
1866 2092 1949 2136 per

62 2140 310 2197 Christum,
329 2140 588 2185 secundum
607 2140 722 2185 illud
740 2142 887 2192 (Joan.
908 2155 939 2196 ι,
957 2144 1028 2195 17)
1047 2156 1058 2185 ε
1086 2143 1256 2186 Gratia
1272 2146 1316 2186 et
1328 2145 1499 2185 veritas
1517 2155 1602 2198 per
1617 2147 1764 2186 Jesum
1786 2145 1949 2187 Chris-

64 2206 158 2244 tum
178 2204 306 2256 facta
329 2205 411 2246 est.
440 2204 493 2246 Et
512 2202 617 2247 ideo
635 2202 898 2258 baptismus
915 2203 1104 2247 Joannis
1123 2203 1319 2258 gratiam
1343 2216 1437 2248 non
1459 2205 1752 2261 conferebat3
1775 2205 1858 2249 sed
1879 2218 1950 2250 so-

62 2262 161 2306 lum
186 2263 245 2307 ad
275 2263 470 2319 gratiam
492 2263 781 2320 praeparabat
803 2264 1059 2321 tripliciter.
1089 2267 1187 2309 Uno
1210 2264 1396 2321 quidem
1428 2266 1567 2310 modo
1587 2278 1672 2322 per
1693 2266 1947 2312 doctrinam

63 2324 253 2368 Joannis
275 2325 573 2369 inducentem
602 2325 815 2370 homines
837 2326 897 2371 ad
928 2323 1068 2371 fidem
1098 2326 1287 2383 Christiz,
1310 2326 1402 2371 alio
1430 2327 1569 2372 modo
1597 2328 1947 2373 assuefaciendo

62 2386 276 2430 homines
294 2386 353 2430 ad
372 2386 512 2430 ritum
535 2386 752 2442 baptismi
778 2387 967 2443 Christi3
992 2387 1128 2432 tertio
1147 2387 1286 2433 modo
1303 2400 1388 2445 per
1415 2389 1737 2445 poenitentiam
1765 2403 1948 2447 praepa-

63 2448 209 2492 rando
231 2447 442 2493 homines
463 2448 521 2493 ad
541 2448 892 2504 suscipiendum
910 2449 1127 2493 effectum
1146 2450 1363 2506 baptismi
1387 2451 1569 2495 Christi.

117 2511 184 2554 Ad
202 2514 399 2567 primum
420 2523 532 2567 ergo
553 2510 830 2568 dicendum,
859 2512 985 2568 quod
1007 2512 1055 2556 in
1084 2512 1177 2556 illis
1198 2513 1383 2565 verbis,
1411 2518 1464 2558 ut
1491 2513 1611 2558 Beda
1641 2514 1752 2559 dicit
1772 2517 1889 2572 (cap.
1917 2519 1945 2561 2

64 2571 111 2614 in
130 2574 261 2616 Marc.
289 2584 395 2629 sup.
416 2572 560 2617 illud:
580 2575 690 2616 Fuit
717 2576 912 2616 Ioannes
937 2576 985 2616 in
1010 2574 1220 2629 deserto),
1243 2579 1395 2630 potest
1419 2575 1614 2631 intelligi
1639 2576 1811 2632 duplex
1829 2577 1947 2635 bap-

65 2633 229 2678 tismus
249 2646 405 2677 :unus
428 2634 615 2689 quidem
631 2667 644 2688 ,
668 2647 806 2691 quem
831 2638 1032 2679 Joannes
1057 2634 1334 2691 baptizando
1356 2636 1648 2692 conferebat,
1680 2638 1759 2692 qui
1779 2638 1947 2684 dicitur

65 2695 321 2750 baptismus
343 2696 643 2752 poenitentiae,
665 2697 775 2753 quia
796 2697 972 2742 scilicet
990 2698 1066 2741 ille
1088 2697 1350 2754 baptismus
1369 2702 1467 2742 erat
1490 2699 1724 2755 quoddam
1743 2700 1945 2746 inducti-

65 2767 174 2799 vum
199 2756 256 2799 ad
272 2758 609 2813 poenitentiam,
626 2762 672 2803 et
691 2759 826 2816 quasi
845 2759 1059 2816 quaedam
1081 2760 1366 2815 protestatio.
1391 2763 1485 2816 qua
1506 2761 1840 2816 profitebantur
1859 2764 1946 2807 ho-

65 2817 217 2860 mines
235 2828 286 2860 se
307 2819 366 2870 (2)
395 2819 714 2873 poenitentiam
737 2825 923 2866 acturos
945 2836 955 2865 :
978 2821 1097 2864 alius
1120 2826 1276 2866 autem
1299 2826 1371 2866 est
1391 2821 1651 2878 baptismus
1673 2824 1832 2867 Christi
1863 2838 1948 2880 per

65 2889 205 2934 quem
239 2883 425 2932 peccata
455 2881 770 2938 remittuntur,
802 2895 941 2938 quem
975 2885 1176 2927 Joannes
1209 2883 1318 2926 dare
1353 2895 1443 2927 non
1468 2888 1662 2939 poterat,
1693 2885 1775 2929 sed
1794 2886 1943 2930 solum

64 2938 342 2994 praedicabat
371 2940 531 2983 dicens
556 2955 566 2983 :
591 2943 679 2984 Ille
712 2955 790 2986 vos
825 2945 1074 2999 baptizabit
1098 2947 1147 2985 in
1173 2947 1350 3000 Spiritu
1372 2949 1543 2988 sancto.
1579 2945 1655 2989 Vel
1684 2950 1835 3002 potest
1856 2947 1943 2991 dici

64 3000 184 3054 quod
207 3000 486 3056 praedicabat
507 3001 787 3057 baptismum
807 3005 1106 3060 poenitentiae,
1133 3005 1179 3049 id
1204 3009 1292 3061 est,
1313 3006 1610 3050 inducentem
1632 3007 1690 3052 ad
1714 3008 1945 3063 poeniten-

64 3062 201 3116 tiam3
222 3073 325 3117 quae
346 3062 532 3117 quidem
557 3063 828 3117 poenitentia
845 3066 973 3109 ducit
991 3067 1204 3110 homines
1226 3067 1273 3110 in
1294 3067 1613 3111 remissionem
1630 3075 1942 3124 peccatorum.

63 3123 135 3167 Vel
160 3127 311 3179 potest
333 3123 423 3166 dici
456 3123 578 3180 quod
603 3136 685 3180 per
713 3125 995 3181 baptismum
1024 3128 1215 3182 Christi,
1246 3131 1300 3171 ut
1328 3129 1636 3186 Hieronymus
1672 3130 1781 3175 dicit
1811 3133 1944 3186 (alius

63 3192 235 3241 auctor,
272 3197 374 3240 sup.
408 3185 522 3229 illud
544 3186 707 3228 Marcii
731 3201 742 3228 :
766 3190 1027 3231 Praedicans
1064 3190 1332 3245 baptismum
1363 3194 1530 3246 poen.)=
1567 3209 1587 3228 «
1619 3193 1767 3236 Gratia
1791 3193 1940 3249 datur,

101 3280 145 3319 (Ι)
159 3279 336 3317 Lmherus,
356 3279 549 3320 Zuinglius‚
568 3280 724 3315 Calvinus
737 3285 770 3315 et
783 3281 841 3315 alii
858 3294 958 3317 nova·
1042 3292 1091 3316 vn
1113 3284 1163 3317 De
1187 3284 1286 3326 bapt.
1312 3296 1385 3319 cari.
1404 3285 1436 3327 4)
1460 3287 1624 3331 :Siquis
1646 3287 1787 3322 dixerit
1810 3288 1943 3330 baptis-

63 3331 150 3360 tures
165 3326 354 3360 docuerunt
376 3327 502 3361 nullam
529 3328 843 3363 assedisse—rentiam
868 3330 959 3363 inter
1043 3341 1140 3364 mum
1173 3332 1331 3366 Joannis
1364 3332 1534 3368 habuisse
1562 3335 1722 3369 eamdem
1754 3335 1826 3368 vim
1863 3345 1941 3369 cum

63 3372 261 3412 baptismum
278 3375 414 3408 Joannis
435 3383 467 3409 et
487 3375 688 3414 baptismum
707 3376 828 3411 Christi
845 3389 852 3410 z
871 3378 959 3417 quod
1044 3378 1221 3420 baptismo
1238 3379 1390 3420 Christi,
1408 3383 1606 3417 anathema
1629 3383 1692 3417 sic.

62 3419 80 3452 ὲ
104 3432 196 3454 conc.
223 3422 375 3456 'si-idem.
394 3422 445 3456 his
463 3423 576 3458 verbis
594 3422 789 3459 damnatum
806 3431 855 3460 est
869 3429 957 3464 (sess,
1084 3428 1127 3467 (2)
1147 3428 1199 3461 Al.
1218 3427 1309 3462 deest
1328 3439 1381 3463 se.
