2170 3808
697 135 896 187 QUAEST.
926 135 1061 188 LXVI.
1092 134 1211 176 ART.
1240 135 1276 176 11
1304 133 1369 176 ET
1401 133 1471 176 111.
1948 132 2029 175 559

149 219 305 275 figuris
327 217 492 263 arctari
511 228 593 273 per
614 215 861 270 Christum,
885 219 966 273 qui
986 224 1175 260 venerat
1194 217 1279 259 sua
1302 214 1495 259 veritate
1518 213 1691 270 figuras
1709 211 1921 268 impletas
1941 225 2025 256 au-

150 280 281 325 ferre.
305 282 358 324 Et
375 279 479 325 ideo
497 284 602 322 ante
621 277 886 334 passionem
905 289 1041 321 suam
1060 276 1341 332 bapt1smum
1368 276 1628 321 Institutum
1648 287 1742 318 non
1763 273 1917 330 posuit
1938 273 2027 319 sub

149 346 397 398 praecept0‚
422 341 505 385 sed
523 339 670 383 voluit
689 339 749 383 ad
776 340 878 395 ejus
898 338 1166 383 exercitium
1191 338 1402 382 homines
1428 337 1693 392 assuefieri,
1723 340 1768 380 et
1798 335 2027 391 praecipue

148 404 196 446 in
219 402 386 459 populo
404 402 684 457 sudeam-um,
707 401 832 457 apud
854 413 994 456 quem
1015 400 1173 443 omnia
1190 399 1312 443 facta
1331 399 1544 455 figuralia
1562 403 1717 451 erant,
1738 401 1790 442 ut
1807 397 2027 452 Augusti-

149 475 238 508 nus
258 465 367 509 dicit
386 465 572 517 (Contra
590 465 825 517 Faustum,
843 462 926 506 lib.
940 475 1002 515 iv,
1022 473 1123 516 cap.
1141 463 1185 514 2,
1206 460 1315 504 circ.
1338 461 1494 515 med).
1515 463 1621 505 Post
1638 459 1902 517 passionem
1916 459 2027 505 vero

148 529 195 569 et
211 525 597 570 resurrectionem
617 536 712 568 non
741 524 894 569 solum
917 522 1113 575 Judaeis,
1133 522 1218 566 sed
1237 522 1374 566 etiam
1402 521 1653 578 gentilibus
1683 521 1772 565 sub
1797 524 2026 577 praecepto

149 587 473 632 necessitatem
488 586 706 642 baptismi
724 584 961 643 imposuit„
980 584 1144 629 dicens
1165 584 1329 636 (Matth.
1352 582 1434 628 ult.
1457 584 1527 638 19)
1549 598 1560 627 :
1585 587 1752 626 Eunias
1771 584 1924 626 docete
1938 595 2027 628 om·-

148 661 225 692 nes
273 653 407 692 entes.
1586 668 1589 669 ν

199 663 271 754 Ag
281 714 460 754 tertium
474 709 738 763 dicendum,
752 707 878 765 quod
891 711 1180 752 sacramenta
1197 719 1290 751 non
1307 711 1418 751 sunt
1428 705 1717 763 obligatoria‚
1734 705 1824 749 nisi
1839 705 2026 762 quando

146 769 235 815 sub
254 777 480 828 praecepto
494 776 747 827 ponuntur,
772 770 899 827 quod
917 769 1105 825 quidem
1124 782 1216 813 non
1243 768 1329 813 fuit
1348 773 1456 814 ante
1476 767 1758 825 passionem,
1780 772 1832 810 ut
1851 767 2026 813 dictum

146 838 218 877 est
247 833 308 883 (in
329 846 458 890 corp.
491 836 614 887 art.).
649 832 780 885 Quod
801 832 925 877 enim
953 833 1174 876 Dominus
1204 835 1311 876 ante
1341 831 1604 888 passionem
1637 828 1883 874 Nicodemo
1911 829 2028 874 dixit

147 895 291 948 (Joan.
307 909 369 950 ιιι,
390 899 433 950 5)
454 912 465 939 z
486 898 587 938 Nisi
609 898 705 950 quis
727 898 912 938 renatus
929 896 1067 948 fuerit
1091 906 1150 936 ex
1164 906 1288 947 aqua
1315 897 1359 936 et
1375 895 1549 950 Spiritu
1571 897 1742 946 sancto,
1767 905 1856 934 nou
1882 895 2027 946 potest

145 958 395 1000 introirem
413 970 599 1013 requam
624 959 719 1011 Dei,
740 953 890 1011 magis
905 954 1088 1000 videtur
1109 954 1169 998 ad
1190 955 1401 999 futurum
1417 954 1649 1011 respicere
1671 953 1811 1010 quam
1832 951 1890 996 ad
1903 963 2026 1008 prae-

145 1028 259 1062 sens
278 1023 478 1073 tempus.

255 1081 598 1124 ARTICULUS
626 1081 708 1123 111.
738 1101 795 1112 -—
822 1090 959 1121 uram(
987 1090 1095 1127 Aous
1122 1090 1184 1121 sn·
1212 1089 1389 1121 rnornu
1417 1090 1594 1121 uranu
1622 1088 1811 1120 nunsm
1839 1076 1915 1129 (i).

148 1147 195 1183 'k
207 1147 260 1182 his
274 1148 379 1183 etiam
409 1150 503 1183 Sent.
521 1156 568 1189 iv,
591 1148 669 1182 dist.
683 1147 718 1189 ὅ,
732 1146 847 1187 arm,
872 1145 1071 1187 quostiunc.
1097 1153 1124 1186 1,
1139 1149 1173 1179 ot
1188 1144 1268 1179 dist.
1286 1144 1342 1184 47,
1359 1149 1478 1186 quaest.
1495 1153 1548 1185 ιιι,
1566 1150 1631 1180 art.
1646 1145 1679 1186 4,
1697 1143 1894 1186 ᾳιιωειίυηο.
1920 1151 1975 1185 ul,
1992 1146 2027 1180 et

394 1197 492 1231 nont.
511 1199 604 1237 gent.
619 1195 683 1229 lib.
697 1202 746 1235 lv,
761 1204 834 1235 cap.
847 1194 902 1234 59,
921 1196 956 1227 et
968 1191 1085 1234 quodl.
1109 1199 1149 1234 11,
1167 1196 1233 1225 art.
1249 1191 1291 1226 io
1306 1203 1398 1233 corp.
1423 1196 1456 1226 et
1478 1191 1576 1226 Joan.
1592 1200 1643 1234 πῖ,
1660 1197 1723 1226 art.
1744 1194 1777 1226 Δ.

198 1249 266 1294 Ad
284 1251 472 1294 tertium
491 1249 559 1293 sic
572 1247 854 1305 proceditur.
875 1250 919 1291 1.
944 1247 1130 1291 Videtur
1146 1245 1271 1302 quod
1289 1258 1411 1302 aqua
1434 1258 1527 1290 non
1551 1246 1610 1290 sit
1627 1246 1811 1303 propria
1835 1246 2027 1290 materia

141 1309 376 1365 baptismi.
402 1309 663 1366 Baptismus
686 1307 825 1364 enim,
855 1307 1115 1352 secundnm
1144 1306 1416 1364 Dionysium
1437 1307 1626 1361 (Eccles.
1651 1307 1764 1351 hier.
1790 1320 1890 1362 cap.
1916 1310 1955 1360 232
1982 1311 2026 1350 et

140 1373 477 1415 Damascenum
496 1371 636 1425 (Orth.
663 1369 742 1415 fid.
767 1369 846 1414 lib.
879 1383 936 1427 iv,
959 1382 1060 1426 cap.
1087 1371 1158 1424 10,
1185 1369 1296 1413 circ.
1318 1369 1479 1426 med.),
1496 1368 1635 1414 habet
1648 1369 1741 1412 vim
1762 1368 2028 1412 illuminati-

139 1445 264 1478 vam.
288 1434 374 1478 Sed
393 1433 670 1478 illuminatio
696 1432 898 1477 maxime
921 1432 1142 1488 competit
1160 1432 1273 1488 igni.
1301 1434 1421 1487 Ergo
1439 1432 1700 1488 bapt1smus
1722 1430 1873 1487 magis
1890 1431 2026 1476 debet

141 1494 239 1539 fieri
259 1495 306 1539 in
327 1496 434 1552 igne
458 1496 599 1552 quam
622 1496 670 1539 in
693 1507 837 1551 aqua3
860 1494 1116 1551 praesertim
1136 1497 1244 1539 cum
1261 1496 1462 1538 loannes
1483 1495 1685 1552 Baptista
1705 1493 2026 1550 praenuntians

143 1555 306 1600 Christi
325 1556 607 1613 baptismum
630 1555 752 1599 dicat
769 1556 936 1608 (Matth.
954 1569 1013 1611 ιιι,
1030 1557 1127 1610 11);
1151 1556 1237 1598 Ille
1249 1569 1326 1599 vos
1341 1556 1592 1612 baptizabit
1605 1559 1653 1599 in
1675 1558 1848 1613 Spiritu
1865 1558 2025 1599 sancto

141 1620 186 1662 et
204 1620 315 1674 iqui.

196 1682 237 1725 2.
271 1682 510 1735 Praeterea,
543 1679 592 1722 in
626 1679 856 1734 baptismo
888 1677 1176 1734 significatur
1204 1677 1385 1723 ablutio
1414 1683 1726 1736 peccatorum.
1763 1679 1850 1723 Sed
1877 1677 2026 1723 multa

143 1741 231 1786 alia
255 1747 366 1786 sunt
393 1740 599 1785 ablutiva
623 1740 765 1798 quam
793 1751 941 1796 aqua3
973 1740 1095 1784 sicut
1115 1739 1277 1784 vinum
1297 1744 1343 1784 et
1364 1740 1536 1796 oleum,
1557 1744 1605 1786 et
1632 1739 1899 1797 hujusmodi
1916 1739 2022 1786 alia.

141 1806 256 1859 Ergo
279 1803 418 1847 etiam
442 1802 489 1846 in
511 1802 584 1846 his
605 1806 758 1859 potest
775 1800 875 1846 fieri
898 1801 1172 1858 baptismus.
1193 1803 1292 1846 Non
1317 1813 1427 1859 ergo
1447 1814 1568 1859 aqua
1586 1806 1658 1847 est
1678 1802 1864 1859 propria
1880 1807 2024 1847 mate·

143 1865 209 1910 ria
227 1865 286 1909 ba
321 1864 463 1910 tismi.

195 1928 240 1972 3.
269 1878 508 1982 Ppraeterea‚
539 1928 829 1970 sacramenta
851 1923 1066 1969 Ecclesiae
1086 1920 1323 1969 fluxerunt
1345 1925 1404 1970 de
1424 1925 1568 1970 latere
1596 1925 1759 1971 Christi
1780 1925 2023 1982 pendentis

141 1987 189 2032 in
212 2000 366 2042 cruce,
392 1991 444 2031 ut
468 2000 608 2043 supra
629 1985 804 2030 dictum
829 1990 900 2031 est
919 1987 1099 2043 (quaest.
1125 2000 1228 2040 an,
1251 1991 1337 2030 art.
1361 1990 1422 2041 5).
1447 1987 1534 2031 Sed
1555 1987 1664 2032 inde
1682 1987 1816 2032 fluxit
1837 2000 1927 2032 non
1947 2000 2023 2033 so-

140 2050 237 2095 lum
257 2061 393 2106 aqua,
418 2049 501 2094 sed
523 2048 661 2093 etiam
686 2048 895 2104 sanguis..
921 2050 1038 2103 Ergo
1057 2047 1242 2092 videtur
1257 2048 1380 2105 quod
1400 2048 1539 2093 etiam
1557 2049 1605 2093 in
1631 2049 1859 2106 sanguine
1877 2049 2023 2105 possit

140 2110 238 2156 fieri
264 2110 539 2168 baptismus,
568 2109 649 2166 qui
668 2109 811 2154 etiam
835 2108 1017 2154 videtur
1045 2109 1194 2166 magIS
1220 2111 1468 2155 convenire
1493 2123 1599 2155 eum
1628 2124 1770 2156 causa
1787 2116 1834 2155 et
1854 2111 2022 2157 effectu

142 2172 375 2230 baptismi,
394 2172 505 2227 quia
516 2172 684 2216 dicitur
704 2171 906 2228 (Apocal.
923 2185 953 2230 1,
974 2174 1020 2223 5)
1038 2185 1051 2214 ι
1066 2175 1197 2215 Lavit
1210 2186 1289 2215 nos
1300 2174 1329 2216 ὰ
1342 2175 1539 2228 peccatis
1554 2178 1723 2217 nostris
1740 2177 1789 2216 in
1803 2178 2023 2231 sanquine

132 2247 238 2279 suo.

192 2297 246 2342 4.
271 2297 509 2351 Praeterea„
533 2295 653 2340 sicut
681 2294 969 2352 Augustinus
990 2294 1178 2352 (implic.
1205 2307 1346 2340 serm.
1373 2298 1443 2352 36,
1467 2295 1525 2341 de
1552 2298 1707 2355 Temp.
1736 2296 1763 2340 a
1790 2296 1951 2352 med.),
1975 2302 2021 2343 et

140 2356 262 2402 Beda
281 2356 386 2411 (loc.
406 2355 484 2401 cit.
499 2368 579 2413 qu.
601 2369 703 2411 mm,
724 2360 813 2401 art.
833 2358 896 2412 4),
919 2361 965 2400 et
985 2356 1182 2400 habetur
1206 2356 1267 2410 (in
1301 2356 1460 2402 Glossa
1485 2357 1604 2414 ord„
1626 2370 1729 2415 sup.
1751 2358 1865 2403 illud
1886 2361 2019 2405 Lucae

139 2431 214 2462 111:
236 2421 341 2461 lesu
363 2417 613 2473 baptizato,
646 2419 751 2471 etc.)
770 2416 947 2472 dicunt,
980 2433 1000 2455 «
1025 2417 1232 2463 Christus
1254 2421 1376 2462 tactu
1404 2430 1503 2463 suae
1524 2419 1846 2464 mundissimae
1865 2422 2018 2466 carnis

136 2478 236 2523 vim
256 2478 624 2535 regenerativam
653 2482 701 2524 et
731 2478 1024 2535 purgativam
1044 2479 1240 2524 contulit
1263 2479 1414 2536 aquis.
1436 2499 1457 2520 υ
1483 2481 1571 2526 Sed
1602 2493 1697 2526 non
1725 2482 1878 2527 omnis
1897 2495 2017 2541 aqua

139 2539 440 2584 continuatur
452 2551 561 2584 cum
580 2552 700 2596 aqua
717 2540 943 2596 Jordanis‚
964 2552 1105 2597 quam
1127 2541 1333 2585 ChrIStus
1353 2541 1498 2598 tetigit
1519 2543 1606 2587 sua
1625 2554 1780 2586 carne.
1811 2546 1929 2600 Ergo
1951 2545 2017 2588 vi-

142 2601 277 2646 detur
293 2600 420 2660 quod
441 2614 537 2646 non
559 2601 684 2647 omni
700 2604 823 2659 aqua
843 2602 990 2659 possit
1006 2602 1105 2647 fieri
1128 2602 1408 2658 baptismum
1428 2608 1475 2648 et
1492 2603 1556 2649 ita
1576 2616 1713 2660 aqua,
1737 2604 2015 2662 inquantum

141 2661 422 2719 huiusmodi,
438 2675 534 2707 non
547 2668 621 2707 est
633 2663 820 2720 propria
832 2663 1023 2708 materia
1040 2664 1273 2721 baptismi.

196 2726 239 2769 5.
269 2725 506 2780 Praeterea,
531 2723 573 2768 si
600 2735 722 2780 aqua
743 2724 1001 2770 secundum
1021 2738 1074 2770 se
1094 2730 1218 2770 esset
1230 2726 1420 2783 propria
1437 2725 1655 2784 baptismi
1680 2728 1896 2784 materia,¹
1919 2742 2015 2777 non

140 2790 373 2843 oporteret
388 2785 562 2842 aliquid
580 2785 704 2831 aliud
725 2786 825 2831 fieri
843 2787 966 2831 circa
988 2800 1172 2844 aquam,
1192 2787 1253 2832 ad
1270 2788 1358 2832 hoc
1379 2787 1505 2846 quod
1522 2788 1570 2834 in
1586 2802 1641 2834 ea
1661 2789 1922 2846 baptismus
1939 2792 2014 2839 fie-

139 2846 228 2894 ret.
246 2848 335 2892 Sed
352 2848 398 2892 in
419 2847 614 2892 solemni
633 2847 862 2905 baptismo
877 2861 998 2906 aqua
1014 2850 1062 2893 in
1078 2862 1171 2906 qua
1189 2849 1325 2895 debet
1342 2850 1564 2895 celebrari
1585 2851 1858 2908 baptismuS‚
1880 2866 2013 2900 exor-

130 2909 315 2955 cizatur
333 2913 380 2953 et
402 2909 703 2954 benedicitur.
723 2913 842 2967 Ergo
860 2910 1042 2956 videtur
1060 2911 1188 2969 quod
1207 2923 1329 2968 aqua
1350 2912 1605 2958 secundum
1630 2925 1689 2961 se
1716 2926 1809 2959 non
1829 2915 1888 2960 sit
1909 2928 2012 2972 pro-

142 2970 242 3027 pria
259 2970 476 3028 bapsssmi
495 2971 703 3015 materia.

197 3031 284 3076 Sed
317 3036 474 3074 contra
507 3036 578 3076 est
609 3031 734 3088 quod
766 3033 989 3076 Dominus
1029 3033 1138 3078 dicit
1168 3035 1313 3088 (Joan.
1349 3047 1412 3091 ιιι,
1444 3036 1487 3089 5)
1509 3048 1523 3079 :
1557 3038 1658 3079 Nisi
1692 3040 1791 3092 quis
1829 3042 2010 3084 renatus

141 3095 277 3146 fuerit
296 3106 353 3136 ex
369 3107 487 3149 aqua
506 3096 550 3135 et
563 3095 738 3148 Spiritu
759 3096 929 3149 sancto,
950 3107 1040 3138 nou
1055 3097 1204 3150 potest
1226 3097 1479 3138 introirem
1496 3108 1681 3154 reqnum
1700 3101 1782 3141 Dei
1797 3101 1872 3153 (2).

180 3212 228 3255 ss)
240 3213 291 3247 De
304 3212 371 3248 fide
382 3218 431 3247 est
444 3224 564 3254 aquam
582 3225 698 3249 veram
708 3216 747 3247 et
764 3212 954 3248 naturalem
965 3225 1034 3249 esse
1116 3220 1194 3250 sunt
1218 3216 1322 3252 verba
1349 3229 1360 3251 2
1384 3217 1548 3253 Materia
1574 3218 1687 3264 hujus
1709 3223 1929 3257 sacramenti
1957 3223 2010 3258 est

144 3260 315 3303 propriam
331 3260 486 3302 baptismi
510 3262 687 3296 materiam
699 3276 708 3306 3
722 3263 770 3295 sic
786 3260 963 3296 definitum
983 3266 1035 3297 est
1118 3273 1215 3307 aqua
1231 3274 1319 3299 vera
1336 3267 1369 3301 et
1385 3267 1591 3301 naturalis.

144 3308 180 3342 in
201 3308 345 3343 coneilio
366 3309 521 3343 Lateran.
549 3321 621 3351 cap.
642 3310 821 3344 Firmiter
841 3309 882 3343 de
903 3321 1035 3345 summa
1157 3312 1199 3352 (2)
1216 3313 1255 3345 Et
1269 3314 1343 3347 Act.
1360 3321 1436 3356 vm,
1451 3314 1504 3354 56,
1516 3318 1556 3349 -et
1569 3315 1642 3351 Act.
1664 3323 1696 3356 x,
1712 3315 1764 3354 47,
1781 3314 1834 3349 his
1845 3314 2007 3350 accedunt

133 3355 319 3398 ¹Trinitate,
343 3360 376 3391 et
399 3357 435 3390 in
454 3357 597 3391 concilio
622 3357 833 3399 Florentino,
853 3360 948 3397 cujus
965 3357 1033 3391 lmc
1115 3358 1232 3393 ficurae
1251 3358 1409 3395 baotismi
1429 3373 1437 3395 ε
1464 3362 1502 3398 in
1523 3362 1620 3402 anuis
1641 3362 1771 3399 attuvii.
1789 3363 1827 3402 (Ι.
1845 3362 1914 3396 net.
1936 3362 2005 3404 lm:
