2170 3808
150 246 203 288 94
949 236 1151 289 QUAEST.
1181 235 1252 278 lx.

150 325 289 370 habet
310 321 601 368 influentiam
632 331 680 364 ln
703 318 852 362 malos
871 317 951 374 qui
980 329 1090 361 eum
1112 319 1470 372 praecesserunt.
1498 317 1618 370 Ergo
1637 312 1938 358 antichristus
1957 325 2051 357 non
2123 323 2132 330 ·’

153 392 227 432 est
248 392 388 444 caput
406 384 653 429 malorum.

208 449 296 494 Sed
314 450 477 491 contra
497 453 570 490 est
592 443 715 501 quod
736 442 853 497 (Job,
874 444 976 499 xxi),
995 454 1136 498 super
1155 440 1291 485 illud:
1317 441 1604 496 Interroqate
1627 437 1865 495 quemlibet
1887 437 1945 482 de
1959 439 2051 481 via-

154 511 339 566 toribuS,
371 506 483 554 dicit
503 506 663 551 Glossa
692 505 808 558 (ord.
832 506 962 560 Greg.
991 503 1145 548 Moral.
1175 502 1256 546 lib.
1281 516 1355 558 xv,
1379 514 1483 559 cap.
1517 503 1587 556 36,
1618 511 1786 557 parum
1803 498 1837 542 'a
1858 499 2053 556 princ.):
2097 554 2100 559 Ι
2127 507 2138 546 f«

157 588 176 608 «
201 573 318 615 Dum
340 569 399 615 de
428 567 639 612 omnium
670 566 901 612 malorum
934 577 1127 621 corpore
1150 564 1437 621 loqueretur,
1466 561 1622 608 subito
1645 561 1704 607 ad
1726 560 1937 606 omnium
1967 559 2053 606 ini-

152 643 352 689 quorum
373 635 514 687 caput
535 628 895 684 (antichristum)
913 627 1055 671 verba
1078 627 1322 671 convertit.
1349 644 1369 663 ι»

199 698 488 739 CONCLUSIO.
503 718 554 726 —-
568 695 848 737 Antichristus
862 694 1054 734 omnium
1066 694 1274 734 malorum
1290 692 1514 732 hominum
1529 695 1652 745 caput
1667 694 1728 732 est
1745 704 1756 731 :
1780 701 1864 730 non
1885 690 2056 741 quidem

153 752 381 795 secundum
402 753 590 794 ominem
603 750 817 803 temporis,
833 749 899 790 vel
913 749 1113 790 virtutem
1128 748 1350 797 influendi,
1380 746 1450 788 sed
1464 747 1693 789 secundum
1707 745 1883 787 malitiae
1906 745 2056 797 perfec·

153 809 324 848 tionem.
1517 824 1520 826 ,

208 868 486 926 Respondeo
508 867 757 912 dicendum
781 864 925 923 quod,
948 864 1071 909 sicut
1092 876 1235 921 supra
1257 863 1433 909 dictum
1452 868 1526 910 est
1547 867 1653 919 (art.
1682 867 1704 909 1
1728 862 1829 920 huj.
1853 864 2054 920 quaest.),

153 932 203 975 in
226 930 379 987 capite
410 927 612 973 naturali
635 927 722 972 tria
742 926 1071 971 inveniuntur:
1104 925 1282 971 scilicet
1310 926 1442 980 orde,
1470 925 1710 983 perfectio,
1743 928 1791 970 et
1818 924 1968 969 virtus
1991 923 2058 968 in—

154 989 344 1038 fluendi.
378 993 611 1046 Quantum
640 988 783 1046 igitur
818 988 878 1034 ad
910 988 1122 1033 ordinem
1158 987 1396 1044 temporis,
1423 999 1519 1032 non
1554 987 1723 1033 dicitur
1756 986 2058 1031 antichristus

154 1065 259 1099 esse
288 1052 519 1097 malorum
546 1055 704 1108 caput,
739 1050 874 1106 quasi
905 1049 1010 1107 eJus
1042 1054 1286 1107 peccatum
1323 1048 1629 1113 praecesserit,
1666 1049 1789 1093 sicut
1819 1046 2058 1105 praecessit

155 1122 396 1172 peccatum
417 1113 603 1158 diaboli.
631 1113 849 1157 Similiter
871 1112 1012 1157 etiam
1030 1124 1124 1156 non
1150 1113 1319 1157 dicitur
1341 1123 1446 1156 esse
1464 1115 1603 1168 caput
1625 1111 1856 1156 malorum
1870 1114 2058 1167 propter

156 1177 373 1222 virtutem
398 1174 624 1219 influendi
643 1190 654 1218 z
676 1174 762 1218 etsi
790 1173 916 1218 enlm
947 1173 1129 1230 aliquos
1159 1175 1232 1218 sui
1254 1173 1479 1233 temporis!
1494 1173 1554 1218 ad
1582 1172 1760 1217 malum
1783 1171 1845 1218 sit
1860 1183 2059 1216 conver-

155 1251 312 1295 surus,
338 1238 543 1284 exteriuS
561 1236 843 1293 inducend03
875 1249 968 1280 non
994 1241 1151 1281 tamen
1177 1236 1243 1280 illi
1270 1236 1348 1293 qui
1373 1241 1482 1280 ante
1504 1247 1613 1280 eum
1646 1235 1852 1292 fuerunt,
1877 1234 1938 1279 ab
1958 1234 2059 1291 ipso

155 1305 268 1345 sunt
288 1300 336 1343 in
360 1298 584 1343 malitiam
616 1297 810 1355 inducti,
840 1309 926 1342 nec
948 1297 1088 1342 etiam
1112 1298 1215 1355 eJus
1238 1297 1466 1341 malitiam
1490 1302 1603 1343 sunt
1622 1296 1805 1341 imitati.
1826 1296 1956 1342 Unde
1986 1307 2060 1341 se-

155 1362 364 1406 cundum
381 1361 471 1405 hoc
490 1373 584 1404 non
609 1363 769 1416 posset
794 1359 885 1403 dici
901 1364 1042 1416 caput
1062 1359 1273 1403 omnium
1294 1360 1543 1416 malorum,
1563 1359 1648 1404 sed
1669 1359 1950 1416 aliquorum.
1971 1360 2061 1403 Re-

154 1423 382 1481 linquitur
403 1434 516 1478 ergo
540 1421 665 1478 quod
683 1421 863 1466 dicatur
886 1427 1026 1479 caput
1048 1422 1258 1466 omnium
1282 1423 1513 1466 malorum
1537 1424 1727 1479 propter
1744 1420 1931 1466 malitiae
1950 1433 2061 1479 per-

155 1485 420 1531 fectionem.
437 1484 566 1529 Unde
586 1496 728 1540 super
751 1483 867 1528 illud
885 1485 952 1537 (ll.
969 1484 1127 1529 Thess.
1152 1489 1196 1537 ιι)
1214 1499 1225 1528 :
1252 1486 1505 1528 Ostendens
1521 1497 1587 1540 se,
1606 1487 1826 1539 tanquam
1845 1485 1905 1527 sit
1921 1487 2057 1541 Deus,

156 1546 267 1591 dicit
296 1546 457 1591 Glossa
478 1545 595 1600 (ord.
621 1547 830 1603 Haym.):
863 1561 884 1582 «
914 1545 1040 1590 Sicut
1062 1545 1111 1589 in
1141 1546 1320 1590 Christo
1350 1545 1504 1590 omnis
1531 1545 1773 1603 plenitudo
1804 1544 2062 1593 Divinitatis

155 1607 445 1665 inhabitavit,
471 1608 534 1652 ita
562 1607 611 1651 in
634 1606 910 1651 antichristo
931 1609 1088 1652 omnis
1115 1608 1304 1653 malitiae
1330 1608 1587 1665 plenitudo3
1620 1627 1641 1647 »
1667 1620 1763 1652 non
1787 1606 1976 1664 quidem
1997 1607 2063 1652 ita

156 1669 282 1727 quod
316 1669 586 1714 humanitas
610 1669 714 1726 ejus
737 1669 798 1713 sit
821 1674 1061 1726 assumpta
1085 1669 1112 1713 a
1143 1670 1328 1715 diabolo
1360 1670 1409 1714 in
1439 1670 1668 1716 unitatem
1688 1681 1917 1727 personae,
1942 1669 2063 1714 sicut

155 1732 423 1776 humanitas
446 1730 613 1775 Christi
637 1729 663 1773 a
680 1730 792 1774 Filio
812 1730 906 1789 Dei3
924 1731 1006 1775 sed
1022 1731 1131 1787 quia
1150 1731 1365 1776 diabolus
1380 1743 1517 1776 suam
1535 1731 1764 1776 malitiam
1779 1731 2064 1776 eminentius
2137 1736 2146 1772 ζ’

157 1793 199 1837 ei
226 1793 391 1838 influet
413 1792 710 1849 suggerendo
740 1791 879 1848 quam
913 1792 1135 1837 omnibus
1162 1793 1283 1837 aliis.
1305 1796 1359 1837 Et
1387 1792 1650 1838 secundum
1677 1793 1767 1839 hoc
1797 1804 1961 1838 omnes
1984 1793 2063 1839 alii
2131 1795 2147 1833 ’ῖ-

156 1854 264 1898 mali
297 1854 379 1911 qui
400 1856 759 1910 praecesserunt,
783 1859 895 1897 sunt
922 1853 1056 1910 quasi
1076 1853 1289 1910 quaedam
1321 1853 1471 1910 figura
1499 1854 1774 1912 antichristi,
1804 1854 2061 1900 secundum
2142 1862 2146 1867 “

156 1915 271 1965 illud
293 1918 360 1971 (11.
385 1916 540 1960 Thess.
564 1929 610 1970 11,
635 1917 680 1968 7)
702 1930 713 1959 ε
742 1918 1013 1971 Mysterz'um
1024 1918 1133 1972 Jam
1152 1920 1368 1973 operatur
1389 1919 1657 1973 iniquitat&-

212 1978 279 2023 Ad
294 1981 500 2035 primum
522 1988 634 2033 ergo
656 1977 925 2033 dicendum,
950 1977 1075 2034 quod
1099 1978 1313 2023 diabolus
1333 1983 1381 2023 et
1402 1979 1706 2025 antichristus
1725 1992 1822 2024 non
1840 1982 1953 2024 sunt
1970 1979 2064 2026 duo
2132 2011 2134 2014 -

157 2038 327 2098 capita,
348 2039 431 2084 sed
445 2051 622 2084 unum:
642 2039 753 2095 quia
767 2038 1068 2084 antichristus
1088 2040 1256 2084 dicitur
1278 2053 1384 2085 esse
1405 2045 1561 2097 caput,
1587 2041 1867 2098 inquantum
1886 2041 2063 2098 plenis-

159 2101 276 2146 sime
288 2101 525 2147 invenitur
536 2101 585 2144 in
605 2112 662 2145 eo
676 2100 905 2158 impressa
916 2101 1091 2146 malitia
1103 2103 1291 2148 diaboli.
1308 2103 1436 2148 Unde
1448 2116 1590 2159 super
1600 2103 1716 2148 illud
1729 2105 1794 2158 (Π.
1816 2104 1973 2148 Thess.
1985 2106 2032 2159 11)
2048 2121 2059 2149 ε
2131 2103 2142 2138 ³<

160 2164 415 2207 Ostendens
444 2176 508 2219 se,
541 2166 760 2218 tanquam
777 2167 838 2207 sit
869 2168 1007 2220 Demi,
1035 2164 1146 2209 dicit
1167 2165 1326 2209 Glossa
1351 2164 1470 2219 (ord.
1493 2167 1701 2223 Haym.):
1737 2183 1758 2204 «
1782 2167 1834 2210 In
1853 2165 1957 2223 ipso
1975 2166 2064 2213 erit
2147 2210 2151 2211 γ

159 2229 300 2282 caput
325 2224 537 2269 omnium
559 2224 808 2280 malorum,
834 2225 1011 2270 scilicet
1034 2225 1264 2281 diabolus,
1290 2225 1372 2283 qui
1401 2230 1473 2271 est
1493 2239 1576 2272 rex
1593 2239 1736 2285 super
1757 2239 1922 2273 omnes
1940 2225 2062 2273 filios

159 2286 408 2344 superbiae.
430 2305 451 2325 »
483 2287 583 2329 Non
607 2290 762 2331 autem
788 2286 963 2331 dicitur
996 2287 1044 2331 in
1075 2299 1130 2331 eo
1155 2300 1258 2332 esse
1281 2300 1364 2344 per
1392 2287 1616 2334 unionem
1641 2289 1950 2347 personalem,
1975 2303 2063 2336 nec

159 2359 244 2404 per
264 2347 567 2391 intrinsecam
589 2346 1004 2392 inhabitationem:
1031 2348 1141 2405 quia
1162 2348 1261 2393 sola
1291 2349 1489 2394 Trinitas
1509 2351 1656 2395 menti
1674 2350 1894 2408 illabitur,
1919 2355 1973 2397 ut
1993 2351 2063 2397 di·
2132 2366 2133 2370 ¹

161 2409 282 2454 citur
294 2408 389 2464 (lib.
411 2411 474 2453 De
491 2408 657 2453 eccles.
676 2409 834 2465 dogm.
850 2422 951 2466 cap.
979 2412 1070 2465 83),
1097 2410 1180 2455 sed
1199 2423 1282 2468 per
1303 2411 1493 2457 malitiae
1517 2412 1751 2458 effectum.

205 2470 283 2515 ·Ad
300 2471 545 2514 secundum
561 2471 830 2528 dicendum,
847 2471 988 2528 quod,
1007 2472 1128 2516 sicut
1142 2478 1282 2529 caput
1300 2473 1466 2519 Christi
1486 2480 1560 2519 est
1571 2477 1708 2533 Deus,
1728 2479 1945 2521 ettamen
1961 2475 2062 2534 ipse
2106 2451 2115 2457 χ

161 2536 234 2577 est
250 2537 391 2589 caput
409 2530 641 2590 Ecclesiae,
666 2532 726 2576 ut'
740 2545 883 2589 supra
907 2533 1082 2578 dictum
1102 2539 1173 2579 est
1198 2537 1302 2588 (art.
1321 2540 1341 2579 1
1366 2535 1466 2593 huj.
1495 2541 1661 2593 quaest.
1690 2537 1751 2583 ad
1769 2539 1830 2597 2),
1850 2537 1915 2583 ita
1938 2537 2063 2583 anti-

161 2592 364 2638 christus
385 2597 458 2638 est
471 2594 734 2639 membrum
752 2594 939 2650 diaboli,
965 2600 1011 2640 et
1030 2600 1186 2640 tamen
1207 2602 1278 2641 est
1292 2602 1434 2654 caput
1452 2597 1699 2644 malorum.

217 2654 285 2699 Ad
300 2657 484 2698 tertium
507 2654 774 2713 dicendum,
792 2656 918 2712 quod
936 2656 1237 2702 antichristus
1258 2670 1352 2702 non
1383 2658 1552 2703 dicitur
1574 2664 1716 2717 caput
1732 2659 1943 2705 omnium
1963 2672 2061 2704 ma-

161 2716 314 2761 lorum
329 2720 518 2774 propter
537 2716 889 2763 similitudinem
907 2719 1178 2776 influentiae,
1195 2720 1276 2764 sed
1301 2725 1489 2778 propter
1510 2721 1861 2768 similitudinem
1881 2722 2062 2779 perfec-

163 2777 319 2822 tionis.
358 2779 409 2821 In
441 2789 498 2824 eo
527 2779 653 2823 enim
686 2779 900 2825 diabolus
936 2781 1070 2837 quasi
1104 2782 1328 2826 malitiam
1358 2795 1494 2827 suam
1527 2782 1667 2829 ducet
1700 2784 1759 2829 ad
1791 2787 1949 2842 caput,
1979 2796 2064 2841 per

162 2839 354 2944 motgum
372 2851 470 2945 quo
491 2840 660 2886 dicitur
682 2841 850 2899 aliquis
871 2842 930 2887 ad
959 2848 1100 2899 caput
1120 2856 1259 2889 suum
1289 2845 1580 2901 propositum
1602 2845 1790 2904 ducere,
1816 2849 1925 2892 cum
1946 2845 2062 2892 illud

162 2912 246 2955 per
265 2912 387 2946 ecem
411 2933 422 2945 .

891 2989 1199 3053 QUAESTIO
1239 2990 1333 3045 IX.

268 3097 329 3131 DE
360 3098 570 3135 SCIENTIA
600 3100 788 3136 CHRISTI
821 3102 866 3136 IN
898 3101 1129 3151 COMMUNI,
1166 3104 1213 3137 IN
1248 3103 1468 3145 QUATUOR
1501 3105 1760 3143 ARTICULOS
1787 3107 1955 3144 mvlsa.

213 3184 368 3226 Deinde
381 3187 727 3228 considerandum
743 3192 803 3229 est
817 3189 866 3229 de
880 3190 1051 3230 scientia
1069 3190 1222 3230 Christi
1241 3207 1249 3231 z
1270 3194 1376 3233 circa
1392 3205 1519 3246 quam
1537 3195 1618 3234 duo
1640 3194 1934 3235 consideranda
1947 3198 2058 3235 sunt.

164 3239 304 3302 Primo
315 3251 443 3291 quam
456 3242 670 3282 scientiam
682 3243 866 3284 Christus
880 3244 1083 3285 habuerit.
1100 3246 1285 3286 Secundo
1302 3248 1350 3287 de
1369 3260 1615 3300 unaquaque
1630 3249 1900 3290 scientiarum
1911 3248 2058 3302 ipsius

165 3294 281 3333 Circa
297 3296 481 3356 primum
495 3300 738 3347 quaeruntur
752 3301 954 3348 quatuor:
978 3306 1014 3339 1⁰
1037 3301 1182 3340 Utrum
1208 3301 1395 3342 Christus
1422 3302 1612 3342 habuerit
1633 3303 1819 3356 aliquam
1847 3304 2063 3347 scientiam:

165 3353 311 3399 praeler
327 3350 528 3391 divinam.
545 3373 590 3381 -
609 3359 647 3391 2⁰
665 3352 811 3392 Utrum
827 3353 1018 3394 habuerit
1037 3355 1254 3395 scientiam
1270 3369 1398 3408 quam
1414 3357 1569 3397 habent
1594 3358 1702 3398 beati
1717 3359 1782 3398 vel
1796 3359 2062 3410 comprehenssl

166 3414 289 3442 sores.
307 3425 352 3432 —
371 3409 409 3442 3⁰
423 3405 572 3446 Utrum
592 3406 785 3446 habuerit
809 3408 1024 3449 scientiam
1050 3408 1229 3449 inditam
1251 3412 1317 3451 vel
1343 3411 1541 3452 infusam.
1564 3434 1612 3440 —
1632 3416 1673 3451 4⁰
1697 3412 1846 3453 Utrum
1874 3412 2060 3453 habuerit

166 3457 351 3507 aliquam
369 3459 584 3500 scientiam
600 3461 856 3512 acquisitam.
