2170 3808
732 211 930 263 QUAEST.
960 210 1097 268 XLIX,
1127 210 1244 254 ART.
1274 211 1308 253 V
1334 210 1399 253 ET
1426 210 1492 253 vl.
1965 213 2039 256 421

176 295 374 354 pretium
394 307 477 352 pro
497 292 647 349 nohis,
669 292 751 337 sed
770 292 909 336 etiam
929 292 956 335 a
969 292 1171 349 peccatis
1192 291 1390 348 propriis
1411 289 1716 347 singulorum,
1736 290 1811 346 qui
1833 302 2046 336 commu-

177 357 335 403 nicant
355 355 456 413 ejus
473 353 677 412 passioni
701 365 784 409 per
805 352 962 410 fidem,
984 357 1032 397 et
1047 351 1332 407 charitatem,
1352 355 1400 397 et
1420 350 1524 396 fidei
1545 355 1850 396 sacramenta.
1869 353 1924 396 Et
1940 352 2045 398 ideo

175 431 259 475 per
279 417 540 475 passionem
559 414 720 466 Christi
743 419 903 472 aperta
918 419 991 460 est
1011 413 1146 458 nobis
1163 413 1310 469 janua
1331 413 1463 469 regni
1481 412 1681 458 coelestis
1702 414 1777 468 (1).
1800 415 1853 458 Et
1870 414 1959 458 hoc
1973 419 2046 460 est

177 479 301 536 quod
318 478 561 537 Apostolus
583 476 694 522 dicit
711 476 862 530 (Hehr.
883 478 1021 533 1x‚·2),
1043 474 1167 532 qued
1188 474 1396 518 Christus
1415 477 1625 518 assistens
1641 476 1847 530 pontifex
1864 477 2044 530 futuro-

173 544 280 586 'rum
301 541 528 595 bonorum,
549 551 635 596 per
653 540 887 595 proprium
909 538 1196 594 sanquinem,
1222 536 1427 578 introivit
1444 534 1578 577 semel
1601 537 1650 578 in
1670 539 1848 593 sancia,
1873 539 2045 582 aeterna

175 604 478 660 redemptione
495 602 692 644 inventa.
713 601 766 643 Et
780 600 870 644 hoc
891 598 1120 656 figuratur
1134 598 1335 652 (Numer.
1357 609 1485 652 xxxv,
1507 598 1601 652 25),
1620 596 1699 641 ubi
1719 598 1900 654 dicitur,
1920 598 2045 656 quod

176 664 402 710 homicida
423 662 619 707 manebit
639 662 701 704 ibi
717 694 729 716 ,
750 661 926 706 scilicet
946 660 994 704 in
1021 658 1205 705 civitate
1225 657 1416 714 refugii,
1440 659 1580 702 donec
1596 660 1816 703 Sacerdos
1834 673 2040 718 magmas,

177 727 255 781 qui
273 725 366 770 oleo
393 727 547 768 sancto
564 725 728 767 unctus
758 726 849 776 est,
868 724 1120 777 moriatur,-
1144 734 1228 776 quo
1249 722 1424 764 mortuo
1449 720 1618 776 poterit
1641 722 1691 762 in-
1713 721 1895 764 domum
1914 735 2043 766 suam

175 786 341 832 redire.

230 846 298 893 Ad
320 849 516 905 primum
537 855 648 901 ergo
663 844 928 902 dicendum,
950 843 1077 901 qued
1094 843 1240 888 sancti
1261 847 1417 899 patres
1431 840 1664 899 operando
1679 854 1819 899 opera
1835 843 2040 902 justitiae,

175 911 444 953 meruerunt
461 906 703 962 introitum
725 906 856 963 regni
884 906 1085 951 coelestis
1116 917 1199 963 per
1229 901 1368 950 fidem
1391 903 1626 961 passionis
1647 904 1841 961 Christi,
1871 917 2043 951 secun-

176 969 285 1015 dum
307 968 422 1016 iilud
448 968 598 1024 (Hebr.
629 981 696 1022 xi,
723 970 794 1023 33)
823 986 834 1013 ε
860 970 1019 1013 Sancti
1047 980 1130 1025 per
1162 968 1297 1021 fidem
1324 968 1525 1010 vicerunt
1555 979 1714 1023 reqna,
1736 969 1914 1024 operati
1939 971 2045 1013 sunt

167 1031 396 1089 justitiam
416 1046 431 1072 :
452 1043 537 1088 per
560 1042 701 1087 quam
719 1030 859 1075 etiam
882 1028 1210 1086 unusquisque
1231 1029 1257 1072 a
1280 1032 1470 1084 peccato
1491 1027 1792 1084 purgabatur,
1817 1029 2043 1085 quantum

174 1092 370 1150 pertinet
396 1091 457 1137 ad
478 1090 854 1136 emundationem
882 1090 1080 1148 propriae
1112 1100 1342 1146 personae.
1367 1091 1463 1133 Non
1495 1092 1648 1133 tamen
1677 1089 1875 1147 alicujus
1902 1090 2040 1147 fidae,

174 1152 250 1200 vel
263 1153 443 1212 justitia
464 1153 720 1199 sufficiehat
737 1152 798 1198 ad
816 1152 1148 1197 removendum
1172 1151 1551 1207 impedimentum
1574 1152 1698 1208 quod
1720 1157 1818 1197 erat
1834 1164 1917 1209 per
1937 1165 2043 1198 rea-

175 1221 274 1261 tum
296 1217 438 1263 totius
459 1217 674 1262 humanae
694 1218 945 1270 creaturae3
967 1214 1092 1271 quod
1115 1213 1303 1269 quidem
1326 1219 1555 1258 remotum
1588 1218 1659 1259 est
1681 1215 1827 1270 pretio
1850 1216 2044 1272 sangui-

174 1277 248 1322 nis
268 1278 450 1324 Christi.
475 1280 530 1322 Et
551 1276 655 1321 ideo
676 1280 785 1320 ante
805 1274 1071 1332 passionem
1094 1274 1256 1319 Christi
1281 1275 1437 1320 nullus
1459 1275 1631 1320 intrare
1651 1280 1828 1332 poterat
1845 1289 2042 1334 regnum

172 1337 683 1395 coeleste,adipiscendo
700 1336 874 1382 scilicet
883 1336 1217 1382 beatitudinem
1233 1341 1470 1391 aeternam,
1491 1349 1596 1393 quae
1614 1337 1824 1382 consistit
1840 1337 1887 1382 in
1905 1338 2040 1395 plena

171 1398 247 1443 Dei
265 1399 496 1444 fruitione.

226 1457 292 1505 Ad
313 1461 558 1504 secundum
579 1458 853 1516 dicendum,
872 1458 997 1516 quod
1021 1458 1141 1504 Elias
1164 1457 1436 1503 sublevatus
1465 1463 1536 1504 est
1556 1459 1602 1503 in
1630 1459 1799 1504 coelum
1829 1473 2041 1519 aereum,

172 1533 267 1566 non
290 1525 445 1566 autem
467 1521 514 1566 in
538 1521 709 1567 coelum
739 1532 1013 1579 empyreum
1030 1552 1043 1577 ‚
1066 1520 1144 1577 qui
1170 1523 1241 1565 est
1269 1520 1403 1565 locus
1432 1525 1699 1566 sanctorum
1722 1537 1733 1565 ε
1761 1520 1806 1566 et
1835 1522 2042 1569 similiter

171 1583 309 1627 etiam
326 1582 480 1627 Enoch
500 1588 661 1640 raptus
682 1582 831 1627 estad
851 1581 1114 1639 paradisum
1138 1586 1418 1637 terrestrem,
1441 1581 1523 1627 ubi
1542 1594 1648 1626 cum
1667 1582 1762 1627 Elia
1782 1583 1922 1629 simul
1939 1597 2042 1630 cre·

173 1644 295 1690 ditur
315 1644 471 1690 vivere
488 1657 639 1702 usque
661 1645 719 1689 ad
741 1644 993 1689 adventum
1014 1643 1278 1689 Antichristi
1295 1646 1370 1699 (2).
1811 1687 1814 1690 ,
2008 1690 2011 1692 .

225 1706 292 1753 Ad
304 1710 487 1751 tertium
502 1705 764 1763 dicendum,
780 1705 921 1764 quod,
937 1703 1060 1751 sicut
1075 1717 1218 1763 supra
1236 1705 1411 1750 dictum
1427 1710 1500 1750 est
1515 1707 1698 1763 (quaest.
1718 1720 1860 1765 xxxix,
1877 1711 1963 1753 art.
1983 1710 2040 1766 5),

172 1767 347 1813 Christo
368 1766 611 1825 baptizatO,
634 1767 779 1825 aperti
800 1771 911 1813 sunt
927 1767 1050 1823 coeli,
1073 1779 1167 1812 non
1189 1771 1377 1825 propter
1396 1767 1551 1824 ipsum
1571 1768 1813 1826 Christum,
1828 1769 1902 1814 cui
1921 1781 2043 1825 sem-

171 1840 256 1886 per
274 1829 446 1876 coelum
467 1829 641 1887 patuit,
669 1830 753 1875 sed
775 1829 835 1875 ad
853 1828 1215 1887 significandum
1237 1829 1363 1887 qued
1383 1829 1556 1874 coelum
1575 1830 1781 1886 aperitur
1801 1830 2042 1888 baptizatis

171 1891 401 1948 baptismo
421 1891 600 1945 Christi,
622 1891 730 1948 quia
747 1893 803 1946 (3)
826 1891 967 1936 habet
989 1891 1246 1936 efficaciam
1264 1903 1323 1936 ex
1340 1891 1557 1949 passione
1576 1891 1738 1949 ipsius.v
1883 1915 1886 1917 ·

224 1952 292 1998 Ad
320 1956 534 2010 quartum
557 1952 805 1998 dicendum
821 1986 834 2010 ,
861 1952 987 2010 quod
1019 1952 1226 1999 Christus
1254 1955 1342 1998 sua
1371 1953 1587 2010 passione
1617 1953 1788 1999 meruit
1810 1953 1945 2000 nobis
1967 1955 2042 1999 in-
2098 1966 2104 2006 ι

169 2014 356 2060 troitum
373 2015 506 2071 regni
527 2015 754 2071 coelestiS,
781 2018 828 2059 et
853 2014 1233 2072 impedimentum
1256 2016 1478 2072 removit,
1503 2015 1587 2061 sed
1605 2028 1687 2072 per
1716 2027 1849 2061 suam
1877 2028 2042 2062 ascen·
2099 2013 2101 2027 ³

169 2077 349 2123 sionem
370 2089 456 2121 nos
477 2077 612 2133 quasi
630 2077 678 2120 in
701 2076 1045 2133 possessionem
1066 2077 1201 2134 regni
1220 2077 1423 2123 coelestis
1438 2077 1707 2122 introduxit.
1729 2080 1784 2122 Et
1803 2077 1907 2122 ideo
1926 2077 2042 2123 dici·
2101 2075 2103 2083 ²

169 2142 246 2184 tur
263 2138 389 2196 qued
410 2140 616 2182 ascendit
633 2138 843 2195 pandens
865 2141 954 2183 iter
970 2143 1078 2183 anie
1095 2153 1186 2185 eos,

167 2202 511 2246 ARTICULUS
538 2203 621 2248 VI.
649 2225 700 2233 —
732 2214 867 2245 urium
891 2214 1087 2246 cnms‘rus
1113 2215 1194 2245 PER
1216 2215 1324 2246 sum
1346 2213 1571 2245 msslosssu
1598 2214 1807 2245 ussnmim'r
1827 2214 2040 2250 exuram.

203 2281 206 2283 ’
641 2269 689 2303 De
707 2268 760 2303 his
777 2269 877 2304 otiam
899 2269 994 2305 Sent,
1009 2277 1063 2310 111,
1081 2268 1160 2304 dist.
1182 2270 1236 2311 ⁴8,
1252 2273 1314 2303 art.
1333 2269 1366 2310 A,
1389 2275 1503 2309 quoest.
1520 2277 1572 2302 ιιι.
1714 2279 1716 2281 ·

223 2322 291 2368 Ad
312 2327 494 2368 sextum
514 2323 582 2368 sie
595 2322 875 2380 proceditur.
891 2327 912 2368 1
923 2355 934 2367 .
952 2323 1138 2368 Videtur
1156 2322 1280 2380 quod
1297 2322 1501 2367 Christus
1522 2334 1605 2378 per
1623 2334 1757 2367 suam
1775 2324 2040 2379 passionem

170 2395 264 2429 non
286 2384 509 2430 meruerit
528 2385 737 2430 exaltari.
760 2385 1030 2430 sicutenim
1051 2385 1254 2442 cognitio
1272 2384 1479 2430 veritatis
1501 2389 1574 2429 est
1592 2385 1830 2442 proprium
1851 2389 1958 2443 Deo,
1978 2388 2042 2432 ita

169 2448 216 2492 et
233 2445 508 2502 sublimitaS‚
532 2446 790 2491 secundum
811 2446 927 2491 illud
952 2447 1088 2502 (Psal.
1112 2459 1214 2504 exn,
1234 2449 1277 2500 4)
1296 2463 1306 2490 ε
1331 2446 1549 2489 Excelsus
1571 2460 1707 2503 super
1724 2460 1873 2491 omnes
1890 2453 2041 2505 qentes

167 2505 396 2561 Dominus,
420 2510 465 2551 et
484 2520 621 2564 super
640 2508 774 2551 coelos
794 2507 947 2564 qloria
966 2511 1079 2565 ejus.
1102 2508 1190 2554 Sed
1213 2507 1434 2563 Christus,
1456 2508 1713 2553 secundum
1739 2509 1863 2566 quod
1885 2510 2039 2570 homo,

166 2567 329 2614 habuit
346 2568 659 2626 cognitionem
677 2569 830 2614 omnis
847 2569 1072 2624 veritatis,
1093 2582 1186 2614 non
1204 2582 1262 2615 ex
1278 2570 1431 2626 aliquo
1450 2570 1614 2615 merito
1637 2571 1941 2630 praecedente,
1958 2572 2041 2618 sed

167 2641 226 2675 ex
245 2629 347 2688 ipsa
363 2630 536 2675 unione
554 2631 631 2675 Dei
652 2635 700 2676 et
714 2631 932 2688 hominis,
956 2632 1214 2676 secundum
1236 2631 1353 2676 illud
1374 2634 1516 2685 (Joan.
1539 2645 1568 2687 1,
1589 2634 1689 2685 14):
1716 2632 1922 2676 Vidimus
1940 2634 2042 2690 qlo-

166 2692 287 2736 riam
300 2692 412 2749 ejus,
426 2693 623 2749 qloriam
640 2694 771 2748 quasi
786 2695 1010 2750 uniqeniti
1029 2694 1058 2736 ὰ
1076 2697 1229 2747 Patre,
1246 2692 1429 2748 plenum
1444 2694 1604 2748 qratiae
1621 2696 1662 2735 et
1677 2695 1901 2738 veritatis.
1919 2697 2038 2752 Ergo

170 2765 323 2811 neque
340 2753 664 2798 exaltationem
686 2753 847 2798 hahuit
865 2767 924 2799 ex
944 2754 1114 2800 merito
1138 2754 1382 2811 passioniS,
1412 2754 1494 2799 sed
1512 2765 1570 2798 ex
1592 2754 1691 2798 sola
1711 2754 1901 2800 unione.

220 2816 266 2859 2.
295 2816 534 2872 Praeterea,
554 2815 761 2860 Christus
781 2816 952 2861 meruit
970 2815 1057 2861 sibi
1080 2814 1107 2859 a
1124 2816 1274 2872 primo
1298 2815 1491 2860 instanti
1513 2827 1612 2860 suae
1633 2815 1966 2874 conceptionis,
1989 2820 2041 2862 ut

167 2887 309 2932 supra
327 2874 538 2920 habitum
556 2881 628 2921 est
647 2879 826 2934 (quaest.
847 2892 989 2938 xxxw,
1010 2882 1096 2922 art.
1120 2880 1176 2933 3).
1201 2879 1299 2922 Non
1324 2881 1479 2922 autem
1501 2876 1650 2934 major
1671 2877 1872 2922 charitas
1885 2877 1975 2924 fuit
1991 2878 2038 2923 in

168 2947 224 2981 eo
243 2940 449 2993 tempore
469 2937 699 2992 passionis
728 2939 870 2996 quam
899 2944 1022 2985 ante.
1045 2940 1156 2984 Ciim
1178 2951 1292 2997 ergo
1325 2939 1523 2984 charitas
1545 2938 1605 2983 sit
1630 2939 1838 2984 merendi
1866 2939 2037 2996 princi-

166 2996 322 3054 pium,
351 2997 534 3104 {idetur
561 2998 685 3055 qued
706 3011 802 3045 non
829 3002 980 3058 magis
1000 3002 1223 3046 meruerit
1251 3012 1333 3058 per
1359 3001 1624 3057 passionem
1645 3000 2037 3047 suam'exaltatio-

166 3070 276 3105 nem
294 3071 355 3116 qu
388 3071 435 3104 m
455 3064 577 3105 ante.

221 3122 263 3165 3.
293 3123 544 3178 Praeterea,
576 3120 724 3178 gloria
741 3123 946 3181 corporis
966 3124 1161 3168 resultat
1181 3136 1240 3168 ex
1262 3123 1410 3180 gloria
1442 3122 1633 3180 animae,
1665 3128 1719 3167 ut
1749 3124 2035 3179 Augustinus

166 3180 278 3226 dicit
298 3181 361 3236 <in
378 3182 511 3239 epist.
529 3182 588 3227 ad
607 3182 889 3240 Dioscorum,
908 3187 1006 3240 118,
1029 3185 1090 3229 al.
1112 3188 1183 3239 56,
1205 3191 1312 3229 ante
1333 3184 1489 3239 med.).
1508 3184 1593 3229 Sed
1608 3184 1814 3230 Chr1stus
1828 3197 1911 3241 per
1929 3197 2035 3242 pas-

167 3241 345 3287 sionem
365 3255 498 3288 suam
521 3255 614 3288 non
637 3243 806 3288 meruit
825 3245 1148 3290 exaltationem
1167 3246 1394 3302 quantum
1417 3246 1474 3291 ad
1499 3245 1692 3302 gloriam
1720 3247 1903 3301 animae,
1928 3245 2035 3302 quia

206 3339 250 3383 (l)
264 3338 351 3374 Hine
371 3338 458 3374 dixit
475 3339 626 3375 Clu-istus
639 3338 764 3374 latroni
781 3340 817 3373 in
832 3352 933 3375 cruce
950 3349 956 3370 ³
981 3341 1052 3376 Ho-
1139 3345 1174 3376 et
1195 3341 1375 3382 theologos,
1400 3341 1584 3384 docentque
1600 3352 1656 3376 eos
1669 3341 1712 3376 ab
1739 3341 1943 3377 Antichristo
1967 3351 2034 3375 csse

167 3385 227 3421 die
247 3396 384 3422 mecum
400 3387 477 3422 eris
491 3387 535 3422 in
554 3387 736 3431 paradiso
753 3387 844 3429 (Luc.
862 3388 972 3429 xxm).
1139 3388 1402 3424 interficiendos.

205 3433 250 3475 (2)
273 3433 352 3469 Haec
373 3433 559 3469 communis
583 3435 748 3469 sententia
767 3440 818 3471 est
835 3435 922 3476 apud
941 3436 1056 3470 Patres
1179 3436 1223 3479 (5)
1238 3437 1367 3472 Nicolai
1382 3439 1460 3483 qui.
