2170 3808
646 218 844 272 QUAEsr.
874 218 931 274 v,
961 218 1081 261 ΛΒΤ.
1109 218 1164 261 111
1193 217 1260 262 ET
1285 219 1355 262 lv.
1890 221 1943 262 57

54 299 194 346 modo
216 300 341 346 enim
363 300 542 346 dicetur
557 300 616 355 (⁴)
630 298 949 356 OmnipotenS,
971 298 1012 343 si
1032 310 1195 343 curare
1216 311 1311 343 non
1333 298 1484 356 potuit
1516 299 1839 355 desperatam?
1862 307 1942 344 aut

55 363 288 420 quomodo
306 361 522 411 omnium³
536 363 675 418 Deus,
696 359 846 406 sinon
865 360 964 417 ipse
984 359 1093 405 fecit
1106 360 1308 405 animam
1328 364 1562 405 nostram?
1581 359 1771 405 Duobus
1786 365 1942 406 autem

54 423 176 481 aliis,
200 425 249 469 in
269 436 364 470 uno
383 423 551 469 animae
574 434 717 468 causa
736 421 958 480 nescitur,
976 420 1026 464 in
1048 421 1193 466 altero
1208 422 1425 467 meritum
1447 434 1543 466 non
1565 426 1766 467 tenetur.
1782 426 1850 468 An
1866 422 1942 468 in-

54 485 262 542 telligere
284 495 473 530 causam
492 483 732 540 putandus
746 487 818 528 est
834 482 1019 535 animae,
1040 481 1121 539 qui
1136 493 1240 526 eam
1258 482 1318 528 ad
1341 482 1661 539 accipiendam
1682 483 1834 540 legem
1854 484 1943 528 ha-

52 544 156 592 bitu
168 547 321 593 insitae
330 545 522 591 rationis
538 545 815 590 instructam
831 543 859 587 a
871 549 1060 602 peccato
1079 543 1353 588 voluntariae
1370 544 1759 600 transgressionis
1780 545 1944 590 nititur

55 612 310 664 separare?
337 611 425 652 Aut
450 606 683 664 quomodo
711 605 815 664 ejus
851 604 1209 662 generositatem
1242 605 1372 649 novit
1393 604 1474 662 qui
1510 605 1809 660 ignobilitatis
1832 606 1944 651 vitio

55 668 168 714 di'eit
178 680 281 714 esse
295 668 589 726 despectam?
603 668 648 712 Si
661 667 889 725 originem
902 666 1131 724 attendaS,
1146 666 1390 723 pretiosior
1401 671 1473 711 est
1487 668 1655 711 animae
1665 667 1941 724 substantia3

55 730 97 774 si
113 729 499 787 transgressionis
514 728 717 787 culpam,
734 732 921 786 propter
935 728 1307 784 intelligentiam,
1333 727 1465 785 pejor
1483 732 1556 773 est
1573 740 1729 773 carne.
1747 731 1842 785 Ego
1861 742 1943 774 au-

55 795 151 836 tem
172 792 401 837 Christum
420 796 466 837 et
486 791 740 848 perfectam
761 790 1039 848 sapientiam
1061 790 1165 834 dico
1186 795 1231 835 et
1251 790 1364 846 scio,
1381 794 1428 834 et
1442 789 1708 847 piissimum
1729 802 1832 835 esse
1848 803 1943 836 non

55 851 244 898 dubito:
262 865 461 911 quorum
479 852 628 910 primo
645 853 902 910 meliorem,
918 857 965 897 et
984 851 1244 909 prudentiae
1266 863 1484 908 capacem
1499 863 1595 895 non
1619 851 1855 908 despexit3
1868 864 1944 897 se-

55 914 211 959 cundo
221 926 323 960 eam
345 927 449 972 quae
464 915 614 971 magis
625 914 779 959 fuerat
801 914 1059 971 vulnerata,
1077 913 1298 970 suscepit.
1315 931 1335 952 »
1358 911 1506 958 Tertio
1527 912 1639 958 vero
1658 913 1759 958 haec
1778 912 1943 968 positio

59 980 131 1020 est
147 980 306 1021 contra
326 975 476 1033 ipsam
494 975 827 1022 incarnationis
849 976 1104 1020 veritatem.
1126 977 1240 1019 Caro
1262 974 1389 1019 enim
1414 981 1462 1019 et
1481 979 1663 1020 caeterae
1681 979 1838 1032 partes
1859 974 1944 1019 ho-

56 1036 196 1082 minis
216 1049 298 1095 per
315 1038 519 1083 animam
538 1038 739 1096 speciem
761 1037 1034 1083 sortiuntur.
1053 1037 1199 1095 Unde,
1220 1036 1466 1082 recedente
1488 1036 1661 1092 anima,
1685 1049 1780 1080 non
1802 1041 1873 1081 est
1891 1049 1943 1082 os

57 1103 138 1143 aut
158 1111 282 1156 caro,
307 1100 397 1145 nisi
420 1099 674 1158 aequivoce,
695 1106 750 1144 ut
774 1104 902 1156 patet
921 1111 1003 1156 per
1021 1098 1347 1156 Philosophum
1365 1100 1445 1153 (De
1465 1099 1636 1154 anima,
1658 1098 1739 1142 lib.
1759 1112 1807 1154 11,
1830 1103 1940 1144 text.

57 1161 100 1217 9,
125 1165 172 1204 et
190 1161 500 1218 Metaph.,lib.
520 1174 599 1217 vn,
614 1165 724 1206 text.
749 1163 834 1216 34).

112 1222 179 1267 Ad
199 1226 396 1278 primum
417 1235 529 1280 ergo
549 1222 818 1279 dicendum,
837 1221 962 1279 quod
983 1221 1091 1265 cum
1112 1221 1302 1266 dicitur:
1325 1222 1519 1265 Verbum
1542 1235 1650 1265 caro
1668 1225 1842 1276 factum
1861 1226 1941 1277 est,

58 1294 166 1327 caro
190 1284 377 1339 ponitur
392 1297 477 1341 pro
505 1288 601 1329 toto
623 1283 828 1340 homine,
849 1295 904 1327 ac
922 1282 962 1327 si
982 1282 1212 1327 diceretur
1235 1296 1248 1327 :
1277 1283 1472 1327 Verbum
1501 1284 1637 1331 homo,
1654 1285 1830 1338 factum
1858 1288 1940 1339 est,

58 1345 178 1389 sicut
197 1351 243 1390 et
263 1348 365 1400 (Isa.
385 1360 456 1404 x1.,
471 1348 550 1402 5):
569 1347 749 1391 Videbit
771 1349 914 1389 omnis
931 1358 1038 1389 caro
1047 1349 1228 1401 pariter
1244 1346 1365 1401 quod
1388 1359 1435 1388 os
1450 1348 1631 1388 Domini
1648 1346 1847 1389 locutum
1862 1349 1941 1390 est.

59 1405 164 1451 Ideo
184 1413 340 1453 autem
359 1412 484 1452 totus
504 1408 643 1452 homo
665 1419 750 1465 per
768 1418 957 1451 carnem
978 1406 1282 1464 significatur,
1304 1406 1430 1463 quia,
1448 1411 1503 1451 ut
1526 1406 1695 1451 dicitur
1724 1406 1772 1451 in
1789 1410 1946 1452 aucto-

60 1467 193 1513 ritate
211 1468 414 1526 inducta,
433 1481 517 1526 per
534 1481 723 1515 carnem
742 1468 885 1513 Filius
898 1467 977 1514 Dei
997 1467 1194 1513 visibilis
1218 1468 1456 1525 apparuit3
1477 1468 1603 1513 unde
1623 1467 1866 1513 subditur:
1883 1471 1945 1511 Et

60 1531 254 1574 vidimus
270 1532 468 1588 qloriam
486 1535 600 1590 ejus.
611 1530 693 1576 Vel
706 1531 827 1590 ideo,
841 1530 968 1588 quia,
982 1535 1036 1574 ut
1048 1530 1336 1587 Augustinus
1353 1530 1463 1574 dicit
1482 1529 1757 1584 (Quaestlib.
1775 1543 1942 1586 Lxxxm,

60 1599 225 1648 quaest.
245 1595 316 1650 80,
335 1605 502 1651 parum
524 1593 551 1637 a
569 1593 751 1651 princ),
779 1610 800 1631 α
831 1592 879 1637 in
911 1596 1007 1636 tota
1029 1591 1109 1636 illa
1141 1592 1318 1636 unitate
1353 1591 1660 1648 susceptionis
1693 1591 1946 1648 principale

60 1652 257 1698 Verbum
280 1661 368 1711 est,
391 1661 596 1700 extrema
617 1659 774 1700 autem
794 1658 934 1712 atquc
954 1654 1122 1698 ultima
1141 1666 1264 1698 caro.
1282 1653 1451 1698 Volens
1474 1654 1630 1710 itaque
1648 1654 1946 1710 Evangelista

61 1715 386 1761 commendare
398 1729 483 1773 pro
503 1714 638 1760 nobis
652 1715 946 1760 dilectionem
966 1714 1239 1759 humilitatis
1254 1715 1349 1771 Dei,
1370 1715 1568 1759 Verbum
1591 1720 1637 1759 et
1651 1726 1839 1759 carnem
1858 1727 1947 1760 no-

62 1774 272 1831 minavit,
284 1779 636 1834 praetermittens
649 1778 870 1834 animam,
879 1789 984 1833 quae
999 1776 1222 1821 estVerbo
1239 1776 1444 1831 inferior,
1457 1789 1598 1820 carne
1608 1775 1941 1833 praestantior.»

64 1835 346 1882 Rationabile
367 1839 504 1883 etiam
525 1837 613 1884 fuit
631 1845 686 1883 ut
709 1838 970 1882 nominaret
991 1849 1197 1893 carnem,
1214 1850 1319 1894 quae
1335 1844 1527 1895 propter
1543 1839 1633 1882 hoc
1650 1837 1774 1895 quod
1796 1839 1947 1895 magis

38 1895 41 1897 ’
63 1897 205 1942 distat
225 1898 252 1942 a
270 1899 434 1957 Verbo,
449 1899 606 1944 minsis
631 1899 966 1956 assumptibilis
982 1899 1242 1943 videbatur.

118 1959 184 2004 Ad
203 1962 447 2004 secundum
461 1960 728 2016 dicendum,
751 1961 876 2017 quod
900 1959 1099 2004 Verbum
1121 1965 1191 2004 est
1217 1960 1323 2005 fons
1345 1961 1468 2018 vitae,
1495 1961 1618 2006 sicut
1634 1961 1784 2018 prima
1805 1973 1948 2007 causa

65 2021 169 2064 vitae
192 2021 426 2078 effectiva3
458 2022 543 2067 sed
564 2021 719 2069 anima
737 2021 830 2066 “est
855 2021 1135 2079 principium
1152 2021 1258 2065 vitae
1280 2023 1503 2081 corporis,
1542 2028 1764 2078 tanquam
1799 2022 1948 2067 forma

63 2081 210 2138 ipsms
227 2083 401 2126 :forma
423 2088 577 2128 autem
601 2088 672 2128 est
697 2083 893 2128 effectus
912 2084 1108 2140 agentis
1134 2084 1263 2128 Unde
1289 2096 1348 2128 ex
1369 2085 1616 2141 praesentia
1639 2083 1773 2128 Verbi
1797 2085 1947 2142 magis

61 2142 277 2189 concludi
298 2150 456 2201 posset
477 2143 602 2201 quod
618 2156 788 2201 corpus
802 2150 927 2188 esset
940 2144 1221 2200 animatum3
1247 2144 1367 2189 sicut
1381 2157 1440 2189 ex
1456 2145 1704 2201 praesentia
1723 2145 1846 2201 ignis
1864 2159 1946 2203 po·

64 2210 155 2249 test
171 2205 386 2251 concludi
408 2205 533 2264 quod
550 2217 718 2262 corpus
733 2205 808 2249 cui
824 2206 949 2263 ignis
972 2205 1189 2264 adhaeret,
1211 2207 1270 2250 sit
1282 2207 1500 2251 calidum.

118 2266 185 2312 Ad
203 2270 384 2322 tertium
402 2266 668 2322 dicendum,
688 2266 812 2324 quod
838 2279 934 2312 non
954 2275 1027 2311 est
1044 2267 1395 2324 inconvenieus,
1420 2268 1514 2313 imo
1536 2268 1852 2312 necessarium
1872 2270 1946 2314 di-

62 2339 182 2385 cere,
212 2327 337 2385 quod
365 2328 415 2373 in
445 2329 622 2374 Christo
652 2326 792 2377 fuerit
815 2333 999 2385 natura,
1021 2341 1128 2386 quae
1153 2330 1449 2375 constituitur
1489 2342 1573 2386 per
1611 2329 1818 2374 animam
1845 2343 1947 2375 cor-

63 2390 164 2446 pori
185 2390 521 2437 advenientem.
546 2393 860 2443 Damascenus
884 2397 1038 2435 autem
1059 2396 1200 2447 negat
1222 2391 1270 2435 in
1293 2392 1487 2436 Domino
1515 2394 1624 2436 Jesu
1646 2391 1821 2436 Christo
1842 2406 1947 2439 esse

63 2462 358 2497 communem
379 2453 598 2510 speciem,
622 2453 756 2515 quasi
775 2452 948 2510 aliquid
970 2453 1156 2497 tertium
1170 2455 1404 2500 resultans
1421 2466 1480 2499 ex
1495 2455 1671 2499 unione
1690 2453 1946 2502 Divinitatis

65 2517 111 2558 et
130 2514 444 2560 humanitatis.
642 2514 644 2516 ’

66 2577 404 2621 ARTICULUS
431 2579 514 2623 IV.
543 2601 599 2608 —
627 2590 764 2624 uuum
793 2590 927 2621 muns
955 2590 1023 2620 nm
1053 2590 1267 2622 Assutmnn
1296 2591 1503 2622 DEBUERIT
1543 2592 1825 2623 m‘rELLEc'run
1869 2581 1943 2635 (2).

69 2644 114 2679 Dc
132 2644 185 2679 his
201 2637 303 2680 ctiam
318 2647 411 2681 Seni.
435 2655 491 2687 ιιι,
510 2645 589 2681 dist.
603 2646 638 2688 2,
659 2650 777 2688 quest.
799 2654 825 2689 1,
841 2650 906 2682 art.
921 2646 955 2688 2,
969 2651 1087 2688 quaest.
1106 2652 1195 2688 met
1213 2646 1311 2683 Cont.
1333 2652 1424 2686 gent.
1446 2647 1510 2683 lib.
1526 2656 1575 2690 lv,
1591 2659 1664 2690 cap.
1678 2648 1734 2690 55,
1759 2651 1794 2682 et
1806 2648 1857 2683 De
1874 2658 1945 2683 ver.

454 2698 568 2737 quaest.
583 2702 642 2736 xx,
661 2701 727 2731 art.
743 2695 776 2736 4.
792 2698 828 2729 et
842 2706 901 2728 un.
917 2698 982 2729 art.
999 2695 1014 2729 l
1034 2706 1128 2736 corp.
1145 2701 1178 2729 et
1193 2696 1317 2737 opusc.
1336 2704 1375 2737 u,
1391 2707 1463 2736 cap.
1481 2695 1558 2732 2¹2.

119 2745 184 2792 Ad
205 2753 420 2804 quartum
442 2748 510 2793 sic
531 2748 814 2806 proceditur.
837 2752 881 2795 1.
903 2748 1092 2794 Videtur
1113 2749 1239 2806 quod
1257 2749 1395 2793 Filius
1420 2750 1499 2794 Dei
1527 2763 1622 2794 non
1644 2750 1946 2806 assumpserit

68 2813 268 2852 mentem
292 2809 544 2853 humanam
580 2810 680 2866 sive
709 2810 1011 2865 intellectum.
1036 2809 1120 2854 Ubi
1143 2811 1268 2855 enim
1290 2817 1362 2855 est
1378 2812 1626 2869 praesentia
1646 2812 1730 2868 rei,
1753 2824 1847 2856 non
1867 2824 1946 2856 re—

67 2867 264 2924 quiritur
280 2870 382 2927 eJus
400 2871 568 2927 imago.
596 2872 684 2917 Sed
717 2873 856 2916 homo
878 2872 1138 2917 secundum
1156 2880 1363 2918 mentem
1393 2878 1464 2917 est
1497 2874 1557 2918 ad
1578 2874 1828 2930 imaginem
1850 2873 1926 2918 Dei

70 2935 120 2972 ut
137 2930 420 2999 Augustinus
447 2931 558 2977 dicit
585 2935 662 2987 (De
684 2934 841 2978 'trinit
876 2933 957 2978 lib.
986 2948 1075 2988 xlv,
1100 2946 1202 2992 cap.
1220 2937 1247 2979 3
1270 2938 1317 2979 et
1344 2937 1403 2990 6).
1433 2935 1546 2979 ΟὴΠι
1569 2946 1679 2991 ergo
1700 2934 1749 2978 in
1768 2906 1946 2980 Christd

67 2989 204 3034 fuer1t
235 2991 479 3047 praesentia
513 2993 660 3050 ipsius
699 2995 846 3040 divini
880 2996 1031 3053 Verbi,
1054 3008 1150 3040 non
1181 2995 1384 3052 oportuit
1415 2995 1479 3040 ibi
1504 3008 1607 3041 esse
1629 3002 1832 3041 mentem
1854 2997 1948 3041 hu-

65 3062 270 3096 manam.

120 3116 162 3157 2.
197 3115 434 3168 Praeterea,
454 3114 604 3181 maj0r
621 3115 700 3173 lux
719 3106 916 3163 offuscat
929 3119 1172 3163 minorem.
1193 3118 1282 3163 Sed
1299 3118 1497 3162 Verbum
1517 3119 1613 3175 Dei,
1634 3119 1761 3176 quod
1777 3124 1849 3165 est
1863 3121 1947 3163 lux

62 3173 326 3218 illuminans
349 3188 522 3218 omnem
542 3177 766 3221 hominem
795 3182 1040 3223 venientem
1061 3183 1111 3223 in
1134 3180 1255 3223 hunc
1277 3181 1510 3235 mundum,
1532 3185 1586 3224 ut
1610 3180 1780 3225 dicitur
1796 3183 1941 3237 (Joan.

105 3285 150 3324 (⁴)
167 3284 217 3319 Ita
230 3284 362 3319 codices
381 3284 534 3320 melioris
552 3290 652 3321 notae.
671 3286 738 3326 Al„
755 3287 918 3322 docetur.
1044 3288 1150 3323 Clem.
1179 3289 1210 3322 V
1238 3301 1246 3323 :
1275 3289 1511 3333 Uniqenitum
1537 3291 1604 3324 Dei
1631 3291 1777 3324 Filium
1811 3299 1944 3331 corpus

106 3333 149 3375 (2)
166 3332 206 3366 In
224 3332 287 3366 hoc
313 3333 456 3368 articulo
471 3335 679 3369 demonstrat
695 3335 730 3369 S.
756 3336 881 3369 Doctor
905 3336 961 3370 Fi·
1045 3336 1250 3370 humanum
1265 3338 1441 3382 passibile
1456 3338 1661 3372 etanimam
1671 3338 1944 3375 intellectivam,

63 3378 147 3414 {ium
181 3379 240 3414 Dei
272 3381 482 3422 assumpsisse
510 3382 657 3417 animam
685 3382 962 3424 intellectualem,
1045 3394 1110 3419 seu
1127 3385 1497 3429 rationalem,ipsum
1516 3396 1650 3428 corpus
1669 3386 1754 3419 vero
1774 3394 1841 3426 per
1855 3393 1893 3418 u
1909 3386 1944 3418 et

62 3428 154 3469 quod
174 3428 226 3463 his
239 3428 350 3463 verbis
372 3428 526 3463 definivit
553 3429 673 3464 concil.
694 3430 882 3464 viennense
900 3430 963 3464 sub
1047 3433 1297 3466 essentialiter
1321 3433 1582 3475 informantem
1598 3433 1856 3472 assumpsisse.
