2170 3808
1783 11 1786 15 ·
1842 0 1882 35 ἐξ
1892 0 2053 40 *πρῶ-,ἰή
2066 1 2110 35 q„

1969 55 1971 57 .
1980 46 1986 49 -
2025 43 2041 57 κ
2110 38 2134 58 Ἧι·

131 244 216 291 590
763 242 964 297 QuAEsr.
997 241 1174 298 vam,
1198 243 1318 288 aar.
1345 245 1420 290 m.

130 325 301 398 fertur,
314 325 442 372 tanto
469 325 604 383 ptura
622 328 814 382 peccata
843 326 976 371 tollit.
998 324 1187 371 Videtur
1205 337 1319 383 ergo
1337 325 1462 384 quod
1483 324 1747 383 baptismus
1769 328 1936 374 debeat
1958 328 2037 376 diu

131 386 470 496 dlfggldrleontra
499 451 572 494 est
593 449 719 506 quod
741 448 912 494 dicitur
931 448 1084 504 (Eccli.
1110 463 1157 508 v,
1172 450 1221 506 8)
1247 463 1260 493 t
1281 453 1383 495 Non
1405 454 1564 499 tardes
1576 456 1783 499 >converti
1798 455 1863 498 ad
1884 455 2037 498 Domi·-

89 514 91 516 ’
128 524 254 568 num,
274 514 318 555 et
347 523 404 554 ne
433 510 624 565 differas
647 511 705 554 de
727 512 806 555 die
833 514 883 555 in
908 513 1046 556 diem.
1073 511 1163 557 Sed
1185 511 1395 569 perfecta
1426 517 1671 563 conversio
1706 517 1767 562 ad
1788 519 1935 561 Deum
1962 521 2036 562 est

128 583 291 619 eorum
316 571 396 628 qui
415 576 756 628 regenerantur
768 573 818 617 in
833 574 1012 619 Christo
1025 586 1108 630 per
1126 574 1430 631 baptismum.
1447 579 1679 636 Non—ergo
1698 579 1838 624 debet
1855 578 2036 635 baptis-

126 644 234 680 mus
253 634 428 680 differri
452 634 511 680 de
527 634 609 680 die
626 634 676 679 in
700 635 840 680 diem.

173 703 467 745 CONCLUSIO.
487 723 537 734 -—
555 703 679 744 Pueri
705 705 850 745 statim
875 707 978 744 sunt
992 703 1233 756 baptizandi
1257 710 1426 757 propter
1440 707 1671 758 periculum
1698 708 1873 758 mortis3
1899 706 2035 748 adulti

127 760 221 801 vero
243 771 328 800 non
351 762 495 800 statim
508 790 520 810 ,
541 761 612 800 sed
632 765 739 801 certo
762 764 944 811 tempore
959 789 971 809 ,
991 760 1192 811 baptizari
1215 761 1386 812 debent,
1414 762 1497 803 nisi
1519 763 1674 804 fuerint
1700 763 1746 804 in
1766 763 1847 804 fide
1865 764 2034 815 perfecte

128 812 335 865 instructi,
354 819 427 855 aut
442 816 487 855 in
505 816 724 856 manifesto
739 815 886 855 mortis
905 816 1102 866 periculo.

180 878 451 934 Res'pondeo
467 878 716 923 dicendum
731 877 866 935 quod
880 877 1002 921 circa
1015 878 1102 921 hoc
1122 877 1509 935 distinguendum
1528 886 1600 926 est
1620 886 1779 927 utrum
1803 881 1898 925 sint
1913 881 2032 939 bap-

129 938 294 984 tizandi
314 940 445 996 pueri
465 940 540 984 vel
557 939 720 983 adulti.
736 939 783 984 Si
802 939 927 984 enim
941 939 1073 995 pueri
1089 940 1187 984 sint
1210 940 1492 1001 baptizandi,
1510 954 1609 988 {non
1630 950 1703 989 est
1721 944 2030 989 differendum

126 998 355 1058 baptisma
377 1004 467 1058 (υς
495 1001 647 1059 primo
673 1002 863 1059 quidem
887 1002 999 1059 quia
1017 1015 1114 1047 non
1138 1008 1414 1060 expecta-tur
1435 1004 1484 1049 in
1506 1005 1575 1051 eis
1597 1006 1746 1064 major
1766 1006 2027 1063 instructio,

129 1063 356 1110 autetiam
390 1064 571 1121 plenior
587 1064 853 1119 conversiot,
886 1064 1094 1110 secundo
1111 1069 1301 1126 propter
1319 1066 1580 1123 periculum
1599 1069 1780 1126 mortis,
1797 1069 1907 1125 quia
1935 1081 2030 1114 non

126 1130 277 1184 potest
299 1128 367 1172 eis
392 1127 483 1172 alio
505 1127 713 1173 remedio
733 1127 990 1184 subveniri,
1016 1128 1107 1172 nisi
1123 1139 1206 1184 per
1224 1134 1571 1175 sacramentum
1592 1131 2030 1188 baptismi.-—Adul-

122 1188 183 1235 tis
199 1190 310 1235 vero
347 1190 587 1235 subveniri
605 1195 761 1248 potest
782 1203 865 1247 per
884 1191 1037 1235 solum
1058 1191 1280 1248 baptismi
1298 1192 1601 1252 desiderium,
1621 1200 1674 1238 ut
1694 1206 1838 1251 supra
1853 1193 2028 1239 dictum
2047 1235 2050 1239 Α

122 1258 193 1298 est
215 1256 319 1307 (art.
341 1255 517 1309 praec).
541 1254 595 1297 Et
623 1252 727 1298 ideo
748 1252 937 1309 adultis,
967 1266 1062 1298 non
1091 1253 1248 1298 statim
1268 1257 1376 1299 cum
1395 1260 1751 1312 convertuntur,
1777 1259 2030 1301 est-sacra-

120 1321 333 1360 mentum
353 1315 573 1371 baptismi
598 1315 951 1371 conferendum,
970 1316 1054 1361 sed
1073 1320 1255 1373 oportet
1271 1317 1459 1362 differre
1481 1330 1633 1374 usque
1648 1317 1707 1363 ad
1723 1317 2028 1374 aliquodvcer-

120 1379 219 1421 tum
254 1385 456 1434 tempus,
499 1377 651 1434 primo
688 1377 877 1434 quidem
919 1384 1107 1434 propter
1132 1379 1364 1423 cautelam
1396 1380 1632 1433 Ecclesiae,
1660 1392 1720 1424 ne
1752 1379 2025 1438 decipiatur,

120 1445 468 1484 sacramentum
484 1439 591 1484 ficte
609 1439 942 1484 accedentibus
957 1439 1222 1497 conferenS,
1242 1441 1510 1486 secundum
1528 1442 1644 1487 illud
1663 1444 1710 1497 (Ι.
1724 1445 1854 1486 Joan.
1876 1456 1935 1499 iv,
1950 1446 1992 1499 1)
2011 1459 2024 1488 ε

118 1501 269 1551 Nolite
305 1505 428 1544 omni
462 1501 650 1557 spiritui
674 1499 873 1556 credere,
915 1502 997 1544 sed
1032 1502 1222 1557 probate
1260 1506 1465 1559 spiritvs,
1494 1507 1543 1546 vsi
1574 1516 1633 1547 ex
1666 1507 1759 1547 Deo
1779 1507 1895 1559 sint3
1919 1517 2028 1562 quae

119 1563 307 1619 quidem
333 1564 545 1620 probatio
569 1563 771 1608 sumitur
785 1564 846 1609 de
860 1564 1195 1609 accedentibus
1213 1564 1273 1609 ad
1296 1565 1599 1622 baptismum,
1621 1567 1812 1622 quando
1835 1579 1917 1623 per
1937 1567 2026 1612 ali—

118 1626 244 1682 quod
268 1627 468 1683 spatium
490 1638 653 1671 eorum
687 1625 807 1670 fides
826 1633 872 1671 et
891 1638 1048 1671 mores
1066 1626 1410 1671 examinantur.
1433 1627 1645 1672 Secundo
1666 1628 1755 1671 hoc
1773 1632 1844 1672 est
1865 1640 2025 1675 neces·

117 1687 293 1733 sarium
313 1689 373 1733 ad
392 1689 643 1734 utilitatem
680 1700 844 1733 eorum
872 1688 953 1745 qui
980 1688 1295 1744 baptizantur,
1316 1689 1427 1747 quia
1448 1689 1606 1747 aliquo
1631 1691 1851 1747 temporis
1874 1692 2025 1747 spatio

116 1748 346 1806 indigent,
369 1750 428 1795 ad
447 1750 537 1795 hoc
560 1750 685 1807 quod
698 1750 838 1806 plene
857 1750 1152 1794 instruantur
1174 1751 1235 1796 de
1253 1750 1345 1796 fide
1363 1755 1410 1796 et
1429 1752 1743 1796 exercitentur
1761 1752 1809 1796 in
1830 1751 1902 1797 his
1918 1765 2023 1810 quae

115 1813 350 1868 pertinent
371 1813 429 1857 ad
449 1814 594 1857 vitam
616 1813 935 1858 christianam.
958 1812 1107 1858 Tertio
1130 1813 1220 1858 hoc
1251 1818 1325 1858 est
1356 1815 1674 1859 necessarium
1691 1814 1748 1859 ad
1770 1815 2021 1871 quamdam

114 1877 422 1920 reverentiam
444 1874 742 1933 sacramenti,
764 1875 940 1920 durnin
964 1875 1340 1921 solemnitatibus
1354 1876 1621 1933 praecipuis,
1639 1877 1817 1921 scilicet
1834 1879 2022 1924 Paschae

113 1941 160 1983 et
178 1939 490 1995 Pentecostes,
515 1938 729 1984 homines
754 1938 815 1983 ad
833 1938 1120 1995 bapfismum
1139 1938 1468 1995 admittuntur,
1484 1939 1612 1984 etita
1640 1939 1853 1985 devotius
1868 1953 2022 1986 sacra-

113 2005 327 2045 mentum
344 2002 608 2058 suscipiunt
622 2003 867 2056 (2).-Haec
885 2006 1042 2046 tamen
1065 2001 1223 2046 dilatio
1246 2007 1318 2046 est
1341 2002 1738 2058 praetermittenda
1753 2002 1924 2060 duplici
1942 2016 2019 2049 ra-

111 2062 271 2108 tione:
296 2064 447 2120 primo
475 2063 665 2121 quidem
705 2063 895 2120 quando
921 2063 986 2108 illi
1020 2064 1234 2121 quisunt
1262 2063 1525 2120 baptizandi
1562 2070 1785 2121 apparent
1818 2066 2019 2122 perfecte

111 2124 327 2170 instructi
345 2125 394 2170 in
418 2125 524 2181 fide,
551 2130 596 2170 et
615 2126 673 2169 ad
689 2125 975 2182 baptismum
994 2126 1173 2182 idonei3
1195 2126 1316 2171 sicut
1334 2126 1571 2183 Philippus
1590 2127 1746 2170 statim
1769 2126 2018 2184 baptizavit

111 2188 404 2245 Eunuchum,
422 2192 474 2232 ut
502 2188 702 2232 habetur
721 2190 836 2243 (Act.
858 2191 965 2242 vm),
989 2193 1037 2233 et
1058 2190 1222 2234 Petrus
1240 2188 1502 2233 Cornelium
1536 2192 1583 2233 et
1611 2200 1693 2233 eos
1722 2189 1803 2245 qui
1832 2202 1941 2234 cum
1958 2202 2018 2236 eo

111 2254 262 2305 erant,
285 2255 336 2295 ut
357 2249 554 2294 habetur
578 2253 689 2302 (Act.
709 2252 767 2305 x).
800 2250 1013 2295 Secundo
1037 2255 1226 2307 propter
1245 2247 1560 2295 infirmitatem
1584 2256 1666 2295 aut
1685 2250 1872 2308 aliquod
1892 2252 2017 2309 peri-

111 2311 273 2357 culum
294 2312 474 2356 mortis.
499 2311 629 2355 Unde
650 2312 741 2355 Leo
757 2323 878 2368 papa
902 2310 1028 2370 dicit,
1052 2312 1131 2356 ubi
1154 2323 1296 2369 supra
1318 2314 1438 2369 (cap.
1456 2315 1502 2368 6,
1525 2312 1650 2357 circa
1678 2314 1846 2369 princ.)
1878 2330 1888 2359 :
1918 2331 1939 2352 «
1963 2317 2016 2360 Hi

111 2373 194 2431 qui
223 2374 502 2419 necessitate
533 2374 712 2431 mortis,
729 2374 1036 2431 aegritudinis,
1058 2374 1330 2432 obsidionis,
1355 2375 1693 2432 persecutionis
1718 2383 1764 2420 et
1786 2377 2015 2435 naufragii

110 2441 357 2493 urgentur,
387 2436 515 2480 omni
550 2442 757 2492 tempore
793 2435 967 2480 debent
995 2437 1234 2493 baptizari.
1264 2456 1286 2477 ι»
1320 2460 1371 2469 —-
1407 2437 1451 2482 si
1484 2443 1639 2482 tamen
1666 2438 1836 2495 aliquis
1868 2445 2016 2486 morte

109 2499 440 2555 praeveniatur,
456 2498 653 2542 articulo
672 2498 966 2543 necessitatis
993 2503 1341 2544 sacramentum
1360 2499 1656 2558 excludente,
1673 2501 1785 2545 dum
1802 2507 2015 2558 expectat

110 2565 297 2619 tempus
315 2562 376 2606 ab
401 2560 601 2607 Ecclesia
624 2561 908 2619 institutum,
930 2562 1154 2620 salvatur,
1177 2563 1285 2607 licet
1303 2574 1387 2619 per
1405 2563 1582 2619 ignem,
1601 2568 1655 2608 ut
1674 2576 1817 2620 supra
1836 2565 2013 2611 dictum

108 2625 293 2679 est(art.
308 2627 481 2682 praec).
500 2627 662 2669 Peccat
676 2629 831 2668 autem
851 2624 891 2669 si
911 2624 1034 2669 ultra
1050 2630 1236 2681 tempus
1253 2624 1518 2670 institutum
1540 2625 1599 2669 ab
1615 2625 1817 2670 Ecclesia
1831 2627 2014 2674 differat

109 2688 320 2745 accipere
361 2689 665 2747 baptismum,
688 2688 779 2733 nisi
814 2701 875 2734 ex
908 2702 1050 2734 causa
1090 2689 1371 2744 necessaria,
1411 2695 1458 2734 et
1490 2689 1677 2735 licentia
1713 2691 2012 2748 praelatorum

108 2750 339 2798 Ecclesiae.
364 2750 451 2796 Sed
471 2757 627 2795 tamen
646 2759 692 2797 et
706 2752 796 2796 hoc
815 2758 1061 2809 peccatum
1081 2765 1190 2797 cum
1206 2753 1309 2797 aliis
1325 2752 1468 2798 deleri
1491 2758 1647 2810 potest
1662 2766 1745 2809 per
1759 2755 2013 2800 succeden-

110 2821 202 2859 tem
226 2813 701 2871 contritionem,¹quae
717 2814 905 2871 supplet
926 2814 1075 2859 vicem
1110 2813 1346 2872 baptismi,
1380 2818 1435 2859 ut
1467 2827 1611 2871 supra
1644 2815 1822 2860 dictum
1857 2822 1931 2862 est
1946 2818 2010 2874 (in

107 2889 233 2935 corp.
258 2882 304 2922 et
326 2881 412 2921 art.
432 2878 606 2933 praec.).

160 2939 229 2985 Ad
252 2943 456 2996 primum
497 2951 610 2995 ergo
640 2938 912 2995 dIcendum,
951 2940 1079 2997 quod
1114 2940 1232 2986 illud
1262 2940 1538 2986 mandatum
1576 2941 1742 2986 Leonis
1778 2953 1911 2998 papae
1952 2942 2011 2988 de

105 2995 412 3046 observandis
432 3000 617 3045 duobus
636 3001 928 3059 temporibus
941 3002 989 3046 in
1010 3002 1260 3059 baptismo,
1281 3001 1638 3059 intelligendum
1654 3007 1725 3047 est
1740 3002 1798 3047 de
1818 3004 2008 3062 adultis,

104 3067 298 3119 excepto
322 3069 475 3107 tamen
498 3062 707 3120 periculo
734 3064 917 3121 mortis,
941 3064 1067 3122 quod
1086 3077 1273 3121 semper
1290 3064 1339 3108 in
1367 3065 1526 3121 pueris
1557 3070 1629 3109 est
1659 3064 1935 3126 timendum,
1960 3072 2009 3113 ut

103 3124 279 3170 dictum
295 3131 365 3170 est
384 3126 448 3179 (in
462 3138 590 3182 corp.
614 3126 741 3183 art.‘).

156 3186 225 3232 Ad
251 3187 499 3231 secundum
517 3188 786 3247 dicendum,
799 3189 926 3247 quod
943 3189 1061 3237 illud
1074 3190 1133 3236 de
1153 3190 1326 3235 Judaeis
1339 3194 1412 3234 est
1427 3189 1693 3234 institutum
1714 3189 1773 3235 ad
1791 3191 2008 3237 Ecclesiae

146 3311 191 3355 (Ι)
204 3312 318 3355 Qualis
334 3315 446 3346 autem
462 3316 640 3353 reputatur
655 3313 775 3348 dilatio
793 3315 916 3356 gravis,
934 3319 1011 3350 sunt
1095 3315 1310 3357 probabilius
1330 3317 1460 3350 estnon
1476 3325 1546 3351 esse
1561 3325 1694 3355 gravem
1713 3314 1924 3356 dilationem,
1937 3315 2004 3351 nisl

100 3360 159 3403 qui
171 3360 498 3401 putantdilationem
510 3361 600 3395 ultra
616 3374 765 3397 mensem
776 3374 844 3397 esse
860 3374 1009 3404 gravem,
1096 3363 1138 3398 40
1167 3367 1225 3397 aut
1254 3363 1290 3397 Η
1331 3362 1403 3398 dies
1432 3361 1652 3404 excedantur,
1671 3363 1720 3397 ait
1748 3364 1783 3397 S.
1815 3363 2006 3406 Alphonsus

99 3407 129 3443 si
149 3420 215 3443 non
243 3408 329 3443 adsit
355 3420 469 3451 causa;
493 3409 520 3443 si
542 3410 623 3444 verb
651 3410 749 3452 adsit,
780 3422 848 3445 esse
872 3423 1008 3451 gravem
1096 3411 1165 3452 (lib.
1186 3421 1234 3454 vl,
1256 3421 1298 3446 n0
1313 3412 1402 3454 ⁴48).

98 3458 183 3490 duas
206 3469 358 3501 menses5
377 3457 550 3498 'l'ournely
576 3463 688 3492 censet
715 3458 913 3494 dilationem
941 3472 1007 3494 non
1136 3461 1179 3502 (2)
1198 3461 1245 3494 Ea
1265 3460 1307 3494 de
1326 3471 1364 3494 re
1391 3458 1540 3494 conferri
1558 3462 1669 3500 potest
1687 3459 1915 3495 Catechismus
1932 3471 2001 3495 το·

99 3504 345 3539 extendendam
377 3506 466 3539 ultra
492 3505 642 3548 quinque
669 3505 724 3542 vel
752 3518 807 3541 sex
835 3507 906 3542 dies
921 3535 929 3550 ,
950 3509 1007 3542 sed
1092 3520 1211 3543 manus
1228 3509 1327 3551 (part.
1345 3509 1391 3553 11,
1408 3516 1447 3543 n·
1468 3508 1536 3549 56).
