2170 3808
843 274 1039 328 QUAEST.
1071 274 1157 317 XX-
1863 266 1944 308 183

121 371 163 413 2.
196 369 430 417 Praeterea,
453 362 510 408 de
531 357 818 418 plenitudine
842 358 999 412 gratiae
1030 354 1190 399 Christi
1217 364 1379 396 omnes
1416 349 1662 406 accipiunt,
1687 352 1740 393 ut
1773 346 1942 392 dicitur

75 432 214 475 1Joan.
240 431 288 480 ι).
306 426 393 470 Sed
409 423 484 468 alii
499 422 711 467 homines
730 418 954 463 habentes
973 416 1167 474 gratiam
1195 413 1357 457 Christi
1386 424 1477 456 non
1501 414 1700 468 possunt
1724 408 1826 453 aliis
1846 419 1936 452 me-

73 489 177 535 reri.
198 488 368 533 Dicitur
399 484 524 530 enim
556 481 731 536 (Ezech.
756 494 839 533 xw,
865 481 950 534 20),
970 477 1094 534 quod
1121 479 1161 520 si
1178 477 1352 529 suerint
1382 477 1429 516 in
1449 475 1630 515 civitate
1648 474 1756 525 Noe,
1787 470 1947 513 Daniel

72 555 115 594 ,τι
129 551 224 604 Iob„
244 550 388 606 filium
415 549 458 590 et
480 544 624 600 filiam
646 555 735 586 non
758 541 1025 595 liberabunt,
1055 539 1135 582 sed
1156 539 1244 592 ipsi
1252 536 1440 590 justitia
1458 537 1542 576 sua
1573 531 1830 575 liberabunt
1848 534 1946 574 am·-

74 625 171 654 mas
188 623 311 654 suas,
330 611 447 663 Ergo
465 617 552 649 nee
567 603 773 648 Christus
793 599 942 658 potuit
959 597 1135 655 aliquid
1155 596 1290 641 nobis
1319 593 1503 639 mereri.

127 674 170 717 3.
202 674 434 721 Praeterea,
458 677 636 711 merces
659 675 801 720 quam
827 662 931 719 quis
953 665 1173 715 meretur,
1205 657 1398 703 debetur
1423 655 1683 700 secundum
1700 652 1948 710 justitiam,

75 738 120 778 et
149 746 241 778 non
262 729 518 777 secundum
548 726 760 783 gratiam,
790 731 840 770 ut
862 728 987 780 patet
1005 725 1147 776 (Rom.
1173 721 1326 774 1v)(l).
1351 718 1394 762 Si
1417 730 1528 773 ergo
1552 716 1757 762 Christus
1779 715 1949 759 meruit

76 794 268 839 salutem
287 797 507 846 nostram,
524 788 734 844 sequitur
752 785 877 843 quod
893 784 1020 828 salus
1045 788 1202 827 nostra
1226 793 1319 824 non
1344 778 1403 824 sit
1425 791 1479 822 ex
1503 777 1647 834 gratia
1669 776 1763 830 Dei,
1787 775 1870 820 sed
1892 788 1949 819 ex

70 855 268 911 justitia3
285 858 331 898 et
348 851 470 909 quod
486 849 658 906 injuste
675 852 783 904 agat
801 857 908 890 cum
925 844 992 890 eis
1012 857 1130 902 quos
1149 855 1240 887 non
1255 840 1418 895 salvat,
1434 840 1542 884 cnm
1555 837 1770 882 meritum
1787 835 1949 891 Christi

75 915 129 960 ad
153 927 315 959 omnes
330 925 380 958 se
399 910 631 957 extendat.

128 977 212 1022 Sed
236 979 391 1020 contra
424 977 496 1018 est
525 971 649 1027 quod
671 969 840 1015 dicitur
871 970 1018 1024 (Rom.
1047 981 1089 1022 v,
1114 968 1183 1018 48)
1208 978 1220 1008 :
1245 966 1366 1008 Szcut
1394 975 1478 1019 per
1506 963 1638 1004 unius
1666 960 1884 1004 delictum
1905 961 1951 1001 in

74 1051 221 1082 omnes
237 1038 435 1080 homines
451 1038 498 1078 in
520 1033 954 1086 condemnationem,
983 1032 1048 1072 sic
1069 1031 1114 1070 et
1133 1039 1216 1082 per
1239 1026 1608 1080 uniusjustz'tiam
1629 1025 1676 1064 in
1695 1034 1844 1064 omnes
1871 1021 1950 1064 Ιιο-

74 1103 212 1143 mines
230 1098 655 1153 injustificatz‘onem
673 1096 789 1136 vitae.
806 1091 900 1135 Sed
914 1088 1187 1135 demeritum
1209 1087 1316 1132 Adae
1331 1085 1568 1130 derivatur
1591 1083 1649 1128 ad
1667 1083 1952 1127 condemna-

77 1160 245 1206 tionem
264 1159 475 1203 aliorum.
499 1159 616 1212 Ergo
638 1154 783 1199 multo
799 1152 947 1209 magis
961 1151 1178 1197 meritum
1201 1148 1366 1194 Christi
1385 1147 1443 1192 ad
1461 1147 1577 1190 alios
1593 1145 1843 1191 derivatur.

121 1227 410 1267 CONCLUSIO.
437 1248 484 1255 —
509 1225 614 1265 Cum
632 1222 675 1262 in
695 1221 854 1263 Christo
871 1219 994 1260 fuerit
1011 1218 1156 1268 gratia,
1173 1230 1256 1257 non
1275 1216 1411 1257 solum
1432 1217 1478 1254 ut
1495 1214 1540 1254 in
1554 1213 1734 1265 quodam
1750 1210 1953 1264 singulari

75 1283 254 1330 homine,
263 1281 329 1321 sed
345 1281 449 1319 utin
467 1279 589 1319 totius
600 1277 772 1317 ecclesiae
784 1277 910 1327 capite
923 1289 935 1323 ;
949 1286 1030 1313 non
1043 1273 1120 1324 sibi
1135 1273 1312 1319 tantum,
1326 1270 1393 1310 sed
1407 1270 1502 1309 aliis
1513 1269 1637 1309 etiam
1650 1267 1793 1307 mereri
1803 1267 1952 1319 potuit.

129 1343 398 1400 Respondeo
421 1339 668 1389 dicendum
702 1337 842 1396 quod,
881 1337 1000 1381 sicut
1033 1347 1175 1392 supra
1213 1334 1389 1379 dietum
1420 1336 1492 1376 est
1531 1334 1710 1388 (quaest.
1748 1333 1836 1383 vin)
1855 1363 1868 1381 ‚
1905 1328 1953 1373 in

75 1408 249 1452 Christo
268 1418 359 1449 non
381 1405 530 1448 solum
549 1403 636 1447 fuit
656 1400 804 1457 gratia
821 1399 939 1444 sicut
959 1398 1006 1442 in
1027 1398 1226 1455 quodam
1247 1395 1434 1440 homine
1455 1393 1698 1450 singulari,
1721 1393 1806 1438 sed
1834 1393 1955 1437 sicut

77 1468 287 1524 incapite
306 1466 442 1511 totius
465 1464 676 1508 Ecclesiae
694 1462 768 1507 cui
786 1473 949 1506 omnes
965 1461 1206 1514 uniuntur,
1227 1459 1346 1504 sicut
1367 1456 1503 1513 capiti
1531 1456 1756 1513 membra,
1781 1467 1837 1499 ex
1853 1454 1955 1511 qui-

77 1529 165 1572 bus
182 1527 477 1573 constituitur
495 1524 692 1582 mystice
710 1535 806 1567 una
821 1533 1034 1578 persona.
1062 1524 1115 1565 Et
1133 1520 1301 1565 exinde
1322 1524 1393 1563 est
1407 1518 1530 1575 quod
1554 1517 1770 1562 meritum
1793 1515 1953 1560 Christi

79 1603 128 1634 se
151 1590 357 1634 extendit
379 1589 438 1634 ad
467 1588 597 1641 alios,
622 1587 898 1642 inquantum
934 1589 1046 1628 sunt
1067 1583 1273 1627 membra
1306 1581 1432 1639 ejus3
1471 1580 1594 1624 sicut
1614 1579 1753 1624 etiam
1783 1579 1831 1623 in
1863 1590 1955 1622 uno

79 1652 263 1696 homine
279 1650 397 1694 actio
420 1648 584 1705 capitis
606 1646 867 1704 aliqualiter
881 1645 1082 1703 pertinet
1103 1645 1160 1689 ad
1180 1644 1335 1688 omnia
1356 1641 1565 1687 membra
1588 1641 1707 1699 ejus,
1731 1640 1840 1698 quia
1862 1652 1954 1684 non

81 1713 230 1757 solum
245 1712 332 1756 sibi
347 1711 464 1755 senti
472 1715 504 1766 t,
527 1710 609 1754 sed
628 1708 846 1753 omnibus
867 1707 1105 1752 membris.
1592 1755 1595 1758 Δ

138 1773 199 1817 Ad
220 1775 417 1828 primum
445 1784 555 1827 ergo
583 1769 829 1815 dicendum
847 1802 861 1824 .,
895 1767 1019 1825 quod
1049 1773 1289 1825 peceatum
1327 1764 1581 1822 singularis
1621 1776 1831 1822 personae
1864 1777 1956 1808 non

83 1843 217 1879 nocet
240 1835 323 1877 nisi
341 1833 539 1890 sibiipsi3
560 1833 641 1876 sed
654 1835 896 1889 peceatum
913 1830 1036 1885 Adae,
1049 1829 1128 1886 qui
1149 1827 1430 1873 constitutus
1443 1833 1513 1871 est
1528 1827 1555 1870 a
1568 1830 1659 1871 Deo
1678 1825 1957 1883 principium

83 1895 222 1940 totins
246 1899 437 1947 naturae,
461 1894 520 1938 ad
540 1894 655 1937 alios
674 1905 758 1949 per
775 1891 929 1936 carnis
952 1891 1253 1948 propaginem
1268 1889 1504 1934 derivatur
1527 1905 1538 1933 ε
1561 1893 1609 1933 et
1628 1888 1838 1933 similiter
1859 1901 1957 1933 me—

82 1957 220 2001 ritum
244 1955 424 2009 Christi,
440 1956 518 2012 qui
536 1961 606 1999 est
629 1955 655 1998 a
679 1957 767 1998 Deo
786 1953 1066 1997 constitutus
1088 1956 1225 2009 eaput
1246 1951 1456 1995 omnium
1472 1950 1714 1994 hominum
1731 1951 1957 2007 quantum

83 2018 140 2063 ad
153 2018 364 2074 gratiam,
386 2029 437 2061 se
459 2017 663 2060 extendit
682 2016 740 2060 ad
754 2015 910 2059 omnia
931 2014 1032 2069 ejus
1048 2015 1272 2059 membra.

137 2079 202 2123 Ad
222 2079 464 2121 secundum
491 2077 754 2130 dicendum,
777 2076 899 2133 quod
925 2076 1000 2119 alii
1031 2075 1087 2120 de
1113 2075 1400 2132 plenitudine
1423 2073 1587 2118 Christi
1601 2073 1851 2130 accipiunt,
1866 2085 1958 2118 non

82 2139 269 2196 quidem
287 2140 463 2183 fontem
486 2138 662 2193 gratiae,
687 2138 769 2181 sed
790 2138 1037 2194 quamdam
1057 2136 1382 2193 particularem
1413 2134 1609 2191 gratiam
1632 2148 1646 2179 :
1671 2141 1719 2179 et
1740 2135 1843 2179 ideo
1866 2147 1959 2179 non

83 2205 261 2257 oportet
280 2199 403 2256 quod
425 2199 501 2243 alii
519 2199 729 2243 homines
748 2198 928 2254 possint
949 2197 1050 2241 aliis
1069 2197 1251 2252 mereri,
1267 2197 1387 2241 sicut
1404 2196 1627 2240 Christus.

140 2262 204 2307 Ad
224 2265 408 2304 tertium
426 2261 691 2316 dicendum,
713 2260 837 2316 quod
857 2260 977 2304 sieut
996 2264 1236 2315 peecatum
1259 2259 1366 2303 Adae
1390 2271 1482 2301 non
1506 2259 1742 2302 derivatur
1766 2256 1827 2302 ad
1846 2256 1960 2302 alios

85 2321 172 2366 nisi
196 2334 279 2378 per
309 2322 541 2365 carnalem
569 2321 946 2377 generationem3
978 2321 1040 2364 ita
1069 2320 1286 2364 meritum
1319 2319 1483 2363 Christi
1518 2330 1612 2362 non
1641 2317 1875 2362 derivatur
1902 2318 1959 2363 ad

86 2383 199 2428 alios
221 2383 307 2428 nisi
334 2396 414 2439 per
432 2382 824 2440 regenerationem
849 2381 1159 2440 spiritualem3
1186 2394 1292 2438 quae
1312 2380 1361 2425 fit
1382 2380 1429 2424 in
1453 2380 1700 2436 baptismO,
1725 2391 1806 2436 per
1821 2392 1960 2436 quem

85 2446 293 2490 homines
315 2445 491 2490 Christo
511 2445 890 2502 incorporantur,
922 2444 1181 2488 secundum
1220 2443 1335 2488 illud
1366 2443 1525 2497 (Galat.
1549 2455 1622 2496 ni,
1650 2445 1720 2496 27)
1743 2456 1758 2486 :
1800 2446 1960 2487 Omnes

86 2510 295 2563 quotquot
316 2510 362 2550 in
387 2507 567 2551 Christo
589 2508 809 2562 baptizati
839 2509 960 2562 estis,
989 2507 1223 2548 Christum
1254 2506 1493 2561 induistis-5
1522 2511 1569 2549 et
1591 2504 1679 2548 hoc
1709 2503 1861 2561 ipsllm
1891 2510 1962 2550 est

88 2569 262 2625 gratiae,
284 2568 407 2625 quod
427 2567 600 2613 homini
619 2568 889 2614 conceditur
906 2568 1169 2624 regenerari
1192 2567 1240 2611 in
1266 2566 1475 2612 Christo:
1500 2571 1547 2611 et
1575 2566 1643 2612 sie
1662 2567 1791 2611 salus
1813 2566 1963 2611 homi-

89 2630 160 2674 nis
178 2635 248 2675 est
265 2642 322 2674 ex
340 2630 485 2687 gratia
502 2633 576 2685 (2).

756 2702 759 2704 ’
796 2727 1099 2792 QUAESTIO
1140 2728 1256 2780 xx.

121 2840 181 2875 DE
211 2840 607 2877 CONVENIENTIBUS
637 2839 861 2889 CHRISTO,
897 2840 1146 2876 SECUNDUM
1177 2839 1304 2882 QUOD
1337 2839 1477 2874 PATRI
1509 2839 1621 2875 Fun·
1655 2839 1932 2890 SUBJECTUS,

677 2902 725 2938 ΙΝ
755 2902 876 2938 Duos
906 2901 1164 2938 ARTICULOS
1195 2901 1360 2936 Dlvlsa.

139 2988 292 3030 Deinde
313 2987 651 3030 considerandum
663 2994 723 3030 est
736 2990 785 3031 de
800 2991 864 3031 his
882 3002 974 3043 quae
996 2990 1246 3031 conveniunt
1267 2988 1427 3029 Christo
1449 3000 1520 3040 per
1546 2991 1890 3043 comparationem
1909 2991 1963 3033 ad

92 3044 263 3092 Patrem3
283 3053 460 3095 quorum
474 3042 662 3093 quaedam
686 3043 880 3085 dicuntur
903 3045 952 3085 de
974 3046 1063 3097 ipso
1089 3043 1316 3085 secundnm
1340 3042 1630 3084 habitudinem
1652 3045 1783 3097 ipsius
1807 3046 1858 3085 ad
1886 3046 1964 3086 Pa-

92 3101 212 3142 trem,
233 3098 329 3148 puta
343 3097 451 3147 quod
468 3101 527 3136 est
543 3097 580 3137 ei
602 3096 821 3149 subjectus,
840 3099 949 3151 quod
976 3100 1112 3151 ipsum
1131 3098 1284 3147 oravit3
1307 3098 1418 3148 quod
1443 3099 1479 3138 ei
1501 3099 1547 3138 in
1571 3101 1791 3140 sacerdotio
1817 3101 1964 3141 minis·

93 3153 235 3214 travit3
259 3152 446 3202 quaedam
473 3154 566 3191 vero
593 3152 787 3192 dicuntur
811 3155 875 3194 vel
895 3154 975 3194 diei
1009 3157 1180 3206 possunt
1201 3152 1426 3193 seeundum
1455 3153 1742 3195 habitudinem
1768 3156 1896 3195 Patris
1916 3155 1964 3196 ad

92 3219 244 3258 ipsum,
256 3207 371 3258 puta,
384 3207 420 3246 si
443 3209 558 3247 Pater
573 3219 670 3246 eum
683 3208 924 3259 adoptasset,
940 3214 980 3249 et
996 3210 1104 3260 quod
1125 3220 1222 3249 eum
1241 3208 1556 3259 praedestinavit.
1577 3211 1712 3250 Primo
1734 3212 1861 3262 igitur
1873 3223 1965 3252 con·

135 3299 176 3340 (l)
191 3299 244 3332 Sic
260 3299 349 3332 enim
363 3298 411 3332 ibi
426 3298 466 3332 de
483 3298 648 3333 Abraham
658 3310 742 3332 vers.
757 3299 780 3333 '5
797 3299 986 3334 :Credidit
1071 3299 1148 3334 boni
1175 3298 1406 3339 cupiditatem,
1433 3299 1546 3340 fidem,
1574 3302 1818 3342 poenitentiam,
1852 3302 1964 3336 remis-

95 3345 166 3379 Deo
180 3349 212 3378 et
223 3349 434 3388 reputatam
444 3349 493 3380 est
505 3347 538 3380 ei
546 3346 595 3379 ad
602 3346 812 3389 justiliam:
825 3347 859 3380 ei
868 3351 987 3381 autem
1070 3346 1199 3380 sionem
1225 3352 1434 3385 peccatorum
1446 3373 1455 3388 ,
1475 3359 1575 3383 omne
1601 3360 1702 3388 genus
1723 3350 1886 3384 virtutum
1898 3376 1906 3387 ,
1935 3355 1965 3382 εί

93 3392 159 3435 qui
172 3396 370 3434 operatur,
390 3403 521 3426 merces
540 3404 615 3427 ‘non
631 3394 840 3435 imputatur
855 3404 987 3429 secun·
1073 3394 1237 3427 bonorum
1254 3405 1391 3434 operum
1404 3421 1413 3435 ‚
1428 3394 1462 3428 in
1482 3394 1523 3428 iis
1547 3398 1828 3436 perseverantiam
1840 3423 1848 3433 .
1865 3396 1963 3430 vitam

95 3440 180 3474 ditm
215 3443 387 3482 qratiam,
406 3441 467 3474 sed
493 3442 691 3474 secundam
717 3442 895 3482 debitum,
922 3449 985 3476 etc.
1072 3448 1229 3475 aeternam
1247 3448 1279 3474 et
1297 3440 1330 3473 in
1350 3441 1542 3476 universum
1556 3444 1671 3477 omnia
1682 3455 1755 3477 ’.ηυξ
1769 3443 1810 3476 ad
1822 3443 1961 3476 salutem

137 3486 177 3528 (2)
197 3487 298 3521 Nobis
317 3488 442 3522 meruit
456 3488 604 3523 Christus
617 3490 753 3529 gratiam
769 3502 826 3524 seu
840 3491 984 3531 primam
1074 3490 1258 3530 pertinent.
1690 3482 1702 3486 ”
