2170 3808
155 242 250 280 vm
1021 237 1190 272 INDEX.

513 357 570 388 nn·
594 355 834 392 QUAm'i-ATE
860 356 1028 385 cunis'rr
1055 353 1361 384 RESURGENTIS.
1388 363 1436 374 --
1459 343 1631 391 Quaestio
1653 344 1716 382 54.

156 424 282 465 Utrum
302 425 386 474 post
406 423 708 463 resurrectionem
734 422 903 460 Christus
928 421 1096 460 habuerit
1117 431 1245 459 verum
1266 429 1415 469 corpus.

207 494 255 501 —-
305 483 438 522 corpus
464 472 543 521 ejus
565 472 676 510 fuerit
699 470 912 519 gloriosum.

205 543 254 550 -
304 521 543 559 resurrexerit
565 529 646 558 cum
669 519 835 567 corporis
859 518 1093 566 integritate.

205 589 254 599 —
303 579 436 618 corpus
459 570 539 617 ejus
561 568 800 607 resurrexerit
820 577 903 605 cum
925 566 1173 605 cicatricibus.

508 655 564 683 nn
591 652 961 683 MANIFESTATIONE
987 649 1362 681 RESURRECTIONIS.
1394 660 1442 668 —
1465 639 1636 686 Quaestio
1660 641 1720 678 55.

157 721 284 762 Utrum
305 721 523 777 resurrectio
545 720 683 759 Christi
710 719 920 758 hominibus
945 716 1171 756 manifestari
1192 717 1372 762 debuerit,
1397 725 1443 753 an
1467 715 1586 754 solum
1613 715 1832 764 quibusdam
1853 711 2075 764 specialibus

234 780 390 808 ersonis.

158 781 286 858 Utlrlim
303 818 434 856 fuisset
457 817 677 856 conveniens
700 816 797 865 quod
823 815 877 853 eis
898 813 1110 852 videntibus
1132 815 1354 859 resurgeret.

207 886 256 896 -
304 869 390 915 post
410 865 713 904 resurrectionem
741 862 910 901 debuerit
931 872 1014 900 cum
1037 862 1117 900 suis
1139 860 1330 908 discipulis
1351 859 1579 913 conversari.

207 934 254 943 -—
304 914 415 952 fuerit
436 913 655 952 conveniens
682 912 779 961 quod
803 911 995 959 discipulis
1019 910 1097 948 suis
1121 909 1237 947 aliena
1261 907 1383 961 effigie
1407 910 1611 955 appareret.

208 983 254 991 --
305 962 609 1000 resurrectionem
632 971 734 998 suam
758 959 984 1007 argumentis
1009 958 1164 1007 probare
1188 956 1368 995 debuerit.

159 1011 210 1049 De
234 1009 455 1050 sufficientia
476 1010 622 1048 illorum
645 1012 956 1056 argumentorum.

467 1094 524 1123 nr:
546 1093 830 1123 CAUSALITATE
856 1089 1221 1121 RESURRECTIONIS
1248 1088 1432 1117 cumsn.
1455 1099 1503 1108 -
1521 1078 1696 1125 Quaestio
1715 1079 1777 1117 56.

160 1159 290 1199 Utriim
311 1159 532 1197 resurrectio
556 1159 692 1196 Christi
714 1158 763 1195 sit
786 1161 894 1195 causa
916 1157 1051 1194 nostrae
1075 1152 1368 1192 resurrectionis.

207 1227 256 1236 —-
306 1209 355 1246 sit
378 1217 491 1246 causa
512 1210 645 1245 nostrae
665 1204 956 1255 justificationis.

668 1292 724 1321 DE
749 1290 1016 1321 AsansmNE
1037 1287 1219 1317 cnmsn.
1246 1299 1293 1307 -
1316 1278 1488 1325 Quaestio
1504 1279 1566 1316 57.

156 1359 283 1400 Utrum
301 1360 412 1400 fuerit
434 1360 656 1400 conveniens
675 1360 861 1397 Christum
884 1356 1097 1396 ascendere.

156 1407 359 1447 Secundum
385 1419 492 1457 quam
513 1412 676 1447 naturam
697 1407 889 1446 conveniat
912 1405 984 1444 sibi
1007 1404 1189 1444 ascensio.
1900 1387 1921 1431 ἶ]

156 1456 286 1496 Utrum
303 1457 450 1506 propria
472 1457 605 1494 virtute
627 1457 845 1495 ascenderit.

206 1525 255 1533 -—
303 1505 507 1544 ascenderit
524 1515 633 1554 super
655 1515 780 1543 omnes
803 1505 917 1542 coelos
939 1511 1160 1551 corporeos.

205 1573 254 1581 -
516 1574 563 1581 —-
810 1553 1021 1600 spirituales
1047 1553 1246 1588 creaturas.

158 1600 210 1639 De
232 1600 364 1641 effectu
389 1601 612 1641 ascensionis
634 1600 784 1647 Christi,
809 1600 929 1638 utrum
951 1599 1002 1638 sit
1024 1608 1133 1637 causa
1155 1601 1288 1635 nostrae
1316 1595 1459 1634 salutis.

443 1685 498 1713 ne
525 1682 729 1713 snssroNE
755 1683 921 1713 cnmsrr
944 1683 1000 1713 An
1022 1680 1249 1712 nnxmnniu
1277 1679 1443 1710 Pierius.
1463 1690 1512 1698 —
1536 1670 1707 1718 Quaestio
1727 1670 1793 1709 58.

157 1747 286 1787 Utrum
302 1749 428 1787 sedeat
447 1749 493 1788 ad
515 1750 702 1788 dexteram
723 1749 862 1788 Patris.

205 1816 254 1824 -·
302 1797 495 1835 conveniat
516 1798 551 1835 ei
573 1797 768 1836 secundum
789 1797 951 1835 divinam
976 1800 1160 1836 naturam.

205 1864 254 1872 —
303 1845 495 1883 conveniat
520 1846 592 1884 sibi
614 1845 815 1884 secundum
841 1846 1054 1884 humanam.

205 1910 255 1920 --
303 1893 372 1932 hoc
392 1893 444 1932 sit
459 1894 648 1942 proprium
669 1894 825 1932 Christi.

552 1977 606 2006 nr:
628 1976 858 2007 JUDICARIA
883 1977 1123 2008 Pornsmrn
1146 1978 1333 2009 cnmsrr.
1356 1990 1405 1998 -
1422 1967 1593 2015 Quaestio
1614 1966 1678 2006 59.

157 2041 284 2081 Utrum
298 2043 492 2092 judiciaria
513 2047 678 2094 potestas
700 2045 750 2083 sit
771 2045 1003 2084 attribuenda
1029 2046 1193 2084 Christo.

301 2092 494 2131 conveniat
518 2092 588 2131 sibi
610 2092 805 2132 secundum
833 2094 929 2141 quod
952 2095 1079 2131 homo.

303 2150 383 2178 eam
405 2150 451 2178 ex
471 2141 611 2178 meritis
634 2142 682 2178 sit
706 2141 871 2189 adeptus.

301 2187 383 2236 ejus
404 2190 567 2236 potestas
585 2188 777 2237 judiciaria
797 2189 844 2226 sit
866 2188 1086 2226 universalis
1108 2191 1284 2236 respectu
1302 2187 1466 2226 omnium
1489 2187 1694 2225 hominum.
1977 2211 1982 2214 >

303 2238 434 2284 praeter
456 2236 631 2320 {udiciurn
654 2237 749 2284 quod
776 2237 852 2284 agit
874 2237 985 2274 etiam
1009 2237 1080 2275 hoc
1104 2237 1282 2285 tempore,
1305 2236 1354 2275 sit
1377 2235 1646 2284 expectandum
1669 2234 1768 2273 aliud
1784 2233 1965 2283 judicium
1985 2234 2071 2275 uni·

354 2293 456 2321 versa
475 2294 494 2321 e
517 2295 583 2332 per
603 2295 723 2332 ipsum
751 2285 925 2322 futurum.

305 2330 385 2380 ejus
401 2331 593 2380 ,iudiciaria
614 2336 776 2381 potestas
798 2333 908 2370 etiam
929 2332 976 2370 ad
995 2333 1219 2380 Angelorum
1243 2343 1283 2370 se
1310 2332 1496 2370 extendat.

451 2417 505 2445 nn
527 2417 815 2446 SACRAMENTIS
848 2421 858 2446 :
885 2417 987 2451 QUID
1013 2417 1076 2446 siT
1098 2417 1423 2446 SACRAMENTUM.
1448 2427 1495 2436 --
1523 2407 1695 2454 Quaestio
1717 2409 1778 2446 60.

157 2481 286 2524 utrum
304 2486 566 2521 sacramentnm
589 2485 638 2522 sit
659 2484 697 2521 in
721 2495 853 2531 genere
879 2484 989 2532 signi.

305 2541 412 2569 omne
434 2531 576 2580 signum
599 2532 653 2569 rei
672 2542 784 2570 sacrae
806 2533 854 2570 sit
877 2535 1161 2571 sacramentum.

305 2583 567 2618 sacramentum
595 2580 641 2617 sit
662 2580 805 2628 signnm
825 2581 932 2619 unius
955 2582 1009 2619 rei
1031 2581 1185 2627 tantum,
1212 2591 1257 2618 an
1280 2582 1452 2630 plurium.

498 2649 546 2655 —
831 2630 926 2676 quod
949 2633 1005 2667 est
1031 2639 1089 2667 res
1114 2630 1315 2668 sensibilis.

304 2676 533 2724 requirantur
554 2677 802 2715 determinata}
826 2688 885 2714 res
908 2677 952 2714 ad
976 2683 1218 2716 sacramenta.

304 2723 349 2762 ad
371 2729 634 2763 sacramentum
660 2726 865 2772 requiratur
887 2725 1105 2773 significatio
1128 2737 1208 2775 quae
1234 2730 1290 2763 est
1313 2736 1379 2774 per
1402 2727 1528 2766 verba.

303 2772 534 2820 requirantur
558 2773 794 2810 determinata
817 2774 940 2811 verba.

304 2819 379 2858 illis
398 2820 520 2859 verbis
543 2822 661 2869 possit
684 2821 822 2870 aliquid
845 2821 929 2860 addi
951 2822 1011 2860 vel
1035 2822 1217 2860 subtrahi.

205 2111 255 2264 llll

206 2550 256 2847 lllllll

547 2906 603 2935 DE
629 2906 912 2936 NecessmATE
939 2907 1322 2938 SACRAMENTORUM.
1351 2921 1397 2928 --
1422 2900 1597 2947 Quaestio
1621 2901 1686 2940 61.

158 2969 287 3010 Utrum
309 2975 531 3010 sacramenta
552 2972 688 3011 fuerint
711 2973 917 3011 necessaria
936 2973 984 3028 ad
1008 2974 1162 3012 salutem
1187 2976 1396 3023 humanam.

547 3041 594 3047 —
934 3032 973 3058 in
995 3026 1095 3059 statu
1117 3025 1201 3059 ante
1222 3027 1428 3070 peccatum.

207 3088 255 3094 —
553 3090 600 3096 —
940 3070 979 3107 in
1001 3073 1098 3107 statu
1121 3074 1205 3117 post
1226 3075 1419 3118 peccatum
1442 3075 1526 3111 ante
1549 3072 1756 3112 Christum.

207 3135 256 3143 —
548 3137 595 3144 -—
897 3129 901 3135 ·
936 3121 1023 3165 post
1043 3118 1180 3155 Christi
1203 3118 1414 3157 adventum.

269 3200 325 3230 me
352 3200 538 3231 numeru
566 3201 812 3231 anchu
839 3202 1211 3233 SACRAMENTORUM
1238 3203 1314 3238 our
1341 3204 1416 3233 nsr
1437 3204 1607 3235 annm.
1631 3216 1678 3224 —
1704 3196 1880 3243 Quaestio
1897 3200 1960 3238 62.

158 3267 287 3308 Utrum
305 3271 528 3307 sacramenta
551 3269 643 3317 legis
664 3270 739 3307 sint
758 3280 866 3308 causa
890 3270 1028 3317 gratiae.

206 3336 256 3344 —
307 3316 421 3362 gratia
443 3318 714 3372 sacramentalis
737 3318 876 3366 aliquid
899 3318 1007 3356 addat
1031 3329 1142 3368 super
1163 3320 1317 3367 gratiam
1341 3321 1518 3359 virtutum
1540 3322 1580 3359 et
1601 3320 1789 3362 donorum.

208 3383 257 3392 —
307 3368 531 3403 sacramenta
551 3368 763 3403 contineant
785 3366 954 3412 gratiam.
1287 3378 1300 3390 =

207 3432 256 3441 —-
305 3412 353 3450 sit
373 3412 412 3451 in
434 3413 489 3451 cis
512 3412 633 3461 aliqua
654 3414 771 3451 virtus
794 3413 838 3450 ad
861 3414 1079 3452 causandum
1106 3415 1273 3462 gratiam.

207 3480 256 3489 —
304 3460 390 3499 talis
414 3460 531 3499 virtus
556 3460 594 3499 in
616 3461 853 3500 sacramentis
875 3460 1058 3500 derivetur
1077 3472 1098 3499 a
1121 3464 1291 3510 passione
1314 3463 1463 3504 Christi.

207 3527 257 3540 -··
303 3511 530 3550 sacramenta
549 3509 687 3550 veteris
709 3508 802 3560 legis
828 3507 982 3559 gratiam
1005 3514 1211 3550 causarent.
