2170 3808
129 218 212 261 528
777 214 978 265 QUAEST.
1012 215 1149 264 Lxln,
1182 215 1299 257 ΛΒΤ.
1331 216 1382 258 Π.

131 309 268 352 nem3
293 314 314 336 »
343 298 392 341 et
413 295 481 340 sic
513 293 698 339 videtur
721 292 856 350 quod*
883 294 1125 339 character
1144 294 1202 339 sit
1220 295 1454 351 quoddam
1483 295 1663 342 lumen.
1687 295 1777 342 Sed
1791 295 1952 342 iumen
1976 298 2038 344 ad

131 359 313 406 tertiam
332 358 532 416 speciem
572 356 810 414 qualitatis
844 355 1029 401 videtur
1052 357 1300 414 pertinere.
1325 358 1424 402 Non
1442 369 1556 415 ergo
1579 360 1818 404 character
1840 362 1913 404 est
1947 370 2035 415 po·

132 426 293 479 testas,
309 433 416 480 quae
432 419 619 464 videtur
637 418 697 464 ad
719 418 975 464 secundam
992 419 1196 476 speciem
1215 419 1451 475 qualitatis
1470 421 1720 478 pertinere.

185 488 228 531 3.
248 487 490 539 Praeterea,
508 482 536 525 a
555 481 838 539 quibusdam
850 482 1090 527 character
1101 482 1169 526 sic
1184 481 1436 528 definitur:
1457 500 1478 522 «
1494 484 1739 529 character
1757 487 1829 529 est
1846 482 2036 540 signum

129 549 347 594 sanctum
382 544 729 590 communionis
749 542 875 603 fidei,
898 549 945 590 et
976 550 1150 589 sanctae
1173 544 1480 590 ordinationis
1500 546 1662 592 datum
1684 545 1712 591 a
1730 545 1986 591 hierarcha.
2013 564 2034 586 ›-

130 608 324 666 Signum
361 612 522 653 autem
543 611 615 652 est
642 606 692 652 in
723 619 895 665 genere
920 607 1176 663 relationiS,
1202 619 1297 651 non
1320 612 1476 653 autem
1506 608 1556 653 in
1578 621 1751 667 genere
1775 607 2034 666 potestatis.

127 672 227 716 Non
251 682 363 727 ergo
387 671 628 714 character
641 673 714 715 est
731 669 987 726 spiritualis
1007 676 1229 726 potestas.

184 736 226 778 4.
246 735 491 789 Praeterea,
523 735 732 790 potestas
755 732 896 777 habet
917 731 1145 777 rationem
1177 744 1333 776 causae
1365 736 1412 777 et
1440 732 1672 791 principii,
1697 737 1751 778 ut
1775 735 1903 789 patet
1935 733 2039 786 (Me.

130 795 256 853 taph.
281 795 362 840 lib.
379 809 424 850 v,
449 798 565 840 text.
583 798 670 850 17).
695 794 783 839 Sed
802 794 991 851 signum
1014 795 1139 851 quod
1156 795 1346 852 ponitur
1367 794 1417 840 in
1447 794 1714 841 definitione
1734 793 2035 859 characteriS‚

127 857 280 915 magis
307 857 511 915 pertinet
546 857 607 902 ad
641 856 871 902 rationem
904 857 1117 903 effectus
1157 858 1404 903 Character
1433 869 1545 915 ergo
1565 871 1662 904 non
1689 862 1763 904 est
1784 856 2038 915 spiritualis

127 923 351 977 potestas.

184 982 275 1028 Sed
297 985 458 1027 contra
480 985 554 1027 est
580 981 707 1039 quod
727 981 1037 1039 Philosophus
1058 981 1169 1027 dicit
1188 983 1350 1040 (Ethic.
1386 982 1467 1028 lib.
1489 997 1537 1040 ιι,
1562 995 1666 1040 cap.
1690 986 1735 1040 5,
1753 983 1803 1028 in
1824 981 1996 1040 princ.)
2021 991 2050 1029 τ’

98 1046 104 1053 “
133 1060 154 1083 α
171 1044 274 1090 Tria
296 1044 476 1090 suntin
500 1043 674 1101 anima,
698 1044 923 1101 potentia,
944 1044 1132 1089 habitus
1155 1050 1202 1090 et
1224 1045 1396 1102 passio,
1423 1063 1443 1085 n
1478 1045 1568 1090 Sed
1589 1045 1830 1090 character
1850 1055 1947 1089 non
1965 1047 2039 1090 est

127 1106 303 1164 passio,
319 1106 431 1164 quia
458 1105 615 1163 passio
643 1105 735 1151 cito
768 1106 962 1162 transit,
986 1107 1226 1152 character
1262 1113 1418 1153 autem
1438 1106 1700 1152 indelebilis
1727 1110 1816 1163 est,
1835 1110 1888 1151 ut
1916 1105 2038 1151 infra

129 1167 311 1215 dicetur
329 1172 434 1224 (art.
456 1171 484 1214 5
507 1168 648 1225 hujus
669 1171 872 1225 quaest).
896 1170 1111 1215 Similiter
1131 1169 1269 1215 etiam
1295 1183 1388 1215 non
1412 1174 1483 1215 est
1502 1168 1708 1224 habitus,
1732 1168 1843 1226 quia
1876 1167 2037 1214 nullus

127 1230 317 1277 habitus
351 1235 424 1277 est
461 1230 542 1289 qui
580 1243 632 1277 se
663 1231 813 1289 possit
850 1232 911 1278 ad
946 1232 1067 1278 bene
1090 1237 1136 1278 et
1165 1233 1288 1278 male
1311 1233 1514 1289 habere3'
1538 1233 1779 1277 character
1798 1236 1955 1276 autem
1976 1231 2038 1278 ad

126 1296 382 1351 utrumque
401 1306 453 1339 se
471 1293 635 1350 habet3
657 1298 854 1339 utuntur
878 1294 1004 1340 enim
1030 1308 1086 1340 eo
1106 1295 1298 1352 quidam
1331 1295 1464 1352 bene,
1485 1295 1563 1339 alii
1596 1293 1708 1339 vero
1729 1293 1851 1339 male
1878 1308 1888 1337 :
1910 1291 2035 1350 quod

127 1353 177 1399 in
210 1355 449 1401 habitibus
476 1368 573 1400 non
603 1356 831 1412 contingit
855 1371 869 1401 ι
902 1369 1013 1402 nam
1052 1357 1212 1403 habitu
1243 1357 1428 1402 virtutis
1458 1357 1620 1402 nullus
1650 1357 1798 1402 utitur
1830 1355 1966 1411 male,
1988 1359 2036 1401 et

126 1416 289 1464 habitu
305 1418 494 1464 malitiae
526 1418 687 1463 nullus
709 1418 856 1476 bene.
886 1421 1007 1477 Ergo
1023 1420 1304 1477 relinquitur
1322 1420 1448 1478 quod
1470 1421 1711 1466 character
1725 1418 1786 1464 sit
1810 1417 2032 1475 potentia.

175 1487 467 1529 CONCLUSIO.
483 1509 531 1517 —
547 1487 649 1528 cum
670 1486 900 1529 charactere
922 1487 1113 1528 homines
1142 1499 1212 1539 per
1234 1491 1488 1529 sacramenta
1513 1489 1800 1538 insigniantur
1816 1486 1870 1528 ad
1887 1497 1935 1527 ea
1952 1498 2037 1539 per·

126 1542 299 1592 agenda,
318 1554 415 1594 quae
435 1541 571 1582 divini
586 1544 686 1582 sunt
705 1543 860 1591 cultus,
885 1543 1164 1583 necessarium
1187 1546 1248 1583 est
1271 1543 1396 1583 illum
1420 1554 1503 1584 esse
1526 1542 1754 1596 quamdam
1775 1542 1929 1582 animae
1951 1541 2035 1582 ool·

125 1594 256 1636 latam
275 1596 534 1649 spiritualem
553 1599 810 1648 potestatem,
830 1608 924 1649 quae
937 1597 989 1637 ad
1011 1608 1141 1648 genus
1163 1598 1380 1651 qualitatis
1406 1597 1485 1638 sub
1508 1597 1688 1639 secunda
1713 1595 1806 1649 ejus
1826 1595 2036 1637 reducitur

127 1661 271 1703 specle.

183 1714 457 1771 Respondeo
493 1714 745 1760 dicendum
774 1713 916 1772 quod,
956 1713 1080 1760 sicut
1109 1714 1288 1761 dictum
1325 1720 1398 1762 est
1421 1718 1523 1771 (art.
1544 1715 1724 1773 praec.),
1744 1720 2036 1760 sacramenta

125 1777 395 1834 novaelegis
416 1777 732 1822 characterem
744 1777 1038 1835 imprimunt,
1051 1776 1332 1834 inquantum
1346 1790 1430 1836 per
1450 1790 1506 1823 ea
1518 1777 1802 1835 deputantur
1822 1776 2036 1824 homines

126 1838 188 1885 ad
217 1839 400 1885 cultum
422 1839 500 1884 Dei
533 1839 795 1885 secundum
838 1839 981 1885 ritum
1021 1839 1290 1885 christianae
1333 1840 1589 1898 religionis.
1628 1839 1759 1885 Unde
1785 1839 2035 1898 Dionysius

123 1902 314 1958 (Eccles.
337 1901 567 1947 hierarch.
605 1914 707 1959 cap.
735 1904 778 1959 2,
803 1901 831 1946 a
849 1901 1012 1958 med),
1051 1906 1159 1947 cum
1184 1902 1380 1948 dixisset
1399 1903 1523 1960 quod
1560 1920 1580 1941 «
1604 1905 1725 1948 Deus
1761 1901 1810 1946 in
1832 1902 2036 1958 quodam

125 1962 262 2019 signo
285 1963 426 2008 tradit
459 1965 532 2008 sui
557 1962 961 2020 participationem
999 1963 1239 2008 accedenti
1274 1964 1333 2008 ad
1360 1963 1674 2020 baptismum3
1695 1981 1715 2002 »ι
1751 1963 1996 2022 subjungit
2019 1978 2032 2011 ε

129 2041 150 2063 «
167 2025 415 2070 Perficiens
434 2037 544 2070 eum
563 2025 774 2070 divinum
794 2029 841 2070 et
859 2026 1308 2070 communicatorem
1329 2026 1612 2071 divinorum.
1628 2045 1648 2065 »
1666 2024 1861 2075 Divinus
1877 2031 2036 2073 autem

124 2088 281 2133 cultus
302 2088 514 2134 consistit
541 2088 616 2133 vel
649 2089 698 2133 in
720 2087 989 2145 recipiendo
1021 2088 1178 2145 aliqua
1197 2088 1372 2144 divina,
1403 2089 1479 2134 vel
1505 2089 1556 2134 in
1575 2088 1802 2134 tradendo
1824 2087 1942 2133 aliis.
1968 2090 2037 2136 Ad

123 2154 378 2209 utrumque
394 2154 551 2195 autem
572 2149 741 2194 horum
758 2149 1010 2207 requiritur
1029 2149 1245 2206 quaedam
1264 2150 1473 2207 potentia
1499 2166 1509 2195 :
1536 2162 1647 2195 nam
1669 2150 1729 2196 ad
1754 2149 2036 2197 tradendum

124 2212 301 2271 aliquid
339 2212 443 2257 aliis
470 2211 723 2269 requiritur
759 2212 977 2269 quaedam
1010 2211 1217 2269 potentia
1237 2212 1410 2270 activa3
1429 2212 1488 2258 ad
1519 2212 1841 2270 accipiendum
1877 2218 2036 2259 autem

123 2275 378 2333 requiritur
397 2274 604 2331 potentia
622 2274 827 2330 passiva.
840 2277 892 2319 Et
906 2273 1009 2319 ideo
1024 2274 1261 2319 character
1272 2275 1491 2333 importat
1509 2275 1760 2334 quamdam
1778 2276 2035 2333 potentiam

124 2337 412 2395 spiritualem
424 2336 684 2381 ordinatam
706 2337 765 2382 ad
784 2349 840 2382 ea
855 2349 961 2394 quae
979 2342 1092 2381 sunt
1113 2337 1258 2382 divini
1274 2338 1446 2383 cultus.
1471 2337 1719 2384 Sciendum
1736 2342 1894 2383 tamen
1910 2338 2037 2396 quod

125 2399 225 2445 haec
243 2399 498 2457 spiritualis
520 2398 727 2455 potentia
741 2403 820 2443 est
831 2399 1223 2455 instrumentalis,
1237 2399 1359 2444 sicut
1374 2400 1514 2446 etiam
1535 2412 1679 2457 supra
1693 2401 1877 2458 (quaest.
1891 2413 2031 2457 praec.

125 2466 213 2507 art.
235 2465 280 2519 4)
302 2461 479 2508 dictum
510 2465 581 2506 est
603 2461 662 2506 de
690 2460 862 2506 virtute
899 2474 1006 2519 quae
1027 2462 1162 2506 estin
1187 2463 1508 2508 sacramentis.
1534 2463 1711 2508 Habere
1731 2464 1855 2507 enim
1880 2475 2033 2508 sacra·

124 2523 273 2570 menti
300 2524 617 2569 characterem
645 2523 869 2580 competit
900 2524 1128 2569 ministris
1146 2524 1222 2570 Dei
1244 2539 1257 2569 ε
1282 2525 1495 2570 minister
1527 2529 1685 2570 autem
1708 2524 1849 2570 habet
1870 2537 1922 2570 se
1949 2539 2034 2583 per

124 2585 318 2631 modum
346 2584 663 2642 instrumenti,
686 2590 740 2630 ut
757 2585 1064 2643 Philosophus
1079 2586 1190 2631 dicit
1219 2586 1412 2640 (Politic.
1435 2586 1516 2631 lib.
1542 2599 1572 2643 1,
1599 2598 1702 2644 cap.
1729 2588 1774 2642 3,
1794 2586 1822 2630 a
1843 2587 2029 2644 prino).

123 2650 179 2693 Et
198 2648 304 2694 ideo
323 2648 445 2694 sicut
472 2647 624 2693 virtus
647 2659 756 2706 quae
781 2652 854 2694 est
875 2648 925 2693 in
949 2648 1272 2704 sacramentiS,
1292 2660 1387 2694 non
1408 2652 1480 2695 est
1497 2648 1546 2694 in
1564 2660 1737 2705 genere
1761 2660 1844 2705 per
1862 2661 1929 2706 se,
1947 2651 2032 2698 sed

124 2722 208 2768 per
223 2710 562 2769 reductionem,
585 2709 640 2755 eo
663 2710 789 2768 quod
811 2713 884 2756 est
905 2710 1128 2767 quiddam
1151 2710 1306 2755 fluens
1335 2715 1380 2755 et
1415 2711 1778 2768 incompletum3
1802 2710 1869 2755 ita
1890 2711 2032 2759 etiam

125 2774 365 2819 character
388 2785 482 2818 non
499 2772 685 2830 proprie
704 2777 776 2818 est
790 2772 838 2818 in
863 2784 1033 2831 genere
1045 2773 1120 2818 vel
1139 2773 1310 2830 specie,
1330 2773 1413 2818 sed
1434 2773 1673 2819 reducitur
1692 2772 1751 2818 ad
1773 2774 2030 2822 secundam

125 2835 328 2894 speciem
352 2835 590 2893 qualitatis
610 2837 686 2891 (1).

179 2905 245 2951 Ad
263 2907 463 2962 primum
482 2916 594 2961 ergo
613 2903 883 2961 dicendum,
908 2903 1035 2962 quod
1054 2904 1207 2961 figura
1221 2907 1293 2949 est
1315 2903 1532 2961 quaedam
1555 2904 1818 2950 terminatio
1840 2905 2029 2963 quanti-

125 2967 258 3014 tatis:
277 2967 421 3023 unde,
438 2966 624 3024 proprie
642 2966 895 3024 loquendO,
911 2978 1005 3011 non
1026 2971 1097 3012 est
1115 2966 1202 3011 nisi
1216 2965 1264 3010 in
1285 2966 1427 3011 rebus
1443 2967 1704 3024 corporeis3
1729 2966 1779 3012 in
1806 2968 2029 3025 spiritua-

125 3029 247 3076 libus
266 3035 424 3074 autem
444 3029 613 3074 dicitur
629 3029 958 3086 metaphorice.
976 3031 1075 3074 Non
1108 3035 1264 3074 autem
1286 3028 1474 3084 ponitur
1495 3028 1672 3087 aliquid
1690 3029 1739 3074 in
1766 3041 1938 3085 genere
1954 3031 2027 3076 vei

125 3091 295 3149 specie,
318 3091 407 3136 nisi
440 3104 523 3148 per
540 3091 588 3137 id
617 3091 743 3148 quod
772 3091 830 3137 de
849 3103 906 3137 eo
927 3091 1115 3149 proprie
1150 3091 1445 3149 praedicatur.
1468 3094 1520 3136 Et
1542 3089 1647 3137 ideo
1669 3091 1909 3137 character
1929 3105 2023 3138 non

125 3158 277 3211 potest
294 3166 399 3198 esse
414 3153 460 3197 in
485 3158 651 3211 quarta
672 3154 828 3211 specie
850 3154 1087 3211 qualitatis
1107 3156 1179 3210 (2),
1202 3154 1309 3199 licet
1331 3155 1420 3199 hoc
1439 3153 1633 3211 quidam
1655 3154 1913 3211 posuerint.

164 3283 210 3325 (4)
238 3283 315 3317 Haec
330 3284 476 3317 secunda
489 3283 615 3324 species
629 3287 678 3317 est
692 3285 858 3328 potentia
870 3288 903 3319 et
919 3285 1034 3328 impo·
1161 3285 1204 3327 (2)
1222 3285 1350 3328 Quarta
1372 3284 1499 3326 species
1513 3287 1562 3319 est
1587 3283 1696 3318 forma
1711 3287 1745 3318 et
1758 3283 1885 3325 figurem
1908 3283 2025 3319 defini·

125 3332 242 3367 tentia
267 3334 302 3366 et
324 3331 489 3366 delinitur
516 3331 659 3372 qualitas
682 3332 860 3373 disponens
878 3332 1033 3367 substan·
1122 3339 1178 3369 tur
1207 3333 1352 3374 qualitas
1385 3333 1552 3368 resultans
1580 3344 1619 3367 ex
1645 3332 1777 3368 divona
1806 3332 2023 3374 dispositione

125 3380 206 3414 tiam
223 3379 265 3414 ad
279 3379 446 3419 agendum
461 3380 515 3414 vel
541 3380 788 3424 resistendum
811 3382 837 3415 si
858 3381 928 3415 lioec
954 3393 1030 3422 qua·
1119 3382 1269 3425 partium
1292 3380 1503 3423 quantitatis.

124 3428 200 3463 litas
221 3429 266 3463 sit
291 3428 392 3465 fortis
414 3429 543 3467 dicitur
564 3430 741 3473 potentia,
760 3429 788 3464 si
808 3429 943 3468 debilis.
965 3431 1033 3465 im·

125 3478 304 3519 potentia.
