2170 3808
669 259 867 311 QUAEST.
899 259 983 313 vll,
1011 259 1130 302 ART.
1160 258 1247 302 XII.
1850 260 1899 304 81

158 345 501 390 ARTICULUS
521 345 628 387 XII.
659 366 713 372 —
743 354 881 384 ornum
911 353 1058 384 omna
1088 354 1251 384 cunisri
1282 353 1488 383 rorusmr
1519 351 1668 383 Ausum
1691 341 1765 394 (1).

28 414 74 449 De
94 413 144 449 liis
160 415 259 449 etiam
278 415 370 450 Sent.
395 422 420 456 ι,
443 412 520 447 dist.
540 411 592 451 55,
607 413 719 452 quaest.
740 418 776 452 v,
798 413 866 445 art.
886 409 918 451 l,
938 412 1054 450 quaest.
1068 416 1119 450 lv,
1137 411 1172 443 et
1194 408 1272 443 dist.
1297 408 1352 451 ⁴7,
1372 412 1488 450 quaest.
1503 417 1541 449 11,
1559 411 1623 442 art.
1648 408 1670 442 4
1690 407 1731 441 ad
1747 407 1780 447 5,
1799 409 1835 441 et
1851 415 1901 450 ιιι,

79 461 154 498 diat.
173 463 226 502 ⁴5,
247 467 364 504 quaest.
380 469 405 501 1.
422 464 487 495 art.
502 460 537 499 2,
561 462 679 500 quaest.
697 466 749 498 ΙΙΙ,
767 461 801 492 et
819 456 898 492 dist.
921 456 975 497 48,
994 459 1111 497 quaest.
1128 464 1161 496 ι,
1179 461 1246 490 art.
1263 456 1286 490 5
1303 467 1395 498 corp.
1415 462 1449 491 et
1467 457 1528 490 Isa.
1548 464 1586 498 n,
1605 455 1683 490 lect.
1700 455 1723 490 2
1739 453 1849 496 princ.

80 516 140 560 Ad
161 515 482 561 duodecimum
504 513 572 557 sic
591 512 869 569 proceditur.
901 515 944 555 1.
970 510 1158 555 Videtur
1179 509 1304 567 quod
1337 511 1485 566 gratia
1520 511 1680 554 Christi
1706 508 1901 567 potuerit

26 578 195 634 augeri.
220 576 351 622 Omni
376 576 501 621 enim
520 575 651 619 finito
671 578 825 631 potest
844 572 942 618 fieri
966 571 1152 618 additio.
1181 571 1267 616 Sed
1292 572 1440 627 gratia
1465 572 1629 616 Christi
1651 572 1738 616 fuit
1761 570 1903 630 finita,

26 642 77 683 ut
91 639 263 684 dictum
277 641 348 683 est
363 640 466 691 (art.
485 638 656 694 praec.).
681 638 799 692 Ergo
818 634 970 692 potuit
985 633 1163 689 augeri.

78 703 118 746 2.
150 702 390 756 Praeterea,
401 704 703 754 augmentum
722 697 881 754 gratiae
891 697 942 740 fit
956 708 1039 753 per
1053 696 1270 740 virtutem
1282 693 1503 749 divinam,
1519 694 1776 739 secundum
1790 694 1903 740 illud

24 763 97 817 (II.x
106 764 204 807 Cor.
220 775 279 819 lx,
294 764 336 815 8)
360 775 372 806 t
392 764 553 804 Potens
576 764 643 803 est
674 764 824 803 autem
854 763 970 801 Deus
1001 770 1176 801 omnem
1196 760 1397 814 qratiam
1430 756 1666 799 abundare
1683 758 1834 809 facere
1857 759 1902 799 in

22 824 155 867 vobis.
177 823 263 868 Sed
284 823 431 866 virtus
454 821 627 876 divina,
649 822 754 865 clim
787 820 846 864 sit
876 819 1073 875 infinita,
1104 818 1232 862 nullo
1262 817 1460 863 termino
1478 821 1755 862 coarctatur.
1787 819 1904 874 Ergo

22 884 203 929 videtur
219 883 342 941 quod
361 883 508 940 gratia
523 883 686 928 Christi
707 882 907 939 potuerit
921 893 1023 926 esse
1047 880 1211 937 major.

76 947 120 991 3.
150 948 370 991 Praeterea
388 947 512 999 (Luc.
531 957 579 999 u,
595 946 686 998 52),
706 944 874 988 dicitur
895 942 1020 999 quod
1034 955 1148 998 puer
1171 945 1299 985 Iesus
1314 940 1579 998 proficiebat
1598 940 1841 997 sapientia,
1861 943 1905 984 et

21 1010 166 1063 aetate,
189 1011 233 1051 et
247 1009 402 1064 qratia
417 1006 542 1063 apud
557 1010 700 1049 Deum
718 1009 761 1049 et
777 1006 995 1048 homines.
1016 1005 1134 1060 Ergo
1153 1002 1301 1059 gratia
1318 1001 1479 1047 Christi
1503 1001 1652 1058 potuit
1673 1001 1848 1058 augeri.

78 1068 163 1113 Sed
185 1072 341 1113 contra
361 1072 434 1112 est
452 1067 575 1124 quod
600 1066 767 1112 dicitur
780 1068 924 1121 (Joan.
946 1079 976 1122 1,
998 1067 1097 1120 14):
1121 1065 1329 1108 Vidimus
1343 1077 1459 1119 eum,
1478 1066 1608 1119 quasi
1626 1064 1904 1119 uniqenibum

22 1129 50 1172 ὰ
65 1132 220 1186 Patre,
238 1129 423 1186 plenum
442 1130 607 1185 qratia&
622 1132 668 1172 et
686 1130 911 1171 veritatis.
927 1126 1014 1172 Sed
1030 1125 1141 1170 nihil
1159 1129 1312 1183 potest
1331 1137 1435 1170 esse
1447 1130 1529 1169 aut
1546 1123 1738 1180 intelligi
1754 1124 1906 1182 majUs

21 1190 161 1247 quam
183 1190 309 1248 quod
324 1189 493 1248 aliquis
511 1189 569 1234 sit
593 1189 865 1246 unigenitus
886 1188 913 1233 a
942 1191 1090 1233 Patre.
1115 1190 1234 1244 Ergo
1253 1187 1391 1232 etiam
1419 1200 1514 1231 non
1532 1191 1684 1244 potest
1711 1196 1815 1231 esse
1833 1186 1906 1231 vel

21 1251 214 1309 intelligi
231 1251 380 1309 maJor
405 1250 553 1309 gratia
576 1250 716 1308 quam
740 1250 818 1295 illa
837 1252 930 1307 qua
951 1249 1158 1295 Christus
1179 1249 1267 1293 fuit
1286 1249 1472 1306 plenus.

68 1320 355 1361 CONCLUSIO.
383 1341 428 1349 —
453 1319 558 1359 Cum
578 1319 621 1358 in
649 1318 811 1359 Christo
836 1318 958 1358 fuerit
985 1317 1122 1358 omnis
1141 1317 1281 1368 gratiae
1305 1316 1540 1367 plenitudo,
1567 1318 1607 1355 et
1636 1315 1760 1355 fuerit
1781 1315 1906 1354 simul

21 1374 327 1425 comprehensor
342 1385 390 1415 ao
405 1373 552 1424 viator,
572 1372 825 1425 impossibile
839 1372 920 1412 suit
934 1372 1074 1425 aliquo
1092 1372 1214 1411 modo
1234 1371 1278 1411 in
1293 1371 1366 1410 illo
1381 1370 1556 1421 gratiam
1574 1369 1727 1420 augeri.

76 1436 345 1494 Respondeo
367 1435 615 1481 dIcendum
640 1435 764 1493 quod
787 1435 991 1492 aliquam
1011 1435 1208 1479 formam
1229 1447 1322 1478 non
1343 1445 1480 1491 posse
1498 1433 1657 1488 augeri
1680 1430 1907 1488 contingit

22 1496 265 1553 dupliciter
282 1509 408 1541 :uno
425 1496 564 1541 modo
587 1509 646 1541 ex
668 1500 795 1553 parte
815 1495 964 1552 ipsius
997 1495 1216 1553 subjecti3
1252 1494 1342 1539 alio
1368 1494 1506 1538 modo
1529 1506 1586 1538 ex
1606 1498 1735 1549 parte
1759 1492 1907 1549 ipsius

21 1558 195 1603 formae.
215 1561 277 1602 Ex
299 1563 430 1615 parte
449 1558 637 1615 quidem
666 1557 878 1614 subJ‘ecti,
910 1557 1097 1614 quando
1125 1556 1389 1613 subJ’ectum
1411 1555 1595 1611 attingit
1614 1555 1672 1600 ad
1694 1554 1907 1599 ultimum

23 1619 218 1675 gradum
231 1620 279 1664 in
298 1619 647 1677 participatione
662 1619 786 1664 illius
801 1619 960 1663 formae
974 1619 1234 1664 secundum
1247 1630 1386 1663 suum
1406 1618 1620 1672 modum,
1646 1617 1766 1661 sicut
1781 1617 1818 1660 si
1835 1616 1908 1660 di-

23 1683 155 1724 catur
173 1679 298 1737 quod
316 1693 395 1724 aer
409 1692 504 1724 non
520 1685 673 1736 potest
692 1692 902 1724 crescere
924 1680 974 1724 in
995 1680 1245 1733 caliditate,
1265 1680 1455 1736 quando
1473 1678 1692 1735 pertingit
1721 1676 1780 1722 ad
1797 1677 1908 1722 ulti-

23 1750 154 1784 mum
172 1741 367 1797 gradum
389 1740 556 1785 caloris
579 1741 657 1797 qui
681 1745 833 1797 potest
858 1741 1026 1784 salvari
1046 1741 1095 1784 in
1124 1746 1287 1786 natura
1302 1740 1453 1796 aeris3
1488 1739 1595 1783 licet
1627 1739 1775 1796 possit
1803 1750 1908 1784 esse

24 1801 173 1859 maj0r
186 1802 310 1846 calor
325 1802 371 1845 in
390 1814 547 1846 rerum
564 1807 748 1860 natura,
767 1803 847 1859 qui
863 1808 933 1847 est
947 1802 1072 1847 calor
1084 1802 1224 1859 ignis.
1240 1805 1303 1846 Ex
1325 1806 1456 1859 parte
1472 1806 1625 1845 autem
1646 1802 1807 1845 formae
1824 1812 1909 1845 ex·-

23 1862 228 1909 cluditur
245 1862 528 1919 possibilitas
548 1863 802 1919 augmenti,
822 1864 1011 1919 quando
1027 1863 1213 1920 aliquod
1227 1864 1489 1920 siibJectum
1514 1863 1696 1917 attingit
1716 1862 1776 1906 ad
1797 1861 1908 1906 ulti-

25 1935 150 1970 mam
173 1924 529 1982 perfectionem,
560 1935 702 1979 quam
730 1929 884 1980 potest
909 1925 1198 1969 talis‘forma
1220 1925 1389 1969 hahere
1416 1925 1462 1968 in
1496 1929 1684 1979 natura,
1719 1923 1838 1967 sicut
1867 1923 1907 1969 si

27 1986 250 2041 dicamus,
275 1984 399 2042 quod
418 1984 543 2029 calor
560 1984 682 2041 ignis
702 1997 796 2029 non
816 1990 968 2042 potest
986 1986 1162 2042 augeri,
1181 1986 1289 2043 quia
1313 1999 1404 2030 non
1422 1990 1572 2041 potest
1594 1997 1698 2029 esse
1727 1984 1908 2041 perfec-

29 2047 114 2090 tior
135 2046 308 2103 gradus
323 2045 490 2089 caloris
504 2045 644 2102 quam
666 2045 743 2089 ille
758 2046 817 2090 ad
836 2058 974 2102 quem
990 2047 1211 2103 pertingit
1231 2046 1369 2100 ignis.
1395 2047 1519 2089 Sicut
1534 2051 1688 2090 autem
1713 2045 1909 2090 aliarum
1944 2085 1950 2102 2

25 2107 276 2152 formarum
296 2110 367 2151 est
386 2118 444 2150 ex
463 2106 619 2150 div1na
637 2107 862 2162 sapientia
882 2106 1187 2151 determinata
1206 2109 1389 2164 propria
1406 2119 1642 2164 mensura,
1660 2106 1723 2149 ita
1737 2111 1783 2150 et
1803 2117 1907 2162 gra-
1944 2103 1963 2138 ἶ

26 2169 116 2226 tiae,
132 2167 390 2214 secundum
407 2167 521 2212 illud
536 2169 660 2223 (Sap.
674 2181 734 2223 xi,
751 2171 820 2222 21)
841 2181 853 2211 z
871 2171 1033 2212 Omnia
1055 2172 1102 2212 in
1122 2182 1324 2225 numero,
1341 2173 1383 2212 et
1400 2170 1617 2225 pondere,
1633 2172 1676 2211 et
1697 2181 1908 2212 mensura

28 2230 289 2286 disposuisti
302 2231 377 2284 (2).
408 2231 618 2273 Mensura
636 2233 792 2273 autem
811 2229 1061 2286 unicuique
1097 2230 1256 2274 formae
1287 2229 1538 2286 praefigitur
1567 2241 1650 2286 per
1669 2241 1908 2286 compara·

27 2290 198 2335 tionem
216 2291 274 2335 ad
296 2301 435 2335 suum
455 2290 623 2346 finem3
645 2289 764 2335 sicut
780 2303 873 2334 non
894 2296 966 2335 est
984 2291 1131 2348 maJ‘or
1153 2291 1359 2348 gravitas
1371 2291 1509 2347 quam
1532 2291 1733 2347 gravitas
1754 2296 1903 2348 terrae,

27 2353 240 2409 quianon
262 2356 410 2408 potest
432 2364 535 2397 esse
553 2352 741 2396 inferior
764 2352 894 2397 locus
913 2353 1014 2398 loco
1038 2359 1188 2399 terrae.
1204 2354 1327 2398 Finis
1349 2360 1503 2397 autem
1528 2354 1685 2410 gratiae
1710 2356 1783 2398 est
1794 2353 1907 2399 unio

28 2418 249 2460 creaturae
270 2414 509 2459 rationalis
529 2414 587 2459 ad
608 2417 768 2459 Deum.
788 2417 886 2460 Non
913 2420 1065 2473 potest
1093 2421 1249 2462 autem
1274 2429 1395 2472 esse,
1418 2429 1502 2461 nec
1535 2415 1729 2472 intelligi
1760 2416 1908 2473 maj0r

27 2475 138 2520 unio
160 2480 382 2520 creaturae
394 2475 632 2520 rationalis
651 2476 710 2521 ad
724 2479 886 2533 Deum,
911 2478 1051 2534 quam
1070 2491 1175 2536 quae
1197 2479 1332 2523 estin
1352 2490 1567 2535 persona.
1595 2480 1647 2522 Et
1676 2478 1779 2523 ideo
1799 2490 1908 2535 gra-

28 2537 90 2582 tia
113 2537 275 2583 Christi
290 2537 505 2594 pertingit
523 2538 582 2582 ad
602 2550 832 2583 summam
858 2552 1128 2584 mensuram
1158 2541 1335 2597 gratiae.
1359 2563 1414 2572 -
1433 2541 1504 2584 Sic
1527 2540 1667 2596 igitur
1685 2541 1908 2585 manifes-

29 2602 128 2644 tum
147 2604 219 2644 est
239 2598 365 2656 quod
383 2599 529 2656 gratia
551 2599 715 2644 Christi
741 2613 832 2645 non
861 2606 1013 2658 potest
1032 2602 1192 2659 augeri
1215 2614 1270 2647 ex
1295 2609 1426 2660 parte
1441 2602 1594 2659 *ipsius
1620 2601 1796 2659 gratiae.
1821 2603 1908 2648 Sed

31 2673 182 2718 neque
205 2660 343 2704 etiam
365 2673 421 2705 ex
444 2665 574 2716 parte
607 2661 830 2719 sthecti3
855 2663 964 2720 quia
997 2664 1218 2720 Christus,
1249 2664 1506 2709 secundum
1538 2664 1661 2720 quod
1691 2665 1845 2722 homo,
1880 2665 1907 2709 a

29 2722 175 2778 primo
197 2722 382 2767 instanti
417 2734 513 2767 suae
546 2724 860 2780 conceptionis
890 2725 977 2770 fuit
1008 2738 1144 2770 verus
1173 2730 1219 2770 et
1246 2726 1416 2783 plenus
1444 2726 1802 2781 comprehensor
1829 2729 1906 2782 (3).

31 2783 158 2827 Unde
175 2783 224 2827 in
245 2795 298 2828 eo
321 2796 414 2827 non
442 2783 586 2839 potuit
613 2797 718 2830 esse
740 2786 901 2842 gratiae
923 2793 1244 2844 augmentum,
1280 2787 1400 2832 sicut
1421 2799 1506 2831 nec
1533 2788 1577 2831 in
1605 2788 1707 2831 aliis
1738 2787 1909 2845 beatis,

32 2855 228 2901 quorum
249 2845 392 2901 gratia
414 2846 573 2902 augeri
593 2859 687 2891 non
705 2852 873 2905 potest,
891 2848 947 2894 eo
968 2849 1093 2906 quod
1112 2854 1222 2894 sunt
1235 2849 1283 2893 in
1306 2849 1516 2893 terminO.
1539 2849 1783 2893 Hominum
1798 2850 1908 2895 vero

31 2904 111 2962 qui
128 2909 238 2949 sunt
257 2906 371 2962 pure
389 2906 602 2967 viatores,
633 2909 780 2963 gratia
805 2914 956 2966 potest
987 2911 1148 2968 augeri
1170 2916 1216 2956 et
1237 2923 1297 2955 ex
1323 2916 1452 2966 parte
1480 2910 1654 2961 formae,
1678 2910 1787 2966 quia
1813 2923 1907 2957 non

30 2965 266 3023 attingunt
287 2979 518 3011 summum
537 2970 694 3025 gratiae
713 2972 925 3028 gradum,
945 2977 1061 3018 etex
1079 2977 1207 3030 parte
1219 2972 1430 3029 subjecti,
1451 2972 1560 3028 quia
1578 2972 1782 3016 nondum
1801 2985 1907 3030 per-

30 3031 259 3073 venerunt
278 3028 335 3072 ad
357 3029 620 3073 termInum.

84 3091 150 3136 Ad
167 3093 366 3147 primum
390 3102 499 3146 ergo
524 3091 784 3150 dicendum,
808 3095 930 3151 quod
955 3096 993 3140 si
1021 3097 1266 3152 loquamur
1292 3095 1348 3140 de
1371 3094 1705 3151 quantitatibus
1725 3097 1905 3143 mathe-

30 3152 227 3207 maticis,
252 3151 439 3196 cuilibet
463 3152 600 3196 finitae
619 3155 861 3210 quantitati
881 3162 1032 3213 potest
1051 3155 1148 3202 fieri
1173 3157 1360 3213 additio,
1381 3157 1491 3213 quia
1523 3169 1579 3200 ex
1608 3162 1737 3213 parte
1758 3169 1907 3215 quan-

71 3247 113 3289 (l)
137 3246 200 3281 Hic
222 3246 332 3286 agitur
357 3247 396 3280 de
422 3251 600 3287 augmento
629 3248 766 3289 physico
788 3262 846 3285 seu
871 3251 923 3286 in-
1048 3253 1091 3295 (2)
1112 3253 1179 3287 Seu
1203 3255 1289 3287 serie
1316 3252 1499 3287 verborum
1524 3252 1722 3294 transposita
1744 3253 1906 3290 :Omnia

33 3295 156 3330 tensivo
170 3294 283 3336 gratiae
310 3295 432 3329 Christi
454 3295 636 3330 secundum
663 3297 845 3337 potentiam
864 3299 923 3333 Dei
1008 3302 1050 3335 in
1064 3311 1249 3343 mensura,
1268 3311 1421 3336 numero
1445 3304 1477 3334 et
1490 3301 1648 3344 pondere
1675 3301 1903 3344 disposuisti.

31 3342 227 3378 absolutam.
248 3344 380 3378 Partem
395 3345 582 3385 negativam
595 3349 753 3380 tenentur
771 3347 925 3389 scotistae,
1052 3349 1094 3389 (5)
1112 3348 1149 3383 Id
1173 3352 1235 3390 est,
1262 3349 1310 3383 ita
1339 3349 1437 3389 plene
1463 3349 1582 3383 habuit
1608 3349 1755 3383 essentiae
1782 3349 1906 3385 divinas

32 3395 65 3425 et
79 3403 116 3425 ex
130 3390 297 3426 themistis
317 3391 493 3431 Caietanus
513 3396 548 3427 et
569 3393 597 3426 N
603 3394 751 3436 azarius3
771 3394 926 3429 affirma-
1011 3397 1170 3432 visionem
1187 3408 1224 3431 ne
1242 3397 1277 3431 in
1293 3408 1470 3439 progressu.
1486 3398 1562 3432 vitae
1578 3397 1629 3431 vel
1645 3408 1733 3431 nunc
1751 3396 1863 3431 habet.

33 3438 134 3472 tivam
154 3440 232 3473 vcro
248 3443 364 3474 tenent
390 3440 445 3474 alii
469 3442 696 3485 communius,
714 3446 764 3482 et,
782 3446 821 3478 ut
835 3442 927 3478 addit

35 3483 185 3527 Billuart,
202 3487 382 3522 D.'l'h01nae
396 3488 614 3523 conformius.
