2170 3808
170 262 252 306 616
836 258 1035 311 QuAEsT.
1063 258 1186 315 Lxx,
1215 259 1334 303 ΛΒΤ.
1364 261 1399 303 1.

172 349 218 389 et
239 355 334 388 non
352 342 573 398 hominis,
597 344 644 386 et
664 340 768 385 ideo
782 352 876 384 non
898 344 971 384 est
985 344 1223 385 mortuum
1257 341 1306 384 in
1339 342 1463 398 ficto,
1483 341 1564 398 qui
1587 342 1687 388 sine
1707 344 1930 388 charitate
1948 344 2066 400 bap-

171 410 554 512 uzlfiiilugccundum
578 463 845 517 dicendum,
863 462 989 519 quod
1013 459 1137 507 fictio
1155 475 1250 506 non
1269 468 1537 509 removetur
1558 478 1641 521 per
1659 466 1960 522 baptismum.
1982 468 2066 512 sed

170 541 254 586 per
274 526 598 584 poenitentiam
636 525 1019 581 subsequentem,
1056 526 1150 581 qua
1187 525 1380 582 remota,
1409 525 1667 583 baptismus
1695 530 1845 572 aulert
1876 541 2065 573 omnem

170 590 373 644 culpam,
399 591 446 632 et
485 593 668 632 reatum
707 585 915 630 omnium
955 591 1254 643 peccatorum
1289 586 1650 643 praecedentium
1689 589 1994 646 baptismum,
2019 596 2064 634 et

169 649 307 694 etiam
333 648 473 693 simul
495 648 796 693 existentium
819 660 925 691 cum
942 647 1192 704 baptismo,
1213 648 1342 692 Unde
1359 650 1645 704 Augustinus
1664 651 1775 695 dicit
1802 651 1847 694 in
1870 651 1987 694 libro
2002 654 2065 696 De

166 711 401 767 Baptismo
433 710 537 765 (loc.
565 723 671 768 sup.
689 710 786 764 cit.)
807 722 820 753 ε
851 728 870 747 «
895 709 1094 754 Solvitur
1117 710 1364 754 hesternus
1388 710 1503 766 dies,
1527 716 1573 756 et
1591 713 1816 769 quidquid
1851 717 2064 768 superest

167 772 381 828 solvitur,
403 772 543 817 etiam
565 772 665 829 ipsa
683 772 797 816 hora
818 776 1202 828 momentumque
1225 778 1334 816 ante
1349 771 1634 829 baptismum
1662 780 1707 819 et
1730 775 1775 818 in
1803 774 2059 831 baptism03

166 834 387 892 deinceps
407 843 564 879 autem
588 832 809 878 continuo
831 846 941 877 reus
965 845 1070 878 esse
1090 833 1266 891 incipit.
1291 853 1310 872 »
1339 836 1392 878 Et
1419 834 1489 879 sic
1519 835 1580 879 ad
1610 835 1825 893 baptismi
1846 837 2063 880 effectum

166 897 548 954 consequendum
575 895 812 940 concurrit
834 894 1098 952 baptismus
1120 900 1167 940 et
1195 896 1497 952 poenitentia3
1521 897 1604 943 sed
1639 898 1901 955 baptismus
1942 898 2063 943 sicut

109 951 113 987 ἶ
165 971 307 1003 causa
327 972 414 1016 per
431 972 482 1004 se
505 970 668 1017 agens,
693 957 971 1016 poenitentia
994 957 1116 1003 sicut
1137 970 1281 1003 causa
1299 971 1381 1016 per
1397 959 1633 1017 accidens,
1656 959 1702 1006 id
1721 965 1796 1006 est
1815 972 2062 1006 removens

90 1019 99 1048 ῑ’
164 1020 432 1078 prohibens,

217 1083 284 1128 Ad
315 1086 499 1127 tertium
521 1080 790 1138 dicendum,
812 1080 938 1139 quod
959 1081 1154 1127 effectus
1185 1081 1406 1139 baptismi
1435 1096 1530 1128 non
1568 1088 1640 1129 est
1672 1084 1834 1131 tollere
1870 1090 2061 1143 peccata

162 1144 335 1203 futura,
361 1145 444 1190 sed
477 1143 726 1202 praesentia
748 1143 822 1188 vel
860 1144 1115 1201 praeterita3
1152 1149 1198 1190 et
1226 1143 1348 1199 ideo,
1371 1145 1620 1192 recedente
1647 1146 1850 1203 fictione,
1870 1151 2060 1204 peccata

162 1207 406 1264 sequentia
425 1206 725 1251 remittuntur
745 1204 950 1263 quidem,
973 1207 1055 1251 sed
1076 1220 1159 1263 per
1179 1207 1522 1265 poenitentiam,
1543 1221 1636 1253 non
1660 1221 1744 1266 per
1758 1209 2058 1266 baptismum.

163 1269 292 1314 Unde
325 1282 419 1313 non
443 1269 744 1313 remittuntur
765 1269 994 1325 quantum
1017 1268 1076 1314 ad
1108 1273 1255 1314 totum
1286 1274 1486 1327 reatum,
1509 1269 1632 1316 sicut
1659 1274 1850 1327 peccata
1885 1282 2060 1328 praece-

161 1330 318 1376 dentia
337 1330 639 1388 baptismum.

855 1409 1162 1474 QUAESTIO
1203 1411 1363 1466 LXX.

175 1530 236 1565 DE
269 1530 633 1568 ClRCUMCISIONE
665 1529 778 1574 QUAE
811 1529 1082 1566 PRAECESSIT
1117 1531 1408 1582 BAPTISMUM,
1439 1533 1488 1570 IN
1521 1532 1745 1577 QUATUOR
1776 1533 2036 1570 ARTICULOS

1025 1599 1193 1636 lesA.

204 1688 357 1729 Deinde
378 1687 722 1729 considerandum
742 1690 802 1728 est
820 1687 869 1727 de
892 1688 1196 1740 praeparatoriis
1209 1689 1261 1729 ad
1277 1689 1558 1741 baptismum;
1581 1695 1620 1730 et
1642 1691 1778 1743 primo
1794 1690 1844 1731 de
1863 1702 2056 1743 praepara-

156 1743 260 1784 torio
278 1743 388 1795 quod
408 1743 609 1794 praecessit
627 1742 900 1794 baptismum,
916 1741 957 1781 id
978 1746 1054 1792 est,
1073 1742 1122 1782 de
1136 1744 1466 1794 circumcisione3
1481 1745 1662 1786 secundo
1678 1746 1727 1785 de
1741 1745 2054 1797 praeparatoriis,

155 1810 248 1851 quae
275 1801 526 1839 concurrunt
552 1798 680 1838 simul
710 1809 806 1838 cum
826 1797 1046 1848 baptismo,
1073 1797 1225 1839 scilicet
1253 1800 1303 1839 de
1337 1800 1584 1840 catechismo
1606 1804 1646 1841 et
1673 1802 1908 1841 exorcismo.
1940 1802 2054 1841 Circa

156 1853 339 1905 primum
353 1857 599 1905 quaeruntur
617 1856 819 1904 quatuor:
844 1859 881 1892 1⁰
904 1853 1051 1893 Utrum
1067 1853 1324 1894 circumcisio
1340 1856 1464 1896 fuerit
1481 1857 1767 1908 praeparatoria
1782 1861 1821 1896 et
1836 1857 2054 1907 figurativa

155 1908 366 1961 baptismi.
384 1931 433 1939 —
450 1917 488 1948 2·
513 1911 568 1949 De
582 1909 847 1949 institutione
862 1908 1008 1960 ipsius.
1024 1931 1072 1938 —
1088 1915 1127 1948 3·
1144 1911 1201 1950 De
1224 1911 1308 1950 ritu
1328 1911 1431 1963 ejus.
1447 1916 1550 1951 -40
1568 1914 1624 1953 De
1641 1912 1784 1953 effectu
1805 1914 1950 1965 ipsius.

212 1987 553 2028 ARTICULUS
576 1988 614 2029 Ι.
637 2008 693 2018 -
721 1998 857 2028 uinum
875 1997 1140 2029 cmcuncism
1159 2000 1311 2030 Funmr
1332 2001 1654 2032 PRAEPARATomA
1675 2003 1727 2032 m
1750 2001 1997 2039 mcum-nn

999 2062 1207 2093 BAPTISMI.

154 2114 204 2151 Dc
218 2115 272 2150 his
283 2116 387 2150 ctiam
405 2128 519 2159 supra,
538 2118 654 2157 quaest.
675 2124 798 2158 vanl,
813 2121 877 2150 nrt.
899 2116 913 2150 t
938 2117 979 2150 ad
994 2118 1026 2157 l,
1047 2121 1082 2152 ct
1100 2119 1114 2152 4
1135 2119 1169 2159 2,
1188 2122 1308 2160 quaest.
1326 2127 1387 2162 cn,
1404 2123 1471 2155 art.
1489 2122 1512 2155 ὅ
1529 2132 1624 2162 corp.
1639 2124 1674 2156 et
1690 2122 1712 2155 5
1727 2122 1767 2156 ad
1782 2124 1815 2165 5,
1834 2129 1868 2159 et
1887 2127 1980 2161 Sent.
2001 2135 2049 2171 w,

195 2164 274 2199 dist.
292 2165 324 2204 i,
338 2170 457 2207 quaest.
473 2173 512 2208 n,
533 2169 599 2199 art.
621 2165 653 2205 i,
670 2169 787 2206 quaest.
804 2173 817 2199 1
831 2177 924 2206 corp.
941 2169 976 2199 et
996 2165 1075 2200 dist.
1094 2165 1128 2207 2,
1151 2171 1269 2207 quoest.
1288 2177 1313 2209 1,
1332 2173 1398 2204 art.
1418 2171 1432 2203 t
1456 2169 1497 2204 ad
1516 2170 1549 2210 5,
1565 2173 1599 2204 et
1613 2170 1711 2205 Rom.
1732 2179 1771 2211 1¹,
1789 2171 1866 2207 lect.
1882 2174 1904 2208 2
1918 2180 1952 2209 et
1968 2176 2001 2210 4.

205 2219 269 2264 Ad
285 2219 487 2276 primum
504 2218 572 2263 sic
588 2219 869 2275 proceditur.
892 2222 936 2264 1.
956 2220 1144 2265 Videtur
1156 2222 1281 2278 quod
1301 2223 1594 2269 circumcisio
1610 2238 1701 2269 non
1724 2226 1861 2271 fuerit
1877 2241 2051 2286 praepa—

149 2281 320 2325 ratoria
343 2285 390 2325 et
411 2278 659 2337 figurativa
677 2280 913 2338 baptismi.
935 2283 1096 2327 Omnis
1125 2285 1250 2328 enim
1281 2285 1431 2342 figura
1450 2286 1589 2332 habet
1606 2287 1807 2343 aliquam
1832 2290 2050 2336 similitu-

149 2342 307 2388 dinem
318 2356 427 2387 cum
451 2356 538 2388 suo
559 2343 776 2398 figurato.
799 2345 887 2388 Sed
909 2345 1203 2390 circumcisio
1224 2348 1402 2392 nullam
1416 2348 1555 2394 habet
1576 2348 1926 2396 similitudinem
1941 2366 2049 2398 cum

149 2404 396 2460 baptismo.
422 2408 541 2461 Ergo
568 2406 754 2450 videtur
785 2406 910 2462 quod
946 2419 1038 2451 non
1080 2408 1220 2453 fuerit
1238 2411 1566 2467 praeparatoria
1586 2415 1634 2456 et
1664 2411 1910 2467 figurativa
1932 2415 2050 2472 bap-

149 2466 289 2511 tismi.

203 2531 247 2573 2.
279 2531 519 2587 Praeterea,
543 2532 790 2586 Apostolus
810 2531 921 2576 dicit
942 2534 990 2586 (I.
1013 2532 1212 2577 Corinth.
1235 2535 1368 2590 x).de
1380 2536 1584 2592 antiquis
1607 2537 1818 2592 patribus
1834 2539 2045 2596 loquens,

149 2590 271 2647 quod
296 2605 447 2634 omnes
469 2594 519 2634 in
556 2593 670 2636 nube
691 2597 734 2636 et
756 2596 805 2636 in
828 2597 950 2636 mari
987 2595 1212 2650 baptizati
1248 2600 1366 2640 sunt.
1392 2599 1491 2640 Non
1530 2601 1688 2642 autem
1711 2598 1822 2643 dicit
1851 2601 1976 2657 quod
1998 2602 2046 2645 in
2089 2630 2093 2632 s

147 2651 503 2698 circumcisione
528 2653 745 2710 baptizati
771 2655 880 2699 sint.
916 2658 1035 2711 Ergo
1071 2658 1295 2712 protectio
1332 2658 1562 2703 columnae
1586 2659 1725 2704 nubis
1748 2665 1794 2705 et
1822 2663 2047 2708 transitus

146 2716 290 2760 maris
301 2716 441 2760 Rubri
456 2717 609 2773 magis
620 2717 812 2762 fuerunt
823 2720 1153 2775 praeparatoria
1169 2720 1227 2764 ad
1241 2720 1544 2777 baptismum,
1563 2726 1610 2766 et
1620 2722 1867 2778 figurativa
1881 2724 2044 2782 ipsius,

147 2789 287 2834 quam
307 2789 619 2823 circumcism.

200 2841 241 2883 3.
276 2841 515 2896 Praeterea,
541 2853 684 2897 supra
707 2841 883 2886 dictum
903 2847 974 2887 est
998 2843 1096 2899 (qu.
1122 2857 1294 2898 xxxvm„
1313 2848 1400 2888 art.
1425 2849 1446 2889 1
1474 2845 1535 2889 ad
1552 2848 1610 2903 1),
1644 2846 1769 2903 quod
1785 2847 2045 2904 baptismus

93 2937 96 2939 .
143 2902 335 2946 Joannis
351 2901 438 2947 fuit
452 2905 810 2960 praeparatorius
825 2904 882 2949 ad
901 2905 1186 2962 baptismum
1208 2907 1370 2951 Christi
1396 2909 1464 2962 (1).
1494 2907 1535 2951 Si
1561 2920 1672 2965 ergo
1690 2909 1827 2954 etiam
1845 2911 2043 2956 circum-

72 2953 110 3004 ᾗ
145 2962 260 3007 cisio
282 2963 370 3007 fuit
390 2965 719 3020 praeparatoria
739 2972 786 3011 et
804 2967 1051 3022 figurativa
1073 2968 1286 3023 baptismi
1310 2969 1489 3022 Christi„
1515 2970 1702 3014 videtur
1721 2971 1847 3027 quod
1866 2972 2044 3029 baptis-

144 3035 252 3068 mus
272 3026 464 3070 Joannis
479 3026 617 3071 fuerit
638 3029 923 3085 superfluus,
940 3030 1066 3085 quod
1086 3035 1157 3073 est
1179 3030 1537 3089 inconveniens.
1557 3034 1655 3075 Non
1676 3044 1788 3088 ergo
1807 3034 2046 3080 circumci—

145 3086 214 3131 sio
229 3086 316 3131 fuit
337 3090 665 3144 praeparatoria
699 3096 746 3135 et
765 3091 1011 3147 figurativa
1032 3093 1264 3148 baptismi.

200 3148 289 3192 Sed
307 3153 468 3193 contra
490 3153 701 3208 estquod
716 3154 962 3209 Apostolus
983 3153 1095 3198 dicit
1115 3154 1224 3208 (Col.
1249 3168 1296 3211 ιι,
1322 3157 1393 3209 11)
1413 3171 1423 3199 :
1447 3158 1714 3199 Circumcisi
1732 3161 1837 3200 estis
1859 3162 2046 3203 circum·

144 3212 311 3254 cisione
334 3225 423 3254 non
454 3217 741 3272 manufacta,
776 3219 824 3258 in
843 3217 1152 3272 expoliatione
1169 3221 1372 3274 corporis
1399 3222 1571 3278 carniS,
1607 3218 1685 3263 sed
1706 3222 2044 3267 circumcisione

144 3272 333 3331 Christi,
354 3277 600 3330 consepulti
620 3280 662 3320 ei
674 3280 722 3321 in
743 3279 982 3335 baptismo.

185 3403 229 3443 (1)
254 3403 319 3438 Ubi
348 3404 474 3439 dicitur
503 3405 687 3446 tripliciter
717 3407 758 3441 ad
784 3408 883 3442 illum
916 3421 1051 3451 proepa-
1138 3410 1272 3445 Christo
1300 3411 1524 3454 institutum,
1557 3412 1613 3447 vel
1646 3423 1708 3454 per
1737 3413 1971 3454 poenitentiam
2000 3414 2042 3450 ad

143 3461 251 3491 rasse3
276 3451 327 3485 vel
356 3465 417 3494 per
439 3453 627 3488 doctrinam
656 3455 874 3491 inducentem
892 3457 933 3491 ad
950 3457 1052 3491 fidem
1138 3458 1232 3493 illius
1250 3458 1413 3494 effectum
1432 3459 1646 3502 requisitam.

144 3497 283 3541 Christi,
302 3500 356 3534 vel
378 3513 439 3542 per
465 3502 715 3537 assuetudinem
735 3504 775 3537 ad
802 3504 1008 3545 baptismum
1034 3507 1053 3539 a
