2170 3808
758 204 957 257 QUAEST.
987 205 1107 260 Lxx,
1132 206 1250 249 ART.
1280 205 1348 248 1v.
1913 206 1989 248 621

165 291 207 332 4.
239 289 480 344 Praeterea,
502 285 618 329 nihil
639 285 830 342 impedit
851 286 1091 331 introitum
1114 287 1246 342 regni
1270 286 1473 331 coelestis
1498 287 1587 332 nisi
1615 290 1874 344 peccatum.
1905 287 1993 332 Sed

111 348 370 393 circumcisi
403 351 507 392 ante
538 346 803 403 passionem
834 348 996 392 Christi
1027 348 1396 404 impediebantur
1428 348 1486 392 ab
1515 349 1708 393 introitu
1741 348 1873 404 regni
1895 359 1991 393 coe·

109 407 252 453 lestis.
276 410 372 452 Non
394 420 505 464 ergo
525 420 609 464 per
630 408 1028 453 circumcisionem
1051 409 1262 454 homines
1278 409 1651 466 J'ustificabantur
1670 410 1698 454 a
1720 413 1924 466 peccato.

165 474 208 515 5.
240 473 477 524 Praeterea,
501 474 740 525 peccatum
763 471 988 527 originale
1014 483 1104 514 non
1130 471 1374 516 dimittitur
1396 471 1498 515 sine
1520 472 1706 528 actuali,
1726 471 1836 527 quia
1862 488 1882 510 «
1905 470 1992 515 im-

110 531 238 587 pium
273 536 345 576 est
378 532 404 575 a
434 534 524 575 Deo
557 530 795 576 dimidiam
827 543 1014 588 sperare
1040 531 1225 576 veniam
1243 565 1256 588 ,
1283 550 1303 571 »
1329 536 1382 575 ut
1404 533 1692 588 Augustinus
1725 532 1834 577 dicit
1856 531 1991 586 (alius

110 597 286 649 auctor,
305 593 353 636 in
373 592 452 636 lib.
471 595 533 636 De
554 604 664 636 vera
679 597 726 637 et
743 592 862 636 falsa
882 592 1126 649 poenitent.
1149 605 1249 648 cap.
1271 594 1314 646 9,
1336 593 1458 636 circa
1478 594 1632 644 med).
1653 594 1738 638 Sed
1759 593 1989 651 nusquam

109 653 276 708 legitur
311 654 435 710 quod
468 665 550 708 per
586 653 987 698 circumcisionem
1021 654 1332 699 remitteretur
1364 653 1544 698 actuale
1578 658 1837 710 peccatum.
1874 657 1989 711 Ergo

110 714 245 758 etlam
270 727 420 771 neque
441 714 667 770 originale
686 727 769 771 per
787 727 890 759 eam
910 714 1243 759 dimittebatur.

164 782 250 826 Sed
278 786 434 826 contra
458 787 529 825 est
558 783 682 838 quod
705 782 991 838 Augustinus
1011 782 1120 827 dicit
1139 783 1197 827 ad
1215 782 1443 827 Valerium
1469 786 1631 826 contra
1656 782 1888 826 ‚Iulianum
1914 785 1988 837 (De

107 848 239 899 nupt.
265 853 309 888 et
325 843 673 898 concupiscent.
698 843 778 888 lib.
801 857 848 900 ιι,
871 856 972 900 cap.
995 847 1067 901 11,
1088 843 1115 886 a
1135 844 1304 899 med.):
1333 861 1353 882 «
1374 846 1438 887 Ex
1464 856 1557 900 quo
1577 843 1787 888 instituta
1807 849 1876 888 est
1902 843 1988 888 cir-

107 904 329 950 cumcisio
349 905 395 949 in
419 905 589 961 populo
611 904 706 961 Dei,
723 917 828 963 quae
846 910 945 949 erat
967 905 1258 961 signaculum
1277 906 1469 962 ¹iustitiae
1488 905 1609 958 fidei,
1632 906 1690 949 ad
1704 905 1989 961 Justificatio·

106 977 214 1010 nem
239 967 528 1024 purgationis
550 967 735 1011 valebat
763 966 971 1023 parvulis
997 968 1055 1023 (1)
1084 967 1324 1023 originalis
1345 967 1608 1023 veterisque
1635 967 1836 1023 peccati3
1869 967 1990 1012 sicut

31 1035 36 1042 Ι
106 1030 154 1071 et
174 1027 430 1098 baptismus
462 1040 521 1072 ex
544 1028 622 1071 illo
650 1028 791 1084 coepit
808 1027 962 1072 valere
997 1032 1204 1084 tempore
1226 1028 1281 1072 ad
1307 1027 1653 1072 innovationem
1678 1028 1902 1083 hominis,
1930 1040 1989 1073 ex

34 1103 38 1113 ³
106 1099 199 1144 quo
221 1091 463 1134 institutus
481 1094 565 1134 est.
589 1108 609 1129 υ

153 1157 442 1198 CONCLUSIO.
456 1180 500 1186 —
512 1158 757 1208 Quanquam
770 1158 814 1195 in
831 1155 1152 1205 circumcisione,
1170 1156 1277 1196 sicut
1295 1156 1338 1196 in
1354 1156 1573 1209 baptismo,
1593 1158 1839 1197 conferretur
1859 1158 1989 1207 gratia

106 1209 310 1261 quantum
338 1211 390 1250 ad
416 1222 558 1250 omnes
584 1211 724 1260 gratiae
744 1210 923 1258 effectus,
942 1210 1060 1250 aliter
1085 1213 1224 1250 tamen
1251 1211 1376 1262 quam
1401 1211 1446 1250 in
1468 1211 1698 1262 baptismo;
1720 1223 1818 1250 nam
1844 1211 1887 1250 in
1910 1212 1988 1251 cir·

28 1283 30 1286 ·
104 1266 353 1305 cumcisione
373 1267 505 1318 gratia
519 1276 567 1306 ex
583 1266 674 1315 fide,
700 1277 783 1305 non
799 1276 846 1304 ex
866 1264 909 1304 vi
923 1264 1268 1314 circumcisionis,
1288 1265 1334 1304 in
1353 1264 1559 1318 baptismo
1575 1270 1714 1305 autem
1738 1277 1787 1306 ex
1803 1266 1847 1307 vi
1863 1277 1989 1306 sacra-

103 1320 235 1360 menti
249 1321 489 1372 acquiritur.

159 1383 430 1439 Respondeo
457 1381 708 1426 dicendum
739 1381 865 1438 qued
895 1381 955 1425 ab
986 1381 1203 1425 omnibus
1232 1381 1542 1425 communiter
1573 1381 1760 1437 ponitur
1785 1382 1906 1438 qued
1939 1382 1987 1426 in

104 1443 455 1488 circumcisione
482 1448 724 1500 peccatum
753 1443 979 1499 originale
1004 1443 1323 1487 remittebatur
1344 1445 1418 1497 (2).
1449 1442 1643 1495 Quidam
1676 1448 1827 1487 tamen
1858 1443 1989 1488 dixe-

103 1511 215 1550 runt
233 1506 356 1562 quod
378 1519 470 1550 non
491 1505 817 1550 conferebatur
831 1505 996 1562 gratia,
1013 1505 1094 1549 sed
1112 1505 1261 1549 solum
1279 1504 1575 1549 auferebatur
1589 1509 1847 1561 peccatum3
1864 1505 1989 1561 quod

104 1568 316 1624 Magister
336 1567 468 1623 ponit
497 1569 535 1620 (1
573 1567 680 1611 dist.
701 1570 728 1610 4
759 1569 884 1611 Sent.
909 1571 955 1611 et
977 1568 1106 1610 Rom.
1129 1580 1185 1622 lv,
1204 1566 1254 1609 in
1276 1567 1435 1610 Glossa
1454 1567 1578 1622 ord.,
1609 1579 1714 1623 sup.
1750 1566 1893 1611 illud:
1917 1570 1988 1611 Si-

104 1643 240 1686 qnum
259 1631 466 1685 accepit).
489 1629 574 1673 Sed
596 1629 683 1672 hoc
706 1640 799 1672 non
822 1632 975 1685 potest
992 1640 1113 1683 esse,
1134 1628 1244 1684 quia
1255 1628 1391 1684 culpa
1416 1640 1509 1671 non
1528 1628 1779 1672 remittitur
1799 1627 1886 1673 nisi
1906 1641 1988 1686 per

106 1690 318 1747 gratiam,
342 1690 601 1735 secundum
619 1689 734 1734 illud
760 1691 905 1742 (Rom.
926 1703 986 1746 111,
1010 1691 1080 1743 24)
1100 1701 1110 1731 :
1131 1691 1379 1744 Justificatz·
1403 1692 1549 1746 gyratis
1564 1702 1646 1744 per
1659 1692 1879 1746 qratiam,
1897 1694 1984 1736 etc.

103 1755 158 1797 Et
173 1752 276 1798 ideo
298 1752 373 1797 alii
396 1752 612 1797 dixerunt
636 1751 760 1808 quod
792 1763 874 1808 per
896 1750 1297 1804 circumcisionem
1328 1750 1652 1796 conferebatur
1673 1751 1820 1808 gratia
1841 1763 1989 1809 quan-

105 1814 205 1859 tum
226 1815 287 1859 ad
301 1815 493 1859 effectus
509 1814 778 1858 remotiores
800 1813 968 1872 culpae,
990 1814 1072 1858 sed
1095 1825 1187 1857 non
1206 1814 1436 1870 quantum
1455 1814 1513 1859 ad
1537 1813 1730 1858 effectus
1747 1814 1986 1870 positivos‚

104 1888 165 1921 ne
185 1881 464 1934 cogerentur
484 1875 636 1921 dicere
665 1875 790 1932 quod
818 1875 967 1932 gratia
986 1875 1034 1919 in
1064 1875 1417 1920 circumcisione
1441 1875 1608 1920 collata
1640 1875 1899 1920 sufficiebat
1928 1877 1988 1921 ad

104 1939 390 1996 implendum
423 1939 645 1983 mandata
668 1938 813 1995 legis,
845 1942 891 1983 et
912 1938 975 1983 ita
998 1938 1263 1996 superfluus
1286 1937 1425 1982 fuerit
1447 1937 1673 1982 adventus
1701 1937 1877 1988 Christi.
1900 1938 1987 1983 Sed

103 2002 202 2046 haec
224 2001 362 2046 etiam
392 2000 559 2058 positio
579 2005 702 2044 stare
726 2011 819 2044 non
851 2004 1033 2057 potest,
1055 1999 1205 2056 primo
1224 1990 1410 2056 quidem
1435 1999 1544 2056 quia
1562 2011 1645 2056 per
1673 1998 1988 2044 circumcisio-

105 2076 212 2108 nem
237 2063 435 2108 dabatur
449 2062 607 2118 pueris
629 2062 824 2107 facultas
845 2074 932 2106 suo
953 2067 1158 2118 tempore
1177 2061 1476 2118 pelveniendi
1493 2062 1551 2106 ad
1568 2061 1778 2118 gloriam
1795 2074 1899 2118 quae
1916 2067 1988 2109 est

104 2125 297 2170 ultimus
317 2125 508 2169 effectus
529 2123 754 2180 positivus
782 2124 966 2179 gratiae3
999 2123 1206 2168 secundo
1232 2124 1341 2180 quia
1371 2122 1549 2179 priores
1581 2128 1690 2167 sunt
1718 2123 1988 2169 naturaliter

106 2187 366 2232 secundum
384 2186 595 2230 ordinem
618 2197 773 2229 causae
794 2185 1002 2229 formalis
1031 2185 1223 2229 effectus
1251 2184 1435 2241 positivi
1457 2185 1598 2241 quam
1627 2183 1855 2241 privativi,
1880 2184 1987 2230 licet

106 2248 362 2293 secundum
392 2247 604 2291 ordinem
637 2257 793 2290 causae
823 2245 1076 2290 materialis
1105 2246 1166 2290 sit
1197 2244 1222 2289 e
1256 2257 1512 2301 converso3
1549 2245 1699 2289 forma
1731 2245 1857 2289 enim
1892 2258 1987 2291 non

106 2309 309 2355 excludit
342 2309 676 2365 privationem,
707 2308 799 2352 nisi
831 2307 1124 2352 informando
1157 2306 1435 2363 subJ'ectum.
1468 2309 1522 2350 Et
1543 2305 1645 2351 ideo
1671 2306 1746 2350 alii
1771 2306 1988 2353 dixerunt

106 2369 231 2427 quod
263 2369 311 2413 in
344 2369 694 2414 circumcisione
726 2368 1051 2414 conferebatur
1083 2369 1231 2423 gratia
1263 2369 1403 2412 etiam
1435 2368 1662 2425 quantum
1695 2368 1755 2412 ad
1787 2367 1987 2425 aliquem

105 2432 320 2476 effectum
340 2431 607 2488 positivum,
633 2431 713 2487 qui
735 2435 807 2475 est
825 2430 977 2475 facere
1000 2430 1193 2486 dignum
1218 2429 1311 2474 vita
1331 2432 1520 2486 aeterna,
1545 2429 1626 2474 sed
1646 2442 1739 2472 non
1760 2430 1988 2486 quantum

105 2493 164 2538 ad
181 2505 344 2537 omnes
362 2492 578 2547 effectus,
608 2492 719 2549 quia
738 2504 832 2536 non
855 2491 1118 2537 sufficiebat
1139 2492 1390 2548 reprimere
1413 2490 1836 2548 concupiscentiam
1859 2492 1989 2537 fomi-

104 2554 190 2611 tis,
211 2566 297 2599 nec
315 2554 455 2599 etiam
477 2555 536 2600 ad
558 2553 843 2610 implendum
874 2554 1095 2599 mandata
1117 2554 1261 2611 legis3
1287 2554 1411 2610 quod
1441 2554 1580 2599 etiam
1602 2554 1851 2609 aliquando
1874 2554 1988 2599 mihi

103 2616 256 2661 visum
276 2619 419 2673 est(4,
442 2616 547 2661 dist.
566 2620 609 2672 1,
633 2620 799 2672 quaest.
819 2630 866 2673 11,
883 2620 970 2660 art.
986 2620 1031 2671 4,
1051 2615 1323 2672 quaestiunc.
1354 2618 1428 2669 ιιι).
1455 2616 1543 2660 Sed
1566 2615 1810 2671 diligenter
1830 2616 1986 2661 consi-

105 2677 281 2723 deranti
303 2682 493 2734 apparet
513 2677 602 2722 hoc
620 2690 712 2722 non
735 2689 840 2723 esse
865 2689 1046 2733 verum,
1069 2678 1178 2734 quia
1199 2677 1391 2720 minima
1419 2677 1568 2733 gratia
1593 2681 1744 2733 potest
1770 2676 1986 2723 resistere

103 2739 291 2785 cuilibet
298 2738 699 2796 concupiscentiae‚
711 2743 758 2783 et
767 2738 911 2784 vitare
919 2750 1058 2783 omne
1073 2742 1315 2796 peccatum
1328 2738 1538 2794 mortale,
1549 2737 1673 2794 quod
1686 2738 1986 2783 committitur

103 2804 152 2848 in
174 2802 545 2858 transgressione
569 2800 897 2845 mandatorum
926 2801 1044 2857 legis
1072 2814 1083 2842 ε
1108 2801 1301 2844 minima
1327 2801 1451 2844 enim
1475 2800 1674 2844 charitas
1703 2799 1809 2856 plus
1838 2800 1987 2856 diligit

102 2867 245 2908 Deum
262 2863 401 2921 quam
423 2863 653 2919 cupiditas
671 2863 815 2907 millia
834 2861 936 2907 auri
955 2867 1003 2907 et
1023 2863 1220 2919 argenti.
1244 2864 1297 2906 Et
1316 2862 1420 2907 ideo
1443 2862 1690 2906 dicendum
1712 2866 1782 2905 est
1797 2862 1920 2917 quod
1937 2862 1985 2907 in

103 2926 456 2970 circumcisione
474 2925 799 2969 conferebatur
817 2924 966 2982 gratia
986 2928 1213 2980 quantum
1231 2924 1290 2969 ad
1308 2936 1471 2968 omnes
1490 2924 1649 2980 gratiae
1667 2923 1880 2980 effectus3
1899 2924 1981 2968 ali-

103 2992 172 3032 ter
187 2991 341 3032 tamen
361 2986 503 3043 quam
522 2986 570 3030 in
594 2985 839 3042 bapt1smo.
860 2987 974 3031 Nam
992 2985 1040 3030 in
1059 2986 1289 3043 baptismo
1311 2986 1549 3031 confertur
1570 2985 1715 3041 gratia
1735 2997 1790 3028 ex
1817 2984 1985 3030 virtute

102 3049 250 3105 ipsius
288 3048 504 3105 baptismi
544 3059 685 3104 quam
718 3048 859 3093 habet
879 3081 892 3104 ,
932 3048 1211 3104 inquantum
1247 3052 1319 3093 est
1354 3049 1716 3093 instrumentum
1754 3046 1983 3103 passionis

105 3109 268 3155 Christi
295 3110 393 3166 jam
425 3108 660 3166 perfectae3
694 3108 742 3152 in
770 3109 1122 3154 circumcisione
1150 3114 1306 3154 autem
1349 3108 1674 3154 conferebatur
1718 3108 1863 3163 gratia
1890 3120 1983 3152 non

102 3183 162 3216 ex
193 3171 363 3216 virtute
396 3170 779 3227 circumcisionis,
816 3171 900 3215 sed
932 3183 990 3216 ex
1024 3172 1194 3216 virtute
1227 3170 1334 3216 fidei
1367 3171 1599 3228 passionis
1623 3169 1815 3224 Christi,
1851 3169 1984 3226 qu‘us

144 3283 190 3325 (l)
213 3284 265 3319 Ita
282 3296 359 3318 cum
377 3284 560 3324 Augustino
586 3284 720 3325 passim.
746 3283 799 3318 Al.
827 3297 835 3318 ε
862 3285 999 3327 Siqua·
1126 3285 1169 3327 (2)
1185 3284 1262 3318 Haec
1278 3285 1444 3319 sententia
1459 3283 1648 3318 communis
1667 3287 1728 3324 est,
1749 3283 1901 3324 quamvis
1914 3282 1984 3318 Bel-

104 3331 226 3365 culum
239 3331 493 3375 fideijuscite'oe
511 3331 578 3366 Dei
597 3332 645 3365 ad
666 3332 998 3374 sanctificationem
1083 3331 1259 3372 larminus,
1278 3330 1440 3373 vasquez,
1470 3329 1698 3370 Lherminier‚
1721 3328 1848 3363 Natalis
1877 3327 1988 3371 Alex..

104 3379 359 3422 purqationis‚·
373 3380 470 3413 item:
488 3378 896 3422 Siqnaculumjustilioe
913 3379 1000 3421 fidei
1083 3378 1252 3418 'rom-nely
1272 3384 1305 3413 et
1331 3378 1468 3419 quidam
1493 3378 1550 3414 alii
1576 3378 1674 3413 aliter
1692 3377 1849 3412 sentiant.

105 3426 154 3459 ad
166 3427 422 3470 purqationem
443 3426 585 3462 valebat
600 3429 745 3471 magnis
766 3430 800 3462 et
814 3426 999 3469 parvulis.
