2170 3808
724 238 921 290 QUAEST-
954 238 1080 293 LXII,
1111 238 1229 281 ART.
1260 238 1313 280 111
1341 239 1405 281 ET
1433 238 1502 281 lv,
1973 236 2050 278 521

169 324 376 378 nentem,
400 323 447 365 et
466 319 861 377 proportionatam
880 320 938 365 ad
960 319 1094 364 talem
1119 319 1352 375 effectum,
1375 319 1497 364 sicut
1518 322 1630 364 sunt
1654 317 1848 363 effectus
1870 315 1917 359 in
1941 328 2055 361 cau-

169 382 235 428 sis
256 394 350 427 non
374 381 601 437 univociS‚
622 381 736 437 puta
758 394 834 426 res
853 384 1086 438 generatae
1107 379 1155 424 in
1174 380 1288 435 sole,
1309 380 1391 425 sed
1410 380 1670 425 secundnm
1690 376 1939 437 quamdam
1959 377 2054 422 ins-

168 443 494 488 trumentalem
516 442 735 487 virtutem
750 475 764 502 ,
784 455 890 501 quae
921 445 993 487 est
1023 441 1178 486 fluens
1201 445 1247 486 et
1268 441 1550 498 incompleta
1572 442 1621 486 in
1646 455 1739 486 esse
1760 444 1937 486 naturae
1954 472 1967 496 ‚
2000 444 2054 485 ut

165 504 289 551 infra
312 505 489 551 dicetur
508 508 611 559 (art.
633 507 768 562 seq.).

220 566 287 614 Ad
307 570 504 625 primum
523 579 632 624 ergo
661 567 927 625 dicendum,
950 565 1074 624 qued
1098 566 1246 624 gratia
1270 579 1362 610 non
1381 566 1551 611 dicitur
1569 579 1673 611 esse
1692 567 1740 610 in
1762 567 2073 610 sacramento-

166 626 288 674 sicut
306 628 354 673 in
378 628 606 686 subjecto,
635 642 788 687 neque
807 628 929 674 sicut
957 628 1006 672 in
1025 639 1137 672 vase
1153 661 1165 682 ,
1199 632 1338 684 prout
1359 639 1444 671 vas
1471 631 1542 672 est
1564 627 1696 672 locus
1726 627 1934 683 quidam,
1968 625 2053 671 sed

164 694 304 748 prout
325 702 411 735 vas
433 691 602 736 dicitur
623 690 988 736 instrumentum
1011 689 1209 747 alicujus
1227 688 1381 746 operis
1400 688 1616 745 faciendi,
1643 688 1905 734 secundnm
1926 686 2053 745 quod

165 750 334 797 dicitur
353 754 530 804 (Ezech.
550 767 608 811 ιιι,
631 756 674 809 1)
697 769 708 799 ε
737 755 1042 809 Unusquisque
1058 765 1140 796 vas
1160 753 1486 806 intersectionis
1508 751 1643 795 habet
1665 753 1714 794 in
1735 763 1876 793 manu
1895 763 1996 794 sua.

220 814 287 859 Ad
320 816 565 859 secundum
591 814 867 871 dicendum,
898 813 1024 871 quod
1046 813 1263 871 quamvis
1286 813 1503 858 accidens
1524 825 1619 857 non
1652 815 1861 857 transeat
1884 811 1912 855 a
1937 810 2053 856 sub-

161 874 284 933 jecto
304 876 352 920 in
383 876 665 935 subjectum,
690 877 855 922 transit
884 881 1042 921 tamen
1069 876 1096 920 a
1119 889 1260 921 causa
1291 888 1375 933 per
1403 875 1767 920 instrumentum
1792 872 2054 931 aliqualiter

165 935 215 982 in
231 937 512 995 subjmtum,
535 952 629 984 non
647 944 702 984 ut
724 939 885 985 eodem
903 938 1042 984 modo
1064 938 1124 982 sit
1142 938 1191 982 in
1211 937 1296 995 eis,
1316 936 1398 983 sed
1418 936 1466 981 in
1489 948 1772 995 unoquoque
1790 934 2051 981 secundnm
2101 981 2103 986 χ

165 1000 398 1056 propriam
417 1001 660 1046 rationem.

221 1061 286 1107 Ad
306 1065 492 1106 tertium
510 1062 760 1108 dicendum
773 1094 787 1118 ‚
809 1060 936 1119 quod
955 1060 1195 1117 spirituale
1215 1059 1422 1105 existens
1448 1059 1650 1117 perfecte
1681 1060 1730 1104 in
1759 1059 1915 1116 aliquo
1934 1070 2050 1103 con-

168 1122 282 1168 tinet
298 1123 452 1180 ipsum
472 1126 549 1181 (1),
569 1129 616 1169 et
634 1136 727 1168 non
747 1122 1013 1168 continetur
1036 1121 1095 1166 ab
1119 1134 1190 1166 eo.
1215 1121 1303 1166 Sed
1323 1122 1473 1178 gratia
1491 1126 1564 1166 est
1595 1121 1644 1166 in
1665 1123 1956 1165 sacramento
1974 1131 2051 1164 se-

166 1184 371 1230 cundum
395 1198 487 1229 esse
519 1186 669 1230 fluens
697 1188 744 1229 et
772 1182 1131 1240 incompletum;
1159 1186 1207 1227 et
1228 1180 1333 1226 ideo
1365 1194 1462 1226 non
1489 1181 1869 1227 inconvenienter
1897 1193 2051 1226 sacra-

164 1251 373 1291 mentum
391 1245 560 1291 dicitur
577 1245 816 1290 continere
840 1244 1051 1300 gratiam.

228 1309 573 1352 ARTICULUS
604 1309 686 1351 lv,
717 1331 773 1338 —
805 1320 944 1350 υτιωιι
971 1318 1012 1349 m
1048 1318 1332 1350 sncnmnarls
1372 1319 1437 1350 su·
1466 1318 1617 1355 ΑιιουΑ
1647 1318 1796 1349 νιιιτιι5
1824 1316 1983 1348 annm

945 1382 1169 1412 clausum
1189 1370 1265 1422 (Ξ).

162 1435 212 1472 De
229 1435 283 1472 hit
303 1435 407 1472 otiam
424 1437 526 1479 infra.
544 1442 660 1480 quaest.
685 1446 827 1479 Lxxvm,
851 1442 918 1472 art.
941 1437 973 1478 4,
990 1441 1024 1471 et
1055 1437 1151 1470 Sent.
1176 1445 1224 1476 IV.
1248 1436 1324 1471 dist.
1350 1435 1384 1478 ⁴,
1409 1440 1527 1477 quaest.
1550 1445 1576 1478 1,
1592 1440 1658 1472 art.
1676 1435 1712 1478 4,
1735 1436 1934 1479 questione.
1952 1444 1991 1476 n,
2017 1439 2052 1471 ot

660 1486 737 1521 dist.
754 1487 786 1526 8,
803 1491 920 1528 quoest.
941 1493 980 1524 11,
998 1489 1063 1520 art.
1085 1486 1118 1525 5,
1137 1489 1171 1519 et
1195 1484 1310 1526 quodi.
1330 1493 1393 1526 xn,
1412 1488 1478 1518 art.
1498 1485 1549 1518 ⁴5.

218 1540 284 1585 Ad
306 1539 521 1597 quartilm
543 1541 611 1585 sic
631 1541 915 1597 proceditur.
939 1543 981 1585 l.
1007 1539 1195 1585 Videtur
1215 1539 1335 1596 quod
1363 1539 1410 1584 in
1432 1539 1737 1584 sacramentis
1760 1551 1855 1583 non
1882 1538 1942 1584 sit
1963 1538 2050 1583 ali-

164 1612 258 1657 qua
278 1601 427 1646 virtus
446 1602 603 1659 gratiae
622 1602 876 1647 causativa.
902 1601 1056 1645 Virtus
1074 1601 1198 1644 enim
1221 1602 1380 1658 gratiae
1398 1601 1631 1645 causativa
1650 1604 1723 1646 est
1740 1599 1890 1645 virtus
1915 1599 2050 1657 spiri-

165 1661 319 1707 tualis.
341 1663 428 1708 Sed
447 1663 494 1707 in
515 1677 707 1720 corpore
728 1676 822 1708 non
843 1667 994 1720 potest
1008 1675 1111 1707 esse
1127 1662 1274 1707 virtus
1288 1663 1564 1719 spiritualis3
1587 1674 1740 1720 neque
1757 1662 1822 1707 ita
1843 1661 1969 1719 quod
1982 1662 2051 1707 >sit

164 1723 350 1782 propria
368 1725 426 1782 ei,
447 1725 556 1782 quia
571 1725 717 1771 virtus
731 1725 833 1771 fluit
851 1725 910 1769 ab
928 1725 1130 1769 essentia
1149 1724 1234 1780 rei,
1254 1725 1383 1769 etita
1404 1737 1499 1768 non
1519 1729 1672 1781 potest
1689 1736 1792 1769 eam
1808 1728 2050 1769 transcen-

165 1788 304 1845 derez,
329 1801 481 1847 neque
501 1790 563 1834 ita
586 1790 711 1847 quod
730 1789 922 1847 recipiat
940 1802 1042 1834 eam
1065 1789 1124 1832 ab
1145 1789 1234 1833 alio
1247 1822 1260 1846 ‚
1282 1789 1391 1846 quia
1411 1789 1534 1846 quod
1556 1789 1778 1846 recipitur
1794 1788 1854 1834 ab
1875 1788 2047 1848 aliquo,

163 1855 236 1896 est
253 1851 301 1896 in
323 1865 378 1898 eo
396 1865 479 1910 per
498 1854 689 1899 modum
714 1852 994 1910 recipientis.
1017 1855 1135 1908 Ergo
1158 1852 1206 1896 in
1232 1851 1534 1897 sacramentis
1557 1865 1650 1896 non
1670 1856 1825 1909 potest
1844 1864 1948 1897 esse
1966 1852 2050 1896 ali-

164 1924 257 1970 qua
273 1914 422 1959 virtus
443 1915 604 1971 gratiae
625 1916 880 1960 causativa.

218 1979 261 2021 2.
292 1979 530 2035 Praeterea,
553 1990 691 2022 omne
713 1978 839 2035 quod
858 1982 944 2037 est,
964 1977 1202 2022 reducitur
1220 1977 1279 2023 ad
1299 1977 1487 2034 aliquod
1512 1988 1666 2034 genus
1684 1977 1806 2021 entis
1823 1976 1945 2022 etad
1966 1977 2048 2021 ali-

163 2050 302 2095 quem
322 2040 516 2095 gradum
535 2040 662 2085 boni.
688 2041 776 2085 Sed
797 2053 889 2084 non
910 2044 982 2085 est
1004 2040 1133 2093 dare,
1159 2039 1206 2083 in
1227 2052 1321 2096 quo
1343 2052 1516 2095 genere
1539 2040 1658 2083 entis
1676 2038 1737 2083 sit
1755 2038 1860 2083 talis
1879 2037 2044 2094 virtus,

160 2104 215 2145 ut
230 2106 357 2157 patet
373 2101 650 2146 discurrenti
671 2115 752 2159 per
771 2102 985 2159 singula3
1006 2114 1094 2146 nec
1113 2101 1252 2146 etiam
1274 2106 1425 2158 potest
1443 2100 1602 2146 reduci
1627 2100 1686 2145 ad
1716 2099 1918 2157 aliquem
1940 2111 2050 2157 gra-

163 2163 273 2209 dum
294 2165 523 2209 bonorum
546 2180 557 2209 ε
583 2178 734 2222 neque
757 2165 883 2210 enim
901 2169 971 2210 est
989 2165 1110 2209 inter
1128 2164 1322 2209 minima
1340 2165 1480 2221 bona,
1503 2164 1614 2221 quia
1632 2170 1923 2209 sacramenta
1937 2169 2049 2210 sunt

161 2226 220 2271 de
252 2227 528 2272 necessitate
561 2227 756 2284 salutis;
786 2240 939 2285 neque
970 2228 1109 2272 etiam
1133 2227 1254 2272 inter
1283 2228 1436 2274 media
1461 2227 1614 2285 hona,
1644 2225 1908 2284 cujusmodi
1936 2231 2049 2272 sunt

161 2289 379 2344 potentiae
395 2289 576 2343 animae,
597 2302 701 2346 quae
720 2295 831 2335 sunt
846 2290 1061 2347 quaedam
1079 2289 1296 2346 potentiae
1315 2289 1577 2344 naturales3
1600 2301 1752 2346 neque
1769 2287 1909 2332 etiam
1926 2287 2048 2334 inter

160 2350 364 2395 maxima
382 2350 522 2408 bona,
543 2352 651 2408 quia
674 2364 762 2397 nec
781 2359 854 2397 est
873 2353 1020 2408 gratia
1035 2385 1046 2406 ,
1069 2364 1157 2396 ιι88
1176 2351 1324 2395 virtus
1345 2351 1530 2396 mentis.
1566 2354 1685 2408 Ergo
1713 2350 1897 2395 videtur
1921 2350 2047 2407 quod

159 2410 209 2456 in
227 2413 532 2459 sacramentis
551 2413 679 2457 nulla
702 2413 763 2458 sit
781 2413 930 2458 virtus
949 2413 1108 2469 gratiae
1124 2413 1378 2458 causativa.

215 2478 259 2522 3.
290 2475 529 2526 Praeterea,
555 2475 592 2519 si
618 2476 720 2520 talis
739 2475 889 2520 virtus
908 2480 978 2520 est
1007 2476 1055 2519 in
1075 2477 1408 2532 sacramentis,
1438 2488 1533 2520 non
1559 2480 1780 2521 causatur
1802 2474 1850 2519 in
1869 2473 1938 2520 eis
1956 2475 2046 2520 nisi

159 2547 242 2594 per
254 2536 535 2582 creationem
556 2536 583 2580 a
601 2540 708 2582 Deo.
729 2538 816 2582 Sed
836 2537 1174 2582 inconveniens
1189 2537 1372 2582 videtur
1390 2538 1516 2595 quod
1535 2542 1629 2582 tam
1651 2536 1818 2582 nobilis
1835 2540 2047 2581 creatura

159 2597 315 2643 statim
333 2610 437 2644 esse
458 2597 653 2655 desinat,
677 2605 969 2644 sacramento
999 2600 1220 2656 perfecto,
1248 2602 1366 2656 Ergo
1388 2599 1570 2644 videtur
1588 2599 1712 2656 qued
1743 2597 1873 2642 nulla
1896 2597 2045 2643 virtus

160 2658 286 2703 sitin
305 2661 607 2705 sacramentis
627 2661 685 2706 ad
708 2661 903 2717 gratiam
922 2661 1225 2706 causandam.

213 2722 259 2765 4.
289 2721 528 2776 Praeterea,
551 2721 672 2767 idem
696 2735 787 2766 non
808 2727 962 2780 potest
980 2735 1084 2768 esse
1102 2723 1150 2766 in
1179 2722 1391 2768 diversis.
1418 2722 1504 2767 Sed
1527 2722 1586 2766 ad
1609 2725 1900 2766 sacramenta
1928 2733 2045 2766 con-

161 2786 356 2827 currunt
375 2782 574 2841 diversa,
603 2784 776 2830 scilicet
793 2785 934 2830 verba
953 2790 999 2829 et
1014 2797 1116 2839 res;
1140 2785 1283 2828 unius
1303 2789 1460 2829 autem
1480 2783 1759 2829 sacramenti
1779 2796 1874 2827 non
1893 2787 2045 2839 potest

161 2855 265 2889 esse
287 2843 377 2890 nisi
395 2844 544 2890 virtus
564 2858 672 2891 una.
693 2848 811 2903 Ergo
832 2847 1018 2892 videtur
1040 2846 1166 2903 quod
1187 2846 1235 2890 in
1259 2846 1563 2891 sacramentis
1581 2846 1709 2891 nulla
1730 2845 1791 2890 sit
1809 2845 1973 2890 virtus.

217 2904 304 2950 Sed
323 2909 483 2950 contra
516 2911 586 2951 est
621 2908 744 2963 quod
767 2910 1051 2965 Augustinus
1072 2908 1181 2952 dicit
1216 2909 1378 2964 (Super
1401 2910 1527 2952 Joan.
1555 2912 1687 2952 tract.
1712 2909 1784 2964 80,
1807 2906 1834 2951 ὲ
1862 2907 2005 2963 med.)
2025 2920 2040 2954 t

162 2982 184 3005 α
205 2966 335 3012 Unde
355 2971 484 3012 tanta
502 2967 572 3011 vis
591 2981 723 3025 aquae
754 2974 808 3014 ut
830 2982 1001 3027 corpus
1020 2974 1196 3026 tangat,
1222 2974 1268 3014 et
1289 2981 1369 3013 cor
1391 2970 1580 3015 abluat?
1605 2988 1624 3009 »
1647 2969 1768 3014 Beda
1789 2968 1901 3014 dicit
1921 2971 2038 3027 (cap.

159 3030 214 3073 10
237 3027 284 3074 in
305 3030 414 3074 Luc.
438 3042 577 3085 super
590 3030 703 3075 illud
721 3033 853 3075 Lucae
872 3036 934 3086 111)
956 3047 967 3076 :
997 3050 1015 3069 «
1041 3034 1228 3076 Factum
1249 3036 1319 3076 est
1343 3036 1515 3088 autem,
1538 3030 1663 3088 quod
1682 3030 1902 3076 Dominus
1916 3035 2042 3076 tactu

159 3101 258 3134 suae
278 3090 600 3136 mundissimae
622 3091 774 3137 carnis
797 3093 891 3137 vim
910 3093 1275 3150 regenerativam
1298 3093 1492 3137 contulit
1506 3092 1655 3151 aquis.
1678 3111 1690 3132 ι

207 3159 498 3200 CONCLUSIO.
518 3182 566 3189 —
581 3161 651 3200 Est
666 3160 710 3200 in
729 3161 989 3201 sacramentis
1003 3162 1191 3213 quaedam
1206 3161 1538 3201 instrumentalis
1549 3162 1681 3201 virtus
1692 3160 1745 3202 ad
1758 3159 2040 3201 inducendum

158 3214 329 3264 gratiam
341 3244 352 3264 ‚
370 3226 462 3265 quae
492 3217 552 3255 est
580 3217 820 3256 sacramenti
838 3216 1004 3256 effectus
1033 3217 1336 3269 proportionata
1363 3215 1638 3256 instrumento
1658 3230 1667 3256 :
1686 3228 1769 3256 non
1800 3226 2039 3267 permanens

198 3339 246 3382 (i)
261 3339 311 3373 Ita
326 3339 438 3374 anima
454 3340 553 3374 estin
568 3354 721 3383 corpore.
1136 3351 1198 3382 vn,
1220 3353 1291 3376 can.
1312 3344 1340 3376 8·
1369 3354 1376 3375 τ
1406 3342 1549 3385 Siquis
1575 3343 1717 3377 dixerit
1735 3353 1803 3386 per
1825 3351 1926 3375 novae
1948 3341 2038 3384 leqis

198 3388 242 3430 (2)
256 3387 378 3422 Defide
394 3391 566 3422 estcontra
578 3389 766 3423 Lutherum
778 3390 1056 3424 ethaereticosre-
1138 3393 1371 3425 sacramenta
1392 3402 1438 3426 ex
1466 3401 1574 3433 opere
1600 3394 1750 3434 operato
1776 3400 1852 3424 non
1876 3389 2038 3429 conferri

158 3435 323 3469 centiores
341 3441 547 3470 sacramenta
566 3437 718 3472 conferre
735 3437 873 3477 gratiam
888 3448 934 3471 ex
948 3448 1054 3480 opere
1138 3440 1310 3481 qratiam„
1334 3440 1530 3473 anathema
1549 3441 1609 3474 sil.

158 3486 308 3526 operato
321 3488 412 3525 iuxta
430 3483 516 3518 illud
529 3483 700 3520 decretum
714 3485 835 3520 concil.
850 3485 945 3520 Trid.
964 3486 1052 3524 (sess,
