2170 3808
730 213 928 265 QUAEST.
958 211 1094 267 LXIII,
1126 212 1243 254 ART.
1275 210 1293 251 1
1319 201 1384 252 ET
1413 208 1464 251 11.
1956 207 2039 249 527

159 298 319 339 cultum
334 295 786 348 spectansdeputentur,
805 295 960 344 oportet
976 291 1069 331 illos
1088 302 1156 342 per
1167 291 1415 330 sacramenta
1430 287 1569 339 aliquo
1587 286 1798 340 spirituali
1815 286 2041 326 charactere
2083 273 2088 311 '-
2114 341 2119 345 η

163 353 172 360 .
230 352 266 381 ,α
302 353 311 360 .
338 351 364 391 ‚⁴
2112 347 2118 354 ,

160 362 485 470 msffixgssmdeo
507 410 752 457 dicendum
775 411 917 467 quod,
937 411 1056 454 sicut
1085 421 1144 453 ex
1161 409 1394 466 praedictis
1425 410 1554 466 patet
1581 407 1764 462 (quaest.
1788 415 1930 461 praec.
1948 407 2036 447 art.

160 480 182 521 1
205 483 250 521 et
268 479 327 532 5),
357 478 649 520 sacramenta
673 485 805 517 novae
821 474 863 517 le
898 474 937 517 is
960 472 1019 517 ad
1035 472 1129 516 duo
1151 472 1441 526 ordinantur,
1462 469 1676 514 videlicet
1702 467 1762 513 ad
1782 465 2039 513 remedium

159 544 319 583 contra
337 543 540 594 peccata,
553 540 599 580 et
619 535 679 581 ad
696 536 879 593 perficie
915 534 1027 579 dum
1045 535 1249 577 animam
1266 534 1314 577 in
1337 534 1409 578 his
1422 543 1527 590 quae
1542 531 1772 588 pertinent
1783 529 1843 575 ad
1860 528 2038 574 cultum
2115 573 2118 577 ,

159 600 238 644 Dei
269 599 523 644 secundum
550 597 689 641 ritum
725 597 988 642 christianae
1008 595 1131 641 vitae.
1157 596 1446 652 Quicumque
1469 597 1623 638 autem
1642 592 1702 637 ad
1730 589 1904 648 aliquid
1936 601 2039 634 ccr-

164 663 258 705 tum
277 660 540 718 deputatur,
564 660 805 704 consuevit
827 658 885 703 ad
905 657 1019 701 illud
1047 657 1335 713 consignari,
1359 655 1478 701 sicut
1499 653 1683 708 milites,
1699 651 1779 709 qui
1801 650 2041 696 adscribe-

161 721 330 766 bantur
347 721 407 765 ad
419 720 628 765 militiam
643 719 917 776 antiquitus,
939 718 1150 763 solebant
1169 718 1448 775 quibusdam
1469 713 1812 760 characteribus
1829 724 2042 770 corpora-

159 782 284 828 libus
305 781 534 840 insigniri,
557 782 611 826 eo
641 781 766 838 quod
784 780 1127 838 deputabantur
1145 780 1204 824 ad
1239 779 1413 836 aliquid
1436 776 1689 835 corporale.
1722 777 1774 820 Et
1794 774 1899 820 ideo
1932 774 2040 819 cum

160 844 371 890 homines
397 857 478 901 per
512 848 802 889 sacramenta
836 843 1113 900 deputentur
1150 842 1208 887 ad
1239 841 1412 898 aliquid
1444 838 1682 897 spirituale
1708 837 1946 895 pertinens
1980 836 2041 881 ad

161 906 337 952 cultum
354 907 450 963 Dei,
469 918 765 963 consequens
783 910 854 950 est
872 905 997 962 quod
1013 917 1096 961 per
1113 916 1168 948 ea
1181 904 1341 948 fideles
1360 903 1514 959 aliquo
1534 899 1758 958 spirituali
1777 899 2042 944 charactere

161 967 492 1026 insigniantur.
514 969 641 1012 Unde
655 967 940 1023 Augustinus
963 966 1074 1011 dicit
1087 969 1268 1021 (Contra
1284 962 1752 1019 Parmenianurn,lib.
1776 974 1823 1018 11,
1843 972 1944 1017 cap.
1967 962 2039 1020 13,

162 1029 191 1074 a
211 1031 381 1086 med.):
410 1048 430 1069 τι
453 1031 496 1075 Si
519 1029 693 1075 militiae
716 1030 1025 1074 characterem
1050 1029 1097 1072 in
1133 1040 1326 1084 corpore
1357 1039 1443 1072 suo
1482 1038 1576 1071 non
1606 1025 1809 1070 militans
1846 1021 2041 1079 pavidus

162 1092 466 1149 exhorruerit,
491 1098 536 1138 et
567 1092 627 1137 ad
659 1092 952 1137 clementiam
974 1091 1265 1156 imperatoris
1296 1088 1573 1145 confugerit,
1592 1099 1647 1132 ac
1682 1097 1822 1143 prece
1853 1084 1973 1139 fusa,
1995 1087 2043 1129 et

162 1152 405 1211 impetrata
429 1155 526 1211 Jam
553 1153 706 1210 venia,
737 1153 933 1196 militare
964 1151 1170 1208 coeperit,
1199 1150 1444 1206 numquid,
1469 1150 1654 1193 homine
1681 1147 1874 1192 liberato
1901 1150 2042 1202 atque

162 1220 386 1272 correcto,
409 1218 645 1261 character
666 1214 743 1258 ille
771 1214 1007 1270 repetitur,
1030 1225 1084 1256 ac
1117 1224 1212 1256 non
1241 1212 1394 1269 potius
1422 1211 1610 1267 agnitus
1641 1209 1953 1265 approbatur?
1971 1208 2040 1251 An

162 1275 278 1322 forte
298 1278 453 1323 minus
472 1278 647 1322 haerent
665 1279 955 1320 sacramenta
969 1274 1216 1319 christiana
1230 1273 1374 1330 quam·
1394 1271 1645 1329 corporalis
1655 1271 1755 1314 haec
1774 1272 1883 1313 nota
1902 1270 1991 1323 (υἱ)
2017 1286 2037 1308 »ι

216 1338 280 1384 Ad
294 1342 494 1395 primum
515 1349 626 1394 ergo
652 1337 915 1393 dicendum,
935 1336 1061 1394 qued
1095 1336 1255 1381 fideles
1291 1335 1454 1380 Christi
1478 1335 1537 1380 ad
1570 1331 1815 1390 praemium
1853 1330 2040 1387 quidem

160 1399 329 1445 futurae
342 1400 499 1458 gloriae
520 1401 803 1457 deputantur
815 1400 1057 1457 signaculo
1069 1398 1488 1456 praedestinationis
1507 1397 1701 1451 divinae3
1725 1394 1809 1440 sed
1829 1393 1890 1439 ad
1911 1397 2043 1438 actus

161 1463 491 1507 convenientes
512 1461 729 1518 praesenti
761 1461 974 1506 Ecclesiae
1006 1461 1289 1517 deputantur
1311 1459 1514 1517 quodam
1538 1456 1765 1515 spirituali
1799 1454 2043 1512 signaculo

162 1522 229 1567 eis
243 1523 481 1580 insignito,
504 1523 631 1580 quod
650 1523 887 1567 character
904 1526 1201 1578 nuncupatur
1223 1523 1296 1576 (2).

217 1584 283 1629 Ad
307 1586 549 1628 sec-undum
570 1584 836 1640 dicendum,
855 1582 980 1641 quod
1001 1583 1239 1627 character
1257 1582 1423 1626 animae
1456 1581 1712 1637 impressus
1734 1578 1871 1623 habet
1904 1577 2043 1621 ratIo-

163 1657 272 1690 nem
290 1646 430 1703 signi,
449 1647 727 1704 inquantum
761 1659 843 1704 per
876 1645 1098 1691 sensibile
1120 1650 1465 1690 sacramentum
1499 1642 1805 1699 imprimitur3
1839 1652 1920 1697 per
1956 1640 2044 1684 hoc

164 1707 288 1752 enim
308 1708 454 1753 scitur
477 1708 645 1765 aliquis
672 1720 775 1753 esse
796 1707 1060 1764 baptismali
1092 1708 1358 1752 charactere
1377 1705 1645 1760 insignium,
1667 1702 1793 1760 quod
1826 1700 2045 1747 establu-

163 1773 238 1813 tus
255 1769 378 1827 aqua
398 1769 623 1815 sensibili.
645 1770 948 1815 Nihilominus
978 1773 1134 1814 tamen
1160 1769 1399 1814 character
1420 1768 1495 1812 vel
1515 1764 1811 1822 signaculum
1841 1762 1932 1807 dici
1961 1775 2044 1819 po-

164 1834 256 1876 test
271 1843 354 1888 per
367 1831 618 1889 quamdam
637 1831 987 1876 similitudinem
1005 1842 1145 1875 omne
1167 1830 1293 1887 quod
1311 1829 1572 1886 configurat
1599 1826 1753 1882 alicui,
1777 1824 1854 1870 vel
1881 1824 2042 1871 distin-

165 1893 265 1951 guit
284 1893 345 1939 ab
361 1893 468 1950 ali0,
488 1893 667 1938 etiamsi
681 1906 773 1937 non
789 1893 848 1938 sit
861 1892 1103 1949 sensibile,
1124 1892 1242 1936 sicut
1260 1888 1466 1936 Christus
1487 1889 1657 1935 dicitur
1671 1891 1832 1945 fiqura,
1847 1886 1922 1932 vel
1940 1886 2046 1931 cha-

163 1958 318 1999 racter
335 1957 539 2011 paterna·
555 1955 832 2010 substantiae,
857 1953 1115 1999 secundum
1129 1953 1397 2009 Apostolum
1414 1952 1563 2006 (Hebr.
1580 1954 1626 2005 1).

220 2016 288 2062 Ad
306 2019 492 2062 tertium
507 2016 775 2072 dicendum,
797 2016 937 2073 quod,
961 2016 1082 2060 sicut
1117 2027 1259 2071 supra
1290 2015 1466 2059 dictum
1492 2017 1563 2057 est
1593 2014 1775 2069 (quaest.
1796 2021 1936 2067 praec.
1956 2015 2043 2056 art.

165 2079 225 2132 6),
247 2082 538 2123 sacramenta
565 2072 734 2122 veteris
756 2077 872 2134 legis
896 2089 989 2121 non
1006 2076 1243 2121 habebant
1271 2076 1319 2119 in
1345 2087 1394 2119 se
1427 2073 1710 2130 spiritualem
1741 2071 1957 2116 virtutem
1987 2071 2046 2116 ad

165 2137 367 2196 aliquem
401 2139 687 2197 spiritualem
719 2139 935 2184 effectum
966 2138 1281 2194 operandum3
1312 2141 1358 2182 et
1393 2137 1497 2182 ideo
1533 2136 1581 2180 in
1620 2134 1712 2179 illis
1745 2133 2045 2178 sacramentis

166 2213 260 2246 non
286 2201 607 2259 requirebatur
636 2202 803 2258 aliquis
830 2201 1083 2258 spiritualis
1103 2202 1355 2254 character,
1381 2199 1463 2244 sed
1496 2196 1756 2243 sufficiebat
1783 2195 1847 2240 ibi
1877 2207 2043 2252 corpo-

166 2263 276 2309 ralis
293 2263 599 2317 circumcisio,
616 2276 757 2321 quam
778 2263 1022 2320 Apostolus
1039 2263 1332 2320 signaculum
1347 2262 1556 2309 nominat
1570 2262 1715 2315 (Rom.
1746 2259 1821 2312 iv).

277 2326 618 2370 ARTICULUS
645 2328 706 2370 11.
736 2349 791 2358 -
819 2338 955 2368 arnum
983 2336 1227 2368 cnanacrm
1255 2336 1317 2366 srr
1345 2334 1596 2366 smmi-unus
1625 2332 1829 2363 »cresus
1857 2321 1931 2374 (3).

676 2395 726 2428 De
739 2394 792 2428 his
806 2394 906 2428 etiam
927 2395 1019 2428 Sent.
1039 2401 1087 2432 lv,
1104 2392 1182 2427 dist.
1199 2393 1233 2434 οἱ,
1249 2395 1365 2434 quaest.
1380 2400 1407 2432 1,
1425 2394 1491 2426 art.
1504 2390 1536 2426 l.

222 2447 288 2493 Ad
308 2449 567 2494 secundum
589 2449 657 2493 sic
674 2448 954 2505 proceditur.
978 2451 998 2492 1
1010 2480 1021 2492 .
1041 2446 1226 2491 Videtur
1240 2446 1365 2503 quod
1383 2446 1622 2490 character
1636 2456 1731 2488 non
1753 2442 1815 2488 sit
1830 2442 2045 2500 spiritua-

166 2510 225 2555 lis
244 2513 464 2567 potestas.
492 2511 733 2556 character
771 2510 895 2556 enim
918 2509 1042 2555 idem
1064 2509 1248 2554 videtur
1269 2521 1374 2553 esse
1392 2507 1519 2565 quod
1536 2507 1709 2564 figura3
1729 2505 1855 2551 unde
1893 2504 2043 2558 (Hebr.

168 2585 199 2627 1,
220 2574 262 2625 3)
284 2571 366 2617 ubi
398 2571 595 2618 dicitur:
619 2575 795 2630 Fz’qara
818 2572 1074 2616 substantiae
1107 2574 1219 2628 ejuS,
1252 2570 1301 2614 in
1331 2572 1485 2613 Graeco
1515 2568 1712 2612 habetur
1741 2567 1844 2611 loco
1885 2564 2047 2622 figurae

169 2633 424 2678 character.
452 2633 540 2678 Sed
555 2633 705 2690 figura
719 2637 789 2678 est
810 2632 859 2677 in
887 2637 1050 2690 quarta
1067 2632 1219 2689 specie
1238 2631 1487 2687 qualitatis,
1508 2634 1555 2674 et
1585 2629 1649 2673 ita
1672 2628 1825 2673 differt
1841 2627 1869 2671 a
1889 2633 2047 2684 potes-,

170 2696 278 2798 ἷαῐθ,
297 2703 403 2750 quae
424 2693 558 2739 estin
573 2694 777 2740 secunda
794 2694 947 2751 specie
963 2692 1212 2750 qualitatis
1244 2691 1485 2736 Character
1503 2702 1615 2746 ergo
1630 2701 1725 2733 non
1743 2693 1813 2734 est
1835 2688 2046 2745 spiritua·

188 2754 228 2799 is
248 2758 466 2811 potestas.

223 2818 267 2861 2.
291 2818 530 2873 Praeterea,
563 2816 807 2875 Dionysius
850 2818 959 2862 dicit
997 2816 1182 2872 (Eccles.
1214 2814 1438 2859 hierarch.
1470 2826 1573 2871 cap.
1609 2816 1652 2870 2,
1691 2812 1718 2856 a
1739 2812 1899 2868 med.)‚
1922 2810 2048 2870 quod

175 2893 195 2915 α
213 2877 370 2922 divina
392 2877 626 2922 beatitudo
644 2878 937 2924 accedentem
960 2878 1020 2923 ad
1048 2876 1330 2933 baptismum
1349 2876 1397 2919 in
1416 2877 1490 2920 sui
1511 2874 1906 2931 participationem
1928 2874 2048 2919 reci-

169 2939 252 2996 pit,
272 2943 320 2985 et
347 2938 533 2996 proprio
567 2939 742 2984 lumine
777 2941 911 2997 quasi
937 2940 1139 2998 quodam
1160 2938 1295 2995 signo
1318 2937 1406 2995 ipsi
1430 2937 1569 2982 tradit
1586 2948 1720 2982 suam
1738 2935 2047 2994 participatio-

216 3058 257 3100 (l)
268 3057 355 3092 Hine
363 3055 435 3092 hoec
444 3055 547 3093 verba
558 3056 692 3091 concilii
699 3057 892 3092 Tridentini
904 3060 991 3099 (sess.
1001 3066 1066 3099 vn.

171 3117 245 3141 cen.
259 3106 295 3146 9)
312 3104 382 3141 :si
405 3105 488 3148 quis
508 3104 651 3140 dixerit
664 3106 707 3139 ἰπ
730 3108 967 3142 sacramentis
986 3108 1066 3151 qui-

171 3153 325 3190 busdam
338 3163 415 3188 non
432 3154 598 3196 imprimi
610 3154 855 3188 characterem
869 3156 911 3190 in
923 3157 1065 3196 anima,

172 3203 237 3237 hoc
250 3207 312 3237 est.
333 3203 475 3244 signum
491 3201 677 3245 quoddam
694 3202 897 3245 spirituale
917 3207 950 3238 et
961 3202 1066 3238 imic-

171 3249 292 3285 lebile.
310 3250 504 3284 anathema
522 3250 584 3283 sit.

214 3298 258 3339 (2,
278 3297 370 3331 Unde
387 3296 561 3331 character
580 3295 832 3332 sacramentalis
846 3295 983 3332 definiri
1008 3309 1067 3339 po-

180 3348 244 3379 test
258 3344 389 3385 signum
404 3343 580 3385 spirituale
607 3344 728 3379 animoe
750 3344 980 3380 indelebiliter
1004 3344 1068 3380 im-

179 3403 343 3434 pressum,
369 3403 435 3433 quo
455 3391 608 3426 homines
626 3392 667 3426 ad
686 3392 799 3428 divina
815 3392 1019 3435 deputantur
1037 3397 1072 3428 et

171 3439 231 3475 alii
247 3441 288 3476 ab
303 3440 376 3474 aliis
391 3440 659 3481 distinguuntur.

1190 3056 1233 3098 (3)
1255 3055 1318 3091 Hic
1331 3056 1496 3097 quoeritur
1510 3055 1552 3089 de
1575 3058 1695 3090 natura
1709 3054 1921 3090 characteris.
1942 3055 2048 3092 Variae

1150 3104 1240 3139 circa
1260 3103 1346 3138 hane
1362 3103 1601 3139 difficultatem
1623 3108 1799 3138 auctorum
1817 3107 1897 3138 sunt
1914 3108 2048 3139 senten-

1149 3154 1216 3189 tiae.
1239 3154 1475 3189 Communiter
1498 3152 1646 3193 theologi
1672 3153 1793 3187 docent
1821 3152 2048 3187 characterem

1149 3212 1218 3236 esse
1243 3201 1324 3242 quid
1347 3201 1439 3235 reale
1465 3200 1654 3235 absolutum
1676 3200 1765 3242 quod
1780 3200 1821 3234 ad
1852 3199 2047 3241 qualitatem

1147 3256 1286 3291 spectat.
1307 3249 1372 3285 Sed
1389 3250 1476 3284 sicut
1492 3253 1636 3291 quatuor
1659 3249 1783 3291 species
1800 3249 1834 3282 in
1852 3249 1913 3281 hoc
1925 3247 2047 3288 praedi-

1150 3302 1302 3331 cemento
1317 3296 1571 3338 distinguuntur
1586 3297 1757 3338 disputant
1773 3297 1904 3331 interse
1923 3295 2050 3328 acriter·

1153 3345 1194 3379 ad
1205 3356 1305 3385 quam
1318 3344 1462 3385 speciem
1481 3345 1660 3386 pertineat.
