2170 3808
100 267 183 310 460
677 262 876 314 QUAEST.
906 262 1007 316 LIV,
1037 262 1158 304 ART.
1188 262 1241 304 ‚11
1260 263 1325 305 ET
1348 263 1415 307 lv.

100 346 180 404 ris,
218 350 266 392 ut
298 346 487 404 quidam
523 344 698 399 dicunt,
736 344 793 388 de
831 356 923 399 quo
963 342 1081 386 infra
1120 342 1269 399 magis
1305 343 1564 400 inquiretur
1592 343 1711 399 (vide
1754 341 1987 397 supplem.

102 412 266 465 quaest.
291 421 446 461 Lxxxn,
467 412 552 451 art.
571 407 628 463 1),
653 406 734 450 sed
756 405 949 461 gloriam
970 405 1307 449 redundantem
1331 405 1389 449 ab
1408 406 1563 451 anima
1587 406 1723 450 beata
1745 420 1755 448 :
1788 404 1914 460 quia,
1937 409 1989 448 ut

101 471 388 526 Augustinus
408 469 518 513 dicit
539 468 586 511 in
610 468 804 523 epistola
828 467 884 511 ad
907 467 1190 522 Dioscorum,
1212 466 1292 510 ubi
1315 479 1439 523 sup.,
1464 485 1484 506 a
1510 473 1605 512 tam
1623 465 1800 524 potenti
1823 467 1990 509 natura

101 534 221 575 Deus
240 531 348 574 fecit
366 531 586 587 animam,
612 534 663 574 ut
682 542 742 574 ex
766 530 867 586 ejus
894 529 1165 586 plen1ssima
1190 528 1475 574 beatitudine
1497 529 1726 575 redundet
1746 527 1794 571 in
1818 538 1988 582 corpus

101 592 339 648 plenitudo
358 594 585 646 sanitatis,
609 591 656 636 id
671 597 757 646 est,
782 591 1143 647 incorruptionis
1162 590 1294 646 vigor
1317 592 1393 644 (1).
1418 609 1438 630 n
1460 593 1513 635 Et
1535 591 1653 645 ideo,
1678 590 1798 634 sicut
1818 591 1987 644 Grego-

101 654 200 698 rius
228 655 339 699 dicit
370 656 534 712 (ibid),
571 673 590 693 α
623 654 884 699 ostenditur
911 665 1080 709 corpus
1109 653 1274 697 Christi
1303 656 1408 709 post
1429 652 1816 698 resurrectionem
1841 651 1988 696 fuisse

102 716 312 772 eJ'usdem
334 723 529 775 naturae,
554 717 636 762 sed
659 717 850 760 alterius
874 715 1048 771 gloriae.
1082 734 1101 754 »

157 778 223 823 Ad
239 782 422 823 tertium
443 779 709 835 dicendum,
730 777 856 833 qued
879 776 1001 820 sicut
1020 775 1308 832 Augustinus
1332 775 1441 819 dicit
1470 778 1546 831 (De
1572 777 1660 820 civ.
1685 775 1779 830 Dei,
1799 774 1880 818 lib.
1897 788 1983 832 xm,

103 852 202 897 cap.
225 843 296 898 22,
314 842 362 885 in
381 842 498 897 fin.),
518 858 539 879 «
563 840 768 884 Salvator
786 843 945 883 noster
966 843 1072 895 post
1092 836 1478 882 resurrectionem
1493 837 1590 894 jam
1614 837 1801 894 quidem
1824 836 1872 879 in
1894 836 1985 893 spi-

101 903 256 948 rituali
273 917 428 960 carne,
450 903 528 948 sed
547 907 700 947 tamen
720 903 846 955 vera,
867 901 1024 945 cibum
1040 905 1085 945 et
1102 905 1264 957 potum
1278 912 1387 944 cum
1405 900 1646 957 disprulis
1660 898 1874 955 sumpsit,
1893 911 1987 943 non

104 966 428 1012 alimentorum
446 966 717 1020 indigentia,
736 965 819 1009 sed
841 966 897 1009 ea
916 966 1010 1020 qua
1032 964 1120 1007 hoc
1138 966 1318 1020 poterat
1334 967 1578 1019 potestate.
1603 981 1623 1000 »ι
1648 965 1704 1007 Ut
1722 962 1845 1006 enim
1866 961 1988 1006 Beda

103 1028 213 1073 dicit
236 1031 395 1083 (Super
419 1030 607 1083 Lucam,
630 1039 731 1082 cap.
756 1027 842 1080 97),
871 1043 890 1062 «
916 1025 1048 1069 aliter
1082 1024 1300 1069 absorbet
1325 1036 1495 1081 aquam
1521 1028 1639 1068 terra
1658 1024 1835 1076 sitiens,
1856 1022 1988 1067 aliter

103 1090 216 1135 solis
234 1091 393 1135 radius
419 1090 600 1146 calens,
632 1089 710 1133 illa
739 1088 1011 1143 indigentia,
1038 1088 1124 1132 iste
1154 1087 1374 1145 potentia.
1399 1105 1420 1126 »
1446 1086 1734 1131 Manducavit
1754 1097 1864 1141 ergo
1883 1093 1988 1141 post

102 1154 505 1209 resurrectionem,
523 1165 615 1196 non
639 1153 772 1208 quasi
792 1151 895 1195 cibo
920 1151 1150 1206 indigens,
1172 1150 1256 1195 sed
1275 1153 1328 1194 ut
1349 1161 1404 1194 eo
1427 1149 1564 1193 modo
1588 1155 1800 1192 naturam
1822 1160 1988 1204 corpo-

102 1215 167 1260 ris
186 1215 474 1272 resurgentis
499 1215 775 1260 adstrueret.
804 1216 857 1257 Et
890 1219 1075 1269 propter
1099 1213 1187 1257 hoc
1211 1224 1307 1256 non
1336 1211 1546 1268 sequitur
1571 1211 1694 1268 quod
1720 1210 1858 1255 fuerit
1885 1210 1988 1266 eJ'us

103 1290 271 1334 corpus
290 1277 505 1329 animale,
531 1276 657 1333 quod
679 1281 750 1321 est
770 1275 985 1331 indigens
1007 1275 1126 1319 cibo.

158 1342 505 1385 ARTICULUS
538 1343 620 1384 lv.
650 1364 707 1372 -
742 1353 881 1383 urium
917 1352 1074 1382 coneus
1110 1350 1275 1381 cnmsrx
1311 1349 1515 1380 nssnunnrr
1543 1348 1626 1379 cum
1655 1347 1931 1380 cmATmciBus

103 1467 154 1506 D·
166 1467 219 1502 his
232 1467 334 1502 etiam
350 1468 443 1502 Sent.
457 1474 507 1506 IV,
525 1466 603 1501 dist.
619 1465 674 1506 2⁴.
693 1466 809 1506 quaest.
827 1402 1213 1506 Ιῐ,1;ῗῗ.υᾶῐῗῗιῖἓξῐ.(1ῗι),ο
1224 1466 1258 1497 et
1269 1463 1393 1504 opusc.
1406 1470 1445 1503 ΙΙ,
1462 1472 1535 1503 cap.
1548 1461 1624 1502 256,
1640 1465 1675 1496 et
1688 1462 1750 1502 Op.
1767 1470 1826 1501 XX,
1842 1473 1913 1503 cap.
1930 1461 1985 1496 22.

157 1517 224 1562 Ad
244 1520 461 1572 quartum
481 1515 548 1559 sic
565 1513 842 1571 proceditur.
870 1516 913 1556 1.
935 1512 1124 1557 Videtur
1147 1510 1271 1569 qued
1292 1522 1461 1567 corpus
1479 1510 1643 1554 Christi
1663 1522 1758 1553 non
1776 1509 1988 1554 debuerit

103 1591 211 1624 cum
234 1577 527 1623 cicatricibus
547 1587 806 1632 resurgere.
827 1574 998 1619 Dicitur
1015 1574 1140 1619 enim
1169 1576 1216 1626 (l.
1239 1573 1441 1617 Corinth.
1466 1585 1538 1627 xv,
1564 1573 1647 1627 52),
1672 1571 1796 1627 qued
1821 1574 1988 1615 mortui

102 1644 336 1697 resurqent
357 1642 627 1695 incorrupti.
653 1637 740 1683 Sed
759 1641 806 1682 et
827 1636 1067 1682 cicatrices
1086 1640 1133 1681 et
1156 1635 1351 1679 vulnera
1371 1634 1431 1679 ad
1451 1633 1701 1691 quamdam
1729 1634 1988 1690 corruptio-

103 1715 212 1748 nem
236 1702 469 1759 pertinent
486 1706 532 1746 et
551 1700 798 1746 defectum.
823 1702 922 1744 Non
948 1711 1059 1755 ergo
1077 1697 1163 1743 fuit
1179 1695 1463 1742 conveniens
1484 1700 1538 1740 ut
1566 1696 1788 1751 Christus,
1814 1695 1895 1753 qui
1916 1700 1987 1740 est

18 1797 30 1810 .
103 1764 455 1811 resurrectionis
469 1767 644 1815 auctor,
666 1774 774 1807 cum
788 1761 1083 1806 cicatricibus
1100 1763 1382 1816 resurgeret.

158 1831 202 1873 2.
233 1831 470 1881 Praeterea,
493 1837 662 1881 corpus
677 1823 841 1869 Christi
864 1825 1099 1880 integrum
1115 1821 1386 1876 resurrexit,
1409 1820 1530 1865 sicut
1548 1819 1722 1865 dictum
1744 1827 1816 1866 est
1838 1822 1939 1876 (art.
1959 1823 1982 1865 1

103 1891 244 1947 hujus
267 1890 467 1946 quaest.).
490 1888 578 1932 Sed
600 1893 826 1944 aperturae
850 1886 1098 1931 vulnerum
1122 1884 1460 1930 contrariantur
1483 1882 1732 1938 integritati
1764 1884 1984 1941 corporis,

104 1953 215 2010 quia
234 1965 316 2008 per
333 1963 414 1996 eas
438 1949 810 1995 discontinuatur
838 1960 1021 2005 corpus.
1056 1949 1155 1991 Non
1183 1958 1294 2002 ergo
1320 1945 1504 1990 videtur
1533 1944 1677 1988 fuisse
1703 1945 1985 1990 conveniens

104 2015 230 2071 quod
251 2014 297 2058 in
322 2024 513 2069 corpore
535 2011 700 2056 Christi
723 2014 950 2067 aperturae
970 2008 1216 2054 vulnerum
1240 2010 1559 2062 remanerent3
1584 2006 1669 2050 etsi
1691 2010 1986 2053 remanerent

104 2077 166 2122 ibi
187 2077 400 2134 quaedam
424 2075 674 2119 vulnerum
703 2073 921 2130 insignia,
951 2084 1058 2130 quae
1083 2070 1378 2117 sufficiebant
1402 2067 1462 2113 ad
1482 2073 1738 2126 aspectum,
1762 2068 1820 2113 ad
1845 2081 1984 2126 quem

103 2139 299 2183 Thomas
340 2136 550 2193 credidit,
586 2136 662 2181 cui
701 2135 877 2181 dictum
916 2139 988 2180 est
1018 2149 1030 2178 ε
1068 2137 1184 2192 Quia
1220 2134 1376 2177 vidisti
1408 2144 1493 2183 me,
1532 2130 1716 2188 Thema,
1749 2132 1986 2177 credidisti

106 2203 250 2255 (Joan.
267 2214 337 2255 xx,
355 2201 442 2253 29).

159 2265 203 2308 3.
232 2264 469 2317 Praeterea,
498 2263 812 2304 Damascenus
831 2258 942 2304 dicit
967 2258 1107 2313 (Orth.
1131 2257 1210 2302 fid.
1238 2256 1322 2302 lib.
1341 2269 1402 2313 iv,
1418 2268 1518 2313 cap.
1543 2257 1616 2311 19,
1640 2255 1699 2300 ad
1721 2254 1839 2310 fin.),
1859 2255 1980 2312 quod

107 2344 128 2364 «
157 2328 263 2382 post
284 2321 669 2368 resurrectionem
684 2321 741 2366 de
759 2321 936 2366 Christo
959 2320 1180 2365 dicuntur
1196 2318 1409 2376 quaedam
1429 2316 1559 2373 vere3
1581 2329 1685 2374 quae
1706 2329 1800 2361 non
1822 2316 1986 2363 habuit

105 2386 363 2432 secundum
384 2387 613 2439 naturam,
628 2383 710 2427 sed
722 2382 980 2427 secundum
995 2381 1407 2439 dispensationem,
1422 2380 1480 2424 ad
1498 2378 1843 2424 certificandum
1859 2379 1983 2436 quod

104 2450 258 2506 ipsum
280 2446 406 2505 quod
422 2456 612 2503 passum
631 2450 701 2489 est
717 2456 887 2501 corpus
907 2443 1178 2499 resurrexit,
1199 2449 1254 2488 ut
1274 2442 1526 2487 cicatrices.
1541 2460 1561 2481 ²»
1590 2443 1803 2486 Cessante
1827 2447 1983 2488 autem

106 2512 265 2565 causa,
292 2512 443 2554 cessat
469 2507 674 2551 effectus.
698 2509 817 2563 Ergo
834 2505 1018 2550 videtur
1042 2505 1167 2562 quod
1187 2503 1449 2549 certificatis
1470 2502 1709 2559 discipulis
1732 2502 1789 2548 de
1811 2515 1896 2547 sua
1916 2517 1982 2549 re-

105 2571 405 2624 surrectione,
437 2569 674 2615 cicatrices
694 2568 886 2613 ulterius
904 2581 999 2612 non
1018 2566 1245 2613 habuerit.
1273 2566 1359 2611 Sed
1377 2578 1472 2610 non
1491 2565 1795 2610 conveniebat
1819 2565 1983 2611 immu-

106 2634 315 2681 tabilitati
341 2632 498 2690 gloriae
526 2630 651 2689 quod
677 2631 853 2688 aliquid
871 2634 1129 2676 assumeret
1156 2628 1283 2686 quod
1309 2628 1529 2686 perpetuo
1563 2627 1612 2672 in
1641 2640 1696 2672 eo
1718 2640 1813 2672 non
1836 2641 1984 2675 rema-

105 2700 253 2741 neret.
299 2698 416 2752 Ergo
467 2694 650 2739 videtur
695 2691 820 2750 quod
865 2705 958 2737 non
1001 2692 1213 2737 debuerit
1247 2703 1417 2748 corpus
1456 2702 1564 2735 cum
1600 2690 1890 2738 cicatricibus
1930 2692 1980 2738 in

104 2756 447 2803 resurrectione
462 2767 719 2800 resumere.

159 2819 248 2865 Sed
266 2822 427 2865 contra
449 2822 521 2863 est
542 2818 667 2875 quod
684 2817 905 2863 Dominus
929 2817 1040 2863 dicit
1059 2817 1244 2862 Thomae
1263 2818 1410 2871 (Joan.
1427 2827 1498 2872 xx,
1518 2816 1589 2870 27)
1611 2827 1623 2859 :
1644 2817 1770 2870 [πίεν
1787 2817 1981 2873 ἀίρὶιαηι

103 2886 227 2927 tuum
242 2881 346 2937 Ιυᾰσ,
364 2885 407 2925 et
422 2880 521 2924 vide
539 2893 699 2924 manus
716 2893 856 2936 meaS,
868 2883 913 2924 et
924 2881 1039 2936 affer
1051 2893 1233 2924 manum
1250 2882 1393 2935 tuam,
1405 2881 1448 2922 et
1467 2880 1596 2922 mitte
1609 2879 1656 2921 in
1673 2877 1794 2922 latus
1807 2891 1953 2923 meum
1959 2892 1980 2937 ·‚·

103 2947 148 2990 et
168 2945 262 2988 noli
282 2956 372 2987 esse
394 2943 667 3000 incredulus,
687 2945 767 2987 sed
784 2943 933 2997 fidelis
946 2944 1022 2997 (3).

150 3007 443 3048 CONCLUSIO.
462 3029 508 3036 —
527 3005 672 3047 Decuit
691 3006 877 3046 animam
894 3004 1045 3047 Christi
1065 3004 1112 3045 in
1135 3003 1423 3049 resurrectione
1445 3014 1591 3055 corpus
1608 3013 1704 3044 cum
1722 3003 1979 3046 cicatricibus

103 3073 318 3111 resumere,
333 3065 382 3101 ut
395 3061 574 3102 victoriae
595 3071 680 3101 suae
694 3061 957 3114 triumphum
974 3060 1264 3111 circumferret,
1285 3063 1326 3100 et
1342 3059 1489 3101 dubios
1510 3060 1554 3098 in
1573 3058 1652 3098 fide
1666 3058 1859 3100 firmaret.

157 3118 429 3175 Respondeo
447 3118 696 3164 dicendum
715 3117 840 3175 quod
858 3118 1140 3163 conveniens
1160 3117 1248 3162 fuit
1269 3117 1472 3162 animam
1499 3115 1661 3161 Christi
1678 3115 1725 3159 in
1742 3127 1978 3162 resurrec-

104 3182 229 3227 tione
248 3193 417 3237 corpus
445 3193 554 3225 cum
583 3180 873 3226 cicatricibus
895 3193 1131 3226 resumere
1153 3196 1164 3224 ε
1195 3181 1346 3238 primo
1374 3179 1562 3237 quidem
1584 3183 1768 3234 propter
1784 3179 1977 3234 gloriam

103 3244 251 3301 ipsius
266 3242 443 3288 Christi.
469 3244 583 3288 Dicit
603 3244 728 3289 enim
746 3244 867 3289 Beda
887 3245 1049 3301 (Super
1068 3247 1252 3301 Lucam,
1273 3255 1376 3300 cap.
1398 3244 1483 3298 97),
1504 3241 1761 3286 secundum
1782 3240 1884 3299 ejus
1901 3253 1976 3286 or-

144 3333 190 3375 (⁴)
207 3333 304 3369 luxi!
321 3332 408 3368 illud
426 3333 574 3374 Apostoli
594 3335 702 3376 (Rom.
723 3335 775 3376 vl)
793 3347 804 3370 ι
828 3334 997 3370 Christus
1080 3337 1116 3371 et
1131 3334 1289 3375 vestigiis,
1303 3333 1362 3369 sed
1378 3332 1419 3368 de
1432 3331 1623 3375 patentibus
1640 3333 1674 3367 et
1690 3331 1815 3373 apertis
1832 3330 1975 3367 forami-

104 3390 301 3424 resurqem
313 3391 361 3417 ex
370 3382 524 3416 mortuis
530 3382 612 3424 jam
623 3392 700 3418 non
714 3383 996 3426 moritur-,more
1081 3383 1192 3426 nibus,
1211 3389 1250 3418 ut
1267 3395 1306 3418 ex
1320 3382 1535 3424 responsione
1549 3380 1592 3415 ad
1604 3380 1626 3414 2
1642 3384 1747 3422 patet.

104 3429 169 3463 illi
187 3429 292 3464 ultrei
314 3439 389 3464 non
405 3429 677 3467 dominabitur.
1122 3433 1166 3473 (5)
1190 3432 1314 3467 Eodem
1338 3431 1507 3472 pertinere
1535 3433 1647 3463 censet
1672 3428 1817 3470 Cyrinus
1841 3427 1913 3468 (lib.
1936 3427 1973 3461 in

143 3476 186 3517 (2)
197 3477 425 3532 ‘Affirmative
455 3478 635 3520 respondet
661 3479 698 3513 S.
731 3480 877 3526 Doctor3
907 3479 997 3521 quod
1079 3481 1175 3516 Joan.
1203 3492 1274 3522 cap.
1300 3479 1353 3521 58)
1382 3478 1468 3513 illud
1496 3477 1594 3512 Zach.
1620 3486 1683 3512 xm
1717 3489 1726 3511 :
1759 3477 1858 3519 Quid
1887 3476 1974 3512 mm

104 3533 172 3561 non
196 3523 454 3572 intelligendum
477 3529 526 3563 est
541 3525 582 3562 de
599 3525 679 3562 solis
694 3532 873 3562 vulnerum
893 3527 996 3568 signis
1079 3528 1200 3572 plaqoe
1211 3529 1290 3564 ἰδίω
1302 3528 1345 3563 in
1358 3525 1474 3564 medio
1485 3537 1662 3563 manuum
1673 3526 1846 3562 tuarum?
