2170 3808
171 289 231 334 36
852 283 1049 338 QUAEST.
1079 283 1148 335 111,
1178 283 1297 327 ART.
1326 283 1397 327 111.

171 371 290 426 cit.).
319 369 408 416 Sed
436 368 549 414 unio
577 379 673 411 non
703 369 859 424 potest
885 365 986 410 fieri
1015 364 1064 409 in
1097 368 1288 419 natura,
1319 363 1402 409 sed
1432 362 1584 408 solum
1615 362 1665 407 in
1695 373 1913 420 persona.
1938 363 2074 420 Ergo,

171 431 408 478 abstracta
427 427 774 488 personalitate,
795 433 963 472 natura
983 426 1142 472 divina
1165 438 1260 470 non
1281 428 1435 483 potest
1455 435 1712 470 assumere.

227 494 272 539 3.
303 494 545 547 Praeterea,
565 489 615 534 in
634 489 786 547 prima
803 493 934 547 parte
957 488 1135 534 dictum
1155 491 1227 533 est
1249 483 1434 544 (qu‘aest.
1455 499 1532 539 xn,
1550 491 1637 532 art.
1659 488 1718 543 3),
1734 485 1862 543 quod
1883 484 1933 529 in
1955 484 2079 531 divi-⁴

170 554 264 612 nis,
284 553 518 599 abstracta
541 551 887 609 personalitate,
911 549 1026 595 nihil
1046 554 1220 594 manet.
1242 549 1330 594 Sed
1355 560 1604 593 assumens
1627 552 1700 593 est
1723 545 1914 604 aliquid.
1936 549 2079 606 Ergo,

169 616 404 662 abstracta
425 614 772 671 personalitate,
791 625 887 657 non
910 615 1064 669 potest
1085 611 1243 657 divina
1264 615 1432 655 natura
1453 621 1711 656 assumere.

225 675 316 726 Sed
347 679 512 720 contra
540 679 613 720 est
646 674 772 732 quod
805 674 856 719 in
884 673 1055 719 divinis
1086 672 1392 730 personalitas
1419 671 1588 717 dicitur
1619 670 1879 729 proprietas
1912 681 2074 728 perso-

156 737 290 796 ,nalis
306 749 319 782 ε
336 748 441 795 quae
461 736 630 794 triplex
652 740 740 796 est,
759 735 937 781 scilicet
956 733 1229 792 paternitas,
1248 733 1427 789 filiatio,
1446 736 1492 778 et
1510 732 1764 791 processio,
1782 736 1837 778 ut
1856 731 1905 776 in
1925 731 2074 788 prima

167 799 302 857 parte
320 799 494 845 dictum
509 803 582 844 est
597 800 782 855 (quaest.
798 811 896 855 xxx,
913 800 1000 841 art.
1021 797 1083 851 2).
1100 795 1189 841 Sed
1206 794 1397 840 remotis
1408 793 1483 838 his
1500 806 1583 852 per
1595 793 1901 848 intellectum,
1922 792 2075 837 adhuc

166 865 378 907 remanet
403 860 480 906 Dei
511 859 865 917 omnipotentia,
891 870 975 915 per
1003 869 1145 915 quam
1169 862 1241 903 est
1272 858 1394 902 facta
1419 855 1700 912 incarnati03
1722 856 1844 902 sicut
1868 854 2074 912 Angelus

165 922 279 968 dicit
293 925 418 978 (Luc.
433 937 463 979 1,
475 925 571 976 37):
587 926 689 967 Non
702 924 792 966 erit
812 921 1085 977 impossibile
1102 921 1231 977 apud
1243 924 1390 963 Deum
1403 932 1531 963 omne
1545 919 1744 964 verbum.
1756 921 1877 975 Ergo
1891 917 2075 963 videtur

168 983 295 1043 quod
312 984 453 1030 etiam
473 987 531 1040 (1)
554 986 734 1030 remota
751 982 1099 1041 personalitate,
1118 986 1287 1026 natura
1306 981 1465 1027 divina
1481 980 1631 1039 possit
1647 993 1904 1027 assumere.

214 1051 507 1095 ODNCLUSIO.
528 1075 576 1082 —
605 1052 833 1101 Abstracta,
860 1062 931 1103 per
963 1050 1223 1091 intellectum
1252 1062 1327 1090 suo
1352 1049 1477 1091 modo
1503 1047 1648 1090 divina
1674 1048 2049 1103 apprehendentem

163 1108 466 1167 personalitate,
487 1111 617 1159 potest
631 1111 778 1148 natura
796 1107 941 1147 divina
961 1105 1156 1156 intelligi,
1178 1108 1227 1145 ut
1247 1117 1478 1147 assumenS.

207 1170 494 1230 ‚Respondeo
509 1170 758 1216 dicendum
780 1169 903 1226 quod
926 1169 1191 1214 intellectus
1208 1168 1454 1225 dupliciter
1466 1180 1518 1213 se
1539 1166 1680 1213 habet
1698 1165 1758 1212 ad
1780 1166 1962 1212 divina:
1975 1179 2072 1212 11110

162 1231 304 1277 1110ᾱο
322 1237 375 1276 ut
395 1237 648 1289 cognoscat
665 1236 810 1277 Deum
830 1232 952 1276 sicut
967 1235 1060 1288 est3
1082 1234 1129 1275 et
1151 1229 1218 1275 sic
1238 1230 1526 1287 impossibile
1545 1234 1616 1275 est
1634 1229 1760 1287 quod
1778 1228 2074 1274 circumscri-

161 1292 303 1338 batur
325 1306 409 1351 per
426 1295 715 1340 intellectum
745 1294 922 1352 aliquid
944 1293 972 1338 a
992 1296 1101 1350 Deo,
1122 1293 1187 1337 ita
1213 1293 1338 1350 quod
1359 1292 1486 1338 aliud
1507 1296 1767 1349 remaneat3
1794 1292 1903 1349 quia
1924 1295 2073 1336 totum

161 1355 292 1412 quod
308 1361 380 1401 est
402 1356 451 1401 in
468 1359 574 1414 Deo,
591 1361 665 1402 est
684 1368 851 1410 unum,
873 1355 1005 1400 salva
1022 1354 1318 1400 distinctione
1341 1366 1672 1413 personarum3
1695 1367 1895 1412 quarum
1918 1358 2072 1399 tamen

161 1428 261 1462 una
291 1417 483 1475 tollitur,
511 1419 697 1464 sublata
729 1419 846 1473 alia3
878 1418 989 1475 quia
1024 1417 1381 1473 distinguuntur
1408 1417 1561 1462 solum
1594 1416 1922 1472 relationibus,
1953 1428 2072 1473 quas

161 1483 346 1536 oportet
371 1492 475 1525 esse
498 1480 653 1525 simul.
678 1479 777 1525 Alio
798 1480 938 1524 modo
959 1491 1011 1525 se
1032 1477 1172 1524 habet
1194 1479 1461 1525 intellectus
1483 1479 1543 1525 ad
1568 1479 1743 1536 divina,
1764 1491 1860 1523 non
1882 1478 2070 1536 quidem

159 1541 298 1598 quasi
317 1554 610 1599 cognoscens
628 1545 773 1587 Deum
790 1545 844 1586 ut
859 1545 945 1601 est,
958 1541 1043 1587 sed
1061 1553 1145 1598 per
1160 1541 1353 1586 modum
1374 1553 1532 1601 suum,
1546 1541 1722 1586 scilicet
1735 1541 2069 1598 multipliciter,

160 1606 210 1648 et
228 1603 431 1662 divisim,
448 1605 496 1650 id
510 1604 635 1661 quod
655 1605 703 1648 in
721 1607 814 1649 Deo
830 1608 902 1649 est
919 1615 1070 1648 unum
1086 1616 1097 1647 ε
1113 1607 1160 1648 et
1176 1616 1259 1661 per
1280 1604 1409 1649 hunc
1424 1605 1617 1650 modum
1635 1607 1790 1662 potest
1806 1604 2072 1650 intellectus

161 1669 324 1711 noster
341 1666 600 1723 intelligere
618 1666 876 1712 bonitatem
892 1670 937 1711 et
959 1665 1232 1723 sapientiam
1250 1665 1473 1725 divinam,
1490 1670 1538 1711 et
1555 1666 1644 1711 alia
1662 1665 1948 1723 hujusmodi,
1965 1678 2072 1724 quae

158 1725 382 1772 dicuntur
399 1728 664 1773 essentialia
687 1727 925 1785 attributa,
942 1740 1035 1772 non
1058 1727 1292 1772 intellecta
1313 1727 1593 1785 paternitate
1613 1727 1687 1773 vel
1709 1725 1949 1786 filiatione,
1965 1740 2072 1786 quae

158 1786 383 1833 dicuntur
403 1789 773 1846 personalitates.
797 1791 852 1834 Et
874 1788 1135 1833 secundum
1158 1789 1263 1842 hoc,
1284 1788 1517 1833 abstracta
1537 1789 1872 1846 personalitate
1895 1800 1980 1846 per
1996 1789 2072 1834 in-

158 1848 415 1906 tellectum,
435 1863 689 1907 possumus
707 1851 861 1895 adhuc
882 1849 1141 1906 intelligere
1164 1854 1380 1895 naturam
1403 1855 1722 1895 assumentem
1742 1853 1819 1906 (2).

212 1911 282 1956 Ad
312 1915 513 1968 primum
541 1924 654 1968 ergo
679 1911 954 1969 dicendum,
984 1911 1110 1968 quod
1130 1912 1239 1968 quia
1268 1912 1317 1955 in
1346 1911 1517 1956 divinis
1545 1911 1671 1957 idem
1693 1916 1767 1957 est
1788 1923 1883 1969 quo
1905 1914 1999 1970 est,
2023 1917 2084 1958 et.

156 1972 286 2031 quod
308 1977 397 2029 est,
414 1973 639 2030 quidquid
659 1986 821 2018 eorum
844 1986 952 2030 quae
970 1973 1287 2018 attribuuntur
1302 1976 1393 2018 Deo
1411 1973 1460 2017 in
1480 1973 1728 2032 abstractO,
1743 1973 2004 2020 secundum
2019 1987 2072 2021 se

156 2034 497 2093 consideretur,
525 2035 627 2079 aliis
648 2035 1040 2092 circumscriptiS,
1072 2035 1160 2080 erit
1190 2035 1366 2092 aliquid
1398 2035 1687 2093 subsistens;
1717 2040 1765 2082 et
1791 2048 1878 2093 per
1900 2048 2071 2083 conse-

156 2108 310 2153 quens
341 2109 556 2156 persona,
583 2101 690 2141 cum
720 2098 780 2142 sit
807 2098 856 2141 in
886 2102 1055 2142 natura
1082 2097 1400 2143 intellectuali.
1428 2098 1555 2143 Sicut
1583 2098 1726 2154 igitur
1749 2110 1879 2142 nunc
1906 2099 2069 2155 positis

155 2157 520 2215 proprietatibus
537 2159 862 2216 personalibus
888 2160 937 2203 in
955 2163 1048 2205 Deo
1073 2160 1272 2205 dicimus
1292 2165 1387 2205 tres
1407 2172 1656 2217 personas3
1678 2160 1743 2205 ita
1761 2160 1965 2206 exclusis
1985 2174 2069 2218 per

154 2218 446 2264 intellectum
462 2221 821 2277 proprietatibus
835 2221 1178 2281 personalibus,
1191 2221 1452 2266 remanebit
1464 2221 1512 2266 in
1526 2221 1897 2267 consideratione
1907 2227 2068 2270 nostra

155 2285 325 2325 natura
345 2281 503 2326 divina
522 2287 574 2326 ut
597 2283 878 2340 subsistens,
898 2289 945 2328 et
966 2288 1018 2328 ut
1040 2295 1257 2340 persona.
1278 2286 1332 2328 Et
1352 2296 1436 2341 per
1457 2284 1585 2329 hunc
1603 2284 1793 2330 modum
1819 2287 1975 2342 potest
1995 2285 2066 2330 in-

155 2342 301 2400 telligi
322 2343 446 2400 quod
469 2350 680 2388 assumat
698 2350 914 2389 naturam
936 2345 1192 2389 humanam
1214 2344 1394 2390 ratione
1413 2358 1512 2391 suae
1532 2346 1850 2393 subsistentiae
1864 2347 1941 2392 vel
1960 2360 2066 2405 per-

155 2407 415 2453 sonalitatis
438 2409 513 2463 (3).

210 2469 280 2514 Ad
298 2471 546 2514 secundum
564 2469 831 2527 dicendum,
851 2469 976 2526 quod
998 2469 1138 2514 etiam
1164 2470 1527 2528 circumscriptis
1548 2485 1632 2529 per
1648 2473 1938 2519 intellectum
1955 2487 2066 2532 per-

154 2531 482 2577 sonalitatibus
507 2532 647 2576 trium
669 2543 999 2589 personarum,
1024 2533 1285 2578 remanebit
1305 2534 1353 2578 in
1377 2534 1615 2580 intellectu
1637 2548 1733 2581 una
1754 2538 2065 2594 personalitas

154 2593 252 2650 Dei,
269 2598 323 2638 ut
340 2593 485 2639 Iudaei
506 2593 797 2651 intelligunt3
819 2595 879 2640 ad
898 2606 1041 2652 quam
1059 2596 1226 2651 poterit
1246 2596 1484 2642 terminari
1503 2599 1779 2659 assumptio,
1795 2598 1917 2645 sicut
1935 2612 2065 2647 nunc

153 2654 355 2702 dicimus
378 2667 481 2700 eam
504 2656 743 2700 terminari
765 2656 824 2701 ad
847 2668 1095 2713 personam
1119 2657 1270 2702 Verbi.
1572 2705 1573 2708 ,
1892 2707 1898 2712 ‚

210 2716 276 2761 Ad
299 2719 482 2760 tertium
502 2716 770 2774 dicendum,
788 2717 930 2776 quod,
951 2716 1185 2762 abstracta
1204 2720 1534 2776 personalitate
1557 2733 1642 2778 per
1663 2721 1966 2779 intellectum,
1988 2723 2062 2770 di-

153 2779 277 2825 citur
289 2777 404 2823 nihil
419 2791 661 2825 remanere
676 2793 759 2837 per
770 2780 963 2825 modum
979 2781 1278 2826 resolutionis
1296 2784 1380 2838 (4);
1398 2783 1533 2840 quasi
1549 2783 1676 2829 aliud
1693 2783 1754 2829 sit
1768 2784 1895 2842 quod
1913 2785 2064 2843 subji-

152 2840 276 2886 citur
302 2840 532 2901 relationi,
562 2845 609 2886 et
630 2841 757 2887 aliud
784 2841 886 2899 ipsa
914 2842 1104 2899 relatio3
1133 2843 1243 2901 quia
1274 2844 1502 2902 quidquid
1529 2846 1852 2892 consideratur
1878 2847 1926 2892 in
1950 2851 2059 2907 Deo,

153 2901 475 2947 consideratur
495 2905 550 2947 ut
571 2903 864 2960 suppositum
891 2904 1169 2950 subsistens
1197 2907 1350 2952 Potest
1372 2911 1526 2952 tamen
1555 2907 1730 2965 aliquid
1754 2920 1917 2955 eorum
1955 2923 2062 2968 quae

154 2961 377 3008 dicuntur
395 2963 453 3008 de
481 2965 588 3020 Deo,
613 2964 807 3022 intelligi
830 2964 934 3010 sine
958 2965 1065 3022 ali0‚
1090 2978 1186 3011 non
1215 2979 1299 3024 per
1318 2967 1512 3013 modum
1534 2969 1850 3029 resolutionis,
1872 2971 1957 3017 'sed
1978 2984 2062 3029 per

153 3025 346 3069 modum
363 3025 463 3081 jam
485 3026 664 3071 dictum
687 3027 751 3081 (in
776 3040 902 3084 corp.
927 3029 1047 3083 art.).
1200 3033 1202 3037 ’

193 3159 242 3202 (Ι)
255 3160 308 3195 Ite
333 3170 411 3194 eum
430 3160 509 3195 Mss.
539 3162 671 3197 Camer.
691 3162 824 3197 Nicolai
849 3162 931 3197 Cod.
947 3161 1066 3198 Alcan.
1191 3164 1236 3206 (5)
1250 3164 1293 3200 At
1308 3164 1346 3199 in
1360 3177 1401 3200 eo
1415 3178 1493 3201 casu
1507 3169 1630 3203 natura
1649 3167 1798 3204 humana
1814 3169 1971 3205 uniretur
1991 3172 2060 3213 pri·

163 3207 318 3243 Videtur
332 3208 444 3243 etiam
460 3207 636 3253 quod.Al.
658 3210 756 3246 deest
771 3212 894 3246 etiam.
1151 3212 1259 3246 marie
1289 3217 1322 3247 et
1350 3213 1549 3250 immediate
1572 3216 1615 3251 ad
1646 3217 1899 3252 subsistentiam
1928 3217 2059 3255 absolu-

191 3254 237 3297 (2)
253 3255 299 3290 Ea
314 3255 481 3291 sententia
495 3258 686 3292 communis
700 3263 748 3292 est
761 3258 851 3293 inter
870 3258 1063 3300 themistas,
1150 3264 1232 3302 tam,
1255 3261 1452 3297 secundario
1478 3264 1609 3298 tantum
1637 3270 1672 3299 et
1696 3265 1844 3300 mediate
1871 3265 1915 3300 ad
1939 3265 2060 3302 subsis-

150 3302 202 3338 tit
223 3302 387 3346 Binum,
406 3303 485 3346 quia
509 3309 694 3344 agnoscunt
716 3307 753 3340 in
782 3307 851 3341 Deo
879 3306 1062 3345 subsisten·
1150 3309 1273 3343 tentius
1287 3309 1454 3347 relativas.

153 3351 239 3387 tiam
269 3363 483 3388 communem
514 3357 549 3386 et
580 3352 786 3393 absolutam,
816 3354 1011 3390 distinctam
1043 3355 1063 3390 ὲ
1188 3359 1229 3399 (4)
1261 3358 1427 3398 Intelligit
1458 3358 1585 3400 aliquid
1618 3372 1796 3396 remanere
1826 3375 1888 3404 per
1916 3363 2058 3399 modum

150 3398 376 3436 subsistentiis
411 3400 562 3436 relativis
597 3413 660 3442 per
693 3413 778 3444 quas
809 3403 1062 3439 constituuntur
1145 3405 1376 3449 resolutionis,
1403 3406 1537 3449 quando
1562 3413 1678 3443 manet
1704 3409 1834 3452 aliquid
1858 3410 1947 3447 facta
1971 3410 2054 3447 reali

150 3458 316 3489 persona.
1144 3454 1369 3497 separatione,
1383 3459 1422 3490 ut
1432 3454 1674 3492 animadvertit
1689 3457 1832 3499 sylvius.
