2170 3808
709 204 902 257 QUAEST.
931 203 1003 256 xl,
1031 202 1147 253 ART.
1178 199 1231 242 111
1257 199 1322 242 ΕΤ
1351 198 1417 240 lV.
1925 190 2000 232 111

133 297 248 340 ferre
269 299 314 338 et
335 292 593 338 discurrere
613 287 671 333 de
692 299 788 332 uno
808 285 855 330 in
878 283 1019 329 aliud.
1035 285 1152 338 Ergo
1171 281 1219 325 in
1240 279 1415 324 Christo
1431 278 1518 322 fuit
1539 274 1731 321 scientia
1749 270 2004 318 discursiva

132 357 204 402 vel
225 355 455 401 collativa.

185 441 471 485 CONCLUSIO.
487 462 535 469 —
553 438 728 479 scientia
748 435 884 476 infusa
898 433 1047 474 animae
1060 430 1212 470 Christi
1226 427 1359 480 quoad
1372 428 1406 479 ej
1412 439 1460 467 us
1478 425 1804 477 acquisitionem,
1818 420 2007 462 collativa

134 501 218 540 sive
235 496 456 538 discursiva
475 505 554 533 non
578 493 673 541 tuit,
696 487 765 531 sed
786 489 948 530 tantum
968 485 1172 538 quantum
1193 483 1246 522 ad
1263 493 1402 522 usum.

188 571 454 630 Respondeo
475 566 723 614 dicendum
759 563 882 622 quod
904 562 1058 618 aliqua
1093 557 1287 605 scientia
1316 552 1470 613 potest
1503 566 1609 600 esse
1644 551 1905 598 discursiva
1936 549 2007 593 vel

136 634 350 679 collativa
367 629 623 688 dupliciter.
648 629 746 672 Uno
767 625 904 670 modo
923 621 1149 680 quantum
1172 620 1231 664 ad
1264 617 1465 663 scientiae
1487 615 1836 672 acquisitionem
1857 627 1870 657 ε
1891 612 2011 656 sicut

137 693 300 739 accidit
321 694 367 738 in
389 691 538 747 nobiS,
560 689 640 747 qui
666 686 958 745 procedimus
978 684 1036 728 ad
1055 679 1432 738 cognoscendum
1453 687 1601 721 unum
1623 686 1705 732 per
1727 674 1868 731 aliud,
1892 674 2011 718 sicut

137 756 328 800 effectus
350 766 432 812 per
464 764 631 797 causas
648 784 661 809 ,
688 749 803 795 vele
824 757 1062 793 converso.
1095 746 1147 788 Et
1169 744 1255 787 hoc
1277 740 1414 785 modo
1447 736 1639 783 scientia
1662 737 1827 779 animae
1848 734 2010 779 Christi

137 830 231 862 non
261 817 345 862 fuit
378 814 633 861 discursiva
652 812 728 857 vel
761 809 1004 856 collativa:
1037 806 1145 863 quia
1176 806 1274 849 haec
1291 801 1502 856 scientia,
1525 801 1583 845 de
1602 811 1694 856 qua
1719 810 1843 842 nunc
1861 797 2012 853 loqui-

138 891 258 935 mur,
279 877 363 923 fuit
384 878 426 921 ei
449 875 668 921 divinitus
699 873 858 925 indita,
891 881 983 914 non
1016 880 1098 926 per
1129 864 1534 920 investigationem
1557 859 1750 905 rationis
1768 858 2010 915 acquisita.

138 939 235 985 Alio
256 939 392 985 modo
414 942 566 995 potest
589 936 676 982 dici
700 935 854 991 aliqua
877 931 1068 977 seientia
1099 928 1354 973 discursiva
1381 925 1456 970 vel
1477 923 1690 969 collativa
1712 924 1937 978 quantum
1955 921 2014 964 ad

141 1015 277 1048 usum
295 1017 308 1058 ς
329 1002 449 1047 sicut
470 1000 700 1045 interdum
731 997 928 1043 scientes
960 1006 1018 1039 ex
1039 991 1194 1038 causis
1222 989 1505 1035 concludunt
1537 986 1746 1041 effectus,
1770 996 1864 1028 non
1886 990 1938 1028 ut
1957 984 2015 1028 de

143 1076 260 1108 novo
281 1064 535 1119 addiscant,
567 1063 647 1106 sed
680 1060 888 1104 volentes
918 1055 983 1100 uti
1011 1052 1205 1099 scientia
1239 1063 1381 1109 quam
1408 1050 1506 1108 J‘am
1530 1048 1702 1092 habent
1729 1048 1802 1101 (1).
1839 1047 1893 1089 Et
1928 1046 2015 1090 hoc

141 1125 275 1169 modo
295 1125 488 1170 scientia
520 1123 685 1167 animae
703 1118 865 1165 Christi
888 1119 1067 1175 poterat
1104 1127 1208 1159 esse
1237 1113 1449 1157 collativa
1469 1116 1516 1155 et
1530 1108 1814 1155 discursiva:
1836 1111 2016 1165 poterat

141 1188 263 1231 enim
285 1199 342 1236 ex
361 1199 455 1231 uno
474 1185 599 1230 aliud
617 1181 908 1237 concludere,
926 1179 1045 1223 sicut
1067 1177 1153 1221 sibi
1171 1175 1408 1233 placebat,
1431 1173 1552 1218 sicut
1574 1172 1741 1226 (Matth.
1766 1173 1887 1225 xvu),
1908 1170 2014 1214 cum

141 1249 360 1292 Dominus
379 1247 620 1305 quaesisset
642 1244 669 1288 a
690 1243 860 1301 quibus
882 1252 1016 1297 reges
1037 1244 1169 1283 terrae
1190 1237 1414 1281 tributum
1429 1235 1706 1291 acciperent,
1725 1231 1752 1276 a
1773 1231 1879 1276 filiis
1900 1231 2014 1286 suis,

142 1321 200 1352 an
222 1310 280 1355 ab
301 1309 488 1366 alienis,
507 1311 638 1353 Petro
658 1304 983 1362 respondente,
1006 1300 1131 1359 quod
1161 1299 1219 1343 ab
1249 1298 1436 1354 alienis,
1461 1294 1689 1342 conclusit
1709 1310 1719 1339 ε
1741 1298 1861 1350 Erqo
1886 1294 2016 1337 liberi

140 1375 244 1414 sunt
259 1373 360 1425 filii.
730 1369 734 1373 ’

195 1432 260 1477 Ad
275 1437 472 1489 primum
493 1443 603 1487 ergo
626 1429 893 1484 dicendum,
916 1425 1041 1484 quod
1073 1424 1100 1468 a
1131 1423 1310 1468 Christo
1328 1420 1589 1467 excluditur
1616 1418 1862 1463 consilium
1894 1417 2017 1474 quod

143 1498 213 1538 est
233 1506 339 1537 cum
359 1492 672 1547 dubitatione3
694 1494 740 1535 et
761 1501 843 1546 per
864 1498 1158 1544 consequens
1185 1484 1365 1538 electio,
1395 1494 1500 1540 quae
1531 1480 1576 1525 in
1618 1480 1689 1524 sui
1727 1479 1905 1524 ratione
1928 1479 2019 1523 tale

144 1554 384 1599 consilium
405 1553 625 1598 includit:
649 1565 741 1596 non
762 1555 918 1595 autem
941 1548 967 1593 a
987 1547 1164 1593 Christo
1178 1545 1440 1590 excluditur
1458 1555 1575 1588 usus
1593 1541 1884 1586 consiliandi.

197 1615 263 1660 Ad
289 1615 531 1659 secundum
559 1613 833 1669 dicendum,
859 1610 983 1668 quod
1015 1608 1131 1654 ratio
1154 1608 1231 1652 illa
1249 1606 1456 1664 procedit
1486 1605 1543 1650 de
1572 1604 1787 1649 discursu
1807 1608 1854 1647 et
1875 1600 2021 1647 colla-

146 1677 283 1731 tione,
306 1680 443 1734 prout
457 1676 729 1721 ordinantur
748 1674 806 1719 ad
829 1672 1069 1718 scientiam
1093 1669 1438 1727 acquirendam.

201 1738 268 1783 Ad
293 1742 474 1782 tertium
498 1737 760 1792 dicendum,
791 1735 913 1793 quod
952 1734 1074 1778 beati
1112 1733 1461 1777 conformantur
1492 1727 1673 1785 angelis
1707 1727 1932 1785 quantum
1962 1727 2020 1771 ad

87 1849 90 1851 Α
148 1799 269 1844 dona
288 1799 537 1856 gratiarum
554 1813 568 1854 ·,
593 1802 750 1843 manet
767 1802 922 1842 tamen
941 1794 1198 1841 differentia
1216 1805 1321 1851 quae
1337 1796 1410 1838 est
1431 1790 1691 1836 secundum
1707 1793 1918 1834 naturam
1937 1802 1949 1833 ε
1977 1794 2023 1833 et

149 1860 250 1906 ideo
280 1860 346 1905 uti
365 1860 607 1904 collatione
635 1863 682 1904 et
711 1858 924 1903 discursu
950 1861 1022 1902 est
1043 1854 1343 1901 connaturale
1376 1852 1621 1897 animabus
1639 1851 1880 1896 beatorum
1897 1884 1910 1907 ,
1929 1864 2019 1895 non

149 1926 302 1966 autem
328 1921 521 1979 angelis.

151 2005 487 2048 ARTICULUS
517 2005 597 2047 IV.
619 2027 675 2035 —
700 2015 835 2046 urium
871 2014 962 2044 mec
993 2013 1175 2044 semum
1211 2012 1250 2042 m
1284 2010 1460 2042 cumsro
1495 2009 1645 2040 ruenrr
1678 2008 1808 2039 imon
1840 2009 2025 2040 scutrum

960 2075 1222 2106 ANGELORUM.

150 2153 198 2187 De
226 2151 278 2186 his
303 2151 404 2186 etiam
428 2162 539 2192 supra,
555 2155 669 2191 quaest.
686 2158 719 2190 x,
737 2154 801 2183 art.
820 2150 853 2190 4,
877 2153 911 2183 et
926 2149 1028 2190 infra,
1044 2152 1110 2182 art.
1129 2148 1150 2182 (i
1164 2147 1206 2181 ad
1224 2148 1256 2189 4,
1272 2150 1308 2182 et
1323 2150 1439 2188 quaest.
1466 2153 1536 2186 mx,
1554 2149 1620 2179 art.
1635 2145 1658 2179 6
1670 2155 1765 2184 corp.
1787 2148 1823 2178 et
1839 2144 1933 2179 Sent.
1958 2152 1997 2178 11¹
2013 2170 2023 2184 ,

191 2200 269 2234 dist.
282 2199 335 2239 tt,
352 2205 463 2240 quaest.
480 2198 543 2232 iad
563 2200 595 2238 l,
613 2203 647 2232 et
662 2202 725 2231 art.
738 2198 770 2236 2,
788 2202 902 2238 quaest.
918 2205 943 2231 n
960 2209 1051 2238 corp.
1069 2201 1104 2230 et
1119 2200 1184 2230 art.
1200 2197 1234 2236 5.
1247 2200 1365 2236 quaest.
1380 2202 1407 2229 11
1421 2205 1516 2235 corp.
1526 2199 1560 2228 et
1575 2192 1624 2227 De
1641 2203 1714 2228 ver.
1728 2198 1844 2232 quaest.
1857 2200 1913 2233 xx.
1927 2197 1992 2227 art.
2003 2193 2024 2226 5

191 2258 283 2287 corp.
300 2251 332 2280 et
351 2252 417 2281 art.
435 2248 455 2280 4
469 2258 560 2288 corp.
578 2252 612 2281 et
625 2246 646 2279 6
661 2257 752 2286 corp.
769 2253 803 2280 et
825 2246 945 2286 Opusc.
961 2252 1015 2285 ιιι,
1034 2255 1106 2286 cap.
1123 2243 1201 2279 246.
1249 2267 1255 2273 -

205 2327 271 2371 Ad
302 2331 524 2383 quartum
563 2326 630 2371 sic
665 2327 945 2383 proceditur.
987 2329 1029 2370 1.
1061 2325 1256 2369 ·Videtur
1291 2323 1416 2381 quod
1450 2323 1716 2380 huJusmodi
1749 2323 1942 2368 scientia
1975 2324 2023 2368 in

152 2389 327 2433 Christo
344 2388 481 2433 suerit
498 2387 649 2432 minor
672 2388 811 2444 quam
834 2388 883 2432 in
916 2387 1113 2442 angelis.
1135 2386 1356 2430 Perfectio
1374 2385 1499 2430 enim
1530 2385 1902 2442 proportionetur
1919 2397 2026 2441 per—

152 2449 355 2494 fectibili.
378 2450 466 2494 Sed
483 2450 637 2494 anima
659 2449 865 2494 humana
880 2448 1138 2493 secundum
1156 2447 1365 2491 ordinem
1384 2452 1561 2491 naturae
1577 2452 1649 2492 est
1668 2446 1787 2491 infra
1813 2452 2025 2492 naturam

155 2511 425 2567 angelicam.
452 2513 564 2555 cum
589 2511 730 2568 igitur
759 2511 968 2566 scientia,
993 2510 1051 2555 de
1070 2522 1163 2566 qua
1182 2521 1308 2553 nunc
1332 2508 1583 2566 loquimur,
1615 2508 1677 2553 sit
1697 2508 1841 2552 indita
1859 2508 2029 2553 animae

152 2572 314 2617 Christi
334 2572 392 2616 ad
408 2572 735 2629 perfectionem
753 2572 917 2631 ipsius,
932 2572 1115 2617 videtur
1129 2570 1253 2628 quod
1267 2570 1533 2627 hujusmodi
1550 2569 1743 2615 scientia
1756 2570 1892 2615 fuerit
1909 2570 2028 2614 infra

157 2633 393 2679 scientiam
415 2636 508 2691 qua
525 2634 759 2691 perficitur
782 2639 946 2679 natura
964 2634 1187 2690 angelica.

210 2698 252 2739 2.
276 2697 512 2751 Praeterea,
529 2695 722 2740 scientIa
743 2696 908 2741 animae
926 2695 1089 2740 Christi
1113 2695 1200 2739 fuit
1217 2693 1371 2751 aliquo
1392 2694 1530 2739 modo
1548 2694 1760 2738 collativa
1781 2699 1827 2738 et
1849 2694 2028 2739 discur-

158 2757 257 2800 siva
272 2757 420 2813 gquod
439 2770 528 2801 non
544 2762 694 2814 potest
707 2758 794 2803 dici
811 2758 869 2803 de
884 2751 1076 2803 scientia
1096 2756 1320 2812 angelica.
1339 2758 1456 2812 Ergo
1475 2756 1668 2801 scientia
1686 2756 1853 2800 animae
1867 2756 2028 2801 Christi

161 2816 247 2861 fuit
263 2817 448 2861 inferior
465 2818 652 2863 scientia
669 2819 954 2875 angelorum.

216 2879 258 2948 3:
284 2879 520 2935 Praeterea,
549 2880 723 2935 quanto
757 2880 911 2936 aliqua
942 2880 1135 2925 scientia
1166 2883 1236 2923 est
1260 2878 1408 2934 magis
1438 2878 1780 2934 immaterialis,
1803 2878 1932 2923 tanto
1963 2886 2031 2924 est
2096 2892 2098 2894 ·

160 2943 324 3008 potior:
356 2939 453 3009 Sed‘
473 2939 663 3009 scientia
693 2942 960 2997 angelorum
994 2947 1066 2986 est
1102 2940 1444 2985 immaterialior
1475 2940 1615 2997 quam
1644 2940 1835 2985 scientia
1865 2940 2031 2986 animae

161 3000 354 3043 Christl:
378 3010 487 3054 qula
505 3012 657 3044 amma
688 3002 851 3047 Christi
880 3008 950 3048 est
972 3008 1104 3048 actus
1130 3001 1353 3058 corporis,
1372 3006 1419 3046 et
1448 3001 1585 3047 hahet
1605 3003 1954 3047 conversionem
1974 3004 2032 3047 ad

162 3061 508 3130 phantasmata3
546 3061 669 3117 quod
690 3062 747 3107 de
778 3064 954 3121 angelis
976 3064 1065 3108 dici
1098 3076 1191 3107 non
1224 3066 1389 3119 potest.
1420 3065 1538 3120 Ergo
1552 3063 1742 3108 scientia
1762 3064 2030 3120 angelorum

160 3125 234 3166 est
261 3126 409 3177 potior
431 3122 570 3178 quam
594 3122 786 3168 scientia
808 3125 974 3170 animae
999 3124 1178 3169 Christi.

218 3182 304 3227 Sed
321 3186 481 3226 contra
504 3188 576 3228 est
597 3185 721 3240 quod
738 3187 981 3242 Apostolus
1001 3186 1113 3231 dicit
1132 3185 1282 3240 (Hebr.
1303 3198 1351 3243 11,
1367 3188 1411 3241 9)
1429 3201 1440 3230 :
1458 3190 1575 3230 Eum
1588 3190 1741 3231 autem
1762 3189 1839 3242 qui
1860 3185 2033 3230 modico

204 3319 375 3374 (1).Ηίηο
413 3320 494 3354 dicit
520 3320 590 3361 ipse
630 3322 664 3354 S.
698 3320 822 3356 Doctor
857 3322 976 3357 :Talis
1008 3327 1058 3357 est
1142 3322 1389 3362 conclusiones,
1407 3323 1495 3356 sicut
1522 3333 1561 3356 ex
1586 3321 1690 3356 causis
1710 3321 1872 3356 eflectum
1902 3323 1935 3352 et
1960 3318 2038 3352 talis

165 3366 298 3422 collatio
319 3368 499 3402 secundam
519 3380 617 3409 quam
640 3368 743 3404 homo
768 3381 807 3404 ea
838 3381 910 3411 quae
940 3369 1057 3404 habitu
1143 3370 1295 3406 collativa
1318 3371 1458 3405 scientia
1476 3369 1543 3404 fuit
1560 3370 1597 3404 in
1612 3370 1744 3404 Christo
1759 3369 1863 3409 (Sent.
1883 3375 1936 3407 ιιι,
1957 3367 2034 3401 dist.

166 3418 268 3456 tenet,
284 3427 320 3449 ln
339 3419 449 3450 actum
470 3416 606 3459 ducens,
623 3429 661 3451 ex
676 3416 853 3459 principiis
872 3417 1059 3452 considerat
1143 3419 1194 3458 Μ,
1213 3423 1276 3453 art.
1291 3419 1323 3459 5,
1344 3422 1459 3460 quaest.
1476 3421 1540 3454 lu).
