2170 3808
694 225 889 276 QUAEST.
920 224 1030 279 xri,
1059 223 1177 266 ART.
1206 222 1278 267 iv.
1842 223 1918 263 1151

52 324 77 355 1>
88 315 212 355 atum
230 310 287 355 de
303 309 483 365 Virgine
505 312 552 352 et
567 306 712 352 fuisse
735 306 794 351 ab
816 310 1013 360 aetern03
1035 316 1127 348 non
1148 309 1298 348 tamen
1333 302 1548 347 dicebant
1570 301 1643 346 vel
1664 304 1806 346 Deum
1839 314 1925 344 na-

52 377 150 416 tim
180 371 237 416 de
260 371 456 426 Virgine,
480 368 554 414 vel
581 367 815 412 hominem
835 367 894 410 ab
923 371 1095 410 aeterno
1112 364 1274 409 fuisse.
1294 363 1507 409 Catholici
1539 363 1650 407 vero
1670 369 1925 419 posuerunt

51 432 314 488 lujUsmodi
345 443 449 487 quae
468 430 685 474 dicuntur
716 428 773 473 de
805 427 980 472 Christo
998 454 1012 482 ,
1035 426 1132 471 sive
1167 426 1425 470 secundum
1455 424 1659 470 divinam
1692 430 1920 480 naturam,

52 492 153 539 sive
176 492 431 539 secundum
459 491 728 547 humanam,
757 489 847 534 dici
870 500 1004 545 posse
1028 494 1120 532 tam
1140 486 1198 530 de
1216 489 1306 531 Deo
1328 486 1468 541 quam
1487 486 1544 530 de
1568 486 1767 530 homine.
1795 484 1922 531 Unde

55 554 250 610 (lyrillus
268 553 378 598 dicit
395 551 551 608 (Epist.
575 551 634 595 ad
667 553 842 596 Nestor.
878 550 935 595 de
966 552 1154 594 Excom.
1191 559 1295 591 can.
1329 550 1372 603 4,
1409 553 1454 591 ct
1485 547 1679 591 habetur
1713 548 1759 590 in
1787 559 1919 592 conc.

50 615 215 670 llphes.
235 626 392 670 gener.
423 615 492 667 111,
513 617 630 668 part.
651 615 694 668 1,
723 625 827 668 cap.
848 613 946 662 26):
971 628 990 648 κ
1008 609 1052 654 Si
1086 608 1192 667 quis
1223 607 1405 655 duabus
1438 608 1648 664 personis
1679 609 1776 652 sive
1806 608 1921 653 sub-

54 677 236 722 stantiis
250 708 263 732 ,
281 677 328 721 id
349 681 435 730 est,
465 674 821 732 hypostasibus»,
841 685 921 719 eas
949 685 1052 730 quae
1073 671 1121 716 in
1146 669 1426 725 evangelicis
1446 673 1494 715 et
1525 670 1788 726 apostolicis
1808 683 1921 715 con-

59 737 381 794 scriptionibus
407 741 540 791 sunt,
560 736 720 781 dividit
733 747 869 780 voces
882 768 895 789 ,
913 733 987 779 vel
1000 746 1052 778 ea
1064 744 1172 789 quae
1187 731 1244 777 de
1259 732 1433 776 Christo
1449 730 1476 775 a
1487 730 1660 775 sanctis
1686 730 1917 788 dicuntur,

53 798 126 844 vel
137 798 197 843 ab
207 799 307 855 ipso
314 798 488 843 Christo
497 798 555 843 de
566 798 830 853 semetipso,
842 801 888 841 ct
899 796 1076 851 aliquas
1089 794 1274 850 quidem
1286 806 1342 838 ex
1358 793 1430 838 his
1439 792 1613 837 homini
1622 793 1920 846 applicandas

47 859 309 915 crediderit,
320 859 495 915 aliquas
508 859 615 903 vero
631 859 715 902 soli
728 858 874 903 Verho
883 856 1186 914 deputaverit,
1202 855 1444 899 anathema
1456 854 1615 898 sit.»——
1625 855 1676 896 Et
1690 854 1767 909 huj
1774 866 1829 897 us
1846 867 1918 898 ra-

47 919 111 963 tio
133 925 220 975 est,
239 920 346 977 quia
368 921 476 964 cum
489 919 717 965 siteadem
742 918 1004 975 hypostasis
1024 918 1265 972 utriusque
1290 923 1481 972 naturae,
1506 914 1667 964 eadem
1693 915 1915 970 hyposta—

48 980 116 1026 sis
128 983 404 1038 supponitur
415 982 601 1026 nomine
614 981 856 1037 utriusque
868 985 1061 1025 naturae.
1070 979 1171 1023 Sive
1181 990 1293 1033 ergo
1305 978 1483 1022 dicatur
1504 977 1658 1031 homo,
1670 976 1767 1019 sive
1782 979 1914 1033 Deus,

47 1042 320 1099 supponitur
333 1042 595 1100 hypostasis
609 1042 778 1087 divinae
790 1046 838 1085 et
846 1043 1061 1086 humanae
1076 1041 1331 1084 naturae-Et
1345 1037 1446 1083 ideo
1454 1038 1512 1082 de
1527 1037 1713 1082 homine
1723 1044 1917 1093 possunt

46 1102 136 1147 dici
158 1115 222 1157 ea
241 1102 479 1160 quaesunt
496 1104 663 1149 divinae
683 1109 862 1147 naturae
880 1107 1101 1158 tanquam
1120 1101 1178 1145 de
1199 1099 1434 1157 hypostasi
1455 1099 1624 1143 divinae
1647 1105 1845 1153 naturae3
1871 1105 1916 1144 et

45 1163 103 1208 de
119 1166 210 1208 Deo
231 1171 428 1221 possunt
444 1165 533 1210 dici
553 1177 608 1209 ea
627 1177 731 1220 quae
749 1169 859 1208 sunt
876 1163 1091 1207 human-<e
1114 1167 1307 1217 naturae,
1333 1166 1555 1217 tanquam
1583 1160 1640 1205 de
1680 1161 1916 1217 hypostasi

46 1224 262 1270 humanae
288 1233 479 1271 naturae.
504 1250 560 1262 -
574 1226 819 1271 Sciendum
850 1230 1001 1269 tamen
1025 1223 1151 1280 quod
1168 1224 1215 1268 in
1238 1223 1548 1279 propositione
1566 1222 1612 1265 in
1633 1234 1724 1278 qua
1744 1222 1917 1278 aliquid

47 1285 104 1331 de
122 1287 276 1343 aliquo
294 1287 584 1344 praedicatur,
610 1300 703 1332 non
729 1286 794 1332 sol
803 1290 880 1331 iim
901 1286 1149 1330 attenditur
1166 1284 1279 1341 quid
1304 1285 1364 1329 sit
1385 1283 1499 1329 illud
1513 1283 1571 1328 de
1585 1295 1678 1339 quo
1694 1283 1917 1339 praedica-

45 1351 119 1391 tur
139 1348 445 1404 praedicatum
464 1351 542 1405 (1),
562 1349 641 1393 sed
663 1348 801 1394 etiam
821 1348 1078 1393 secundum
1092 1347 1203 1404 quid
1222 1346 1278 1390 de
1293 1346 1371 1390 illo
1390 1345 1680 1402 praedicetur.
1701 1345 1918 1396 Quamvis

45 1419 155 1464 ergo
179 1421 269 1453 non
288 1409 635 1466 distinguantur
657 1422 714 1455 ea
729 1421 834 1466 quae
851 1409 1160 1465 praedicantur
1182 1407 1238 1452 de
1256 1407 1457 1462 Christo,
1481 1405 1830 1461 distinguuntur
1851 1411 1918 1451 ta-

43 1480 147 1513 men
181 1471 436 1516 seeundum
467 1471 516 1517 id
544 1470 801 1516 secundum
836 1471 960 1527 quod
992 1475 1240 1526 utrumque
1269 1468 1574 1525 praedicatur:
1597 1480 1701 1513 nam
1729 1480 1783 1512 ea
1814 1480 1918 1524 quae

45 1536 155 1575 sunt
173 1532 339 1576 divinae
362 1538 538 1578 naturae
561 1533 867 1589 praedicantur
899 1533 955 1578 de
973 1533 1149 1576 Christo
1171 1531 1427 1576 secundum
1448 1529 1649 1576 divinam
1670 1535 1883 1574 naturam
1903 1545 1915 1575 ε

51 1604 106 1637 ea
123 1601 277 1638 autem
296 1607 400 1650 quae
421 1601 532 1639 sunt
551 1595 767 1639 humanae
786 1599 977 1649 naturae,
995 1594 1304 1650 praedicantur
1325 1593 1384 1637 de
1406 1605 1462 1637 eo
1482 1593 1740 1653 seeundum
1761 1593 1917 1639 huma-

46 1665 153 1698 nam
176 1660 402 1699 naturam.
422 1656 548 1701 Unde
566 1657 851 1713 Augustinus
867 1656 1067 1709 dieitffle
1083 1656 1202 1700 Trin.
1219 1654 1300 1700 lib.
1320 1669 1350 1707 l,
1368 1667 1470 1711 cap.
1495 1656 1595 1708 Η);
1623 1673 1642 1692 «
1661 1655 1918 1712 Distingua-

49 1725 154 1759 mus
182 1716 293 1773 quid
326 1717 371 1760 in
398 1718 640 1774 scripturis
670 1722 802 1763 sonet
822 1718 1078 1763 secundum
1111 1718 1304 1762 formam
1336 1717 1430 1772 Dei,
1450 1716 1498 1760 in
1521 1728 1613 1773 qua
1635 1717 1824 1772 aequalis
1847 1722 1917 1762 est

44 1775 181 1831 Patri,
204 1778 376 1834 etquid
396 1779 652 1824 secundum
670 1780 865 1824 formam
882 1780 1002 1824 servi
1019 1791 1158 1836 quam
1180 1778 1372 1836 accepit,
1395 1778 1442 1823 in
1463 1790 1555 1834 qua
1575 1778 1725 1822 minor
1743 1783 1815 1822 est
1834 1781 1917 1823 Pa·

45 1839 143 1896 tre3
166 1855 185 1875 n
211 1843 258 1881 et
275 1838 418 1894 infra,
437 1851 539 1896 cap.
555 1842 608 1885 13
629 1852 642 1884 :
668 1857 688 1877 κ
713 1840 828 1893 Quid
852 1846 1037 1896 propter
1063 1839 1174 1896 quid
1207 1846 1253 1884 et
1274 1839 1388 1895 quid
1408 1839 1664 1884 secundum
1701 1838 1813 1895 quid
1844 1838 1917 1885 di·

43 1901 190 1952 catur,
203 1899 424 1956 prudens,
441 1905 487 1945 et
507 1900 721 1957 diligens,
740 1906 784 1946 et
801 1902 907 1957 pius
926 1902 1066 1946 lector
1087 1901 1324 1957 intelliget.
1356 1919 1376 1942 »

97 1957 163 2002 Ad
179 1962 376 2013 primum
395 1973 506 2017 ergo
533 1961 805 2018 dicendum,
830 1962 952 2018 qudd
983 1963 1191 2018 opposita
1219 1961 1458 2019 praedicari
1480 1961 1538 2007 de
1559 1961 1721 2007 eodem
1750 1975 1916 2007 secun—

43 2018 154 2064 dum
175 2019 298 2065 idem
329 2026 400 2066 est
422 2022 733 2079 impossihile,
758 2023 840 2069 sed
863 2024 1119 2070 secundum
1151 2023 1331 2069 diversa
1366 2023 1480 2068 nihil
1501 2022 1740 2078 prohibet:
1765 2028 1811 2068 et
1830 2025 1916 2069 hoc

41 2081 178 2125 modo
195 2083 405 2138 opposita
423 2084 732 2139 praedicantur
751 2085 810 2129 de
827 2085 1005 2130 Christo
1019 2097 1111 2130 non
1136 2085 1393 2131 secundum
1405 2085 1547 2135 idem,
1564 2084 1647 2130 sed
1662 2085 1916 2132 secundum

40 2141 244 2188 diversas
265 2149 455 2189 naturas
471 2148 549 2200 (2).

95 2201 163 2272 Ad
182 2205 421 2248 secundum
442 2205 708 2261 dicendum,
731 2205 855 2262 quod
897 2206 936 2251 si
970 2219 1027 2251 ea
1055 2219 1159 2263 quae
1192 2206 1247 2252 ad
1285 2206 1516 2252 defectum
1543 2205 1802 2263 pertinent,
1824 2210 1915 2252 Deo

48 2263 405 2310 attribuerentur
435 2267 690 2314 secundum
729 2266 931 2312 divinam
963 2271 1194 2322 naturam,
1226 2272 1347 2313 esset
1379 2266 1664 2323 blasphemia
1686 2270 1762 2322 (3),
1780 2270 1913 2325 qnasi

43 2325 280 2394 pertinens
301 2326 360 2371 ad
380 2327 731 2373 diminutionem
754 2329 944 2374 honoris
974 2330 1141 2386 ipsius,
1166 2342 1258 2375 non
1280 2335 1433 2375 autem
1456 2329 1653 2385 pertinet
1670 2330 1729 2375 ad
1748 2331 1821 2375 Dei
1845 2332 1914 2375 in-

39 2386 225 2444 juriam,
245 2387 284 2433 si
307 2389 616 2434 attribuantur
638 2390 680 2435 ei
702 2391 958 2436 secundum
990 2398 1201 2436 naturam
1224 2397 1526 2447 assumptam.
1566 2392 1691 2437 Unde
1719 2392 1766 2436 in
1798 2406 1911 2450 quo·

41 2446 147 2492 dam
171 2459 382 2494 sermone
402 2451 613 2507 Ephesini
642 2452 826 2496 concilii
849 2452 942 2508 (qui
968 2460 1042 2497 est
1060 2456 1087 2498 2
1108 2452 1166 2497 de
1186 2453 1353 2507 Nativ.,
1383 2453 1604 2509 aliquant.
1625 2452 1652 2497 a
1670 2454 1834 2512 princ.,
1858 2467 1914 2499 eo

45 2515 379 2567 cone.part.1n‚
397 2523 498 2569 cap.
519 2515 589 2566 10)
610 2512 776 2558 dicitur
797 2529 808 2554 ι
838 2531 858 2552 κ
878 2513 993 2559 Nihil
1017 2519 1146 2570 putat
1168 2518 1286 2560 Deus
1309 2514 1524 2570 injuriam
1542 2514 1671 2571 quod
1693 2522 1765 2559 est
1781 2528 1913 2560 occa-

41 2568 111 2639 sio
145 2569 308 2639 salutis
340 2572 619 2618 hominibus.
644 2574 763 2619 Nihil
795 2575 919 2620 enim
944 2575 1257 2632 abjectorum,
1287 2588 1390 2632 quae
1427 2576 1565 2632 elegit
1591 2582 1778 2633 propter
1809 2590 1910 2634 nos,

41 2641 258 2701 injuriam
289 2632 395 2676 facit
426 2633 486 2678 illi
518 2640 697 2680 naturae
724 2648 829 2692 quae
856 2649 953 2699 non
981 2643 1255 2694 potestesse
1275 2637 1483 2693 sthecta
1503 2637 1709 2693 injuriis,
1730 2639 1914 2695 propria

41 2701 153 2761 vero
176 2691 282 2761 facit
300 2693 532 2750 iuferiora,
554 2703 607 2741 ut
626 2697 775 2742 salvet
795 2703 1004 2742 naturam
1030 2704 1248 2744 nostram.
1275 2699 1466 2750 Quando
1484 2710 1595 2754 ergo
1614 2711 1717 2755 quae
1735 2699 1913 2755 abjecta

44 2754 90 2795 et
111 2753 219 2797 vilia
246 2760 384 2808 sunt,
404 2756 608 2803 divinam
645 2764 860 2805 naturam
893 2772 985 2804 non
1014 2760 1308 2817 injuriantur,
1331 2760 1414 2807 sed
1430 2760 1627 2805 salutem
1648 2761 1912 2806 hominibus

45 2820 323 2882 operantur,
346 2818 576 2873 quomodo
591 2820 708 2865 dicis
724 2833 777 2865 ea
793 2833 896 2878 quae
913 2834 1055 2868 causa
1068 2827 1238 2868 nostrae
1258 2821 1419 2866 salutis
1439 2826 1564 2877 sunt,
1582 2821 1761 2878 injuriae
1781 2834 1911 2866 occa-

43 2885 219 2919 smnem
237 2877 324 2919 Deo
342 2877 514 2924 fuisse?
538 2899 558 2919 »

68 2993 79 3004 ·
97 2933 163 2978 Ad
186 2938 377 3006 tertium·
387 2937 631 3008 dicendum
645 2974 658 2996 ,
682 2942 806 2998 quod
825 2944 1000 2989 assumi
1028 2945 1246 2990 convenit
1274 2944 1490 2990 humanae
1510 2948 1703 2997 naturae,
1725 2957 1818 2989 non
1839 2958 1909 2990 ra-

48 2999 174 3067 tione
192 3004 434 3054 suppositi,
459 3001 542 3046 sed
563 3002 739 3048 ratione
761 3004 1011 3062 suiipsius,
1034 3011 1079 3050 et
1097 3006 1199 3052 ideo
1223 3018 1315 3051 non
1332 3006 1549 3052 convenit
1563 3009 1668 3052 Deo.

83 3118 128 3159 (Ι)
151 3118 202 3153 Ita
227 3119 303 3175 Mss.
334 3124 367 3154 et
386 3120 467 3156 edit.
494 3123 626 3164 passim.
655 3124 695 3159 ln
719 3124 792 3162 cod.
814 3126 927 3163 Alcan-
1014 3132 1087 3168 test,
1113 3140 1180 3164 non
1205 3141 1404 3173 corporeus3
1423 3130 1501 3171 quia
1525 3142 1592 3165 non
1615 3142 1813 3172 corporeum
1837 3130 1911 3171 plus

45 3164 138 3224 deest
151 3167 403 3208 praedtcalum.
442 3217 449 3222 .
1014 3176 1194 3217 importat,
1209 3176 1334 3210 scilicet
1357 3177 1447 3220 quod
1469 3178 1562 3212 nullo
1588 3178 1688 3213 modo
1714 3178 1758 3213 sit
1792 3190 1908 3219 corpo-

83 3212 125 3251 ,2)
145 3215 300 3268 Attamen
319 3226 470 3254 quamvis
483 3217 634 3252 Christus
652 3218 785 3253 dicatur
808 3232 930 3260 σοι-ρο·
1015 3235 1122 3257 reum.

44 3270 120 3294 rous
138 3266 172 3294 et
187 3273 412 3305 mcor-porum,
430 3264 465 3298 in
480 3265 594 3305 synod.
612 3274 659 3308 vl,
674 3273 735 3301 act.
750 3267 818 3302 221
832 3269 931 3312 alibl;
1055 3271 1098 3310 (5)
1125 3271 1174 3305 Ex
1201 3283 1268 3306 non
1298 3272 1538 3314 metaphorica,
1568 3272 1627 3307 sed
1655 3271 1790 3314 propria
1817 3271 1909 3305 locu·

45 3317 113 3342 non
141 3310 291 3352 perinde,
316 3314 351 3344 ut
365 3312 602 3348 animadvertit
627 3314 765 3355 Sylvius,
787 3316 852 3350 dici
876 3330 933 3358 po·
1016 3316 1120 3358 tione,
1136 3319 1220 3353 sicut
1238 3319 1357 3360 pagani
1378 3320 1585 3355 tribuebant.
