2170 3808
160 275 242 318 628
795 267 995 322 QUAEST.
1027 268 1168 323 LXXI,
1198 268 1319 310 ART.
1349 268 1417 312 IV.

162 355 436 411 cooperatur
449 348 691 408 principali
707 347 865 406 agenti
879 347 928 392 in
941 346 1195 405 operandO.
1214 347 1392 400 Quanto
1414 351 1570 394 autem
1584 353 1736 406 potior
1747 354 1818 394 est
1832 349 2057 407 operatio,

162 416 290 460 tanto
300 412 554 473 principale
575 422 720 467 agens
741 409 1000 468 potioribus
1014 409 1191 466 indiget
1205 408 1529 456 instrumentis
1545 422 1631 456 seu
1647 411 1888 456 ministris.
1902 411 2055 457 Potior

162 482 318 523 autem
328 481 400 522 est
408 473 612 532 operatio
619 473 889 529 sacerdotis,
902 473 1183 530 inquantum
1194 471 1374 516 confert
1384 471 1397 515 i
1402 484 1538 528 psum
1547 479 1911 531 sacramentum,
1922 472 2062 531 quam

161 537 211 583 in
233 535 572 596 praeparatoriis
596 534 657 580 ad
678 538 1043 579 sacramentum.
1064 536 1118 578 Et
1146 533 1250 579 ideo
1267 533 1474 590 supremi
1493 533 1711 591 ministri,
1743 535 1824 592 qui
1844 536 2064 581 dicuntur

162 597 363 656 diaconi,
396 600 710 655 cooperantur
734 595 962 641 sacerdoti
997 596 1045 640 in
1073 595 1175 652 ipsa
1211 594 1456 639 collatione
1498 601 1911 642 sacramentorum.
1946 596 2063 642 Dicit

163 659 287 706 enim
306 660 510 706 isidorus
528 659 633 715 (loc.
662 657 741 703 cit.
762 657 811 702 in
834 670 934 715 arg.
953 660 1013 716 2),
1043 657 1170 715 quod
1191 674 1213 695 α
1238 656 1298 702 ad
1331 656 1580 702 diaconum
1610 659 1808 716 pertinet
1840 658 2059 705 assistere

162 722 498 776 sacerdotibus,
514 725 560 766 et
574 719 841 765 ministrare
855 719 902 764 in
915 719 1136 764 omnibus
1150 731 1256 776 quae
1274 723 1480 775 aguntur
1489 719 1539 764 in
1558 720 1862 766 sacramentis
1877 720 2058 776 Christi,

161 783 210 829 in
233 784 460 843 baptismo
491 784 682 839 scilicet,
698 783 747 827 in
772 782 1039 839 chrismate,
1063 783 1235 838 patena
1258 786 1305 827 et
1326 782 1485 827 calice.
1517 782 1760 829 Inferiores
1785 788 1943 828 autem
1969 782 2060 828 mi-

162 844 298 891 nistri
314 850 626 904 cooperantur
652 843 975 889 sacerdotibus
1002 844 1051 888 in
1084 843 1158 888 his
1186 855 1292 901 quae
1317 848 1430 888 sunt
1461 845 1788 901 praeparatoria
1814 845 1874 891 ad
1902 857 2062 891 sacra-

162 912 391 964 mentum,
414 926 436 947 2·
458 907 580 952 sicut
597 905 797 951 lectores
812 904 860 948 in
879 904 1179 961 catechismo,
1198 908 1244 949 et
1267 905 1511 950 exorcistae
1529 904 1579 950 in
1601 906 1878 952 exorcismo.

216 969 284 1015 Ad
311 972 513 1027 primum
547 980 662 1026 ergo
702 967 971 1023 dicendum,
1007 966 1133 1024 quod
1170 978 1315 1023 super
1347 967 1614 1014 immundos
1646 968 1848 1014 ministri
1887 968 2062 1014 habent

161 1032 477 1089 operationem
494 1029 863 1085 ministerialem,
883 1034 931 1075 et
948 1029 1083 1087 quasi
1103 1029 1525 1090 instrumentalem,
1543 1029 1627 1075 sed
1652 1031 1869 1076 sacerdos
1887 1030 2060 1088 princi-

162 1093 333 1151 palem.

215 1156 282 1201 Ad
309 1155 553 1200 secundum
582 1154 854 1209 dicendum,
889 1153 1016 1211 quod
1050 1154 1251 1199 lectores
1279 1158 1327 1199 et
1369 1153 1612 1200 exorcistae
1646 1153 1820 1200 habent
1855 1155 2059 1200 officium

160 1217 474 1263 catechizandi
504 1221 552 1262 et
579 1215 891 1272 exorcizandi,
922 1228 1017 1260 non
1051 1215 1242 1273 quidem
1274 1214 1609 1274 principaliter,
1640 1215 1726 1261 sed
1761 1217 1884 1262 sicut
1908 1216 1956 1261 in
1986 1216 2058 1263 his

161 1280 389 1325 sacerdoti
404 1279 743 1324 ministrantes⁸

215 1343 282 1388 Ad
296 1346 482 1387 tertium
502 1342 771 1397 dicendum,
789 1340 916 1398 quod
932 1340 1176 1397 multiplex
1199 1343 1273 1385 est
1294 1340 1541 1386 instructio
1562 1354 1687 1386 :una
1709 1342 1982 1387 conversiva
1999 1341 2056 1389 ad
2136 1401 2138 1403 ‚

160 1405 314 1461 fidem,
338 1417 480 1462 quam
499 1404 747 1462 Dionysius
759 1403 922 1449 tribuit
933 1402 1152 1459 episcopo
1174 1403 1363 1458 (Eccles.
1387 1402 1635 1461 hierarch.,
1655 1405 1821 1461 parum
1838 1404 2057 1464 aprina),

159 1471 207 1512 et
226 1471 379 1524 potest
397 1471 661 1524 competere
680 1466 873 1511 cuilibet
890 1465 1201 1522 praedicatori,
1223 1465 1299 1510 vel
1317 1464 1456 1510 etiam
1478 1465 1668 1511 cuilibet
1690 1466 1832 1512 fideli.
1847 1468 2055 1513 Secunda

160 1533 233 1574 est
259 1529 521 1585 instructio,
544 1529 639 1587 qua
661 1528 769 1586 quis
790 1527 1003 1573 eruditur
1020 1527 1078 1572 de
1100 1524 1207 1572 fidei
1227 1526 1520 1583 rudimentis,
1542 1533 1589 1573 et
1607 1529 1805 1586 qualiter
1819 1543 1871 1575 se
1893 1530 2057 1577 debeat

159 1590 333 1636 hahere
351 1590 400 1634 in
421 1590 722 1647 susceptione
739 1593 1158 1645 sacramentorum,
1180 1593 1226 1634 et
1248 1589 1348 1633 haec
1361 1589 1560 1645 pertinet
1575 1590 1853 1636 secundario
1868 1592 2058 1648 quidem

160 1651 220 1696 ad
239 1651 495 1708 ministros,
519 1651 839 1708 principaliter
860 1654 1017 1696 autem
1039 1650 1099 1695 ad
1130 1650 1411 1696 sacerdotes.
1434 1650 1582 1696 Tertia
1614 1655 1687 1698 est
1722 1651 1968 1699 Instructio
1998 1654 2058 1700 de

159 1714 514 1758 conversatione
530 1713 793 1759 christianae
808 1711 932 1769 vitae,
952 1716 1001 1758 et
1027 1712 1129 1758 haec
1142 1713 1342 1770 pertinet
1359 1712 1419 1758 ad
1437 1713 1661 1770 patrinos.
1679 1716 1848 1768 Quarta
1866 1720 1939 1760 est
1954 1715 2057 1762 ins-

162 1775 328 1818 tructio
348 1775 407 1819 de
426 1774 669 1831 profundis
693 1773 929 1829 mysteriis
947 1774 1071 1830 fidei,
1097 1779 1143 1820 et
1160 1774 1444 1832 perfectione
1465 1775 1731 1821 christianae
1748 1775 1872 1822 vitae.
1887 1782 1936 1822 et
1956 1778 2057 1824 haee

160 1848 218 1882 ex
235 1836 389 1881 officio
409 1836 610 1893 pertinet
628 1842 689 1887 ab
708 1841 964 1899 episcopos.

869 2513 1001 2557 FiNlS
1028 2515 1150 2558 TOMl
1179 2517 1341 2561 SEx'rl.
