2170 3808
228 243 312 285 534
996 237 1198 289 QUAEST.
1225 236 1360 279 LXIV.

187 345 196 356 ·
231 321 450 375 Quaedam
471 325 627 363 autem
648 322 939 363 sacramenta
969 317 1211 371 iterantur,
1233 317 1353 362 sicut
1372 321 1498 374 patet
1523 317 1581 363 de
1604 317 1877 375 poenitentia
1895 321 1942 362 et
1969 321 2123 364 matri-
2146 307 2147 310 Ἴ

189 367 213 428 {fi
227 382 400 427 moni0.
422 383 540 436 Ergo
563 392 659 424 non
678 380 836 424 omnia
854 383 1145 424 sacramenta
1163 378 1435 435 imprimunt
1454 379 1787 425 characterem.

191 436 214 490 :3
273 441 565 483 CONGLUSIO.
596 462 648 470 -—
674 441 781 481 Cdm
819 452 887 492 per
927 440 1181 491 baptismum
1217 440 1384 480 tantum
1419 441 1786 481 confirmationem
1823 442 1863 481 et
1900 439 2095 481 Ordinem
2110 469 2124 492 ‚

191 493 212 540 ᾖ
226 497 438 537 ordinetur
454 495 579 537 homo
593 495 646 536 ad
663 496 944 549 recipiendum
968 498 1031 536 vel
1051 494 1299 536 tradendum
1317 507 1364 536 ea
1388 507 1479 548 quae
1496 500 1596 537 sunt
1608 496 1743 537 divini
1764 494 1926 544 cultus,
1942 495 2022 535 tria
2035 498 2124 537 tan-

189 584 197 611 9
228 552 317 591 tum
337 555 438 592 sunt
460 563 578 592 novae
592 551 694 602 legis
707 556 975 599 sacramenta,
991 563 1083 604 quae
1101 551 1376 591 characterem
1390 551 1652 603 imprimunt.

282 608 557 665 Respondeo
580 608 833 654 dicendum
860 608 1003 666 quod,
1038 608 1160 653 sicut
1182 620 1326 665 supra
1349 607 1526 653 dictum
1549 613 1620 654 est
1655 611 1834 664 (quaest.
1857 619 1958 663 mxu,
1989 611 2078 651 art.
2096 611 2119 653 1
2164 653 2170 655 .

226 677 272 715 et
294 672 354 727 5),
393 676 689 716 sacramenta
713 683 853 716 novae
886 670 1005 727 legis
1035 670 1094 715 ad
1128 670 1222 715 duo
1255 669 1550 728 ordinantur,
1587 671 1765 716 scilicet
1795 669 1844 713 in
1868 667 2146 723 remedium*

225 733 403 789 peccati
421 733 544 778 etad
559 733 739 778 cultum
763 732 990 778 divinum.
1012 734 1092 777 Est
1111 737 1269 777 autem
1296 732 1516 778 omnibus
1541 730 1847 778 sacramentis
1876 736 2162 791 commune}

225 797 351 854 qued
369 809 453 854 per
471 809 527 842 ea
547 796 794 842 exhibetur
813 797 1001 853 aliquod
1025 795 1281 842 remedium
1303 801 1466 841 contra
1494 802 1754 854 peccatum,
1775 807 1859 853 per
1885 796 1974 840 hoc
2000 791 2170 853 quod&

225 859 422 915 gratiam
446 859 712 904 conferunt.
747 862 846 904 Non
881 865 1037 904 autem
1074 858 1232 904 omnia
1255 863 1548 905 sacramenta
1568 859 1845 905 ordinantur
1869 856 2044 902 directe
2066 855 2139 904 ad<
2167 881 2170 884 ⁴

225 919 438 966 divinum
459 919 656 977 cultum,
682 920 806 966 sicut
838 925 966 977 patet
990 921 1048 966 de
1072 920 1350 977 poenitentia
1365 954 1378 977 ,
1400 932 1483 977 per
1510 932 1652 980 quam
1677 920 1818 965 homo
1842 917 2066 963 liberatur
2098 919 2137 978 ὰ

224 987 445 1040 peccat03
471 995 567 1027 non
591 988 750 1028 autem
769 995 854 1040 per
889 984 978 1028 hoc
1011 987 1360 1028 sacramentum
1400 983 1644 1029 exhibetur
1674 981 1851 1027 homini
1871 979 2046 1037 aliquid
2068 979 2140 1026 de‘

225 1056 348 1090 novo
365 1044 605 1102 pertinens
637 1045 697 1090 ad
727 1044 939 1090 divinum
973 1044 1179 1103 cultum,
1200 1044 1285 1090 sed
1312 1043 1576 1090 restituitur
1594 1044 1642 1088 in
1665 1048 1838 1089 statum
1860 1041 2142 1099 pristinum.‘

224 1108 428 1153 Pertinet
445 1112 603 1153 autem
628 1107 818 1165 aliquod
845 1112 1193 1153 sacramentum
1212 1107 1272 1152 ad
1292 1107 1504 1152 divinum
1535 1107 1715 1152 cultum
1735 1104 2005 1162 tripliciter:
2029 1104 2136 1150 uno‘·

224 1170 364 1215 modo
384 1182 470 1228 per
495 1169 687 1215 modum
707 1170 857 1228 ipsius
886 1170 1112 1228 actionis3
1144 1170 1234 1215 alio
1267 1170 1406 1215 modo
1430 1182 1514 1227 per
1540 1169 1732 1214 modum
1753 1167 1966 1224 agentis3
1990 1165 2126 1213 tertio

223 1233 364 1278 modo
385 1245 471 1291 per
491 1234 683 1279 modum
703 1233 987 1291 recipientis.
1010 1236 1094 1278 Per
1109 1233 1303 1278 modum
1328 1233 1520 1291 quidem
1538 1232 1688 1289 ipsius
1711 1230 1909 1277 actionis
1925 1229 2142 1288 pertinet.

224 1295 279 1339 ad
300 1295 513 1340 divinum
525 1296 704 1341 cultum
716 1295 1017 1352 Eucharistia,
1040 1295 1087 1339 in
1112 1308 1206 1352 qua
1227 1295 1544 1352 principaliter
1564 1294 1751 1340 divinus
1769 1292 1926 1338 cultus
1946 1295 2144 1349 consis-,

222 1357 292 1412 tit,
329 1359 611 1416 inquantum
642 1364 714 1403 est
734 1358 953 1403 Ecclesiae
977 1358 1286 1415 sacrificium3
1316 1363 1362 1403 et
1392 1371 1474 1414 per
1498 1359 1586 1402 hoc
1619 1357 1743 1402 idem
1779 1360 2126 1401 sacramentum

222 1431 317 1463 non
334 1420 616 1477 imprimitur
629 1420 806 1465 homini
826 1422 1080 1477 character,
1106 1421 1216 1478 quia
1237 1433 1322 1477 per
1350 1421 1439 1465 hoc
1460 1424 1803 1465 sacramentum
1820 1430 1915 1463 non
1933 1414 2124 1462 ordma-

222 1486 299 1526 tur
327 1482 466 1527 homo
490 1482 550 1527 ad
571 1482 746 1540 aliquid
775 1482 902 1527 aliud
935 1483 1130 1527 ulterius
1158 1483 1395 1538 agendum
1424 1483 1499 1527 vel
1527 1481 1848 1538 recipiendum
1878 1480 1928 1525 in
1974 1491 2125 1524 sacra-
2142 1507 2152 1539 ,ψ

220 1543 395 1589 mentis
407 1576 421 1599 ,
446 1544 555 1588 cum
588 1543 745 1599 potius
764 1543 826 1588 sit
856 1561 876 1582 «
891 1543 998 1588 finis
1020 1547 1065 1588 et
1083 1543 1426 1588 consummatio
1440 1543 1650 1587 omnium
1665 1545 2081 1597 sacramentorum,
2099 1559 2121 1581 n

220 1609 273 1649 ut
300 1605 551 1664 Dionysius
574 1605 685 1650 dicit
702 1605 841 1661 (Eccl.
863 1605 1092 1650 hierarch.
1117 1617 1220 1662 cap.
1247 1607 1291 1661 3,
1315 1605 1364 1650 in
1386 1605 1578 1661 princ.);
1604 1603 1812 1649 continet
1831 1607 1984 1647 tamen
2002 1602 2052 1647 in
2071 1613 2126 1648 se
2144 1606 2161 1663 j:

220 1667 322 1723 ipso
341 1667 588 1723 Christum,
606 1666 653 1711 in
676 1679 771 1724 quo
785 1678 880 1711 non
912 1671 985 1711 est
1000 1667 1256 1723 character,
1278 1666 1362 1711 sed
1375 1670 1471 1711 tota
1494 1665 1737 1711 sacerdotii
1760 1663 2016 1722 plenitudo.
2036 1665 2126 1711 Sed
2142 1663 2169 1726 ,ἦς’

221 1728 280 1774 ad
302 1740 450 1785 agens
469 1729 515 1773 in
539 1729 844 1774 sacramentis
868 1729 1071 1786 pertinet
1095 1734 1443 1774 sacramentum
1463 1729 1656 1783 ordinis,
1682 1728 1792 1785 quia
1808 1738 1895 1790 per
1926 1726 2016 1772 hoc
2045 1739 2124 1773 sa-
2148 1722 2165 1785 J„

219 1795 507 1837 crementum
533 1792 816 1849 deputantur
835 1791 1051 1836 homines
1074 1791 1134 1836 ad
1152 1796 1448 1837 sacramenta
1466 1791 1569 1836 aliis
1591 1790 1833 1836 tradenda.
1855 1789 1943 1835 Sed
1968 1788 2028 1834 ad
2050 1802 2123 1836 re-
2154 1799 2155 1802 ’

220 1852 445 1910 cipientes
467 1854 668 1911 pertinet
703 1858 1053 1899 sacramentum
1087 1853 1324 1910 baptismi,
1349 1854 1460 1911 quia
1487 1865 1571 1910 per
1598 1853 1753 1910 ipsum
1783 1852 1924 1897 homo
1956 1848 2153 1910 accipit?

218 1919 495 1972 potestatem
525 1915 779 1972 recipiendi
814 1915 905 1960 alia
935 1915 1151 1960 Ecclesiae
1172 1920 1491 1972 sacramenta3
1527 1916 1653 1960 unde
1674 1914 1935 1972 baptismus
1956 1913 2125 1960 dicitur

219 1988 323 2022 esse
331 1978 479 2034 janua
502 1978 712 2023 omnium
732 1983 1152 2023 sacramentorum.
1173 1978 1238 2023 Ad
1260 1978 1384 2024 idem
1402 1979 1541 2023 etiam
1559 1977 1802 2023 ordinatur
1817 1976 2122 2034 quodammo-
2137 2009 2155 2031 „

219 2039 280 2084 do
293 2040 600 2097 confirmatiO,
620 2045 674 2085 ut
694 2041 815 2086 infra
836 2054 925 2087 suo
946 2041 1049 2086 loco
1069 2041 1250 2086 dicetur
1270 2042 1452 2098 (quaest.
1479 2054 1607 2097 Lxxn,
1630 2044 1717 2085 art.
1743 2043 1803 2094 7).
1834 2041 1887 2085 Et
1914 2039 2018 2086 ideo
2040 2052 2124 2097 per
2150 2046 2161 2064 '¹

218 2101 319 2147 haec
339 2102 428 2147 tria
465 2108 759 2148 sacramenta
788 2104 1031 2149 character
1060 2103 1344 2160 imprimitur
1371 2103 1549 2149 scilicet
1569 2114 1654 2160 per
1673 2102 1978 2160 baptismum,
2005 2114 2123 2147 con-

218 2164 529 2210 firmationem
547 2169 595 2211 et
610 2166 822 2211 ordinem
839 2168 917 2221 (1).
1522 2165 1530 2174 “
2144 2163 2149 2187 ⁵

273 2228 339 2272 Ad
371 2230 572 2284 primum
593 2239 706 2284 ergo
728 2227 994 2285 dicendum,
1017 2227 1144 2285 quod
1164 2241 1248 2286 per
1264 2229 1423 2274 omnia
1437 2230 1732 2274 sacramenta
1750 2227 1803 2271 fit
1817 2226 1958 2271 homo
1976 2225 2122 2283 parti-
2141 2247 2145 2268 z

219 2299 331 2346 ceps
370 2289 610 2334 sacerdotii
647 2290 841 2346 Christi3
879 2294 1041 2347 utpote
1073 2291 1334 2348 percipiens
1368 2290 1572 2347 aliquem
1605 2289 1823 2335 effectum
1858 2287 1992 2346 ejus3
2024 2298 2139 2332 non

221 2355 375 2397 tamen
412 2363 498 2409 per
532 2351 690 2396 omnia
724 2358 1022 2397 sacramenta
1061 2353 1229 2410 aliquis
1268 2353 1522 2410 deputatur
1556 2351 1617 2397 ad
1648 2350 1886 2408 agendum
1925 2348 2136 2408 aliquid„

219 2412 293 2458 vel
310 2412 630 2471 recipiendum
650 2414 775 2471 quod
797 2415 1028 2470 pertineat
1043 2416 1102 2461 ad
1123 2415 1301 2460 cultum
1318 2414 1563 2460 sacerdotii
1582 2413 1772 2469 Christi;
1789 2412 1917 2470 quod
1930 2412 2120 2470 quidem
2138 2409 2149 2423 ”

219 2475 422 2533 exigitur
443 2476 501 2521 ad
524 2477 613 2520 hoc
634 2475 761 2532 quod
782 2482 1129 2521 sacramentum
1152 2477 1470 2522 characterem
1493 2476 1743 2533 imprimat.
2132 2475 2163 2534 ξ,

274 2537 339 2584 Ad
356 2539 603 2583 secundum
616 2538 885 2594 dicendum,
901 2539 1028 2597 quod
1043 2552 1127 2596 per
1142 2540 1300 2584 omnia
1316 2543 1608 2584 sacramenta
1627 2537 1944 2583 sanctificatur
1960 2538 2116 2596 homo,
2137 2567 2139 2571 ι

218 2600 479 2647 secundnm
518 2600 642 2658 quod
678 2602 902 2646 sanctitas
939 2602 1158 2659 importat
1191 2602 1471 2648 munditiam
1505 2601 1534 2646 a
1574 2605 1783 2660 peccat0,
1805 2613 1911 2658 quae
1940 2600 1993 2646 fit
2035 2613 2120 2658 per
2137 2602 2145 2652 ’ἡ

219 2663 415 2721 gratiam
434 2677 447 2719 ς
467 2663 550 2708 sed
573 2664 836 2720 specialiter
857 2677 939 2721 per
968 2664 1182 2722 quaedam
1213 2668 1535 2719 sacramenta,
1556 2675 1662 2720 quae
1694 2664 2010 2708 characterem
2031 2660 2138 2708 im-''

217 2725 442 2783 primunt,
466 2725 605 2770 homo
627 2726 944 2771 sanctificatur
967 2727 1171 2784 quadam
1200 2727 1566 2780 consecratione,
1594 2730 1756 2783 utpote
1778 2726 2028 2783 deputatus
2057 2724 2117 2774 ad

218 2787 430 2834 divinum
449 2787 646 2844 cultum,
663 2788 785 2833 sicut
805 2789 945 2833 etiam
968 2802 1044 2834 res
1067 2788 1336 2835 inanimatae
1356 2788 1636 2835 sanctificari
1659 2788 1896 2843 dicuntur,
1917 2787 2116 2845 inqua-n·
2143 2793 2170 2848 1¹2³

217 2852 318 2895 tum
345 2848 505 2896 divino
525 2849 671 2895 cultui
688 2850 989 2908 deputantur.
2131 2871 2159 2906 a,

271 2911 337 2957 Ad
357 2913 541 2955 tertium
562 2911 830 2969 dicendum,
849 2912 975 2969 quod
1002 2912 1111 2957 licet
1135 2912 1373 2958 character
1394 2913 1454 2958 sit
1467 2924 1543 2958 res
1565 2915 1613 2957 et
1634 2915 1997 2969 sacramentum,
2020 2921 2153 2967 nou?

217 2979 372 3019 tamen
411 2977 594 3030 oportet
628 2986 769 3020 omne
803 2974 850 3020 id
889 2975 1015 3032 quod
1048 2979 1120 3020 est
1147 2987 1222 3020 res
1265 2980 1312 3020 et
1353 2978 1699 3020 sacramentum
1733 2985 1839 3019 esse
1882 2974 2113 3020 characte-
2127 2976 2156 3005 Τ·

218 3048 334 3081 rem.
368 3035 486 3088 Quid
506 3041 663 3082 autem
686 3036 747 3081 sit
769 3049 846 3083 res
878 3042 927 3082 et
962 3039 1336 3095 sacramentum,
1373 3038 1423 3082 in
1446 3038 1550 3083 aliis
1570 3036 1875 3083 sacramentis
1893 3035 2014 3082 infra
2036 3033 2109 3082 di·
2136 3035 2138 3039 ’

216 3102 350 3143 cetur
367 3101 443 3154 (2).

419 3283 480 3318 DE
513 3283 659 3321 CAUSA
693 3285 1128 3334 SACRAMENTORUM,
1164 3285 1212 3320 IN
1247 3285 1402 3321 DECEM
1435 3284 1700 3321 ARTICULOS
1734 3284 1902 3320 mvlsA.

264 3357 418 3399 Deinde
437 3359 784 3400 considerandum
807 3365 867 3401 est
886 3361 935 3401 de
964 3372 1085 3402 causa
1114 3365 1464 3402 sacramentorum
1483 3362 1567 3401 sive
1598 3372 1668 3412 per
1694 3360 2002 3410 auctoritatem,
2024 3358 2114 3400 sive

258 3448 300 3490 (⁴)
328 3448 423 3492 Quod
445 3450 546 3483 etiam
578 3449 712 3484 definiit
733 3450 914 3486 concilium
943 3450 1118 3485 Tridenti-
1245 3450 1289 3491 (2)
1312 3450 1436 3486 Confer
1459 3450 1550 3491 quod
1577 3450 1710 3487 dicetur
1738 3453 1853 3493 quast.
1886 3457 1980 3491 val,
1996 3451 2061 3483 art.
2086 3445 2106 3481 Ι

217 3508 298 3532 num
316 3497 404 3539 (sess,
422 3505 485 3539 vn,
510 3508 583 3532 can.
599 3498 633 3539 9,
651 3502 687 3531 ut
709 3501 743 3532 ct
761 3509 839 3533 sess.
859 3507 961 3541 xxm,
985 3511 1058 3542 cap.
1073 3500 1117 3540 4).
1203 3498 1375 3533 occasione
1395 3498 1617 3541 baptismatis.
