2170 3808
839 217 1037 269 QUAEST.
1069 218 1175 261 xm.
1873 221 1915 261 Η
1925 220 1951 262 9

68 313 83 342 (
98 298 236 355 peris,
262 303 308 343 et
330 309 412 355 pro
431 297 564 342 nobis
582 301 836 354 assumptae
855 298 1008 342 carnis
1029 298 1271 342 seientiam
1295 298 1499 354 discunt,
1522 302 1568 342 et
1596 310 1679 343 eos
1698 297 1798 354 ipse
1818 299 1950 343 lesus

69 361 171 405 eine
190 361 343 405 medio
373 362 430 414 (1)
453 360 602 404 docet.
639 377 660 397 »ο
691 361 789 403 Non
819 365 892 404 est
923 364 1080 404 autem
1109 360 1322 416 ejusdem
1355 360 1521 405 docere
1553 364 1599 404 et
1622 359 1794 404 doceri.
1831 361 1950 415 Ergo

70 422 275 466 Christus
299 434 390 465 non
415 421 592 477 accepit
614 420 856 467 scientiam
879 421 938 464 ab
961 420 1154 476 angelis.

116 489 401 530 CONCLUSIO.
417 509 464 518 -
486 487 635 528 Anima
653 487 807 529 Christi
825 489 995 540 perfecta
1014 487 1094 527 tuit
1111 487 1417 539 experimentali
1440 487 1622 536 scientia,
1645 489 1797 539 absque
1809 487 1950 538 aliquo

69 544 304 592 angelorum
321 542 564 592 ministerio,
578 553 650 582 seu
674 543 907 592 lumine;et
929 543 1099 583 scientia
1116 542 1283 590 divina,
1304 541 1391 581 solo
1412 542 1571 581 lumine
1592 542 1850 590 diffinitum,
1868 552 1949 592 quo

68 599 150 638 luit
168 599 331 651 repleta.

125 660 395 718 Respondeo
412 659 661 715 dicendum
683 659 807 717 quud
829 659 950 703 sicut
971 658 1128 703 anima
1147 658 1352 703 humana
1380 658 1533 702 media
1556 663 1627 702 est
1653 657 1773 702 inter
1803 657 1942 714 spiri-

75 722 219 767 males
244 721 526 767 substantias
558 725 604 766 et
626 733 701 765 res
732 720 1018 778 corporales;
1044 720 1106 765 ita
1136 719 1323 765 duobus
1351 719 1503 764 modis
1528 723 1636 763 nata
1667 725 1736 763 est
1758 719 1944 775 perfici:

71 795 165 827 uno
183 784 369 841 quidem
402 783 540 828 modo
568 795 651 839 per
684 783 924 828 scientiam
958 787 1195 838 acceptam
1227 794 1286 827 ex
1323 781 1464 826 rebus
1495 780 1826 840 sensibilibus:
1859 781 1948 826 alio

71 845 208 889 modo
231 858 312 901 per
327 845 567 890 scientiam
586 844 779 889 inditam
799 845 895 890 sive
916 845 1190 901 impressam
1213 856 1268 889 ex
1289 842 1622 888 illuminatione
1640 841 1945 897 spiritualium

72 907 448 952 substantiarum.
473 909 673 963 Utroque
696 910 850 951 autem
874 906 1012 952 modo
1035 905 1189 950 anima
1209 904 1373 950 Christi
1394 904 1480 948 fuit
1503 903 1704 960 perfecta
1725 916 1738 947 ι
1758 914 1817 947 ex
1839 914 1942 946 sen-

72 968 281 1013 sibilibus
299 969 490 1025 quidem·
503 967 759 1013 secundum
780 967 1025 1013 scientiam
1052 966 1490 1023 experimentalem3
1512 965 1573 1010 ad
1598 976 1740 1021 quam
1762 963 1945 1020 quidem

73 1044 164 1076 non
196 1031 444 1088 requiritur
470 1030 628 1075 lumen
652 1030 938 1086 angelicum,
961 1032 1041 1077 sed
1063 1030 1234 1076 sufficit
1261 1029 1418 1074 lumen
1450 1027 1710 1071 intellectus
1731 1026 1912 1082 agentis
1934 1044 1961 1070 .·

71 1107 127 1140 ex
159 1095 461 1151 impressione
494 1093 601 1138 vero
633 1093 856 1149 superiori
882 1095 1140 1138 secundum
1171 1092 1413 1137 scientiam
1446 1090 1645 1134 infusam
1663 1121 1675 1144 ,
1705 1099 1847 1147 quam
1878 1092 1947 1131 est

71 1155 333 1201 immediate
355 1156 551 1213 adeptus
568 1154 595 1198 a
613 1157 720 1199 Deo.
741 1154 1007 1200 sicutenim
1031 1167 1173 1213 supra
1194 1164 1490 1198 communem
1511 1150 1702 1195 modum
1725 1153 1948 1194 creaturae

71 1219 224 1263 anima
246 1218 323 1263 illa
345 1219 474 1263 unita
493 1222 564 1262 est
587 1217 732 1261 Verbo
751 1217 797 1260 in
821 1216 998 1262 unitate
1017 1229 1253 1273 personae3
1282 1215 1340 1258 ita
1366 1226 1509 1270 supra
1531 1222 1828 1255 communem
1847 1221 1948 1254 mo-

71 1279 182 1325 dum
205 1280 443 1325 hominum
460 1279 722 1324 immediate
740 1280 798 1323 ab
817 1278 917 1336 ipso
937 1279 1014 1323 Dei
1036 1279 1180 1323 Verbo
1197 1277 1371 1333 repleta
1395 1280 1467 1320 est
1491 1274 1583 1319 scie
1622 1273 1683 1316 tia
1705 1276 1751 1316 et
1770 1271 1947 1328 gratia3

74 1354 166 1387 non
182 1347 342 1387 autem
353 1338 663 1387 mediantibus
681 1340 875 1397 angelis,
896 1341 975 1398 qui
993 1341 1131 1385 etiam
1150 1352 1209 1384 ex
1223 1337 1465 1383 influentia
1482 1335 1616 1381 Verbi
1654 1345 1784 1379 erum
1805 1333 1950 1378 scien-2

75 1404 182 1448 tiam
200 1404 248 1448 in
271 1404 341 1448 sui
363 1402 588 1461 principio
605 1407 900 1461 acceperunt,
929 1402 1051 1447 sicut
1069 1404 1233 1460 (Super
1256 1403 1367 1446 Gen.
1391 1399 1452 1445 ad
1469 1398 1557 1443 litt.
1580 1396 1662 1441 lib.
1685 1410 1715 1440 u
1729 1428 1742 1455 ,
1767 1407 1871 1452 cap.
1905 1397 1949 1451 8)

74 1465 357 1521 Augustinus
380 1464 506 1509 dicit.

127 1527 193 1572 Ad
222 1530 417 1582 primum
441 1537 550 1582 ergo
573 1526 823 1571 dicendum
842 1559 854 1581 ,
887 1526 1011 1582 quod
1040 1527 1119 1571 illa
1143 1524 1419 1570 confortatio
1441 1522 1595 1579 angeli
1628 1534 1719 1567 non
1749 1520 1838 1565 fuit
1869 1532 1952 1576 per

74 1588 262 1633 modum
287 1587 630 1644 instructionis,
661 1587 742 1632 sed
764 1587 824 1632 ad
849 1587 1258 1632 demonstrandam
1281 1585 1606 1643 proprietatem
1626 1584 1841 1628 humanae
1865 1593 1952 1624 na-

76 1653 191 1694 turae
207 1653 283 1704 (2).
311 1650 437 1694 Unde
465 1650 586 1695 Beda
607 1649 717 1694 dicit
742 1651 867 1704 (Sup.
894 1652 1002 1694 Luc.
1027 1661 1129 1705 cap.
1153 1651 1223 1702 92)
1244 1662 1255 1690 τ
1283 1667 1302 1685 «
1326 1650 1374 1691 In
1399 1647 1678 1692 documento
1706 1644 1952 1699 utriusque

77 1715 271 1769 naturae,
307 1716 354 1756 et
387 1712 540 1769 angeli
571 1712 614 1757 ei
637 1710 940 1769 ministrasse,
973 1716 1019 1756 et
1051 1723 1158 1756 eum
1188 1710 1476 1755 confortasse
1502 1708 1736 1753 dicuntur.
1769 1707 1953 1750 Creator

78 1772 202 1816 enim
231 1777 451 1817 creaturae
480 1786 578 1817 suae
609 1785 704 1817 non
735 1772 863 1827 eguit
890 1771 1128 1829 praesidio3
1157 1772 1240 1817 sed
1267 1772 1405 1815 homo
1430 1771 1597 1824 factus,
1619 1768 1741 1812 sicut
1766 1770 1953 1823 propter

79 1844 166 1878 nos
184 1834 327 1878 tristis
347 1838 436 1891 est,
457 1835 520 1878 ita
538 1839 724 1891 propter
743 1847 828 1879 nos
846 1835 1150 1891 confortatur,
1175 1853 1195 1873 »
1221 1837 1274 1878 ut
1295 1833 1471 1878 scilicet
1495 1831 1543 1875 in
1575 1831 1710 1875 nobis
1739 1828 1855 1874 fides
1879 1829 1954 1872 in-

76 1895 356 1940 carnationis
378 1895 524 1953 ipsius
542 1897 852 1940 confirmetur.

132 1957 198 2002 Ad
219 1958 459 2001 secundum
487 1958 751 2013 dicendum,
777 1956 900 2014 quod
924 1956 1170 2014 Dionysius
1188 1955 1298 2000 dicit
1319 1954 1547 1999 Christum
1565 1953 1710 1997 fuisse
1725 1951 1956 1995 formatio-

79 2017 216 2062 nibus
236 2018 457 2074 angelicis
475 2018 755 2074 subJectum,
777 2030 869 2062 non
887 2018 1063 2062 ratione
1083 2017 1155 2062 sui
1176 2016 1338 2072 ipsius,
1369 2014 1452 2060 sed
1475 2014 1654 2058 ratione
1672 2024 1834 2057 eorum
1850 2023 1957 2067 quae

77 2080 198 2125 circa
219 2080 321 2137 ejus
344 2079 706 2125 incarnationem
723 2080 996 2136 agebantur,
1015 2085 1062 2124 et
1082 2081 1203 2124 circa
1222 2077 1605 2123 ministrationem
1619 2075 1722 2132 ers
1739 2074 1786 2119 in
1805 2074 1957 2118 infan-

80 2141 144 2186 tili
161 2146 295 2186 aetate
320 2142 574 2187 constituti.
600 2142 729 2186 Unde
753 2142 923 2187 ibidem
947 2141 1104 2186 subdit
1125 2140 1250 2197 quod
1273 2157 1292 2177 ‹-
1316 2151 1400 2196 per
1424 2138 1602 2183 medios
1621 2136 1812 2193 angelos
1830 2148 1958 2180 nun-

80 2203 217 2248 tiatur
238 2204 402 2261 Ioseph
422 2203 450 2248 a
471 2206 602 2249 Patre
621 2203 888 2260 dispensata
905 2205 1014 2248 Jesu
1037 2202 1097 2248 ad
1117 2205 1365 2259 AEgyptum
1386 2200 1601 2258 recessiO,
1625 2206 1672 2244 et
1692 2201 1878 2242 rursum
1898 2197 1957 2241 ad

77 2265 280 2310 Judaeam
301 2266 358 2310 de
381 2267 573 2322 AEgypto
595 2264 834 2310 traductio,
862 2283 882 2304 »

133 2326 199 2371 Ad
223 2329 406 2370 tertium
435 2326 706 2381 dicendum,
733 2324 859 2382 quud
886 2324 1026 2369 Filius
1052 2323 1132 2368 Dei
1156 2322 1412 2378 assumpsit
1434 2333 1605 2378 corpus
1624 2318 1845 2377 passibile
1862 2351 1876 2374 ,
1905 2323 1959 2362 ut

81 2386 200 2432 infra
219 2387 396 2433 dicetur
414 2390 592 2444 (quaest.
608 2401 693 2440 xiv,
715 2390 799 2431 art.
819 2388 876 2442 1),
894 2386 977 2431 sed
999 2385 1210 2430 animam
1235 2383 1485 2441 perfectam
1505 2381 1698 2427 scientia
1712 2385 1759 2425 et
1781 2379 1957 2436 gratia:

81 2453 128 2494 et
158 2448 261 2493 ideo
293 2461 462 2506 eorpus
491 2449 593 2505 ejus
616 2448 946 2493 convenienter
966 2446 1056 2491 fuit
1090 2446 1353 2503 subjectum
1373 2443 1667 2500 impressioni
1698 2442 1959 2488 coelestium
2021 2491 2023 2493 ,

81 2522 351 2567 corporum3
377 2510 530 2555 anima
551 2510 661 2555 vero
678 2510 780 2567 ejus
802 2521 896 2554 non
916 2508 1004 2554 fuit
1032 2508 1238 2566 subjecta
1264 2505 1558 2564 impressioni
1579 2504 1841 2551 coelestium
1861 2503 1960 2560 spi-

82 2571 269 2616 rituum.

239 2873 300 2908 DE
328 2872 559 2910 POTENTIA
590 2874 754 2909 ANIMAE
789 2873 990 2923 CHRISTI,
1021 2872 1069 2908 IN
1101 2870 1325 2915 QUATUOR
1352 2867 1607 2905 ARTICULOS
1634 2866 1801 2903 mVISA.

136 3000 287 3042 Deinde
310 2999 648 3039 considerandum
677 3003 736 3039 est
764 3000 814 3041 de
839 3001 1021 3052 potentia
1040 3001 1193 3040 animae
1221 2998 1396 3047 Christi3
1416 3000 1454 3037 et
1482 2996 1588 3037 circa
1617 2996 1693 3035 hoc
1720 2997 1962 3047 quaeruntur

83 3059 261 3108 quatuor
280 3066 290 3093 :
316 3059 350 3092 1⁰
365 3053 510 3092 Utrum
525 3052 711 3093 habuerit
723 3054 1063 3106 omnipotentiam
1076 3051 1329 3104 simpliciter.
1347 3073 1393 3080 —
1411 3057 1450 3090 2⁰
1464 3049 1611 3091 Utrum
1632 3048 1818 3088 habuerit
1832 3047 1962 3087 omni-

87 3109 311 3162 potentiam
342 3111 520 3158 respeetu
549 3108 849 3149 immutationis
869 3113 1160 3149 creaturarum.
1185 3130 1230 3137 —
1257 3113 1296 3147 3⁰
1319 3106 1466 3146 Utrum
1495 3104 1683 3145 habuerit
1702 3104 1962 3155 omnipoten-

86 3166 186 3205 tiam
208 3167 387 3216 respectu
410 3164 561 3215 proprii
581 3163 772 3214 corporis.
788 3185 836 3192 —
856 3168 897 3204 4⁰
923 3165 1068 3205 Utrum
1092 3162 1279 3203 habuerit
1299 3161 1641 3214 omnipotentiam
1671 3162 1850 3212 respectu
1869 3168 1959 3198 exe·

86 3220 263 3261 cutionis
284 3230 366 3259 suae
381 3218 620 3260 voluntatis.

123 3345 170 3388 (l)
179 3346 269 3383 Sine
281 3346 410 3390 medio,
421 3346 456 3384 id
468 3349 528 3390 est,
540 3346 804 3394 immediattper
818 3347 976 3393 seipsum.
1065 3347 1099 3386 td
1111 3347 1300 3387 ministerio
1321 3346 1521 3391 angelorum
1537 3345 1601 3392 uti,
1619 3345 1661 3383 ad
1676 3351 1837 3388 majorem
1855 3339 1964 3380 carnis

130 3396 175 3437 (2)
187 3397 289 3438 Licet,
310 3398 356 3431 ait
384 3399 570 3439 Cajetanus.
599 3399 634 3433 id
665 3399 816 3434 Christus
845 3412 905 3441 per
930 3412 979 3434 se·
1064 3404 1238 3442 assumpta
1262 3399 1588 3441 manifestationem,
1622 3408 1687 3439 quo
1719 3395 1787 3430 fine
1812 3393 1919 3428 voluit
1946 3394 1965 3427 ‘a

86 3439 196 3482 ipsum
220 3443 329 3479 facere
358 3446 529 3488 potuisset,
548 3447 658 3489 potuit
677 3451 790 3483 tamen
814 3449 916 3483 etiam
936 3447 978 3483 ad
1062 3452 1169 3482 matre
1191 3448 1317 3484 nutriri
1336 3452 1370 3483 et
1385 3446 1521 3488 gestari.
