2170 3808
236 231 318 273 296
868 221 1066 273 QUAEST.
1098 221 1275 272 XXXVI,
1305 220 1422 263 ART.
1451 221 1485 264 Ι.

238 309 459 354 omnihus
493 305 758 350 manifesta.
805 301 1014 358 impletio
1047 300 1174 344 enim
1209 301 1507 357 promissioni
1536 301 1673 346 debet
1709 299 2008 356 respondere.
2050 301 2138 346 Sed

234 372 294 417 de
315 368 623 428 promissione
646 366 874 410 adventus
894 364 1056 409 Christi
1075 363 1245 408 dicitur
1265 364 1398 418 (Psal.
1414 378 1526 420 xmx,
1548 366 1591 418 3)
1621 380 1632 407 :
1660 368 1778 406 Deus
1800 363 2039 415 manifeste
2059 375 2137 406 ve-

235 436 328 476 niet
349 448 364 472 .·
388 430 515 474 venit
537 433 695 472 autem
717 439 800 483 per
818 426 973 470 carnis
992 425 1296 469 nativitatem.
1313 426 1430 480 Ergo
1449 424 1633 470 videtur
1654 425 1780 480 quod
1794 425 1898 480 ejus
1920 424 2137 468 nativitas

237 491 448 539 debuerit
472 503 577 536 esse
601 490 685 534 toti
705 488 882 533 mundo
901 487 1164 532 manifesta.

291 558 334 599 2.
366 557 592 599 Praeterea
610 554 659 607 (l.
685 551 880 595 Timoth.
907 563 938 607 1,
963 550 1054 606 15),
1086 549 1256 593 dicitur
1282 563 1292 590 ε
1330 548 1540 593 Christus
1558 552 1607 592 in
1628 549 1749 592 hunc
1778 549 1997 591 mundum
2018 550 2138 592 venit

234 618 494 672 peccatores
530 615 684 657 salvos
723 615 889 664 facere.
927 611 1014 655 Sed
1049 611 1138 654 hoc
1175 622 1270 654 non
1314 609 1381 664 fit,
1429 610 1519 654 nisi
1561 609 1841 666 inquantum
1886 609 1954 653 eis
1991 609 2138 665 gratia

235 677 402 722 Christi
443 676 784 730 manifestatur,
819 673 1081 718 secundum
1116 671 1231 716 illud
1255 671 1356 726 (Tit.
1383 685 1430 728 11,
1464 674 1506 726 2)
1546 686 1559 717 ε
1597 674 1831 729 Apparuit
1870 674 2025 727 qratia
2054 671 2139 714 Dei

236 742 280 782 et
309 740 556 783 salvatoris
585 739 731 780 nostri
752 736 953 778 omnibus
984 734 1254 788 hominibus,
1285 734 1496 777 erudiens
1524 747 1621 788 nos,
1662 737 1714 776 ut
1746 734 2019 789 abneqantes
2048 735 2135 774 im-

233 803 466 856 pietatem,
500 803 542 842 et
577 799 819 842 saecularia
855 796 1105 853 desideria,
1135 795 1297 850 sobrie,
1330 797 1375 838 et
1398 796 1492 852 pie,
1526 799 1569 840 et
1595 795 1722 850 Just&
1757 797 1959 838 vivamus
1986 796 2034 836 in
2054 794 2137 837 ltoc

236 865 414 908 saecule.
448 864 567 917 Ergo
599 860 785 904 videtur
818 858 944 915 qued
976 857 1140 902 Christi
1176 856 1397 902 nativitas
1419 857 1631 902 debuerit
1662 869 1767 901 esse
1795 855 2015 901 omnibus
2040 868 2137 899 ma-

238 924 423 969 nifesta.

290 989 333 1031 3.
366 988 606 1036 Praeterea,
628 986 749 1027 Deus
774 993 918 1038 super
940 980 1098 1024 omnia
1120 980 1312 1037 pronior
1332 984 1405 1026 est
1426 981 1485 1025 ad
1520 980 1854 1032 miserendum,
1877 979 2136 1025 secundum

236 1047 351 1093 illud
362 1047 497 1102 (Psal.
511 1060 649 1100 cxzvl,
666 1048 707 1099 9)
728 1059 740 1089 :
757 1046 1066 1087 Miserationes
1077 1044 1172 1099 eJ‘us
1187 1057 1322 1099 super
1334 1046 1485 1086 omnia
1498 1056 1636 1099 opera
1647 1043 1757 1097 ejtcs.
1772 1042 1858 1086 Sed
1871 1042 1917 1085 in
1931 1042 2137 1087 secundo

236 1109 459 1164 adventu,
480 1121 573 1165 quo
581 1109 791 1162 justitias
810 1106 1034 1160 judicabit
1054 1106 1132 1161 (1),
1150 1106 1308 1149 veniet
1330 1104 1546 1149 omnibus
1567 1103 1858 1159 manifestus,
1880 1104 2137 1148 secundum

237 1170 352 1216 iilud
374 1172 545 1225 (Matth.
576 1183 694 1225 xxiv,
729 1171 800 1223 27)
824 1183 834 1212 :
852 1171 976 1212 Sicut
994 1168 1152 1224 sulyur
1170 1171 1265 1211 exit
1279 1168 1337 1210 ab
1358 1170 1556 1221 Oriente,
1577 1170 1620 1210 et
1639 1170 1772 1223 paret
1786 1179 1923 1222 usque
1940 1170 1988 1209 in
2006 1169 2139 1222 Occi-

237 1226 433 1287 dentem,
453 1236 521 1276 ita
553 1234 643 1275 erit
661 1231 884 1275 adventus
905 1229 1019 1272 Filii
1041 1230 1252 1274 hominis.
1280 1231 1400 1285 Ergo
1421 1229 1569 1274 multo
1592 1228 1742 1284 magis
1762 1229 1943 1285 primus
1964 1228 2138 1273 adven-

236 1299 330 1347 tus,
355 1307 448 1352 quo
485 1298 625 1338 natus
662 1297 734 1337 est
764 1291 812 1336 in
847 1291 1024 1336 mundo
1056 1291 1319 1336 secundum
1357 1302 1564 1346 carnem,
1596 1289 1757 1334 debuit
1785 1301 1890 1334 esse
1919 1289 2138 1334 omnibus

237 1356 529 1401 manifestus.

293 1418 380 1462 Sed
416 1420 576 1461 contra
597 1423 669 1461 est
691 1415 818 1473 quod
839 1414 1009 1459 dicitur
1028 1415 1130 1468 (Isa.
1157 1428 1255 1471 xnv,
1291 1415 1362 1468 15)
1389 1428 1400 1456 =
1433 1414 1550 1458 Vere
1564 1416 1611 1458 tu
1628 1426 1675 1457 es
1695 1417 1815 1457 Deus
1831 1414 2135 1471 absconditus,

235 1484 419 1524 sanctus
432 1479 580 1523 Israel
601 1479 840 1534 salvator‚·
862 1480 909 1520 et
921 1478 1023 1532 (isa.
1045 1490 1135 1532 ιιιι,
1154 1478 1198 1531 3)
1224 1490 1235 1518 :
1259 1478 1402 1532 Quasi
1415 1477 1704 1520 absconditus
1722 1479 1788 1519 est
1815 1476 1959 1521 vultus
1981 1479 2076 1533 ejzcs
2095 1481 2139 1522 et

236 1544 484 1597 despectus„

285 1613 574 1655 CONCLUSIO.
591 1636 641 1643 —-
664 1614 725 1653 Ne
746 1611 971 1664 redemptio
1000 1610 1186 1651 humana
1207 1611 1491 1663 impediretur,
1512 1612 1576 1652 vel
1599 1610 1696 1651 fidei
1713 1612 1908 1652 meritum
1925 1613 2131 1654 diminue-

236 1674 360 1715 retur,
384 1671 448 1710 vel
479 1668 656 1720 denique
690 1667 966 1708 humanitatis
995 1666 1146 1707 Christi
1172 1667 1322 1707 veritas
1344 1668 1388 1706 in
1411 1667 1588 1707 dubium
1615 1672 1853 1718 vocaretur,
1885 1680 1968 1709 non
1997 1668 2140 1709 debuit

235 1725 387 1765 Christi
407 1724 604 1765 nativitas
622 1724 902 1764 communiter
919 1735 1006 1763 esse
1023 1722 1219 1762 omnibus
1236 1723 1470 1763 manifesta.

291 1787 564 1843 Respondeo
586 1785 838 1831 dicendum
854 1784 978 1842 quod
995 1785 1213 1829 nativitas
1231 1785 1399 1830 Christi
1418 1798 1512 1830 non
1529 1785 1689 1831 debuit
1707 1798 1813 1830 esse
1830 1787 2139 1832 communiter

234 1849 455 1894 omnibus
479 1849 743 1894 manifesta.
764 1848 915 1893 Primo
935 1847 1143 1905 quidem,
1169 1847 1279 1904 quia
1301 1859 1384 1904 per
1401 1847 1490 1892 hoc
1505 1847 1727 1905 impedita
1744 1848 1911 1894 fuisset
1934 1849 2139 1894 humana
2165 1869 2170 1883 κ

237 1909 511 1966 redemptio,
543 1922 650 1966 quae
673 1922 756 1966 per
774 1921 963 1954 crucem
996 1909 1100 1965 ejus
1121 1914 1309 1965 peracta
1331 1915 1404 1953 est
1428 1925 1439 1954 ε
1464 1910 1589 1966 quia,
1614 1915 1668 1954 ut
1686 1909 1855 1954 dicitur
1878 1912 1911 1966 (1
1932 1911 2136 1956 Corinth.

236 1985 282 2028 ιι,
302 1974 344 2025 8)
366 1986 377 2014 ε
403 1975 452 2015 Si
475 1974 796 2030 coqnovissent,
830 1985 1060 2027 nunquam
1082 1974 1324 2015 Dominum
1345 1972 1502 2028 qloriae
1532 1975 1879 2027 crucifixissent.
1907 1974 2134 2031 Secundo,

235 2034 345 2090 quia
367 2034 454 2078 hoc
478 2034 774 2096 diminuisset
787 2034 1006 2079 meritum
1021 2034 1128 2078 fidei
1150 2036 1228 2091 (2),
1252 2046 1335 2090 per
1353 2046 1495 2091 quam
1525 2040 1718 2079 venerat
1738 2034 1948 2079 homines
1964 2035 2138 2091 justifi-

236 2108 358 2150 care,
385 2096 646 2140 secundum
660 2096 775 2141 illud
793 2098 939 2151 (Rom.
965 2110 1029 2153 ιιι,
1051 2099 1122 2150 22)
1147 2109 1159 2140 :
1179 2100 1368 2140 lustitia
1390 2099 1472 2140 Dei
1486 2109 1573 2153 per
1593 2098 1730 2151 fidem
1748 2101 1853 2140 Iesu
1876 2099 2068 2142 Christi.
2091 2099 2136 2146 Si
2168 2143 2170 2146 Α

231 2157 361 2200 enim
382 2157 640 2201 manifestis
660 2157 858 2210 indiciis,
878 2157 1057 2202 Christo
1079 2162 1320 2214 nascente,
1346 2157 1450 2214 ers
1473 2157 1691 2202 nativitas
1710 2158 1929 2203 omnibus
1944 2172 2136 2217 appare-

235 2221 322 2271 ret,
334 2217 432 2273 jam
447 2212 687 2262 tolleretur
704 2218 823 2262 ratio
838 2218 962 2274 fidei,
987 2231 1093 2275 quae
1112 2223 1183 2263 est
1205 2223 1522 2275 arqumentum
1537 2233 1627 2263 non
1642 2223 1978 2277 apparentium,
2000 2227 2053 2267 ut
2069 2223 2138 2268 di-

232 2278 354 2324 citur
371 2280 496 2334 (Heb.
516 2282 590 2334 xl).
614 2279 778 2336 Tertio,
796 2280 906 2336 quia
918 2292 1002 2337 per
1016 2281 1102 2324 hoc
1120 2280 1327 2325 venisset
1348 2281 1395 2324 in
1416 2280 1611 2325 dubium
1632 2282 1805 2326 veritas
1837 2283 2136 2331 humanitatis

235 2339 399 2396 ipsius.
417 2341 544 2385 Unde
563 2342 851 2397 Augustinus
863 2341 976 2386 dicit
993 2342 1041 2385 in
1061 2341 1257 2399 epistola
1269 2343 1329 2387 ad
1343 2343 1640 2388 Volusianum
1655 2346 1770 2398 (136,
1786 2345 1846 2388 al.
1859 2347 1957 2401 101,
1971 2359 2135 2401 parum

238 2408 345 2447 ante
365 2404 508 2457 med.)
527 2419 538 2448 :
560 2421 580 2441 «
592 2404 635 2448 Si
656 2404 811 2448 nullas
823 2417 880 2448 ex
896 2404 1092 2460 parvulo
1109 2404 1156 2448 in
1168 2405 1464 2462 juventutem
1480 2411 1684 2450 mutaret
1702 2412 1878 2462 aetates,
1901 2408 2056 2453 nullos
2068 2409 2136 2454 ci-

239 2463 337 2521 bos,
364 2465 518 2509 nullos
551 2470 738 2524 caperet
770 2477 979 2521 somnos,
1020 2478 1178 2510 nonne
1211 2466 1479 2522 opinionem
1513 2467 1807 2511 confirmaret
1839 2469 2025 2524 erroris,
2050 2483 2136 2516 nec

237 2525 471 2571 hominem
487 2539 650 2571 verum
665 2527 761 2571 ullo
776 2527 914 2578 modo
933 2528 1195 2584 suscepisse
1209 2529 1492 2585 crederetur,
1506 2533 1552 2573 et
1564 2528 1675 2573 dum
1695 2528 1850 2573 omnia
1865 2530 2136 2577 mirabiliter

237 2589 360 2645 facit,
382 2589 587 2634 auferret
607 2590 733 2646 quod
756 2590 1117 2635 misericorditer
1136 2591 1269 2636 fecit?
1293 2610 1312 2630 υ

289 2650 355 2694 Ad
388 2653 588 2706 primum
611 2663 724 2707 ergo
746 2651 1012 2709 dicendum,
1035 2652 1161 2708 quod
1179 2653 1432 2697 auctoritas
1451 2653 1531 2697 illa
1551 2653 1827 2710 intelligitur
1843 2654 1902 2700 de
1931 2656 2136 2702 adventu
2162 2660 2165 2665 ‘

233 2710 397 2756 Christi
421 2712 480 2756 ad
493 2711 739 2769 Judicium,
764 2714 1023 2759 secundum
1048 2714 1174 2771 quod
1188 2715 1347 2760 Glossa
1376 2716 1545 2769 (interl.
1570 2716 1838 2772 Augustin.)
1859 2716 2032 2762 ibidem
2052 2731 2135 2764 ex-

235 2772 381 2829 ponit.

289 2834 357 2878 Ad
367 2836 614 2879 secundum
627 2835 895 2893 dicendum,
910 2835 1035 2893 quod
1047 2837 1104 2882 de
1115 2838 1265 2893 gratia
1279 2839 1355 2881 Dei
1368 2838 1616 2882 salvatoris
1628 2838 1870 2884 erudiendi
1890 2845 2023 2884 erant
2040 2853 2135 2886 om-

234 2907 321 2940 nes
339 2894 552 2940 homines
574 2895 635 2940 ad
655 2897 871 2950 salutem,
895 2910 990 2942 non
1010 2897 1058 2941 in
1076 2899 1305 2956 principio
1320 2899 1574 2944 nativitatis
1590 2899 1710 2957 ejus,
1735 2900 1817 2945 sed
1836 2907 1998 2957 postea
2015 2907 2134 2947 tem-

234 2969 346 3012 pore
366 2958 661 3015 procedente,
681 2964 930 3015 postquam
946 2965 1160 3016 operatus
1176 2966 1243 3005 est
1258 2962 1450 3005 salutem
1461 2965 1510 3005 in
1528 2963 1675 3005 medio
1691 2966 1824 3006 terrae
1838 2964 1973 3018 (Psal.
1988 2978 2130 3020 Lxxni,

234 3020 320 3072 12).
358 3019 486 3064 Unde
522 3024 628 3076 post
658 3021 925 3076 passionem
961 3026 1009 3066 et
1042 3023 1433 3068 resurrectionem
1469 3035 1605 3068 suam
1640 3024 1751 3069 dicit
1773 3025 2014 3081 discipulis
2035 3026 2132 3071 suis

237 3081 402 3133 (Matth.
430 3082 532 3134 ult.,
557 3084 627 3135 19)
655 3097 666 3126 ε
690 3087 875 3137 Euntes,
897 3085 1053 3128 docete
1068 3099 1217 3128 omnes
1239 3090 1404 3141 yerzteS.

288 3141 355 3186 Ad
372 3145 556 3186 tertium
572 3143 839 3202 dicendum,
854 3146 979 3202 quod
992 3146 1050 3191 ad
1060 3147 1290 3203 ,iudicium
1302 3147 1556 3204 requiritur
1566 3147 1692 3204 quod
1703 3149 1955 3194 auctoritas
1963 3149 2132 3206 Judicis

233 3209 571 3259 cognoscatur:
591 3209 637 3249 et
657 3211 844 3262 propter
864 3208 953 3251 hoc
970 3213 1151 3264 oportet
1172 3209 1297 3266 quod
1318 3210 1549 3255 adventus
1564 3210 1727 3254 Christi
1749 3210 1808 3254 ad
1826 3210 2054 3266 judicium
2072 3211 2132 3256 sit

235 3263 524 3308 manifestus.
553 3266 641 3310 Sed
670 3268 851 3322 primus
880 3270 1110 3315 adventus
1136 3271 1225 3316 fuit
1260 3272 1320 3316 ad
1355 3271 1565 3315 omnium
1587 3271 1801 3330 salutem,
1835 3284 1940 3328 quae
1958 3276 2028 3317 est
2049 3284 2130 3329 per

275 3374 318 3414 (Ι)
338 3373 547 3409 Attendendo
573 3375 615 3408 ad
632 3374 717 3409 illud
735 3376 802 3416 (Ps.
831 3385 946 3419 mxiv,
968 3378 1000 3418 2)
1020 3392 1027 3413 :
1048 3379 1142 3414 Cum
1225 3381 1336 3422 potius
1372 3382 1472 3423 quam
1505 3386 1646 3421 propter
1674 3381 1824 3415 divinam
1857 3383 2097 3416 revetationem
2115 3395 2126 3423 ς

233 3431 408 3464 accepero
424 3425 575 3465 tempas,
594 3433 657 3466 eqo
673 3424 849 3466 justitias
867 3425 1056 3467 judicabo.
1226 3433 1259 3463 et
1286 3429 1383 3463 sicin
1401 3428 1487 3469 illis,
1513 3433 1551 3463 ut
1572 3433 1620 3463 ait
1637 3429 1795 3470 Sylvius,
1812 3430 2034 3469 diminutum,
2054 3429 2127 3462 imo

274 3470 317 3511 (2)
349 3471 434 3513 Quia
463 3471 605 3512 plurimi
635 3471 856 3506 credidissent
880 3479 1020 3516 propter
1048 3475 1142 3515 signa
1226 3477 1412 3511 extinctum
1429 3476 1547 3511 fuisset
1569 3477 1730 3512 meritum
1751 3478 1843 3511 fidoi.
