2170 3808
645 186 845 237 QUAEST.
875 185 1068 235 XXXVII,
1100 185 1218 227 ΛΒΤ.
1251 184 1302 226 ΙΙΙ
1331 183 1395 225 ΕΤ
1422 183 1488 225 IV.
1943 178 2027 220 313

148 276 234 321 est,
255 273 305 313 ut
323 268 550 322 ostendat,
583 267 833 321 neminem,
868 266 955 310 uisi
987 265 1314 310 clrcumcisum
1340 264 1481 320 vitiis,
1508 263 1702 319 dignum
1725 273 1828 306 esse
1858 259 2027 303 divinis

149 331 484 386 conspectibus

203 394 271 437 Ad
296 396 478 436 tertium
495 390 760 442 dicendum,
781 389 904 445 quod
920 394 1106 445 propter
1119 388 1206 431 hoc
1232 387 1385 443 ipsum
1404 387 1547 431 voluit
1565 387 1736 430 hostias
1752 383 1924 439 legales
1944 396 2028 438 pro

151 466 203 498 se
224 453 375 498 offerri
394 453 471 510 qui
491 458 591 496 erat
610 464 715 495 vera
732 452 894 506 hostia,
916 455 968 495 ut
989 448 1139 505 figura
1161 450 1255 493 veri
1263 449 1339 492 tati
1356 449 1458 503 conj
1466 451 1730 504 tingeretur,
1748 453 1794 492 et
1810 458 1891 502 per
1907 446 2028 489 veri-

154 519 292 560 tatem
319 515 468 570 figura
495 514 842 571 approbaretur,
867 518 1028 557 contra
1056 512 1160 554 illos
1183 511 1262 567 qui
1284 514 1424 554 Deum
1460 511 1575 564 legis
1602 516 1771 565 negant
1797 509 1825 552 a
1852 509 2028 552 Christo

154 578 297 622 fuisse
311 578 358 621 in
378 576 620 633 Evangelio
632 575 944 631 praedicatum.
960 576 1081 618 «Non
1098 573 1223 618 enim
1242 572 1500 629 putandum
1521 576 1606 625 est,
1627 576 1677 615 ut
1690 572 1909 627 Origenes
1920 570 2029 615 dicit

154 639 291 689 (hom.
315 653 384 683 x1v
413 639 461 683 in
489 641 595 683 Luc.
627 639 655 681 a
682 638 839 695 med.),
878 636 1000 694 qued
1034 635 1179 679 filium
1204 646 1343 679 suum
1372 634 1525 678 bonus
1549 636 1668 676 Deus
1690 633 1903 689 sublege
1938 632 2027 676 ini-

154 701 259 746 mici
280 703 336 756 (1)
359 701 533 756 fecerit,
557 712 697 756 quam
720 699 819 756 ipse
840 711 932 743 non
953 698 1157 743 dederat.
1177 716 1197 736 ›-

207 764 273 808 Ad
287 767 496 819 quartum
510 763 775 816 dicendum,
793 762 918 818 quod
929 761 1084 816 (Levit.
1099 761 1172 815 xu)
1189 758 1455 816 praecipitur
1469 761 1523 801 ut
1536 757 1615 814 qui
1626 761 1832 813 possent,
1853 769 2027 813 agnum

154 837 238 882 pro
248 825 341 869 filio
359 830 440 870 aut
455 822 564 877 filia,
579 825 716 869 simul
735 829 782 869 et
801 830 1044 880 turturem,
1062 822 1159 866 sive
1177 821 1440 866 columbam
1459 819 1700 874 offerrent,
1717 818 1921 875 quivero
1939 831 2030 863 non

156 886 422 931 sufficerent
444 886 503 931 ad
522 886 808 930 offerendum
846 896 1037 941 agnum,
1067 884 1186 928 duos
1218 888 1437 936 turtures,
1469 881 1543 925 vel
1567 881 1685 924 duos
1709 879 2029 924 columbarum

154 948 306 1004 pullos
323 947 554 992 offerrent.
580 947 800 991 Dominus
827 958 954 1002 ergo,
978 944 1058 1002 qui
1090 946 1191 989 cam
1221 945 1347 987 dives
1380 945 1510 997 esset,
1539 945 1729 999 propter
1762 954 1843 984 nos
1869 954 2031 997 eqenus

155 1012 302 1063 sactus
323 1011 406 1064 est,
421 1013 472 1052 ut
489 1010 611 1052 illius
628 1010 782 1064 inopia
806 1008 966 1050 divites
984 1019 1191 1055 essemus,
1214 1010 1268 1049 ut
1283 1004 1452 1049 dicitur
1475 1004 1540 1059 (ΙΙ.
1559 1005 1660 1047 Cor.
1684 1016 1774 1058 vm,
1795 1005 1854 1057 9),
1875 1014 1960 1058 pro
1979 1014 2030 1047 se

155 1083 410 1128 pauperum
423 1071 620 1115 hostiam
632 1070 778 1114 voluit
788 1069 957 1125 offerri,
975 1068 1096 1112 sicut
1106 1072 1154 1112 et
1167 1067 1215 1112 in
1229 1066 1330 1122 ipsa
1343 1064 1580 1109 nativitate
1597 1065 1766 1121 pannis
1780 1060 2032 1108 involvitur

154 1138 203 1178 et
218 1134 467 1180 reclinatur
480 1135 528 1177 in
550 1132 788 1189 praesepio.
814 1130 1118 1176 Nihilominus
1135 1133 1292 1174 tamen
1318 1127 1583 1184 hujusmodi
1602 1138 1713 1171 aves
1735 1124 1898 1182 figurae
1917 1138 2030 1170 con-

156 1202 351 1251 gruunt:
365 1200 517 1240 turtur
536 1194 678 1251 enim,
694 1194 802 1250 quia
823 1197 895 1238 est
912 1189 1012 1236 avis
1026 1192 1213 1248 loquax,
1231 1189 1606 1247 praedicationem
1627 1193 1673 1233 et
1693 1188 2031 1233 confessionem

154 1257 263 1301 fidei
284 1256 534 1313 significat,
557 1255 666 1311 quia
689 1253 799 1299 vero
827 1258 899 1298 est
919 1252 1091 1297 animal
1118 1256 1318 1306 castum,
1344 1250 1573 1306 significat
1605 1249 1890 1306 castitatem3
1922 1250 2032 1306 quia

154 1318 266 1362 vero
287 1323 356 1362 est
376 1316 548 1377 animal
572 1315 844 1371 solitarium,
869 1314 1099 1370 significat
1117 1312 1571 1369 contemplationem.
1595 1310 1816 1355 Columba
1831 1310 1943 1355 vero
1961 1316 2034 1355 est

155 1379 325 1424 animal
345 1383 641 1424 mansuetum
663 1383 708 1422 et
725 1377 937 1433 simplex,
968 1375 1374 1420 mansuetudinem
1404 1378 1450 1418 et
1483 1373 1825 1430 simplicitatem
1852 1372 2034 1428 signifi-

154 1454 268 1486 cans
293 1456 304 1485 z
329 1445 400 1486 est
431 1441 568 1485 etiam
592 1439 761 1484 animal
785 1439 987 1494 gregale,
1023 1437 1150 1482 unde
1180 1436 1408 1493 significat
1435 1435 1577 1480 vitam
1601 1435 1821 1491 activam3
1852 1440 1899 1479 et
1929 1435 2032 1480 ideo

155 1501 419 1560 hujUsmodi
456 1501 604 1545 hostia
638 1497 869 1556 fig'urabat
902 1498 1229 1556 perfectionem
1272 1497 1435 1542 Christi
1473 1501 1520 1541 et
1556 1496 1872 1541 membrorum
1910 1496 2030 1553 ejus.

155 1566 407 1621 Utrumque
430 1563 569 1608 etiam
588 1562 759 1606 animal
779 1566 966 1619 propter
985 1560 1368 1606 consuetudinem
1388 1558 1602 1615 gemendi
1624 1563 1877 1614 praesentes
1895 1571 2035 1603 sanc-

156 1630 308 1670 torum
332 1626 484 1670 luctus
506 1625 719 1680 designat
749 1639 761 1669 :
794 1624 878 1670 sed
908 1629 1075 1679 turtur,
1108 1635 1214 1680 quae
1237 1627 1307 1667 est
1337 1622 1558 1677 solitaria,
1581 1619 1812 1677 significat
1833 1626 2034 1665 secretas

155 1687 414 1731 orationum
442 1686 699 1743 lacrymas;
723 1685 937 1730 columba
958 1684 1085 1738 vero,
1109 1697 1215 1741 quae
1236 1688 1310 1729 est
1332 1682 1548 1740 gregalis,
1571 1681 1802 1737 significat
1823 1681 2034 1737 publicas

156 1747 386 1792 orationes
398 1746 627 1790 Ecclesiae.
642 1748 895 1803 Utrumque
909 1745 1019 1790 vero
1031 1745 1201 1789 animal
1213 1744 1501 1801 duplicatum
1519 1743 1726 1801 offertur,
1741 1746 1794 1786 ut
1812 1743 2033 1787 sanctItas

157 1809 218 1854 sit
237 1821 329 1853 non
347 1808 497 1852 solum
519 1808 567 1851 in
592 1808 762 1862 anima,
784 1808 867 1853 sed
887 1808 1027 1852 etlam
1048 1808 1093 1851 in
1118 1820 1310 1864 corpore
1329 1809 1401 1861 (2).

212 1878 554 1922 ARTICULUS
570 1879 651 1921 IV.
675 1901 730 1909 —
749 1890 890 1920 urium
908 1890 1046 1921 MATER
1063 1890 1131 1920 nm
1150 1889 1470 1920 convemeuren
1482 1887 1539 1918 AB
1556 1887 1746 1918 'sturton
1763 1886 1980 1918 eunomus

965 1951 1232 1983 accesserim

796 2005 845 2041 De
859 2006 913 2040 his
924 2006 1027 2041 etiam
1043 2007 1163 2047 opusc.
1180 2014 1234 2046 Lx,
1249 2017 1322 2047 cap.
1339 2006 1374 2041 5.

212 2062 277 2108 Ad
305 2066 523 2118 quartum
559 2060 626 2104 sic
647 2060 926 2117 proceditur.
950 2064 992 2105 1.
1017 2061 1204 2105 Videtur
1231 2060 1356 2117 quod
1379 2058 1764 2104 inconvenienter
1789 2063 1937 2103 mater
1958 2059 2033 2103 Dei

157 2124 398 2182 purganda
416 2124 476 2169 ad
498 2124 723 2179 templum
748 2123 1008 2167 accesserit.
1033 2122 1248 2179 Purgatio
1271 2122 1394 2167 enim
1419 2133 1513 2165 non
1531 2120 1716 2165 videtur
1736 2133 1839 2165 esse
1867 2121 1953 2164 nisi
1976 2121 2035 2164 ab

157 2186 466 2231 immunditia.
488 2186 574 2230 Sed
590 2185 636 2228 in
652 2186 699 2229 B.
712 2185 893 2240 Virgine
913 2185 1039 2228 nulla
1053 2185 1141 2229 fuit
1156 2183 1459 2236 immunditia,
1481 2187 1532 2227 ut
1547 2194 1604 2226 ex
1619 2183 1895 2239 supradictis
1913 2189 2037 2238 patet

161 2250 262 2302 (art.
278 2259 415 2304 praec.
441 2247 499 2291 ad
521 2250 563 2304 1,
581 2250 626 2290 et
644 2258 722 2302 qu.
749 2260 878 2302 xxvn,
900 2250 985 2289 art.
1009 2249 1036 2289 4
1055 2248 1161 2302 et5,
1179 2250 1227 2289 et
1243 2248 1408 2302 quaest,
1435 2245 1597 2296 xxv111).
1619 2245 1737 2299 Ergo
1761 2255 1854 2287 non
1876 2244 2036 2290 debuit

157 2314 210 2353 ut
230 2308 472 2365 purganda
494 2307 552 2351 ad
569 2307 792 2362 templum
814 2306 1047 2351 accedere.

212 2373 253 2414 2.
275 2372 496 2414 Praeterea
515 2369 671 2422 (Levit.
691 2381 765 2422 xn,
784 2369 844 2425 2),
867 2368 1035 2412 dicitur
1054 2380 1068 2412 ε
1090 2368 1256 2411 Mulier
1274 2379 1387 2424 quae,
1408 2369 1613 2421 suscepto
1628 2369 1684 2419 (3)
1704 2369 1883 2423 semine,
1901 2381 2035 2423 pepe·

157 2435 271 2476 reric
291 2431 556 2485 masculum,
581 2430 818 2472 immunda
837 2432 924 2472 erit
951 2433 1116 2485 septem
1140 2430 1295 2473 diebus
1307 2443 1326 2484 ;
1347 2433 1391 2472 et
1422 2428 1525 2472 ideo
1555 2427 1597 2471 ei
1626 2427 1889 2484 praecipitur
1912 2428 2036 2484 quod

159 2505 253 2537 non
274 2492 560 2548 ingrediatur
581 2492 913 2545 sanctuarium,
928 2491 1074 2536 donec
1086 2491 1366 2547 impleantur
1391 2490 1490 2534 dies
1503 2489 1791 2546 purgationis
1807 2489 1924 2545 eJ‘us.
1949 2490 2037 2535 Sed

158 2556 205 2599 B.
220 2555 355 2611 Virgo
375 2556 554 2611 peperit
570 2553 830 2598 masculum
850 2554 952 2598 sine
966 2550 1088 2597 {virili
1107 2553 1299 2598 semine.
1310 2554 1408 2597 Non
1426 2564 1538 2607 ergo
1551 2551 1711 2596 debuit
1729 2551 1788 2596 ad
1810 2554 2033 2608 templum

157 2617 315 2663 venire
330 2617 588 2674 purganda.

213 2681 257 2724 3.
278 2681 513 2737 Praeterea,
536 2678 748 2735 purgatio
767 2677 827 2721 ab
842 2676 1136 2722 immunditia
1154 2689 1248 2720 non
1264 2675 1315 2719 fit
1331 2675 1419 2719 nisi
1439 2688 1522 2731 per
1538 2673 1750 2730 gratiam.
1775 2674 1864 2719 Sed
1884 2687 2036 2719 sacra-

162 2746 319 2784 menta
338 2739 507 2784 veteris
523 2740 642 2794 legis
660 2739 854 2795 gratiam
878 2751 972 2782 non
994 2738 1318 2791 conferebant,
1340 2736 1421 2781 sed
1443 2737 1544 2793 ipsa
1566 2737 1721 2790 potius
1742 2747 1901 2780 secum
1929 2747 2037 2791 gra-

161 2801 235 2844 tiae
254 2806 484 2845 auctorem
504 2801 718 2846 habebat.
740 2804 838 2845 Non
858 2813 968 2857 ergo
988 2801 1272 2844 conveniens
1293 2799 1380 2843 suit
1399 2803 1450 2842 ut
1471 2799 1529 2842 ad
1546 2797 1770 2853 templum
1795 2798 2036 2853 purganda

160 2862 353 2906 veniret.

217 2922 303 2967 Sed
318 2926 474 2966 contra
490 2926 562 2966 est
574 2923 823 2968 auctoritas
843 2924 1102 2980 Scripturae,
1119 2924 1212 2979 qua
1230 2921 1397 2966 dicitur
1413 2922 1537 2973 (Luc.
1558 2933 1602 2977 11,
1620 2922 1708 2975 22),
1723 2919 1848 2976 quod
1865 2921 2037 2977 impleti

161 2989 264 3027 sunt
283 2985 377 3027 dies
395 2986 680 3040 purqatz‘onis
693 2988 853 3028 Mariae
875 2986 1121 3028 secun-ditm
1143 2985 1282 3039 leqem
1301 2984 1461 3038 Moysi.

213 3052 499 3092 CONCLUSIO.
525 3072 574 3080 -
598 3051 842 3101 Quanquam
857 3052 970 3091 beata
987 3052 1110 3101 Virgo
1127 3053 1284 3102 peccato
1302 3061 1385 3089 non
1413 3049 1536 3088 fuerit
1551 3047 1736 3097 obnoxia,
1754 3049 1888 3089 decuit
1901 3053 2036 3091 tamen

162 3119 209 3146 ex
226 3105 476 3145 humilitatis
492 3116 578 3144 suae
600 3105 731 3154 gratia
754 3109 800 3143 ut
820 3105 864 3144 in
884 3105 1035 3156 templo
1055 3104 1184 3145 veluti
1203 3104 1413 3156 purganda
1431 3106 1751 3154 praesentaretur.

219 3168 486 3223 Respondeo
506 3167 752 3212 dicendum
771 3167 893 3223 quos]
912 3168 1032 3211 sicut
1052 3168 1292 3223 plenitudo
1311 3166 1471 3221 gratiae
1491 3167 1520 3209 a
1540 3165 1714 3209 Christo
1736 3166 1967 3210 derivatur
1988 3167 2034 3210 in

167 3235 375 3284 matrem,
389 3229 452 3272 ita
471 3229 624 3274 decuit
642 3233 694 3273 ut
711 3233 858 3272 mater
876 3229 1123 3272 humilitati
1141 3229 1221 3274 filii
1236 3229 1619 3283 conformaretur3
1641 3229 1893 3271 Humilibus
1913 3228 2037 3272 enim

205 3335 248 3375 (1)
266 3333 315 3367 Ita
329 3332 407 3366 Mss.
421 3335 457 3366 et
475 3332 555 3366 editi
572 3331 705 3372 passim.
724 3330 778 3364 Al.
793 3330 883 3364 deest
900 3331 1054 3364 inimici.
1181 3332 1223 3372 (5)
1240 3330 1378 3369 Vulgata
1399 3342 1407 3363 ε
1427 3330 1580 3370 Mulier,
1601 3330 1632 3363 si
1644 3333 1809 3372 suscepto
1824 3330 1970 3365 semim.

205 3381 248 3421 (2)
274 3379 324 3414 Cf.
343 3379 548 3412 Bossuetimn
564 3379 784 3419 (Ele'vations
810 3388 877 3412 sur
894 3378 943 3411 les
961 3387 1058 3422 mys·

165 3429 270 3468 teres,
290 3435 395 3461 xvlue
413 3427 572 3467 scmaine,
589 3426 706 3461 elevat.
727 3435 753 3466 1,
777 3433 803 3459 11
821 3431 855 3459 et
868 3425 934 3465 ln).
