2170 3808
690 278 890 332 QUAEST.
919 278 970 331 11,
999 277 1118 320 ΛΒΤ.
1147 277 1249 320 vm.
1907 271 1961 313 27
1991 241 1997 245 ’

234 363 571 409 ARTICULIJS
599 363 725 404 VIII.
757 383 813 393 -
840 372 979 403 uranu
1001 371 1096 401 nmo
1118 370 1242 400 vnum
1264 368 1479 400 munim-1
1505 366 1573 399 srr
1594 365 1693 396 mnu
1715 363 1823 401 ouon

656 431 658 434 ’
864 433 1085 465 Assumo
1107 421 1181 476 (1).

483 493 533 528 De
546 493 600 528 his
613 492 718 528 etiam
731 492 827 526 Sent.
845 499 900 532 m,
919 490 996 525 dist.
1010 490 1052 530 5,
1070 492 1187 531 quoest.
1204 497 1232 530 1,
1252 491 1316 524 art.
1331 488 1365 527 4,
1382 490 1498 530 quast.
1513 494 1553 523 v.

147 552 214 597 Ad
222 556 435 596 octavum
450 548 520 593 sic
537 546 812 604 proceditur.
825 549 870 591 1.
886 545 1071 590 Videtur
1085 543 1208 600 quod
1218 543 1340 588 idem
1354 542 1414 586 sit
1428 542 1541 585 unio
1555 540 1679 598 quod
1693 538 1961 595 assumptio.

93 613 350 660 Relationes
366 611 508 667 enim,
527 609 648 653 sieut
682 612 729 652 et
754 614 924 663 motus,
959 605 1281 662 specificantur
1310 603 1568 648 secundum
1590 602 1853 646 terminum.
1877 599 1966 645 Sed

93 674 214 721 idem
226 678 302 720 est
318 671 544 718 terminus
564 669 893 726 assumptionis
907 672 953 713 et
969 667 1172 722 unioniS,
1193 666 1365 711 scilicet
1377 664 1535 710 divina
1554 662 1833 721 hypostasis
1847 663 1966 719 Ergo

93 735 275 782 videtur
291 734 418 791 quod
441 745 534 778 non
550 732 761 777 differant
779 731 890 776 unio
911 734 956 775 et
979 728 1252 785 assumptio.

148 799 191 840 2.
220 799 457 851 Praeterea,
482 796 530 839 in
554 794 777 851 mysterio
798 791 1134 837 incarnationis
1155 791 1276 836 idem
1300 790 1483 833 videtur
1506 798 1613 831 esse
1634 786 1803 830 uniens
1824 789 1870 830 et
1886 796 1966 830 as·-

93 869 302 914 sumens,
323 857 504 902 unitum
523 861 569 901 et
585 859 888 911 assumptum.
911 854 996 898 Sed
1014 853 1128 898 unio
1150 856 1198 897 et
1222 850 1477 907 assumptio
1499 848 1715 893 videntur
1732 846 1864 903 sequi
1886 859 1966 891 ac-

50 935 55 967 1.
91 920 268 966 tionem
301 925 347 966 et
371 920 638 978 passionem
665 919 871 964 unientis
890 922 937 963 et
954 917 1088 973 uniti,
1117 915 1191 960 vel
1214 913 1495 960 assumentis
1511 916 1559 957 et
1581 910 1824 968 assumpti.
1849 912 1966 966 Ergo

56 1010 58 1014 f
94 982 277 1028 videtur
296 983 417 1027 idem
430 993 537 1026 esse
556 980 667 1033 unio
681 979 803 1036 quod
823 978 1093 1035 assumptio.

149 1045 194 1089 3.
223 1040 464 1098 Praeterea,
484 1046 795 1087 Damascenus
815 1041 926 1086 dicit
949 1041 1090 1095 (Orth.
1120 1039 1199 1084 fid.
1230 1038 1309 1083 lib.
1339 1051 1403 1092 ιη,
1431 1048 1535 1093 cap.
1560 1039 1632 1094 11,
1653 1038 1761 1078 ante
1790 1033 1933 1087 med.)
1951 1048 1964 1075 :

97 1123 118 1144 α
135 1105 269 1150 Aliud
288 1110 358 1150 est
376 1106 506 1160 unio,
527 1104 653 1148 aliud
671 1102 925 1147 incarnatio
947 1116 958 1145 ι
983 1113 1089 1145 nam
1108 1100 1220 1145 unio
1238 1099 1390 1144 solam
1410 1099 1697 1143 demonstrat
1717 1095 1957 1152 copulatio-

95 1178 231 1222 nem3
253 1166 309 1211 ad
331 1166 443 1223 quid
464 1166 618 1210 autem
638 1165 758 1208 facta
775 1167 850 1208 est
869 1162 1117 1219 copulatio,
1140 1174 1232 1206 non
1252 1161 1433 1206 adhuc:
1456 1158 1724 1204 humanatio
1745 1162 1899 1201 autem
1921 1161 1968 1202 et

95 1228 352 1272 incarnatio
369 1227 692 1281 determinant,
713 1226 771 1270 ad
786 1236 925 1282 quem
941 1224 1002 1269 sit
1018 1224 1138 1268 facta
1156 1223 1401 1279 copulatio.
1419 1241 1439 1260 »
1457 1222 1544 1266 Sed
1562 1220 1770 1264 similiter
1783 1231 1966 1263 assum-

95 1289 191 1345 ptio
211 1302 305 1333 non
327 1288 617 1344 determinat,
639 1288 699 1333 ad
716 1299 855 1344 quem
876 1287 997 1331 facta
1021 1287 1081 1331 sit
1103 1285 1350 1343 copulatio.
1372 1287 1491 1340 Ergo
1509 1283 1691 1327 videtur
1713 1281 1822 1325 unio
1844 1280 1967 1326 idem

93 1362 199 1396 esse
214 1351 340 1408 quod
359 1351 631 1407 assumptio.

151 1412 238 1458 Sed
263 1416 423 1457 contra
452 1419 524 1457 est
553 1411 678 1469 quod
704 1411 862 1456 divina
889 1416 1057 1455 natura
1086 1409 1252 1454 dicitur
1280 1420 1383 1454 esse
1410 1408 1570 1464 unita,
1594 1419 1689 1451 non
1709 1407 1865 1450 autem
1888 1413 1969 1449 as—
2015 1451 2020 1457 ,

92 1478 298 1530 sumpta.

141 1540 433 1581 GONCLUSIO.
451 1562 499 1570 -
519 1540 610 1580 Non
629 1540 738 1580 idem
760 1539 830 1580 sed
844 1539 1004 1579 diversa
1026 1542 1086 1579 est
1109 1538 1161 1578 ab
1187 1539 1279 1590 ipsa
1307 1537 1585 1589 assumptione
1602 1535 1723 1585 uni03
1737 1531 1849 1587 quod
1867 1531 1970 1573 unio

93 1594 148 1636 ad
162 1595 371 1637 relationis
382 1607 525 1646 genus,
538 1595 765 1646 assumptio
783 1595 838 1634 ad
860 1595 1033 1635 actionis
1052 1599 1091 1635 et
1106 1594 1307 1645 passionis
1326 1604 1454 1644 genus
1468 1595 1630 1643 spectet.

152 1659 422 1716 Respondeo
441 1659 687 1704 dicendum
710 1658 849 1714 quod,
874 1658 995 1703 sicut
1016 1658 1189 1702 dictum
1213 1661 1283 1701 est
1304 1659 1403 1710 (art.
1425 1658 1601 1713 praec.),
1621 1653 1732 1698 unio
1754 1652 1970 1709 importat

97 1720 368 1764 relationem
388 1720 640 1777 quamdam
655 1720 828 1764 divinae
850 1724 1026 1763 naturae
1046 1724 1092 1764 et
1114 1720 1348 1774 humanae,
1370 1717 1627 1762 secundum
1644 1714 1770 1772 quod
1797 1725 1970 1760 conve-

96 1781 232 1825 niunt
246 1782 296 1825 in
310 1794 404 1825 una
418 1794 632 1836 persona.
650 1781 807 1826 Omnis
823 1788 977 1825 autem
997 1780 1157 1824 relatio
1174 1791 1280 1836 quae
1297 1779 1458 1836 incipit
1476 1790 1578 1823 esse
1596 1789 1655 1821 ex
1671 1781 1894 1832 tempore,
1911 1787 1971 1820 ex

96 1841 254 1899 aliqua
277 1843 533 1887 mutatione
550 1848 769 1888 causatur
782 1845 870 1896 (2):
894 1842 1088 1887 mutatio
1107 1846 1263 1886 autem
1282 1841 1496 1886 consistit
1521 1840 1569 1884 in
1597 1839 1777 1883 actione
1798 1842 1844 1882 et
1863 1849 1971 1893 pas-

103 1903 249 1948 sione.
271 1903 342 1947 Sic
365 1916 475 1960 ergo
499 1904 747 1948 dicendum
769 1908 839 1948 est
857 1904 982 1960 quod
1004 1904 1151 1960 prima
1184 1908 1230 1947 et
1265 1902 1532 1958 principalis
1564 1899 1820 1945 differentia
1849 1898 1972 1943 inter

90 1965 465 2022 assumptionem
482 1970 531 2010 et
552 1966 770 2010 unionem
788 1970 862 2009 est
880 1965 1004 2020 quod
1031 1964 1142 2008 unio
1176 1963 1392 2020 importat
1424 1964 1570 2019 ipsam
1594 1962 1880 2015 relationem,
1899 1973 1972 2006 as-

98 2026 302 2082 sumptio
324 2030 479 2070 autem
502 2027 746 2083 actionem,
771 2026 1030 2070 secundum
1050 2038 1192 2082 quam
1218 2025 1390 2070 dicitur
1415 2024 1583 2081 aliquis
1607 2035 1876 2077 assumens3
1897 2022 1972 2068 vel

98 2087 380 2144 passionem,
401 2088 659 2132 secundum
687 2101 828 2144 quam
855 2089 1025 2133 dicitur
1053 2086 1226 2143 aliquid
1257 2091 1565 2143 assumptum.
1604 2089 1668 2129 Ex
1698 2086 1784 2129 hac
1815 2088 1967 2130 autem

95 2148 356 2194 differentia
377 2149 599 2205 accipitur
618 2149 824 2194 secundo
847 2150 935 2192 alia
953 2148 1240 2194 differentia:
1261 2160 1371 2192 nam
1391 2147 1648 2204 assumptio
1667 2146 1835 2190 dicitur
1850 2147 1972 2191 sicut

99 2210 149 2254 in
172 2208 287 2267 fieri,
303 2210 415 2255 unio
437 2219 593 2255 autem
626 2211 746 2255 sicut
778 2211 826 2254 in
858 2210 978 2255 facto
1009 2222 1114 2255 esse
1132 2224 1145 2251 τ
1169 2214 1215 2254 et
1237 2209 1342 2254 ideo
1368 2209 1540 2254 uniens
1556 2209 1722 2253 dicitur
1743 2220 1845 2252 esse
1865 2207 1971 2252 uni—

100 2276 219 2328 tum,
239 2284 483 2317 assumens
505 2277 659 2317 autem
682 2286 776 2317 non
795 2272 962 2318 dicitur
980 2284 1085 2316 esse
1101 2276 1414 2328 assumptum.
1434 2274 1602 2315 Natura
1625 2270 1745 2314 enim
1770 2271 1973 2314 humana

96 2334 387 2390 significatur
406 2338 456 2379 ut
478 2334 528 2378 in
556 2335 754 2379 termino
782 2335 1115 2390 assumptionis
1143 2335 1203 2380 ad
1233 2334 1519 2391 hypostasim
1542 2333 1763 2388 divinam,
1782 2345 1864 2390 per
1884 2334 1972 2378 hoc

101 2395 225 2452 quod
245 2395 409 2440 dicitur
429 2396 597 2440 homo:
622 2397 748 2441 unde
774 2397 880 2441 vere
902 2396 1101 2441 dicimus
1135 2394 1259 2453 quod
1287 2395 1428 2440 Filius
1458 2395 1564 2449 Dei,
1594 2395 1673 2451 qui
1706 2399 1776 2438 est
1803 2394 1973 2440 uniens

100 2456 189 2501 sibi
208 2457 458 2501 humanam
481 2462 711 2510 naturam,
731 2463 804 2501 est
825 2458 978 2501 homo.
1003 2458 1090 2502 Sed
1112 2458 1315 2501 humana
1338 2461 1504 2500 natura
1523 2456 1573 2500 in
1593 2468 1643 2500 se
1664 2456 1969 2513 considerata,

100 2517 148 2563 id
180 2523 269 2575 est,
296 2518 345 2562 in
375 2518 619 2575 abstracto,
648 2519 935 2575 significatur
964 2523 1018 2563 ut
1044 2523 1312 2574 assumpta:
1337 2531 1432 2562 non
1451 2522 1606 2562 autem
1627 2518 1825 2562 dicimus
1847 2518 1969 2575 quod

102 2579 240 2624 Filius
258 2579 336 2624 Dei
361 2580 420 2624 sit
440 2580 643 2623 humana
666 2586 846 2625 natura.
869 2583 934 2624 Ex
953 2581 1117 2626 eodem
1143 2581 1281 2625 etiam
1304 2580 1514 2637 sequitur
1532 2581 1664 2624 tertia
1685 2580 1969 2625 differentia:

101 2642 228 2699 quod
247 2642 422 2698 relatio,
444 2644 674 2700 praecipue
695 2644 1052 2701 aequiparantias,
1072 2656 1165 2689 non
1186 2644 1336 2700 magis
1355 2656 1407 2689 se
1427 2644 1565 2688 habet
1583 2644 1640 2689 ad
1660 2656 1805 2688 unum
1824 2648 1973 2689 extre-

107 2714 231 2747 mum
250 2704 390 2760 quam
414 2703 473 2748 ad
501 2704 651 2760 aliud3
680 2705 798 2749 actio
827 2710 983 2750 autem
1017 2710 1062 2750 et
1097 2704 1253 2762 passio
1287 2705 1594 2749 diversimode
1627 2717 1679 2749 se
1707 2704 1881 2749 habent
1913 2705 1968 2751 ad

101 2771 317 2823 agens-et
337 2765 532 2821 patiens,
552 2771 597 2810 et
625 2767 681 2811 ad
709 2767 916 2812 diversos
952 2768 1184 2812 terminos.
1209 2770 1263 2812 Et
1291 2767 1395 2812 ideo
1422 2767 1676 2823 assumptio
1698 2767 1973 2812 determinat

104 2825 351 2870 terminum
374 2827 404 2870 ὰ
422 2840 506 2883 quo
529 2832 575 2871 et
597 2829 661 2872 ad
683 2842 811 2884 quem
827 2844 842 2869 :
865 2828 1034 2874 dicitur
1054 2829 1178 2873 enim
1201 2828 1472 2886 assumptio,
1495 2829 1626 2886 quasi
1648 2828 1705 2872 ab
1729 2829 1818 2872 alio
1841 2827 1900 2873 ad
1921 2841 1973 2874 se

103 2886 318 2942 sumptio.
342 2887 455 2932 Unio
478 2894 632 2933 autem
654 2890 766 2934 nihil
795 2891 957 2935 horum
981 2890 1257 2936 determinat
1279 2905 1289 2933 x
1313 2891 1439 2935 unde
1466 2891 1781 2935 indifferenter
1807 2889 1974 2935 dicitur

103 2946 229 3017 quod
248 2947 451 2992 humana
472 2954 636 2994 natura
655 2956 725 2995 est
743 2952 872 2997 unita
896 2953 1080 3008 divinae,
1101 2957 1148 2998 et
1170 2952 1196 2997 e
1218 2964 1460 2997 converso.
1490 2955 1585 2996 Non
1622 2956 1778 2996 autem
1806 2951 1974 2997 dicitur

104 3007 259 3078 dix-rina
279 3013 444 3052 natura
462 3017 698 3067 assumpta
714 3013 773 3057 ab
792 3015 1012 3068 humana,
1030 3015 1112 3059 sed
1132 3015 1159 3059 e
1178 3026 1430 3058 converso:
1455 3012 1565 3069 quia
1583 3014 1787 3057 humana
1807 3018 1973 3059 natura

103 3069 321 3125 adjuncta
344 3074 415 3114 est
433 3070 490 3114 ad
513 3074 884 3126 personalitatem
903 3076 1120 3130 divinam,
1145 3080 1198 3120 ut
1218 3075 1397 3120 scilicet
1413 3087 1613 3131 persona
1636 3075 1791 3120 divina
1811 3075 1861 3119 in
1883 3075 1971 3120 hu-

103 3142 242 3175 mana
260 3135 424 3175 natura
444 3131 681 3178 subsistat.

158 3192 224 3237 Ad
240 3195 435 3248 primum
459 3206 569 3250 ergo
598 3194 865 3252 dicendum,
894 3197 1018 3253 quod
1047 3198 1159 3242 unio
1185 3201 1232 3242 et
1258 3198 1512 3254 assumptio
1536 3210 1630 3242 non
1651 3198 1812 3243 eodem
1835 3198 1973 3242 modo

118 3358 126 3365 ι
145 3311 188 3352 (4)
205 3311 301 3352 Apud
322 3313 457 3348 Latinos
478 3315 667 3349 incarnatio
690 3315 792 3350 Verbi
816 3316 919 3350 divini
937 3317 992 3352 de-
1078 3318 1239 3353 unionem
1263 3322 1300 3354 et
1323 3319 1584 3360 assumptionem
1603 3330 1672 3353 non
1695 3332 1765 3355 esse
1782 3318 1972 3354 formaliter

101 3364 251 3399 aguntur
268 3371 328 3400 per
339 3360 407 3395 haec
424 3361 525 3396 verba
540 3374 548 3395 :
566 3364 761 3406 susceptio,
779 3366 991 3408 assumptio,
1075 3365 1179 3401 idem.

101 3407 316 3442 incarnatio
328 3432 338 3447 ‚
354 3408 609 3444 inhumanatio
621 3437 630 3450 ,
645 3411 916 3455 incorporatio,
933 3412 991 3452 soe-
1115 3414 1157 3454 (2)
1174 3415 1213 3448 In
1228 3415 1393 3450 alterutro
1412 3420 1638 3450 extremorum
1653 3445 1663 3458 ,
1685 3426 1752 3449 non
1771 3413 1808 3448 in
1826 3417 1971 3455 utroque

102 3453 264 3495 deratio,
285 3456 491 3490 commixtio
506 3481 516 3496 ,
541 3459 745 3499 conventio,
768 3461 965 3494 oeconomia
977 3486 987 3500 ,
1073 3472 1224 3505 καιρίῃ-ς
1243 3463 1332 3498 unde
1348 3475 1411 3499 nec
1426 3463 1482 3498 hic
1499 3463 1536 3498 in
1555 3465 1638 3506 Deo,
1657 3466 1721 3497 etc.

101 3500 371 3545 obtemperem„
394 3503 433 3538 Ie
460 3504 522 3538 hoc
539 3505 682 3540 articulo
700 3507 734 3541 S.
757 3507 882 3540 Doctor
895 3507 989 3542 docet
