2170 3808
186 212 273 255 300
720 207 920 260 QUAEST.
955 207 1137 261 XXXVI,
1167 207 1285 251 ΛΒΤ.
1317 208 1369 251 111
1398 208 1462 251 ET
1490 208 1558 252 IV.

185 295 341 336 tamen
366 297 436 336 est
458 290 596 336 etiam
630 290 678 334 in
714 288 817 333 aliis
840 287 1050 345 partibus
1079 288 1242 333 mundi
1265 289 1420 347 aliqua
1441 290 1612 335 indicia
1646 288 1897 335 natIvitatis
1925 287 2084 337 Christi
2161 343 2163 347 ι

187 354 460 409 apparuisse
471 386 483 406 ,
499 350 620 396 sicut
653 353 806 394 Romae
822 349 956 394 fluxit
975 349 1147 403 oleum,
1168 355 1215 394 et
1233 350 1282 394 in
1294 350 1511 407 Hispania
1525 356 1842 409 apparuerunt
1860 357 1953 395 tres
1966 350 2084 395 soles

187 414 408 471 paulatim
434 413 481 457 in
503 424 651 457 uuum
677 416 902 457 coeuntes
924 412 983 467 (1)
1017 411 1200 466 (Euseb.
1225 411 1272 455 in
1306 412 1490 470 Chron.,
1515 418 1564 459 et
1583 413 1881 458 Innocentius
1899 413 1967 468 111,
1987 422 2088 456 ser-
2165 474 2168 479 ἡ

187 487 325 520 mone
344 475 402 519 de
425 474 608 529 NatiV.).

242 537 309 582 Ad
332 541 548 593 quartum
567 535 835 588 dicendum,
862 534 1005 593 quod,
1026 535 1148 580 sicut
1167 536 1524 592 Chrysostomus
1547 536 1660 582 dicit
1679 536 1894 592 (habetur
1912 536 1960 580 in
1990 536 2084 581 Cat.
2151 567 2170 584 *2

108 642 111 646 .
186 611 286 643 aur.
310 601 354 644 S.
370 599 547 655 Thom.,
569 611 675 655 sup.
696 611 799 655 cap.
816 601 844 643 2
866 599 1017 652 Luc.):
1037 597 1279 653 «Angelus
1301 598 1605 644 manifestans
1622 598 1787 643 Christi
1803 597 2088 643 nativitatem

190 672 283 704 non
325 660 408 704 ivit
429 660 812 718 Hierosolymam,
837 671 932 704 non
956 659 1196 715 requisivit
1226 658 1404 705 scribas
1428 664 1476 719 et
1502 660 1772 717 pharisaeos,
1795 663 1929 705 erant
1962 658 2086 703 enim

187 723 408 779 corrupti,
433 728 478 767 et
491 736 586 780 prae
605 721 777 767 invidia
789 720 1141 777 cruciabantur3
1157 721 1237 766 sed
1265 725 1472 776 pastores
1493 727 1626 767 erant
1644 722 1831 779 sinceri,
1850 721 2087 778 antiquam

187 785 588 829 conversationem
611 783 978 840 patriarcharum
1000 788 1047 828 et
1065 784 1207 842 Moysi
1228 783 1483 829 colentes.»
1503 786 1587 830 Per
1608 785 1694 830 hos
1717 785 1857 830 etiam
1879 788 2089 841 pastores

186 847 572 903 significabantur
584 847 798 892 doctores
818 845 1050 904 Ecclesiae,
1071 846 1245 904 quibus
1265 846 1428 891 Christi
1449 847 1670 905 mysteria
1689 847 1971 903 revelantur,
1982 857 2088 904 quae

187 907 393 954 latebant
413 912 434 953 J
440 909 614 954 udaeos.
2070 941 2072 944 v

243 971 308 1015 Ad
330 974 533 1027 quintum
555 971 822 1028 dicendum,
847 970 989 1028 quod,
1014 970 1136 1016 sicut
1165 969 1434 1016 Ambrosius
1450 970 1562 1017 dicit
1581 974 1739 1029 (super
1757 971 1868 1016 illud
1889 973 1997 1016 Luc.
2017 982 2047 1014 11
2072 988 2086 1019 ι

188 1034 248 1076 Et
262 1046 359 1076 ecce
388 1032 515 1075 ltomo
545 1036 665 1089 erat,
689 1033 831 1088 etc.):
856 1052 877 1072 ιι
892 1031 1128 1090 generatio
1151 1032 1330 1077 Domini
1354 1045 1445 1078 non
1472 1032 1624 1078 solum
1644 1032 1672 1078 a
1690 1032 1962 1090 J'uvenibus,
2005 1030 2089 1076 sed

185 1092 325 1137 etiam
347 1094 374 1137 a
403 1094 668 1139 senioribus
687 1098 733 1139 et
747 1094 888 1151 justis
907 1094 1118 1151 accipere
1141 1093 1301 1139 debuit
1325 1093 1703 1151 testimonium3»
1726 1106 1926 1152 quorum
1949 1092 2087 1138 etiam

188 1156 450 1200 testimonio
474 1163 661 1214 propter
675 1157 905 1215 J‘ustitiam
928 1157 1078 1213 magis
1102 1156 1395 1201 credebatur.

186 1225 532 1270 ARTICULUS
545 1228 629 1270 lv.
648 1249 703 1257 -
722 1239 863 1269 υτιιυιι
882 1237 1083 1269 cutus’rus
1108 1238 1184 1267 run
1203 1238 1373 1269 smrsuu
1390 1238 1662 1269 mrtvrrxreu
1684 1238 1790 1269 sum
1810 1237 2088 1269 mmmsnun
2152 1235 2155 1238 ’

242 1347 309 1392 Ad
321 1352 539 1405 quartum
560 1347 629 1392 sic
649 1347 932 1405 proceditur.
953 1289 1353 1405 isffitgffirfflbd
1371 1349 1579 1394 Christus
1596 1361 1680 1406 per
1698 1349 1903 1407 seipsum
1923 1348 2088 1394 nativi-

189 1414 329 1455 tatem
355 1422 488 1455 suam
513 1411 812 1456 manifestare
833 1410 1059 1456 debuerit.
1083 1413 1230 1455 Causa
1255 1411 1382 1455 enim
1406 1422 1512 1468 quae
1530 1416 1602 1456 est
1625 1424 1708 1468 per
1730 1424 1797 1467 se,
1819 1423 2002 1468 semper
2018 1415 2090 1456 est
2148 1431 2149 1434 ¹

189 1471 339 1529 potior
353 1475 409 1517 ea
421 1484 527 1529 quae
541 1480 613 1517 est
626 1485 710 1529 per
720 1472 862 1531 aliud,
879 1478 930 1517 ut
945 1472 1114 1517 dicitur
1125 1473 1325 1530 (Physic.
1345 1472 1423 1517 lib.
1442 1486 1532 1528 vm,
1551 1478 1665 1519 text.
1679 1476 1767 1528 39).
1784 1474 1872 1519 Sed
1885 1473 2090 1519 Christus
2147 1524 2149 1527 v

186 1546 325 1579 suam
348 1534 639 1579 nativitatem
662 1534 976 1579 manifestavit
1009 1547 1092 1592 per
1112 1534 1244 1591 alios,
1270 1534 1382 1592 puta
1418 1534 1682 1592 pastoribus
1710 1548 1793 1593 per
1814 1535 2021 1592 angelos,
2043 1540 2090 1582 et

188 1597 339 1653 magis
351 1609 432 1653 per
450 1596 791 1654 stellam..Erg0
813 1597 960 1643 multo
978 1597 1128 1655 magis
1148 1610 1231 1654 per
1249 1597 1456 1655 seipsum
1471 1597 1632 1643 debuit
1649 1610 1783 1644 suam
1805 1597 2089 1644 nativitatem
2148 1639 2154 1667 .·

188 1659 502 1704 manifestare.

244 1724 286 1766 2.
319 1723 543 1765 Praeterea
564 1720 719 1773 (Eeeli.
743 1735 812 1776 xx,
846 1724 933 1776 32),
965 1721 1134 1767 dicitur
1170 1736 1182 1765 t
1212 1725 1449 1779 Sapientia
1484 1723 1753 1767 abscondita
1775 1725 1820 1767 et
1852 1720 2089 1767 thesaurus
2154 1700 2164 1719 θ

187 1787 374 1840 invisus,
407 1796 503 1838 quae
522 1784 696 1827 utilitas
709 1788 757 1827 in
774 1784 1009 1839 utrisque?
1027 1784 1115 1829 Sed
1130 1784 1338 1830 Christus
1357 1785 1384 1828 a
1406 1785 1633 1842 principio
1654 1797 1751 1829 suae
1772 1782 2090 1841 conceptionis
2152 1783 2170 1835 '5³

187 1846 326 1903 plene
349 1845 510 1891 habuit
538 1845 777 1902 sapientiae
798 1851 846 1891 et
865 1845 1025 1903 gratiae
1048 1848 1334 1892 thesaurum.
1359 1847 1450 1892 Nisi
1477 1859 1591 1905 ergo
1609 1847 1731 1892 hanc
1752 1846 2088 1904 plenitudinem

189 1907 536 1952 manifestasset
550 1919 633 1963 per
653 1919 794 1964 opera
809 1912 856 1953 et
870 1908 1030 1965 verba,
1046 1908 1210 1953 fuisset
1229 1908 1400 1953 frustra
1416 1908 1459 1954 ei
1481 1908 1589 1954 data
1604 1908 1832 1965 sapientia
1846 1914 1893 1954 et
1911 1910 2058 1966 gratia
2074 1923 2086 1953 ε
2158 1906 2160 1914 “

188 1968 317 2026 quod
339 1974 411 2014 est
426 1969 779 2026 inconvenienS,
798 1970 908 2027 quia
928 1973 1049 2015 Deus
1066 1976 1110 2016 et
1133 1977 1300 2015 natura
1321 1971 1434 2016 nihil
1454 1972 1628 2016 frustra
1639 1972 1832 2031 faciunt,
1853 1975 1905 2017 ut
1922 1971 2091 2018 dicitur

187 2033 268 2089 (De
292 2033 429 2086 coelo,
452 2033 533 2077 lib.
559 2046 590 2086 1,
616 2037 729 2078 text.
751 2036 823 2089 32,
847 2038 895 2078 et
916 2034 995 2078 lib.
1019 2048 1063 2090 n,
1091 2039 1205 2079 text.
1229 2037 1319 2091 59).

246 2098 287 2139 3.
319 2097 557 2150 Praeterea,
585 2094 631 2138 in
666 2094 745 2139 lib.
782 2099 844 2141 De
866 2096 1060 2141 infantia
1085 2097 1332 2141 salvatoris
1364 2096 1533 2152 legitur
1554 2096 1679 2154 quod
1697 2097 1904 2143 Christus
1925 2098 1972 2143 in
2005 2111 2092 2144 sua

190 2157 387 2215 pueritia
411 2157 557 2201 multa
595 2158 820 2212 miracula
847 2158 978 2216 fecit3
1003 2164 1049 2204 et
1071 2160 1134 2204 ita
1157 2159 1339 2205 videtur
1358 2158 1484 2216 quod
1521 2171 1655 2205 suam
1689 2160 1974 2206 nativitatem
2007 2174 2092 2219 per
2150 2148 2160 2205 9.

190 2219 398 2274 seipsum
430 2218 809 2264 manifestaverit.

247 2280 334 2325 Sed
355 2285 516 2324 contra
531 2286 601 2325 est
620 2282 744 2337 quod
767 2284 853 2326 Leo
870 2294 990 2339 papa
1011 2282 1122 2328 dicit
1139 2285 1295 2339 (serm.
1320 2286 1364 2340 4,
1386 2283 1444 2328 de
1464 2283 1685 2341 Epiphan.
1709 2297 1812 2341 cap.
1834 2287 1876 2339 3,
1901 2284 1960 2330 ad
1974 2286 2088 2342 fin.),

190 2343 315 2401 qued
344 2342 485 2398 «Magi
524 2342 803 2387 invenerunt
833 2349 880 2388 et
917 2344 1229 2390 adoraverunt
1248 2357 1446 2402 puerum
1474 2348 1650 2402 Jesum,
1681 2347 1728 2390 in
1764 2346 1891 2391 nullo
1919 2348 1979 2393 ab
2005 2348 2092 2394 hu-
2150 2359 2170 2407 ξς

190 2417 343 2451 manae
380 2404 583 2448 infantiae
617 2406 914 2460 generalitate
941 2407 1268 2452 dissimilem.»
1309 2407 1398 2452 Sed
1421 2408 1497 2452 alii
1542 2408 1743 2453 infantes
1778 2421 1871 2453 non
1913 2410 2091 2468 seipsos

190 2467 506 2512 manifestant.
522 2468 641 2523 Ergo
654 2478 806 2524 neque
822 2467 975 2512 decuit
986 2468 1110 2525 quod
1122 2469 1327 2514 Christus
1339 2481 1422 2526 per
1436 2469 1643 2526 seipsum
1656 2482 1790 2514 suam
1805 2470 2088 2518 nativitatem

190 2528 524 2573 manifestaret.

239 2595 534 2636 CONCLUSIO.
556 2618 605 2624 —
627 2596 770 2636 necuit
786 2596 999 2638 Christum
1020 2609 1101 2637 non
1118 2610 1188 2650 per
1206 2599 1401 2650 seipsum,
1423 2599 1493 2640 sed
1510 2611 1579 2652 per
1597 2599 1700 2640 alias
1721 2602 1924 2641 creaturas
1941 2603 2090 2643 nativi·

191 2653 317 2693 tatem
337 2663 455 2691 suam
477 2651 753 2700 manifestare,
775 2663 825 2692 ne
843 2652 938 2693 fidei
964 2655 1235 2706 propagandae
1256 2655 1530 2706 derogaretur.

247 2715 516 2771 Respondeo
535 2715 785 2760 dicendum
818 2716 944 2772 quod
967 2717 1185 2762 nativitas
1203 2718 1367 2762 Christi
1389 2718 1449 2763 ad
1468 2719 1720 2762 humanam
1743 2719 1941 2764 salutem
1964 2722 2092 2768 ordi·

195 2777 410 2833 nubatur,
439 2790 545 2834 quae
567 2778 755 2834 quidem
780 2783 852 2823 est
872 2792 953 2835 per
977 2779 1145 2836 fidem3
1173 2778 1289 2826 fides
1310 2786 1465 2826 autem
1496 2779 1714 2825 salutaris
1734 2780 2015 2828 divinitatem
2043 2789 2092 2832 et
2145 2806 2149 2827 ·,

194 2839 527 2885 humanitatem
563 2838 724 2884 Christi
758 2840 1020 2886 confitetur.
1054 2843 1301 2899 Oportebat
1333 2843 1474 2899 igitur
1507 2842 1570 2887 ita
1608 2842 1889 2888 manifestari
1927 2846 2090 2892 nativi-
2146 2867 2153 2886 s

194 2907 335 2946 tatem
376 2901 557 2956 Christi,
596 2906 647 2946 ut
669 2901 1001 2948 demonstratio
1042 2904 1299 2949 divinitatis
1321 2904 1423 2961 ejus
1459 2902 1567 2949 fidei
1606 2905 1908 2951 humanitatis
1943 2906 2089 2965 ipsius

194 2975 288 3008 non
326 2963 663 3019 praejtidiearet.
688 2966 780 3008 lloc
816 2970 972 3010 autem
994 2966 1166 3012 factum
1197 2971 1269 3012 est
1300 2966 1413 3012 dum
1437 2966 1643 3011 Christus
1672 2966 1720 3011 in
1748 2967 1901 3024 seipso
1926 2970 2088 3015 nativi-

162 3029 334 3069 ·tatem
370 3025 568 3070 similem
612 3024 867 3071 infirmitati
911 3028 1127 3073 humana:
1170 3028 1410 3082 exhibuit,
1436 3032 1483 3073 et
1524 3033 1678 3074 tamen
1725 3042 1808 3086 per
1848 3030 1921 3075 Dei
1959 3044 2088 3077 crea-

194 3132 252 3163 pas
268 3132 355 3154 assez
373 3147 380 3159 ,
407 3121 454 3155 ait
469 3122 670 3162 Bossuetius.
690 3122 732 3157 de
756 3125 866 3159 saveir
884 3124 983 3165 qu’ils
998 3126 1096 3159 vien·
1183 3125 1375 3161 Nativitatis
1388 3124 1479 3160 diem
1498 3124 1551 3160 vel
1569 3126 1639 3167 ipso
1651 3125 1718 3165 dio.
1731 3124 1930 3167 Olympiade
1948 3129 2004 3164 tot
2020 3127 2083 3166 sim

194 3173 277 3203 nent
297 3169 340 3201 ‹lu
367 3179 445 3209 pays
477 3168 517 3203 de
547 3168 765 3212 l'iwxorance,
785 3172 830 3206 ‹lu
856 3173 972 3207 milieu
1000 3173 1041 3207 de
1067 3173 1097 3207 la
1185 3176 1324 3214 August.
1345 3186 1433 3209 anuo
1449 3174 1504 3208 112.

195 3215 347 3255 *rc-utilit(¹
367 3217 410 3250 οὺ
430 3216 511 3250 υἰευ
532 3216 650 3251 n’6tuit
666 3230 723 3258 pas
738 3231 870 3258 connu.
890 3221 923 3254 ni
940 3221 970 3255 le
987 3222 1099 3256 Christ
1225 3222 1269 3262 22,
1289 3223 1388 3258 isaias
1409 3221 1581 3257 Christum
1606 3221 1643 3256 in
1666 3221 1809 3256 infantia
1825 3226 1857 3257 et
1875 3223 2020 3264 pueritia
2042 3225 2080 3258 si·

195 3264 333 3298 attendit
358 3271 393 3299 et
418 3263 569 3305 promis?
597 3266 838 3310 (Elevaciom,
863 3269 923 3303 472
936 3271 1097 3314 semaiae,
1184 3270 1300 3306 milam
1316 3269 1391 3305 aliis
1410 3269 1604 3304 hominibus
1627 3281 1698 3304 esse
1717 3269 1869 3305 futurum
1890 3270 2087 3311 pradia-rut

197 3314 282 3347 ι’·ὶόν.
307 3313 365 3354 ιν).
1182 3319 1239 3360 (ls.
1266 3318 1342 3358 viti)
1369 3331 1377 3352 ι
1402 3318 1607 3361 Antequam
1633 3321 1727 3352 wint
1754 3329 1848 3359 puer
1871 3329 1999 3355 vocare
2017 3330 2083 3363 pa·
2133 3354 2139 3365 ‚

234 3361 280 3403 (Ι)
308 3361 403 3403 Quod
429 3360 536 3396 refert
560 3362 722 3398 Eusebius
757 3365 936 3405 contigisse
968 3366 1098 3408 aliquot
1185 3369 1274 3401 trem
1296 3377 1403 3401 suum
1431 3370 1465 3401 et
1490 3370 1657 3406 matrem,
1688 3367 1881 3410 auferam·
1906 3366 2084 3411 fortitudo

195 3409 293 3443 annis
317 3414 394 3444 anto
427 3410 637 3444 nativitatem
664 3412 802 3452 Chris-ti,
832 3423 952 3455 nempe
982 3414 1098 3454 Olym·
1187 3415 1356 3450 Damasci
1375 3417 1407 3450 el
1426 3415 1548 3458 spolia
1563 3414 1763 3451 Samaria.

196 3456 294 3498 piade
318 3458 387 3499 184,
405 3458 473 3493 sive
496 3459 631 3499 August.
649 3471 738 3494 anxio
763 3461 796 3500 ὅ.
816 3473 882 3495 non
905 3461 967 3497 sub
988 3462 1096 3504 ipsum
