2170 3808
215 314 297 355 204
849 309 1048 362 QUAEST.
1078 309 1230 365 xxm,
1261 309 1378 351 ART.
1409 310 1479 352 111.

215 395 425 451 Quadam
447 397 598 437 autem
621 393 695 436 die
719 394 820 436 ciem
840 395 1103 436 assisterent
1130 391 1216 446 filit·
1236 394 1322 435 Dei
1354 404 1509 434 coram
1536 395 1742 435 Domino.
1777 393 1896 447 Ergo
1919 403 2015 435 non
2041 399 2111 440 est

214 456 451 513 proprium
473 460 698 500 creaturae
716 454 959 499 rationalis
983 453 1210 511 adoptari.
1577 476 1598 484 s·

269 521 311 563 3.
338 520 577 574 Praeterea,
600 517 726 573 quod
741 523 813 562 est
834 517 1073 574 proprium
1097 515 1232 560 alicui
1250 519 1431 560 naturae
1452 516 1672 560 convenit
1695 515 1914 560 omnibus
1933 515 2111 561 haben-

216 579 340 630 tibus
359 585 572 623 naturam
593 578 744 635 illam3
767 579 889 624 sicut
903 578 1080 624 risibile
1091 577 1310 622 convenit
1328 577 1549 622 omnibus
1565 577 1851 622 hominihus.
1874 577 1960 622 Sed
1972 578 2111 635 adop-

215 641 301 684 tari
318 653 412 684 non
436 641 654 685 convenit
677 641 804 685 omni
831 640 1043 685 rationali
1071 643 1266 683 naturae.
1290 641 1409 694 Ergo
1428 639 1636 696 adoptari
1664 652 1758 683 non
1779 643 1851 684 est
1873 638 2109 696 proprium

214 702 452 746 rationalis
475 707 718 747 creaturae.
2149 751 2154 754 .

269 764 359 809 Sed
373 768 530 807 contra
545 768 616 808 est
631 763 756 820 quod
771 763 852 807 filii
872 762 1075 819 adoptati
1096 766 1209 806 sunt
1221 761 1426 806 haeredes
1443 762 1539 820 Dei,
1556 767 1610 807 ut
1627 766 1753 819 patet
1766 765 1911 817 (Rom.
1925 766 2016 817 vm)
2031 764 2107 819 (1).

214 825 301 870 Sed
326 825 430 869 talis
462 824 708 869 haereditas
741 823 960 868 convenit
991 822 1078 868 soli
1109 821 1324 866 rationali
1357 827 1597 868 creaturae.
1630 826 1749 880 Ergo
1771 824 2010 882 proprium
2038 828 2111 870 est

214 891 441 932 creaturae
459 887 699 931 rationalis
721 885 947 942 adoptari.

263 956 554 996 CONCLUSIO.
582 977 628 984 -
654 953 739 994 Soli
764 953 955 994 rationali
986 955 1182 993 creaturae
1203 952 1397 994 convenit
1414 952 1459 993 in
1488 952 1598 994 filios
1622 953 1695 994 Dei
1718 953 1926 1006 adoptari,
1950 958 1993 996 at
2021 967 2104 996 non
2164 998 2170 1004 ,

214 1019 346 1068 omni,
363 1018 433 1058 sed
447 1018 581 1057 solum
599 1017 842 1058 charitatem
861 1016 1044 1057 habenti.

267 1082 539 1137 Respondeo
563 1081 811 1126 dicendum
833 1080 973 1139 quod,
1013 1080 1134 1125 sicut
1165 1078 1342 1124 dictum
1378 1082 1451 1123 est
1480 1080 1584 1134 (art.
1612 1092 1751 1136 praec.
1782 1081 1839 1127 ad
1863 1083 1925 1139 3),
1948 1079 2106 1125 filiatio

213 1143 477 1200 adoptionis
499 1147 572 1188 est
605 1144 820 1200 quaedam
860 1141 1114 1187 similitudo
1136 1139 1371 1185 filiationis
1407 1140 1654 1186 naturalis.
1674 1142 1813 1187 Filius
1839 1147 1997 1187 autem
2028 1141 2105 1187 Dei

212 1205 485 1249 naturaliter
503 1205 711 1261 procedit
725 1205 752 1249 a
765 1207 896 1250 Patre
915 1210 968 1249 ut
989 1203 1189 1248 Verbum
1210 1202 1539 1258 intellectuale,
1562 1215 1710 1248 unum
1729 1216 1838 1248 cum
1854 1204 1956 1260 ipso
1975 1207 2106 1249 Patre

211 1268 433 1312 existens.
456 1267 567 1311 Huic
591 1280 703 1324 ergo
725 1267 871 1312 Verbo
887 1266 1125 1323 tripliciter
1140 1270 1292 1322 potest
1308 1265 1483 1322 aliquid
1501 1266 1748 1310 assimilari
1769 1279 1783 1311 ε
1802 1279 1899 1311 uno
1918 1266 2106 1323 quidem

212 1329 351 1373 modo
369 1329 629 1373 secundnm
649 1329 878 1374 rationem
892 1329 1070 1384 formae,
1087 1340 1182 1371 non
1203 1333 1358 1371 autem
1381 1327 1641 1371 secundum
1661 1328 2103 1373 intellectualitatem

211 1391 359 1448 ipsius
385 1405 397 1435 ι
418 1390 537 1435 sicut
559 1391 707 1435 forma
731 1391 899 1435 domus
919 1390 1125 1435 exteriuS
1149 1389 1411 1434 constitutae
1441 1389 1725 1434 assimilatur
1746 1390 1889 1435 verbo
1915 1390 2105 1435 mentali
2164 1388 2166 1390 ’

211 1453 400 1497 artificis
426 1453 684 1497 secundum
711 1453 915 1508 speciem
947 1453 1137 1508 formae3
1163 1456 1434 1496 nonautem
1459 1452 1719 1496 secundum
1738 1452 2106 1497 intellectualita-
2168 1499 2170 1504 .

211 1520 305 1559 tem
335 1517 407 1570 (2),
429 1514 539 1571 quia
561 1515 708 1558 forma
728 1515 895 1558 domus
917 1515 964 1558 in
988 1514 1182 1558 materia
1205 1526 1299 1558 non
1331 1518 1403 1558 est
1436 1513 1742 1570 intelligibilis
1764 1516 1841 1570 (3),
1866 1515 1986 1559 sicut
2007 1520 2106 1560 erat
2166 1559 2170 1570 ,,

210 1577 258 1621 in
277 1581 435 1621 mente
454 1576 659 1620 artificis.
694 1579 747 1620 Et
763 1577 853 1621 hoc
883 1576 1021 1621 modo
1042 1575 1189 1620 Verbo
1207 1585 1380 1620 aeterno
1416 1575 1701 1622 assimilatur
1735 1576 1956 1634 quaelibet
1979 1589 2105 1622 crea-

210 1644 329 1695 tura,
354 1639 461 1682 cum
484 1638 543 1683 sit
554 1638 678 1682 facta
696 1650 779 1694 per
793 1638 1008 1683 Verbum.
1029 1637 1238 1683 Secundo
1257 1637 1395 1682 modo
1414 1638 1698 1683 assimilatur
1715 1642 1927 1683 creatura
1940 1639 2103 1693 Verbo,

211 1712 304 1744 non
326 1700 477 1743 solum
500 1703 728 1755 quantum
759 1700 819 1744 ad
839 1700 1065 1744 rationem
1084 1699 1260 1755 formae,
1290 1699 1374 1744 sed
1393 1699 1532 1744 etiam
1565 1704 1794 1756 quantum
1819 1700 1877 1745 ad
1898 1700 2105 1745 intellec·
2165 1699 2170 1704 ’

210 1762 467 1806 tualitatem
492 1761 665 1818 ipsius3
704 1762 826 1806 sicut
857 1763 1051 1807 scientia
1083 1775 1190 1819 quae
1221 1762 1274 1806 fit
1300 1762 1348 1804 in
1373 1766 1530 1806 mente
1550 1761 1785 1819 discipuli,
1822 1762 2107 1807 assimilatur
2164 1760 2170 1796 ἓ

209 1823 353 1868 verbo
372 1824 495 1879 quod
517 1828 588 1868 est
610 1823 657 1867 in
678 1829 835 1869 mente
854 1824 1080 1881 magistri.
1101 1827 1156 1869 Et
1177 1824 1267 1868 hoc
1288 1823 1427 1868 modo
1447 1829 1661 1869 creatura
1679 1824 1935 1881 rationalis,
1965 1823 2103 1870 etiam

210 1885 471 1930 secundum
496 1897 628 1929 suam
651 1892 865 1930 naturam
892 1887 1176 1931 assimilatur
1199 1885 1345 1930 Verbo
1366 1884 1460 1930 Dei.
1490 1886 1636 1930 Tertio
1661 1886 1800 1931 modo
1823 1886 2106 1932 assimilatur

209 1952 423 1991 creatura
446 1947 593 1991 Verbo
618 1947 694 1991 Dei
729 1953 904 1992 aeterno
927 1948 1189 1993 secundum
1215 1947 1442 1992 unitatem
1476 1958 1618 2004 quam
1644 1947 1783 1992 habet
1812 1948 1871 1992 ad
1897 1950 2101 2005 Patrem3
2165 1958 2170 1966 ·

207 2007 334 2065 quod
367 2008 555 2064 quidem
579 2008 630 2052 fit
651 2021 734 2066 per
756 2009 952 2066 gratiam
978 2014 1024 2054 et
1053 2010 1341 2054 charitatem.
1369 2008 1499 2053 Unde
1519 2009 1743 2054 Dominus
1761 2014 1862 2053 orat
1882 2011 1941 2064 (4)
1956 2012 2101 2055 (Joan.

207 2083 310 2124 xvii„
330 2072 401 2124 22)
423 2085 432 2112 ε
453 2073 553 2115 Sint
573 2084 713 2115 unum
731 2075 780 2114 in
798 2073 941 2130 nobis,
965 2075 1082 2116 sicut
1111 2076 1152 2116 et
1172 2085 1251 2115 nos
1270 2085 1408 2115 unum
1430 2085 1598 2116 sumus,
1629 2074 1683 2115 Et
1706 2071 1811 2116 talis
1835 2071 2105 2116 assimilatio
2164 2067 2170 2074 “

208 2132 384 2188 perficit
402 2132 633 2176 rationem
649 2133 930 2191 adoptionis⁷
950 2135 1060 2190 quia
1078 2134 1146 2179 sic
1163 2132 1429 2178 assimilatis
1445 2133 1640 2178 debetur
1655 2133 1898 2178 haereditas
1915 2139 2102 2180 aeterna.

210 2194 338 2238 Unde
361 2195 662 2239 manifestum
684 2201 757 2240 est
783 2196 909 2253 quod
933 2196 1141 2252 adoptari
1166 2195 1383 2240 convenit
1412 2195 1498 2240 soli
1527 2199 1753 2239 creaturae
1778 2194 1989 2239 rationali
2016 2197 2100 2252 (5);
2160 2195 2161 2199 ’

208 2268 303 2299 non
324 2261 482 2299 tamen
510 2257 655 2313 omni,
674 2257 754 2302 sed
780 2258 931 2302 solum
954 2257 1144 2302 habenti
1163 2257 1448 2310 charitatem,
1469 2269 1577 2314 quae
1604 2261 1669 2300 est
1688 2258 1857 2312 diffusa
1876 2260 1925 2300 in
1952 2259 2104 2302 cordi·
2161 2258 2163 2261 ’

208 2317 285 2361 bus
301 2320 468 2360 nostris
484 2331 569 2375 per
581 2321 807 2374 Spiritum
821 2323 1048 2374 sanctum,
1072 2324 1126 2364 ut
1158 2318 1326 2364 dicitur
1351 2320 1494 2371 (Rom.
1526 2320 1587 2373 v).
1611 2321 1667 2363 Et
1696 2318 1802 2363 ideo
1829 2321 1975 2370 (Rom.
2010 2321 2102 2375 vm)

209 2379 403 2436 Spiritus
423 2384 615 2423 sanctus
639 2380 808 2425 dicitur
821 2384 1022 2437 Spiritus
1044 2382 1301 2436 adoptionis
1318 2382 1534 2436 filiorum.

260 2441 325 2486 Ad
348 2445 545 2498 primum
566 2453 678 2498 ergo
700 2442 966 2501 dicendum,
997 2443 1123 2501 quod
1139 2446 1258 2488 Deus
1281 2443 1450 2488 dicitur
1467 2447 1598 2499 pater
1619 2447 1844 2488 creaturae
1866 2444 2102 2490 rationalis
2137 2464 2147 2468 -

207 2516 302 2549 non
339 2503 526 2560 proprie
552 2516 635 2559 per
666 2505 979 2562 adoptionem,
1006 2505 1089 2550 sed
1125 2517 1209 2562 per
1239 2504 1538 2563 creationem,
1574 2506 1834 2551 secundum
1868 2507 2100 2563 propriam

206 2565 606 2624 participationem
627 2571 673 2610 et
697 2567 1062 2613 similitudinem.

261 2627 327 2672 Ad
350 2628 595 2670 secundum
617 2627 883 2686 dicendum,
904 2629 1028 2686 quod
1050 2630 1203 2701 angeli
1222 2629 1442 2674 dicuntur
1461 2629 1543 2673 filii
1558 2629 1635 2673 Dei
1652 2630 1874 2675 filiatione
1895 2630 2101 2688 adoptio·

207 2689 297 2746 nis,
322 2701 417 2733 non
439 2690 550 2746 quia
579 2689 692 2745 ipsis
718 2704 773 2747 pi
775 2691 868 2735 imo
898 2692 1144 2737 conveniat
1178 2693 1256 2749 (6),
1288 2691 1372 2736 sed
1398 2692 1508 2749 quia
1527 2691 1615 2747 ipsi
1635 2691 1785 2748 primo
1803 2692 2100 2750 adoptionem

207 2751 406 2796 filiorum
428 2756 717 2808 receperunt.

259 2814 328 2859 Ad
351 2817 537 2857 tertium
572 2814 838 2872 dicendum,
861 2815 988 2872 quod
1009 2816 1195 2874 adoptio
1217 2828 1312 2860 non
1341 2820 1413 2861 est
1440 2816 1679 2873 proprium
1703 2828 1997 2874 consequens
2020 2830 2103 2862 na-

209 2881 378 2931 turam,
406 2875 490 2920 sed
510 2888 807 2932 consequens
824 2878 1037 2933 gratiam,
1061 2878 1198 2935 cujus
1209 2882 1376 2922 natura
1393 2877 1632 2922 rationalis
1651 2881 1722 2923 est
1740 2890 1917 2935 capax:
1941 2879 2103 2927 etideo

207 2950 301 2982 non
323 2942 504 2994 oportet
527 2937 652 2994 quod
672 2939 798 2983 omni
819 2940 1034 2984 rationali
1057 2946 1282 2985 creaturae
1301 2940 1565 2999 conveniat,
1589 2940 1671 2986 sed
1699 2941 1825 2998 quod
1850 2941 2003 2988 omnis
2024 2954 2101 2987 ra-

205 2999 391 3043 tionalis
413 3005 627 3044 creatura
643 3001 703 3046 sit
726 3014 873 3058 capax
897 3003 1176 3060 adoptionis.

248 3122 292 3164 (1)
283 3121 547 3163 >Ubipostquam
562 3123 690 3157 dictum
703 3128 752 3159 est
765 3128 860 3164 (vers
875 3127 927 3167 15)
939 3125 1112 3170 ·Accep2·s-
1198 3128 1279 3163 dum
1296 3131 1330 3163 et
1347 3128 1534 3164 subsistens
1555 3126 1593 3163 in
1611 3127 1713 3163 rebus
1730 3129 1824 3162 extra
1842 3127 2098 3170 cogitationem,

208 3169 254 3204 tis
272 3169 447 3211 spiritum
465 3170 694 3214 adoptionis
690 3173 866 3214 filiorum,
877 3179 910 3208 et
925 3185 1000 3208 mox
1012 3175 1110 3214 (ver.s
1198 3178 1232 3210 et
1245 3181 1559 3218 quantumcumque
1573 3177 1592 3212 a
1606 3175 1743 3211 nemine
1761 3175 1990 3216 intelligatur.

212 3216 270 3253 16)·
249 3217 359 3260 ).1pse
378 3216 548 3259 Spiritus
561 3220 807 3254 testimonium
820 3221 1112 3265 reddidicspiri-
1238 3226 1283 3267 (4)
1301 3224 1367 3259 Ρι·ο
1382 3225 1539 3266 apostolis
1552 3228 1587 3259 et
1612 3235 1674 3265 pro
1687 3223 1757 3258 illis
1781 3223 1941 3258 omnibus
1958 3224 2017 3265 qui
2039 3234 2101 3265 per

207 3264 265 3298 tui
272 3265 501 3308 nostroqudd
511 3275 637 3300 sumus
652 3268 728 3309 filii
738 3269 816 3310 Dei,
825 3269 1053 3309 subjungitur:
1065 3272 1111 3305 Si
1196 3283 1252 3306 eos
1268 3273 1302 3307 in
1322 3273 1496 3308 Christum
1518 3276 1616 3308 erant
1636 3271 1815 3306 credituri.

206 3316 329 3346 autem
345 3312 421 3355 filii
432 3316 464 3346 et
477 3313 664 3354 heoredes,
683 3316 845 3352 hoeredes
862 3317 1006 3362 quidem
1020 3319 1110 3361 Dei,·
1234 3322 1277 3363 (5)
1289 3322 1466 3357 Extensive
1478 3319 1672 3362 accipiendo
1680 3320 1869 3355 rationale
1883 3325 1983 3362 prout
1997 3320 2100 3355 etiam

206 3359 409 3395 cohaeredes
433 3363 553 3394 aulem
574 3360 726 3402 Chri-512¹,
736 3368 811 3398 etc·
1194 3368 1396 3404 substantias
1417 3367 1672 3408 intellectuales,
1700 3367 1736 3402 id
1764 3372 1826 3410 est,
1853 3368 1988 3409 angelos
2010 3379 2099 3401 com·

247 3407 292 3449 (2)
308 3407 360 3442 Al
365 3408 749 3451 ,ιήιεῑὶὶςιίὁὶὶίιαιετη
1194 3417 1387 3460 prehendit,
1399 3418 1474 3452 cum
1490 3416 1640 3458 adoptivi
1656 3428 1788 3458 quoque
1807 3416 1897 3451 infra
1911 3416 2097 3457 significen-

242 3455 286 3495 (5)
304 3455 343 3490 Id
358 3460 419 3511 est,
435 3468 502 3490 non
525 3456 626 3492 habet
651 3469 721 3492 esse
734 3460 918 3500 cogitatum
936 3463 988 3497 vel
1007 3463 1110 3499 intel-
1197 3473 1265 3501 tur.

205 3501 329 3538 lectum
345 3508 430 3539 sicut
453 3504 489 3539 in
515 3505 655 3541 artificis
675 3511 801 3549 mente,
825 3508 882 3543 sed
906 3510 1010 3553 reale,
1032 3510 1112 3547 soli·
1237 3514 1282 3555 (6)
1308 3513 1360 3548 Ita
1391 3513 1471 3549 Mss.
1499 3515 1534 3547 et
1562 3512 1646 3547 edit.
1685 3514 1924 3548 communiter.
1954 3510 2097 3552 Nicolai,

1196 3562 1353 3607 proprie
1371 3561 1577 3596 conveniat.
