2170 3808
707 232 906 285 QUAEST.
932 233 1074 286 XLVI,
1104 232 1220 274 ΛΒΤ.
1250 231 1302 274 VI
1329 231 1393 273 ET
1421 230 1508 274 vll.
1969 229 2052 273 389

169 322 364 368 liberare
388 333 481 366 non
500 320 600 365 sola
628 324 871 376 potestate,
896 322 978 365 sed
1000 321 1137 364 etiam
1152 320 1347 375 J'ustitia.
1369 322 1422 362 Et
1447 317 1550 362 ideo
1570 330 1664 361 non
1684 316 1833 361 solum
1856 316 2051 361 attendit

170 390 390 441 quantam
410 383 626 426 virtutem
642 381 772 425 dolor
791 382 830 438 ej
839 395 893 426 us
909 382 1099 426 haberet
1117 393 1174 425 ex
1198 380 1441 424 Divinitate
1455 379 1619 423 unita:
1643 379 1724 423 sed
1744 378 1880 422 etiam
1905 390 2050 432 quan-

172 447 267 491 tum
287 446 418 496 dolor
429 457 467 501 03
477 456 530 488 us
545 444 778 487 sufficeret
793 444 1050 489 secundum
1070 443 1324 486 humanam
1344 446 1559 485 naturam
1577 441 1636 485 ad
1653 446 1830 485 tantam
1849 439 2053 484 satisfac-

172 507 621 612 tioneffilgssCULUS
650 569 755 610 vu.
786 591 839 598 —
862 579 998 610 uranu
1015 576 1379 683 canisrt(J{31›Assus
1400 575 1550 606 53111111·
1572 575 1786 606 5110333311
1803 575 1941 606 Toum

969 640 1124 670 Amnum
1231 660 1241 670 .

172 699 220 734 De
239 697 294 734 his
319 698 424 736 etiem
443 698 538 733 Sent.
558 706 612 737 111,
630 697 707 732 dist.
723 697 777 739 15,
795 699 911 739 quaest.
928 705 969 738 11,
988 700 1051 731 art.
1069 696 1101 735 1.
1122 698 1239 737 quaest.
1253 703 1307 735 111,
1323 697 1358 729 et
1376 695 1442 727 art.
1457 693 1492 732 5,
1506 694 1622 733 quaest.
1641 700 1681 733 11,
1701 694 1736 726 et
1755 692 1804 725 De
1817 691 1920 726 verit.
1934 694 2050 732 quest.

393 754 486 789 xxvi,
502 749 565 780 art.
582 745 713 786 5adt,
732 749 768 780 et
785 750 849 779 art.
861 745 978 786 8et9,
990 750 1023 779 et
1041 744 1157 786 quodi.
1177 752 1240 785 vn,
1256 746 1320 778 art.
1335 743 1368 783 5,
1390 744 1425 776 et
1442 741 1563 782 opusc.
1581 748 1634 782 ιιι,
1660 750 1733 780 cap.
1753 739 1828 774 252.

224 801 291 846 Ad
307 801 553 857 septimum
570 801 637 844 sic
659 800 938 869 proceditur.
959 803 1002 843 1.
1033 799 1219 843 Videtur
1242 796 1365 854 quod
1386 796 1593 841 Christus
1612 807 1705 838 non
1726 794 1865 838 fuerit
1884 806 2052 850 passus

171 862 424 907 secundum
450 867 590 905 totam
622 860 842 905 animam.
866 860 1028 905 Anima
1046 861 1169 904 enim
1194 859 1363 915 patitur
1386 857 1588 914 patiente
1606 867 1798 912 corpore
1808 867 1897 911 per
1929 854 2052 899 acci-

172 922 303 980 dens,
333 923 604 979 inquantum
625 927 696 967 est
714 923 920 979 corporis
941 926 1089 966 actus.
1112 921 1199 965 Sed
1217 921 1373 964 anima
1394 931 1488 963 non
1512 923 1582 963 est
1600 922 1731 962 actus
1752 916 1957 973 corporis
1976 928 2051 961 se-

170 984 373 1028 cundum
389 985 642 1041 quamlibet
657 989 835 1041 partem
851 984 1107 1041 03113·113111
1130 982 1390 1026 intellectus
1407 980 1582 1024 nullius
1593 979 1798 1035 corporis
1817 982 1948 1022 actus
1962 982 2049 1033 est,

171 1050 224 1090 ut
243 1046 408 1091 dicitur
427 1049 500 1099 (De
524 1048 693 1103 anima,
712 1047 792 1091 lib.
815 1061 878 1099 111,
898 1050 1006 1090 text.
1030 1049 1057 1090 6
1075 1050 1122 1089 et
1144 1047 1227 1099 12).
1254 1047 1372 1101 Ergo
1394 1042 1577 1088 videtur
1595 1041 1720 1098 quod
1734 1040 1938 1085 Christus
1955 1052 2051 1084 non

170 1107 308 1153 fuerit
326 1122 490 1165 passus
511 1110 769 1154 secundum
794 1115 936 1153 totam
971 1107 1191 1151 animam.

226 1171 267 1213 2.
297 1172 532 1225 Praeterea,
570 1171 787 1227 quaelibet
807 1169 1011 1226 potentia
1034 1169 1199 1212 animae
1223 1168 1396 1224 patitur
1413 1167 1441 1210 a
1472 1179 1559 1211 suo
1580 1165 1777 1222 obJecto.
1802 1165 1888 1208 Sed
1909 1176 2052 1220 supe-

171 1230 304 1275 rioris
326 1234 468 1289 partis
486 1232 676 1276 rationis
707 1231 939 1288 objectum
958 1236 1068 1274 sunt
1085 1230 1290 1275 rationes
1308 1234 1494 1274 aeternae
1519 1245 1539 1266 «τ
1566 1228 1737 1284 quibus
1756 1226 2052 1282 inspiciendis

172 1293 527 1338 etconsulendis
550 1293 762 1348 intendit,
775 1311 794 1331 »
832 1291 1189 1348 utAugustinus
1209 1291 1320 1336 dicit
1342 1294 1418 1345 (De
1441 1289 1598 1334 Trinit.
1623 1289 1700 1332 lib.
1717 1301 1792 1343 xu,
1821 1300 1922 1343 cap.
1942 1291 1985 1343 7,
2001 1287 2050 1330 in

170 1352 251 1396 fin.
255 1355 289 1406 ).
301 1356 365 1397 Ex
376 1354 632 1399 rationibus
643 1359 797 1398 autem
818 1355 1003 1398 aeternis
1018 1354 1198 1398 nullum
1213 1353 1366 1410 potuit
1380 1352 1585 1397 Christus
1597 1351 1691 1407 pati
1704 1354 2049 1404 nocumentum,

171 1417 277 1458 cum
296 1415 342 1458 in
365 1415 492 1459 nullo
514 1416 555 1460 ei
572 1416 926 1460 contrarientur.
951 1417 1068 1471 Ergo
1085 1416 1269 1461 videtur
1292 1414 1422 1472 quod
1440 1425 1532 1458 non
1554 1412 1692 1457 fuerit
1702 1423 1870 1469 passus
1886 1421 2053 1456 secun-

171 1475 282 1520 dum
303 1481 444 1521 totam
478 1477 696 1522 animam.

226 1540 268 1582 3.
297 1541 533 1595 Praeterea,
555 1540 741 1596 quando
770 1539 926 1596 passio
946 1539 1178 1584 sensibilis
1195 1551 1349 1597 usque
1368 1539 1427 1583 ad
1445 1538 1671 1582 rationem
1689 1534 1925 1593 pertingit,
1942 1538 2054 1579 tunc

173 1598 340 1643 dicitur
358 1601 583 1656 completa
604 1601 774 1658 passio
796 1601 969 1658 quaein
992 1601 1172 1646 Christo
1195 1614 1290 1645 non
1311 1601 1435 1645 fuit:
1455 1599 1537 1644 sed
1561 1598 1711 1643 solum
1726 1600 1980 1654 propassio
2000 1602 2054 1640 ut

172 1660 476 1718 Hieronymus
491 1661 600 1707 dicit
625 1663 745 1732 (sup.
777 1662 891 1707 illud
916 1664 1222 1707 Matth.xxv1:
1246 1662 1716 1719 Coepitcontristari);
1734 1659 1860 1703 unde
1881 1663 1926 1702 et
1946 1657 2053 1701 Dio-

175 1722 338 1777 nysius
353 1723 462 1767 dicit
482 1723 547 1776 (in
570 1723 704 1780 epist.
729 1723 784 1768 ad
810 1726 940 1767 Joan.
963 1724 1321 1780 Evangelistam‚
1345 1725 1415 1781 10
1438 1722 1561 1766 circa
1578 1721 1701 1766 med.
1705 1723 1738 1774 )‚
1764 1719 1886 1776 quod
1913 1730 2052 1775 «pas-

175 1783 330 1828 siones
345 1784 430 1832 sihi
447 1784 598 1829 illatas
618 1785 876 1841 patiebatur
893 1785 1148 1830 secundum
1162 1785 1370 1843 31111103Γο
1382 1784 1617 1837 50111111(3).
1637 1801 1657 1822 »
1679 1785 1776 1826 Non
1794 1792 1906 1870 ergo
1924 1780 2051 1825 vide-

177 1849 250 1889 tur
268 1845 393 1902 quod
411 1847 615 1891 Christus
639 1848 896 1891 secundum
921 1851 1060 1891 totam
1082 1848 1285 1892 animam
1304 1852 1553 1918 pateretur.

227 1909 269 1951 4.
314 1909 558 1964 Praeterea,
601 1908 759 1964 passio
805 1908 1009 1952 dolorem
1050 1914 1236 1964 causat3
1278 1909 1361 1953 sed
1395 1909 1443 1952 in
1488 1906 1727 1951 intellectu
1768 1904 2050 1960 speculativo

174 1979 268 2012 non
301 1973 372 2013 est
390 1969 534 2025 dolor,
573 1970 681 2026 quia
713 1988 733 2007 «
761 1970 1053 2015 delectationi
1091 1983 1195 2028 quae
1229 1975 1303 2015 est
1330 1969 1389 2014 ab
1410 1982 1466 2014 eo
1487 1968 1612 2025 quod
1639 1972 1711 2011 est
1741 1966 2049 2023 considerare,

173 2029 303 2073 nulla
327 2029 510 2074 tristitia
541 2032 841 2087 opponitur.,»
881 2036 934 2075 ut
971 2031 1276 2089 Philosophus
1311 2030 1421 2076 dicit
1454 2030 1619 2086 (Topic.
1653 2028 1734 2072 lib.
1777 2042 1808 2083 1,
1844 2040 1947 2084 cap.
1978 2029 2048 2078 13,

171 2090 273 2161 Ioco
305 2093 364 2146 2).
405 2094 523 2148 Ergo
560 2092 743 2138 videtur
778 2092 903 2150 quod
947 2093 1155 2139 Christus
1197 2105 1292 2137 non
1328 2095 1563 2150 pateretur
1604 2090 1862 2135 secundum
1906 2092 2050 2132 totam

173 2163 391 2196 ammam.

229 2214 316 2258 Sed
338 2218 498 2258 contra
517 2216 729 2272 estquod
752 2218 840 2268 (Ps.
867 2230 1052 2273 cxxxvii,
1074 2217 1119 2272 4')
1146 2216 1314 2261 dicitur
1331 2228 1389 2261 ex
1416 2227 1612 2272 persona
1640 2213 1803 2258 Christi
1831 2227 1842 2256 :
1867 2213 2052 2268 Repleta

174 2278 242 2317 est
261 2275 394 2318 malis
415 2279 569 2320 anima
589 2290 705 2320 mea.
727 2276 887 2321 Glossa
907 2278 1074 2331 (interl.
1099 2279 1312 2333 August.)
1338 2291 1350 2321 ε
1380 2294 1400 2314 «
1414 2280 1511 2321 Non
1532 2275 1673 2331 vitiis,
1691 2274 1774 2319 sed
1796 2273 2049 2318 doloribus.

174 2335 343 2392 quibus
364 2338 518 2382 anima
537 2339 663 2382 carni
679 2340 970 2395 compatitur,
987 2340 1061 2384 vel
1082 2340 1231 2391 malis,
1246 2359 1266 2380 ι»
1290 2339 1464 2384 501110οῐ
1479 2338 1717 2395 pereuntis
1734 2335 1907 2393 populi,
1924 2348 2052 2382 com-

170 2397 403 2454 patiendo.
424 2402 520 2443 Non
541 2405 696 2444 autem
713 2400 873 2445 fuisset
888 2401 1041 2445 anima
1057 2402 1158 2458 ejus
1172 2402 1243 2446 his
1256 2401 1391 2446 malis
1406 2400 1596 2458 repleta,
1622 2400 1662 2444 si
1681 2411 1775 2443 non
1794 2398 2051 2443 secundum

172 2462 313 2503 totam
335 2460 537 2505 animam
562 2472 728 2517 passus
750 2466 889 2507 esset.
924 2465 1043 2518 Ergo
1074 2463 1279 2508 Christus
1301 2467 1372 2507 est
1393 2462 1651 2507 secundum
1669 2465 1813 2505 totam
1848 2459 2050 2504 animam

171 2532 338 2577 passus
360 2524 434 2575 (4).
1772 2550 1781 2556 ,⁴

220 2588 505 2630 CONCLUSIO.
525 2612 575 2620 -
597 2589 699 2631 Cum
717 2594 801 2631 tota
823 2593 997 2632 essentia
1023 2594 1173 2632 animae
1202 2591 1476 2644 conjungatur
1504 2591 1662 2642 corpori
1693 2589 1868 2629 existens
1890 2592 1974 2629 tota
2002 2589 2048 2630 in

173 2646 256 2683 toto
273 2647 312 2683 et
329 2646 413 2683 tota
433 2645 477 2683 in
496 2644 679 2695 qualibet
701 2647 879 2697 corporis
903 2650 1029 2698 parte,
1052 2648 1232 2698 patiente
1250 2658 1414 2697 corpore
1434 2657 1579 2698 passus
1602 2644 1682 2684 fuit
1700 2644 1885 2684 Christus
1907 2656 2051 2684 secun-

174 2696 273 2737 dum
290 2700 415 2738 totam
438 2699 622 2738 animam
643 2703 682 2739 et
703 2701 929 2740 secundnm
949 2713 1090 2741 omnes
1114 2702 1202 2753 ejus
1229 2701 1436 2740 inferiores
1462 2701 1697 2752 potentias.
1723 2710 1802 2737 non
1833 2702 1972 2737 autem
1988 2709 2049 2738 50-

174 2751 355 2791 03311313
373 2753 570 2792 rationem
587 2765 635 2792 ex
654 2759 765 2804 parte
784 2755 945 2806 objecti,
962 2756 1070 2805 quod
1095 2757 1173 2795 fuit
1194 2755 1255 2794 illi
1280 2755 1381 2794 ratio
1404 2753 1680 2794 delectationis
1701 2755 1740 2792 et
1761 2752 1926 2814 gaudii3
1953 2763 2050 2803 pas-

174 2816 246 2846 sus
263 2806 341 2844 fuit
362 2811 500 2845 autem
518 2807 743 2848 secundum
760 2820 902 2849 omnes
926 2813 1142 2860 passiones,
1164 2813 1211 2849 ut
1233 2809 1494 2849 radicantur
1484 2821 1527 2848 13
1547 2808 1718 2848 essentia
1739 2808 1863 2846 anim·
1856 2819 1903 2853 e.

228 2868 496 2923 Respondeo
515 2869 761 2915 dicendum
776 2871 900 2929 quod
914 2877 1060 2916 totum
1075 2872 1163 2917 11101
1171 2876 1244 2916 tur
1261 2877 1473 2928 respectu
1488 2871 1704 2928 partium.
1724 2872 1878 2913 Partes
1894 2873 2050 2915 autem

175 2928 341 2973 animae
358 2929 574 2973 dicuntur
590 2933 806 2986 potentiae
820 2933 937 2988 03115.
955 2934 1027 2978 Sic
1042 2946 1153 2989 ergo
1172 2934 1339 2978 dicitur
1357 2934 1510 2977 anima
1530 2937 1624 2977 tota
1645 2931 1755 2988 pati,
1773 2931 2050 2987 inquantum

174 2991 346 3046 patitur
362 2990 619 3034 secundum
638 3004 770 3036 suam
793 2995 1060 3050 essentiam,
1084 2995 1156 3039 vel
1184 2995 1462 3051 inquantum
1482 2994 1739 3038 secundum
1758 3005 1921 3037 omnes
1939 3006 2050 3039 suas

173 3051 402 3108 potentias
425 3052 610 3107 patitur.
627 3053 714 3097 Sed
733 3055 1120 3100 considerandum
1147 3060 1218 3099 est
1237 3055 1361 3112 quod
1385 3056 1540 3112 aliqua
1561 3055 1764 3111 potentia
1783 3055 1947 3099 animae
1965 3067 2050 3110 po-

175 3117 265 3158 test
273 3114 365 3170 pati
379 3114 617 3169 dupliciter
638 3129 648 3157 :
669 3126 765 3158 uno
776 3117 912 3161 modo
927 3118 1143 3174 passione
1154 3117 1359 3174 propria3
1381 3128 1486 3174 quae
1502 3117 1689 3173 quidem
1708 3122 1778 3160 est
1789 3117 2048 3161 secundum

209 3222 252 3276 (⁴.)
266 3221 355 3256 Hinc
367 3222 456 3277 sicut
475 3223 656 3257 maximum
679 3227 751 3258 erat
768 3223 917 3259 debitum
935 3237 972 3260 cx
996 3238 1070 3267 pec·
1155 3225 1318 3260 totalitate
1339 3229 1449 3262 autem
1475 3226 1715 3269 potentiarum,
1740 3228 1818 3268 quia
1846 3238 1962 3262 omnes
1984 3238 2049 3269 po-

174 3273 256 3303 catis
270 3275 413 3310 nostris;
443 3274 489 3304 :ta
509 3270 668 3303 maximos
686 3270 817 3305 dolores
841 3272 1017 3313 assumpsit
1034 3278 1071 3307 ut
1155 3275 1268 3309 tentiae
1289 3286 1387 3315 passae
1416 3280 1505 3309 sunt.

173 3316 220 3350 sit
235 3317 325 3350 inter
339 3317 497 3351 offensam
520 3323 553 3351 et
567 3329 694 3358 poenam
710 3320 895 3360 proportio.
1194 3324 1237 3364 (5)
1261 3324 1327 3357 Seu
1351 3335 1417 3357 non
1438 3323 1533 3357 aliter
1557 3325 1655 3364 quam
1681 3323 1768 3365 quod
1782 3335 1818 3356 ea
1833 3322 2044 3361 dijudicaret.

215 3365 258 3407 (2)
281 3366 378 3399 Juxta
403 3371 548 3399 mentem
572 3367 608 3399 D.
629 3367 764 3401 Thomae
784 3367 936 3403 christus
961 3379 1070 3409 passus
1196 3371 1240 3413 (14)
1258 3371 1343 3404 Hinc
1364 3370 1446 3406 dixit
1468 3372 1570 3406 Isaias
1596 3375 1682 3413 (cap.
1704 3373 1736 3412 J)
1764 3384 1771 3405 :
1798 3372 1910 3405 Omne
1936 3375 2048 3415 caput

174 3417 224 3445 est
237 3414 420 3466 secundum
437 3419 539 3446 totam
563 3414 732 3468 auimam3
752 3415 916 3449 totalitate
933 3416 1068 3457 quidem
1156 3418 1376 3461 lanquiclum
1403 3423 1435 3453 et
1463 3430 1565 3454 omne
1588 3431 1650 3454 cor
1670 3430 1837 3453 moerens.
1857 3420 1882 3452 Α
1915 3421 2048 3462 planta

175 3466 324 3494 essentne
346 3470 425 3501 quia
450 3465 519 3494 tota
544 3466 684 3496 essentla
707 3463 826 3497 animoe
853 3463 1066 3503 patiebatur:
1155 3467 1259 3509 pedis
1269 3477 1380 3511 usque
1390 3467 1438 3501 ad
1452 3470 1620 3503 verticem
1635 3471 1771 3502 nonest
1786 3469 1876 3502 ineo
1890 3470 2045 3503 sanitas.
