2170 3808
228 241 304 284 436
812 234 1011 286 QUAEST.
1040 234 1108 289 Ll,
1138 233 1267 277 ΛΒΤ-ι
1285 233 1338 276 Ill
1364 235 1429 278 ET
1456 235 1524 279 lv.

223 315 584 375 putrefactioniS‚
610 313 736 372 quod
757 320 826 359 est
846 320 1118 372 peccatum3
1142 313 1226 358 sed
1243 314 1393 360 virtus
1416 315 1573 361 divina
1594 326 1764 372 corpus
1794 315 1959 361 Christi
1972 317 2000 362 a
2017 329 2102 376 pu-

223 378 489 425 trefactione
509 376 827 434 praeservavit,
846 377 967 422 sicut
988 381 1034 422 et
1052 375 1351 422 resuscitavit
1365 376 1392 421 a
1412 381 1577 422 morte.

275 439 343 485 Ad
373 441 559 483 tertium
590 437 859 495 dicendum,
894 437 1021 497 quod
1054 438 1262 483 Christus
1302 438 1360 483 de
1399 438 1612 496 sepulcro
1651 438 1904 484 resurrexit
1938 438 2104 488 virtute

226 501 394 558 divina,
417 513 524 559 quae
543 501 685 546 nullis
706 501 917 547 terminis
945 506 1222 547 coarctatur.
1243 503 1297 544 Et
1313 500 1418 546 ideo
1439 501 1527 546 hoc
1561 500 1686 558 qued
1717 499 1745 546 a
1767 499 1980 557 sepulcro
1999 514 2106 548 sur-

225 563 357 621 rexit,
372 563 611 609 sufficiens
627 568 956 621 argumentum
977 563 1066 608 fuit
1089 563 1216 620 qued
1230 563 1443 608 homines
1460 567 1594 609 erant
1614 561 1924 608 resuscitandi
1937 552 2127 614 virtutel,

167 665 171 688 ‚-
225 623 378 671 divina
400 638 493 670 non
516 626 668 671 solum
684 625 743 671 de
762 625 1008 684 sepulcris,
1033 625 1119 670 sed
1141 625 1280 670 etiam
1298 625 1356 670 de
1376 623 1748 685 quibuscumque
1771 623 2021 671 cineribus.
2131 630 2135 635 ’

166 690 170 700 ’
278 696 622 739 ARTICULUS
653 696 735 739 lV.
769 718 823 726 -
855 707 994 738 urium
1026 706 1224 738 cmusrns
1246 706 1395 738 ruem-1·
1418 706 1460 738 m
1481 705 1691 738 serutcno
1728 705 1860 737 somn
1881 706 1962 738 mu
1981 706 2050 738 nm

929 768 983 798 ιετ
1012 768 1167 799 uulnus
1194 767 1407 799 secunus.

225 825 271 860 Dc
293 825 347 860 his
368 825 473 861 etiam
498 824 603 865 infra,
625 828 744 867 quaest.
773 831 836 864 ur.
851 826 916 859 art.
938 824 958 858 4
977 835 1070 866 corp.
1091 828 1125 858 et
1149 828 1264 865 quaest.
1296 832 1373 861 un.
1393 825 1457 859 nrt.
1473 823 1496 859 2
1512 836 1605 867 corp.
1631 828 1666 860 et
1683 824 1804 866 Opusc.
1822 832 1863 865 11,
1884 834 1957 866 cup.
1973 823 2051 866 255,
2070 826 2108 862 ct

783 872 905 914 opusc.
924 880 979 911 Lx,
994 883 1067 912 cap.
1080 870 1135 913 20,
1156 877 1189 906 et
1205 871 1234 906 1.
1254 873 1330 906 Cor.
1351 880 1408 912 xv,
1424 870 1504 908 lect.
1518 871 1551 908 1.
2156 915 2158 917 ‚

277 942 346 988 Ad
363 945 582 999 quartum
599 940 668 986 sic
679 940 959 998 proceditur.
976 943 997 985 1
1008 973 1020 985 .
1035 939 1224 985 Videtur
1240 939 1366 995 quod
1388 939 1593 985 Christus
1611 952 1705 985 non
1724 940 1864 984 suerit
1885 939 1932 984 in
1952 941 2109 997 sepul-

223 1016 303 1050 cro
322 1005 471 1048 solum
491 1005 589 1048 una
606 1003 680 1048 die
700 1007 747 1048 et
764 1002 948 1048 duabus
967 1001 1199 1046 noctibus.
1216 1002 1330 1045 Dicit
1345 1002 1468 1046 enim
1484 1001 1584 1059 ipse
1596 1002 1761 1057 (Matth.
1780 1014 1852 1059 xn,
1868 1003 1940 1056 40)
1956 1016 1969 1047 t
1986 1003 2110 1047 Sicut
2156 1022 2163 1042 .-

223 1067 310 1121 [αἰῶ
325 1070 466 1110 Jonas
484 1067 533 1109 in
556 1069 710 1109 ventre
738 1067 827 1108 ceti
849 1064 989 1109 tribus
1005 1065 1160 1108 diebus
1181 1068 1225 1106 et
1245 1064 1386 1107 tribus
1407 1064 1636 1120 noctibus;
1654 1065 1725 1108 ita
1753 1064 1902 1109 Filius
1918 1064 2111 1109 hominis

224 1130 312 1172 erit
330 1130 380 1172 in
397 1129 534 1174 corde
554 1131 689 1173 terrae
723 1127 864 1171 tribus
893 1127 1047 1171 diebus
1065 1130 1110 1170 et
1131 1127 1273 1170 tribus
1291 1126 1508 1170 noctibus.
1534 1125 1620 1171 Sed
1642 1125 1690 1170 in
1712 1125 1851 1171 corde
1870 1129 2005 1172 terrae
2025 1126 2112 1173 fuit
2144 1159 2145 1162 ,

224 1189 272 1238 in
292 1191 507 1298 seJssuicro
535 1191 757 1236 existens·
776 1193 875 1236 Non
900 1189 1040 1248 igitur
1059 1189 1147 1239 fuit
1179 1189 1226 1233 in
1251 1189 1462 1246 sepulcro
1481 1189 1631 1234 solum
1649 1190 1745 1233 una
1770 1188 1844 1234 die
1862 1193 1908 1235 et
1927 1188 2112 1235 duabus
2154 1186 2170 1239 ἶ

226 1254 348 1298 nocti
385 1266 457 1299 ηε.
2165 1255 2170 1303 ,·

278 1317 321 1361 2.
347 1318 585 1372 Praeterea,
609 1314 856 1371 Gregorius
891 1312 1003 1359 dicit
1038 1312 1104 1367 (in
1127 1314 1251 1357 hom.
1278 1312 1483 1369 paschali
1506 1315 1556 1357 21
1584 1312 1633 1357 in
1651 1315 1752 1367 Ev„
1775 1311 1835 1358 ad
1854 1307 2112 1370 fin.)‚quod
2167 1330 2170 1338 ·

227 1395 249 1418 α
269 1377 392 1423 sicut
408 1380 601 1423 Samson
621 1376 812 1422 abstulit
834 1375 987 1422 media
1005 1380 1141 1420 nocte
1156 1379 1313 1433 portas
1336 1377 1480 1432 Gazae,
1503 1374 1565 1418 ita
1583 1374 1790 1420 Christus
1812 1373 1963 1421 media
1978 1381 2112 1421 nocte

224 1440 442 1486 auferens
466 1444 622 1497 portas
647 1438 816 1484 inferni
840 1437 1110 1483 resurrexit.
1133 1457 1153 1477 ι»
1181 1438 1268 1482 Sed
1288 1438 1535 1495 postquam
1553 1436 1822 1494 resurrexit,
1838 1449 1934 1482 non
1953 1437 2040 1483 fuit
2062 1438 2112 1482 in
2161 1487 2170 1490 Ν

224 1503 455 1560 sepulcro.
476 1505 594 1559 Ergo
609 1514 703 1546 non
722 1501 810 1546 fuit
827 1500 876 1544 in
900 1500 1116 1557 sepulcro
1136 1500 1320 1545 duabus
1339 1499 1554 1544 noctibus
1574 1499 1782 1555 integris.
2155 1537 2159 1541 ,

280 1567 323 1610 3.
360 1567 600 1617 Praeterea,
641 1575 725 1620 per
760 1566 957 1607 mortem
989 1561 1154 1607 Christi
1184 1562 1263 1606 lux
1296 1560 1540 1618 praevaluit
1568 1560 1786 1605 tenebris.
1810 1559 1900 1606 Sed
1929 1572 2023 1606 nox
2053 1560 2113 1608 ad
2162 1607 2170 1620 ,Ἴ

225 1626 441 1672 tenebras
470 1626 687 1683 pertinet,
716 1625 814 1670 dies
843 1629 999 1669 autem
1035 1623 1094 1669 ad
1131 1623 1299 1668 lucem.
1333 1626 1450 1680 Ergo
1486 1621 1838 1668 convenientius
1871 1620 1958 1667 fuit
1989 1620 2113 1678 quod

223 1701 395 1747 corpus
416 1688 581 1734 Christi
602 1687 802 1733 fueritin
822 1687 1035 1744 sepulcro
1053 1686 1236 1732 duobus
1263 1686 1428 1731 diebus
1448 1690 1495 1731 et
1514 1687 1609 1731 una
1630 1690 1766 1731 nocte
1788 1683 1929 1744 quam
1947 1684 1978 1731 e
1991 1694 2114 1729 con·
2163 1689 2170 1734 ς

224 1764 378 1798 versu.

280 1815 369 1862 Sed
385 1818 543 1859 contra
565 1818 639 1859 est
660 1813 799 1871 quod,
823 1812 945 1858 sicut
978 1812 1268 1869 Augustinus
1290 1811 1401 1856 dicit
1427 1813 1503 1867 (De
1531 1809 1689 1856 Trinit.
1710 1810 1791 1856 lib.
1811 1824 1872 1868 iv,
1893 1822 1996 1869 cap.
2020 1813 2063 1866 6,
2083 1810 2112 1856 ὰ

224 1878 382 1934 med.)‚
404 1895 425 1916 «
449 1877 476 1921 a
492 1889 688 1933 vespere
714 1875 968 1933 sepulturae
993 1887 1145 1932 usque
1168 1874 1228 1920 ad
1257 1873 1514 1919 diluculum
1539 1871 1892 1919 resurrectionis
1925 1872 2113 1930 triginta
2149 1872 2170 1925 ,.-;

225 1952 306 1986 sex
328 1940 454 1985 horae
476 1945 599 1993 sunt,
621 1939 667 1983 id
688 1943 775 1995 est,
802 1950 896 1982 nox
920 1942 1016 1983 tota
1030 1949 1136 1982 cum
1158 1936 1231 1982 die
1256 1938 1365 1992 tota,
1385 1940 1431 1981 et
1445 1940 1579 1981 nocte
1598 1933 1704 1980 tota·
1728 1953 1750 1975 ι»
2158 1938 2162 1988 g

273 2008 559 2049 CONCLUSIO.
587 2030 634 2036 —-
659 2006 765 2047 Cum
790 2018 859 2059 per
875 2017 1003 2047 unam
1018 2006 1171 2046 Christi
1190 2008 1365 2045 mortem
1387 2015 1470 2045 non
1488 2015 1560 2055 pro
1579 2006 1754 2055 peccato,
1771 2001 1841 2044 sed
1854 2012 1904 2044 ex
1916 2001 2114 2045 charitato

224 2066 455 2116 susceptam
476 2064 500 2104 a
519 2061 676 2114 duplici
696 2065 840 2111 morte,
855 2061 1007 2102 animae
1027 2061 1180 2102 scilicet
1194 2065 1235 2100 et
1253 2060 1444 2113 corporis,
1460 2058 1619 2099 liberati
1641 2069 1802 2108 sumus,
1818 2056 1955 2100 decuit
1969 2060 2017 2098 ut
2031 2059 2114 2098 una

223 2119 360 2160 solsim
374 2118 441 2160 die
456 2121 495 2159 et
510 2118 670 2159 duabus
688 2118 878 2159 noctibus
901 2118 944 2158 in
965 2116 1148 2169 sepulcro
1171 2121 1286 2158 esset.
2146 2152 2162 2166 „

279 2182 554 2240 Respondeo
591 2182 839 2227 dicendum
874 2181 999 2239 quod
1031 2181 1183 2238 ipsum
1228 2185 1413 2237 tempus
1449 2191 1542 2236 quo
1572 2177 1779 2224 Christus
1810 2176 1860 2223 in
1899 2177 2115 2235 sepulcro
2139 2194 2170 2264 ξ

226 2245 415 2304 mansit,
432 2245 647 2290 effectum
690 2244 852 2289 mortis
883 2243 986 2302 ejus
1020 2247 1337 2300 repraesentat.
1359 2242 1538 2287 Dictum
1569 2245 1642 2287 est
1672 2244 1830 2287 autem
1848 2251 1991 2297 supra
2014 2242 2111 2298 (qu.
2126 2238 2170 2301 {lt

226 2320 365 2366 praec.
385 2311 472 2352 art.
493 2309 554 2364 6),
578 2306 703 2363 quod
719 2319 802 2363 per
817 2310 1013 2351 mortem
1036 2305 1199 2351 Christi
1222 2304 1398 2350 liberati
1418 2316 1583 2350 sumus
1602 2302 1630 2348 ὲ
1648 2301 1820 2361 duplici
1842 2305 2007 2359 morte,
2025 2302 2113 2348 sei·

226 2368 370 2416 ficeta
381 2373 529 2414 morte
540 2369 726 2425 animae,
738 2372 784 2413 et
795 2367 823 2412 a
833 2372 980 2413 morte
992 2368 1222 2424 corporis:
1240 2372 1287 2412 et
1298 2367 1386 2411 hoc
1405 2365 1691 2422 significatur
1703 2377 1786 2423 per
1798 2363 1916 2410 duas
1936 2370 2112 2420 noctes,
2130 2394 2138 2403 .-
2156 2366 2157 2371 ’

226 2432 398 2491 quibus
423 2431 629 2477 Christus
648 2431 697 2475 in
716 2430 931 2487 sepulcro
954 2431 1227 2487 permansit.
1248 2433 1364 2474 Mors
1383 2434 1537 2474 autem
1565 2428 1669 2490 eJus
1702 2425 1813 2485 quia
1834 2437 1928 2472 non
1947 2425 2035 2472 fuit
2055 2439 2115 2473 ex
2125 2442 2161 2499 ,μ

226 2499 418 2553 peccato
432 2493 727 2552 provenienS‚
749 2492 832 2538 sed
850 2504 910 2537 ex
918 2492 1140 2538 charitate
1152 2496 1385 2548 suscepta,
1408 2503 1503 2535 non
1522 2489 1685 2535 habuit
1705 2488 1932 2534 rationem
1946 2487 2142 2546 noctiss·

226 2556 310 2603 sed
330 2556 448 2604 diei:
470 2560 516 2602 et
533 2555 637 2601 ideo
657 2552 948 2612 significatur
960 2567 1043 2612 per
1061 2554 1184 2607 diem
1196 2555 1451 2610 integrum,
1464 2565 1558 2609 quo
1580 2550 1786 2597 Christus
1794 2550 1883 2597 fuit
1895 2550 1944 2596 in
1963 2551 2115 2609 sepul·
2166 2563 2170 2566 ·

225 2630 323 2665 cro,
343 2621 396 2664 Et
412 2617 482 2663 sic
502 2616 786 2662 conveniens
803 2616 890 2661 fuit
903 2615 1030 2675 quod
1051 2616 1256 2661 Christus
1275 2616 1369 2661 una
1392 2613 1467 2659 die
1485 2618 1533 2659 et
1553 2613 1737 2659 duabus
1756 2613 1971 2659 noctibus
1991 2613 2131 2659 esset?

225 2680 275 2727 in
294 2693 345 2727 se
378 2680 509 2726 ulcro
530 2682 565 2735 (1
594 2714 603 2722 .
2124 2683 2170 2732 ³2:2ss

279 2681 707 2801 Adpprz‘mum)ergo
724 2739 991 2798 dicendum,
1012 2739 1154 2798 quod,
1192 2738 1314 2784 sicut
1344 2737 1631 2796 Augustinus
1649 2737 1760 2783 dicit
1779 2738 1859 2794 (De
1880 2727 2170 2797 consensufit³³‘

223 2806 639 2863 Evangelistarum‚
677 2803 755 2849 lib.
788 2816 852 2859 111,
882 2814 985 2861 cap.
1010 2805 1083 2859 24,
1109 2802 1157 2848 in
1187 2801 1349 2859 med.),
1385 2819 1405 2840 ι
1426 2801 1613 2859 quidam
1643 2800 1837 2846 modum
1871 2796 2157 2862 locutionis&

225 2868 472 2926 Scripturae
510 2866 788 2923 nescienteS‚
822 2870 1004 2911 noctem
1042 2864 1291 2910 voluerunt
1322 2875 1633 2909 annumerare
1663 2866 1758 2909 tres
1783 2861 1896 2908 illas*
1921 2861 2059 2908 horas
2084 2860 2146 2910 es*

224 2935 357 2976 sexta
374 2942 526 2988 usque
543 2929 603 2976 ad
625 2940 817 2984 nonam,
832 2927 1007 2986 quibus
1028 2927 1099 2974 sol
1120 2927 1398 2973 obscuratus
1410 2931 1495 2983 est,
1509 2930 1556 2972 et
1574 2924 1696 2971 diem
1716 2929 1811 2971 tres
1827 2925 1967 2971 horas
1980 2923 2138 2984 aliasque

225 2992 398 3050 quibus
420 2993 586 3040 iterum
607 2991 742 3038 terris
759 2996 831 3037 est
853 2990 1079 3048 reddituS‚
1099 2989 1146 3036 id
1169 2994 1257 3046 est,
1277 2990 1304 3034 a
1330 3002 1453 3034 nona
1477 3001 1627 3046 usque
1649 2988 1709 3034 ad
1730 2987 1833 3046 ejus
1864 2998 2082 3034 occasum
2093 2989 2139 3044 ’,ἔκ

224 3054 435 3112 sequitur
452 3054 579 3101 enim
608 3066 702 3100 nox
717 3053 861 3099 futuri
879 3052 1077 3111 sabbati,
1101 3051 1208 3111 quia
1233 3064 1343 3097 cum
1366 3065 1453 3097 suo
1468 3050 1543 3096 die
1560 3054 1847 3107 computata,
1861 3053 2000 3095 erunt
2012 3048 2130 3107 >jaun-

225 3116 331 3161 duae
348 3122 528 3173 nocteS,
547 3121 594 3163 et
622 3117 716 3163 duo
751 3116 865 3162 dies.
886 3115 1025 3161 Porro
1046 3120 1204 3161 autem
1238 3119 1342 3171 post
1364 3113 1611 3159 sabbatum
1631 3113 1845 3170 sequitur
1864 3123 1959 3157 nox
1975 3108 2142 3170 primm

224 3177 422 3236 sabbati,
442 3178 491 3225 id
518 3183 606 3236 est,
629 3179 864 3225 illucentis
883 3178 974 3224 diei
998 3177 1312 3234 dominicum
1344 3189 1438 3234 qua
1460 3183 1572 3221 tunc
1590 3176 1813 3220 Dominus
1840 3172 2142 3221 resurrexim-*ri

225 3301 314 3339 mori
324 3305 358 3338 et
376 3301 551 3344 putrefieri
562 3303 734 3344 potuisset,
753 3302 781 3337 si
793 3302 930 3338 nullum
951 3301 1044 3337 aliud
1063 3302 1126 3336 mi·
1255 3301 1301 3343 (l)
1313 3301 1387 3336 nio.
1403 3301 1491 3335 ratio
1519 3299 1658 3340 mystica
1680 3299 1812 3333 tantum
1836 3296 2003 3337 traditura
2021 3295 2110 3332 litum

226 3351 380 3387 taculum
400 3350 588 3385 accessisset
604 3363 613 3384 ε
634 3351 723 3392 quod
738 3351 968 3386 communiter
987 3351 1127 3386 docetur
1213 3348 1320 3384 ulem
1340 3352 1452 3383 autem
1469 3347 1569 3382 habet
1592 3350 1710 3382 auctor
1734 3349 1862 3392 (quaest.
1880 3353 1955 3387 uu,
1981 3349 2047 3380 art.
2062 3342 2107 3387 ²).

225 3402 244 3435 'a
266 3397 472 3434 scholasticis
493 3398 529 3433 in
554 3399 649 3433 Sent.
668 3407 723 3439 ιιι,
749 3399 828 3434 dist.
846 3399 901 3439 21,
921 3403 1023 3440 atque
1047 3410 1125 3434 con·
1211 3397 1294 3437 quia
1316 3397 1446 3432 scilicet
1468 3402 1600 3437 tempus
1617 3395 1703 3430 illud
1719 3394 1785 3430 fuit
1806 3393 1981 3429 sufficiens
1995 3391 2038 3428 nd
2055 3402 2107 3433 on

226 3447 336 3482 {orme
363 3451 413 3482 est
434 3445 502 3481 illis
525 3458 599 3488 quae
622 3445 664 3479 de
680 3446 871 3481 defectibus
892 3448 910 3481 ὲ
925 3446 1058 3481 Christo
1077 3458 1127 3480 as·
1214 3445 1416 3482 tendendam
1431 3445 1609 3480 veritatem
1624 3443 1744 3478 mortis
1764 3454 1842 3478 sun.

225 3496 367 3537 sumptis
382 3495 470 3531 dicta
484 3499 565 3531 sunt
578 3496 705 3538 (quaest.
722 3503 796 3536 xlv,
811 3500 875 3530 art.
892 3495 936 3537 2).
