2170 3808
656 229 854 280 QUAEST.
886 229 1040 282 vail,
1074 228 1190 270 ART.
1222 227 1292 269 vll
1318 227 1384 268 ΕΤ
1412 225 1514 268 vm.
1957 223 2040 264 585

197 311 264 357 Ad
289 313 486 368 primum
521 320 634 365 ergo
665 309 931 363 dicendum,
950 307 1076 364 quod
1104 306 1313 351 Christus
1334 317 1427 349 non
1447 307 1520 348 est
1550 302 1828 359 baptizatus,
1859 304 1913 345 ut
1936 299 2038 357 ipse

144 376 510 428 regeneraretur,
535 370 618 415 sed
647 376 696 414 ut
715 371 830 415 alios
853 373 1173 426 regeneraret,
1197 371 1246 412 et
1271 367 1375 412 ideo
1404 369 1510 422 post
1527 364 1810 421 baptismum
1844 373 1940 406 non
1968 362 2039 405 in-

143 433 293 489 diguit
311 433 583 490 paedagogo,
601 432 822 488 tanquam
845 431 1086 488 parvulus.

198 495 265 540 Ad
284 495 526 539 secundum
548 493 815 551 dicendum,
850 492 975 550 quod
995 493 1041 535 in
1062 489 1360 547 generatione
1389 488 1563 533 carnali
1595 499 1689 532 non
1707 484 1959 543 requiritur
1979 495 2038 530 ex

144 557 417 602 necessitate
455 554 544 600 nisi
577 562 707 612 pater
738 560 785 600 et
811 560 977 612 mater,
1005 554 1088 598 sed
1119 552 1178 597 ad
1209 551 1393 596 facilem
1422 555 1608 607 partum
1641 554 1688 593 et
1715 547 2038 594 educationem

142 618 275 676 pueri
287 618 638 663 convenientem
654 617 905 674 requiritur
918 614 1160 670 obstetrix,
1181 618 1229 659 et
1244 614 1421 669 nutrix,
1434 617 1480 657 et
1504 611 1811 669 paedagogum
1837 620 2036 667 quorum

143 679 294 725 vicem
313 680 474 736 implet
495 677 541 721 in
560 678 793 735 baptismo
821 678 900 723 ille
918 677 998 734 qui
1022 687 1219 732 puerum
1249 674 1308 720 de
1338 686 1471 718 sacro
1485 673 1612 717 sonte
1633 672 1771 717 levat.
1794 671 1923 716 Unde
1942 682 2037 715 non

144 745 217 786 est
244 742 302 786 de
333 739 611 785 necessitate
640 738 946 795 sacramenti,
969 737 1053 782 sed
1078 749 1204 782 unus
1225 735 1356 781 solus
1378 738 1531 792 potest
1561 733 1762 790 aliquem
1786 732 2036 791 baptizare,

144 801 422 846 necessitate
446 800 734 845 imminente.

199 864 265 908 Ad
287 867 471 907 tertium
485 862 752 916 dicendum,
777 861 902 919 quod
920 861 1180 918 baptizatus
1199 872 1294 904 non
1313 857 1566 914 suscipitur
1588 855 1615 900 a
1629 856 1811 913 patrino
1831 855 1889 901 de
1903 866 2039 900 sacro

145 925 272 971 fonte
289 930 477 982 propter
502 924 864 969 imbecillitatem
886 923 1192 980 corporalem,
1211 921 1295 967 sed
1313 926 1500 978 propter
1521 918 1878 963 imbecillitatem
1898 918 2039 975 511111-

146 988 336 1040 tualem,
354 993 408 1031 ut
430 986 606 1031 dictum
628 991 701 1032 est
723 986 787 1040 (in
807 999 934 1042 corp.
957 987 1080 1040 art.).

145 1050 490 1093 ARTICULUS
512 1052 638 1093 VIII.
662 1073 715 1082 —
745 1062 879 1092 11111011
900 1060 995 1090 inm
1019 1060 1089 1097 Qui
1110 1059 1291 1096 AmQuEM
1314 1058 1449 1088 m-:vm=
1463 1057 1516 1087 nr:
1533 1056 1662 1088 510110
1677 1055 1809 1086 rom-n
1823 1054 2037 1086 ‘rensuum

770 1122 823 1152 111
853 1121 949 1152 Esus
978 1119 1314 1151 ms‘rnuc‘rionssu
1338 1107 1415 1160 (1).

148 1179 198 1215 De
209 1179 369 1215 hisetiam
382 1178 484 1220 infra,
496 1183 612 1221 quaest.
624 1186 720 1218 an,
733 1182 800 1213 art.
814 1178 829 1212 l
850 1177 892 1211 ad
907 1178 930 1212 5
941 1203 950 1218 ,
964 1183 998 1211 et
1012 1177 1104 1210 Sent.
1114 1184 1164 1217 lv,
1180 1175 1259 1209 dist.
1273 1175 1307 1216 6,
1323 1177 1438 1215 quaest.
1452 1182 1492 1215 11,
1502 1173 1612 1213 art.2,
1625 1178 1741 1214 quaest.
1751 1181 1792 1207 111
1803 1184 1897 1215 corp.
1908 1175 1942 1207 et
1952 1171 1993 1206 ad
2002 1172 2035 1207 5.

203 1234 270 1279 Ad
289 1239 507 1278 octavum
528 1233 596 1277 sic
623 1231 904 1288 proceditur.
928 1233 972 1275 1.
991 1230 1179 1274 Videtur
1197 1227 1323 1285 quod
1337 1227 1416 1272 ille
1437 1226 1517 1283 qui
1538 1226 1732 1282 suscipit
1752 1226 1955 1283 aliquem
1979 1225 2038 1270 de

148 1297 445 1351 sacrofonte,
465 1307 560 1338 non
589 1293 821 1349 obligetur
838 1292 899 1337 ad
926 1291 1030 1348 eJus
1058 1290 1430 1342 instructionem,
1457 1289 1567 1344 quia
1588 1288 1746 1332 nullus
1768 1293 1919 1344 potest
1938 1287 2039 1332 ins-

149 1361 303 1402 truere
322 1357 407 1400 nisi
438 1357 710 1400 instructus.
734 1355 822 1401 Sed
840 1355 978 1399 etiam
1002 1352 1190 1410 quidam
1213 1364 1307 1396 non
1328 1351 1558 1406 instructi,
1581 1350 1663 1394 sed
1682 1349 1931 1405 simplices,
1953 1347 2039 1393 ad-

147 1418 395 1462 mittuntur
414 1418 567 1462 levare
590 1417 792 1473 aliquem
812 1416 869 1461 de
881 1428 1014 1460 sacro
1035 1415 1178 1459 sonte.
1195 1416 1314 1470 Ergo
1332 1412 1410 1457 ille
1429 1411 1510 1468 qui
1531 1411 1724 1467 suscipit
1736 1410 2034 1467 baptizatum,

149 1492 243 1524 non
266 1480 498 1536 obligatur
522 1479 581 1523 ad
604 1481 708 1536 eJus
727 1478 1096 1522 instructionem.

205 1545 249 1586 2.
271 1545 510 1595 Praeterea,
536 1539 660 1585 filius
684 1540 835 1595 magis
863 1544 1017 1597 potest
1039 1539 1066 1582 a
1088 1542 1220 1595 patre
1239 1536 1407 1581 instrui
1433 1536 1574 1593 quam
1596 1535 1656 1579 ab
1678 1535 1768 1579 alio
1793 1539 2036 1591 extrane03

151 1615 261 1648 nam
280 1604 402 1648 filius
421 1603 561 1647 habet
580 1602 608 1646 a
626 1606 756 1658 patre
776 1613 895 1658 esse,
923 1605 971 1645 et
995 1600 1334 1644 nutrimentum
1359 1601 1404 1641 et
1426 1597 1735 1654 disciplinam,
1758 1600 1811 1640 ut
1830 1596 2040 1640 Philoso-

150 1665 273 1720 phus
303 1665 413 1710 dicit
443 1664 601 1718 (Ethic.
634 1663 717 1708 lib.
741 1676 830 1716 vni,
863 1674 965 1719 cap.
991 1665 1060 1717 12,
1094 1661 1218 1705 circa
1239 1658 1404 1711 med).
1427 1659 1469 1703 Si
1497 1670 1608 1714 ergo
1627 1658 1704 1702 ille
1733 1657 1813 1714 qui
1845 1656 2040 1713 susc-ipit

150 1727 448 1783 baptizatum,
476 1730 712 1771 teneretur
733 1737 841 1768 eum
874 1724 1121 1778 instruere,
1140 1721 1292 1778 magis
1313 1724 1439 1765 esset
1458 1720 1743 1765 conveniens
1761 1719 1886 1776 qued
1910 1724 2039 1775 pater

150 1789 350 1834 carnalis
375 1787 521 1832 filium
541 1799 680 1832 51111111
706 1787 762 1832 de
782 1787 909 1831 sonte
930 1786 1201 1842 susciperet,
1223 1782 1364 1840 quam
1390 1781 1558 1838 aliquis
1579 1782 1715 1840 alius,
1738 1781 1865 1838 quod
1884 1785 2038 1825 tamen

151 1851 334 1912 videtur
350 1863 454 1895 esse
471 1849 768 1908 prohibitum,
787 1854 840 1892 ut
871 1848 1069 1892 habetur
1089 1847 1153 1902 (in
1176 1848 1353 1890 Decret.
1374 1846 1444 1900 30,
1466 1857 1546 1901 (111.
1571 1858 1602 1901 1,
1623 1856 1726 1901 cap.
1747 1847 1971 1898 Pervenit,
1993 1847 2039 1888 et

136 1924 254 1968 cap.
279 1915 458 1955 Dictum
477 1913 575 1965 est).

205 1977 249 2020 3.
277 1976 518 2029 Praeterea,
538 1973 696 2029 plures
715 1971 866 2027 magis
883 1975 1080 2028 possunt
1113 1970 1345 2015 instruere
1368 1968 1510 2025 quam
1546 1979 1675 2012 unus
1695 1967 1840 2012 solus.
1862 1966 1906 2012 Si
1926 1979 2039 2025 ergo

152 2035 229 2081 ille
265 2035 345 2093 qui
379 2035 572 2092 suscipit
613 2035 816 2091 aliquem
849 2033 1152 2090 baptizatum,
1195 2035 1431 2076 teneretur
1462 2042 1571 2075 eum
1609 2030 1858 2086 instruere,
1889 2029 2039 2086 magis

152 2097 375 2142 deberent
388 2097 546 2154 plures
561 2096 796 2154 suscipere
812 2096 953 2153 quam
973 2107 1100 2139 unus
1114 2094 1268 2149 solus,
1287 2092 1424 2148 cujus
1446 2092 1731 2136 contrarium
1753 2090 1951 2136 habetur
1981 2104 2039 2136 ex

153 2159 335 2204 decreto
354 2159 518 2204 Leonis
539 2172 686 2215 papae,
704 2158 830 2214 quod
847 2157 1045 2202 habetur
1061 2160 1137 2209 (De
1155 2158 1410 2201 consecrat.
1437 2166 1542 2211 cap.
1565 2156 1664 2209 101,
1682 2154 1788 2198 dist.
1804 2156 1848 2207 4)
1872 2169 1883 2198 ε
1913 2155 2036 2198 «Non

153 2222 326 2279 plures,
350 2222 514 2278 iuquit,
533 2222 592 2265 acl
621 2221 968 2276 suscipiendum
987 2220 1045 2264 de
1077 2219 1309 2276 baptismo
1328 2216 1565 2275 infantem,
1581 2215 1723 2273 quam
1742 2227 1882 2271 unus,
1904 2228 2040 2262 acce·

155 2284 285 2340 dant,
308 2284 408 2328 sive
426 2283 513 2341 vir,
538 2283 636 2328 sive
655 2283 838 2328 mulier.
863 2302 883 2323 ,›
2052 2298 2054 2300 v

209 2346 296 2392 Sed
312 2349 469 2390 contra
487 2350 559 2390 est
578 2345 703 2402 quod
721 2345 1009 2401 Augustinus
1031 2343 1144 2389 dicit
1162 2343 1210 2387 in
1238 2344 1441 2400 quodam
1461 2351 1677 2386 sermone
1695 2339 1902 2396 paschali
1931 2343 1969 2393 (7
1991 2340 2039 2384 in

156 2411 287 2453 Dom.
312 2407 359 2452 in
382 2407 508 2452 Albis
528 2422 539 2453 ε
573 2425 593 2445 α
613 2410 701 2451 Vos
730 2414 838 2452 ante
859 2407 1017 2452 omnia
1039 2411 1133 2450 tam
1166 2404 1294 2449 viros
1317 2405 1459 2462 quam
1479 2402 1727 2458 mulieres,
1750 2402 1831 2458 qui
1851 2402 1970 2447 filios
1990 2402 2039 2447 in

153 2470 429 2527 baptismate
451 2469 741 2525 suscepistis,
761 2482 930 2514 moneo
952 2474 1004 2512 ut
1025 2480 1108 2512 vos
1124 2467 1416 2523 cognoscatis
1435 2464 1734 2521 fidejussores
1752 2464 1876 2522 apud
1895 2467 2040 2510 Deum

155 2532 364 2577 extitisse
384 2544 468 2587 pro
487 2531 577 2576 illis
598 2543 716 2588 quos
738 2531 825 2575 visi
849 2531 963 2576 estis
981 2530 1039 2575 de
1061 2542 1195 2575 sacro
1215 2529 1342 2574 fonte
1362 2528 1616 2584 suscipere.
1645 2545 1665 2564 υ

201 2599 487 2641 CONCLUSIO.
514 2620 560 2628 -
588 2599 677 2638 Non
707 2599 790 2638 nisi
810 2599 856 2638 in
872 2611 969 2639 casu
996 2597 1263 2645 necessitatis,
1287 2597 1359 2647 qui
1375 2597 1560 2647 aliquem
1586 2594 1636 2633 de
1651 2605 1763 2633 sacro
1782 2593 2041 2645 baptismatis

155 2653 275 2744 fontet
294 2652 443 2714 levavit
469 2656 629 2710 tenetur
654 2664 752 2692 eum
777 2653 1011 2701 instituere,
1036 2652 1074 2691 si
1107 2650 1309 2691 nimirum
1336 2649 1639 2690 animadvertat
1667 2647 1791 2687 illum
1824 2659 1907 2688 non
1937 2649 2040 2689 recte

156 2710 256 2746 111511
278 2718 336 2746 ui.

211 2768 483 2824 Respondeo
503 2768 754 2814 dicendum
775 2769 900 2826 quod
918 2767 1245 2825 unusquisque
1263 2767 1495 2823 obligatur
1512 2765 1571 2810 ad
1593 2765 1918 2822 exequendum
1937 2766 2039 2810 offl-

157 2829 281 2875 cium
304 2830 429 2886 quod
452 2830 643 2886 accepit.
674 2831 854 2875 Dictum
876 2835 947 2875 est
968 2836 1126 2874 autem
1151 2834 1248 2881 (art.
1282 2830 1464 2885 praem),
1488 2827 1614 2884 quod
1634 2827 1711 2871 ille
1743 2826 1823 2883 qui
1847 2827 2040 2884 suscipit

157 2892 359 2949 aliquem
384 2892 442 2936 de
463 2905 596 2936 sacro
618 2893 760 2949 sonte,
781 2893 978 2937 assumit
1004 2893 1091 2937 sibi
1111 2892 1315 2936 officium
1338 2890 1601 2947 paedagogi3
1621 2895 1667 2934 et
1688 2889 1791 2934 ideo
1809 2889 2040 2945 obligatur

157 2953 218 2998 ad
246 2952 508 2997 habendam
531 2965 692 2996 curam
713 2954 772 2998 de
800 2954 928 3010 ipso,
963 2953 1001 2997 si
1026 2953 1280 2998 necessitas
1302 2952 1588 3007 immineret,
1613 2951 1734 2995 sicut
1756 2963 1811 2995 eo
1832 2955 2039 3008 tempore

158 3020 203 3060 et
219 3015 321 3059 1000
341 3014 387 3058 111
411 3027 504 3071 quo
524 3014 738 3070 baptizati
761 3015 883 3060 inter
897 3015 1108 3060 infideles
1126 3015 1411 3059 nutriuntur.
1430 3013 1517 3056 Sed
1539 3011 1621 3056 uhi
1636 3012 1903 3056 nutriuntur
1921 3012 2040 3058 inter

157 3075 409 3121 catholicos
438 3075 733 3130 christianos,
758 3076 870 3121 satis
901 3081 1099 3133 possunt
1120 3075 1180 3120 ab
1213 3075 1301 3119 hac
1322 3087 1435 3118 cura
1463 3072 1691 3130 excusari,
1715 3074 2039 3130 praesumendo

159 3223 315 3247 romanus
339 3218 373 3248 et
398 3213 492 3247 addit
519 3225 528 3247 :
553 3213 705 3247 eamdem
735 3213 939 3247 sententiam
973 3226 1052 3248 con·
1138 3213 1220 3247 bent
1235 3224 1289 3246 eos
1307 3211 1490 3245 admonere
1504 3213 1543 3245 ut
1556 3210 1742 3245 castitatem
1753 3209 1956 3250 custodiant,
1970 3213 2038 3249 jus·

159 3260 270 3295 firmat
301 3260 430 3300 Higinii
456 3261 640 3294 auctoritas
668 3260 823 3297 (liabetur
866 3262 913 3294 De
939 3272 1053 3294 conse-
1140 3260 1248 3293 titiam
1265 3259 1424 3300 diligant,
1445 3258 1643 3293 charitatem
1660 3262 1798 3292 teneant
1816 3263 1850 3290 et
1867 3262 1944 3290 ante
1960 3268 2039 3290 om-

160 3308 1055 3349 crat.dist.iv‚ca1·.100,otLe0pp.il›id.cap.lol‚et
1139 3308 1195 3341 nia
1224 3306 1411 3347 symbolum
1444 3312 1478 3340 et
1513 3305 1701 3340 orationem
1735 3303 1947 3339 Dominicam
1982 3314 2038 3338 eos

159 3360 250 3389 cont.
265 3355 512 3395 Mogunffibiil.
531 3367 559 3389 c.
572 3356 628 3389 lot
644 3360 677 3389 et
693 3356 736 3390 50
754 3359 870 3395 quaest.
891 3364 915 3394 1,
935 3366 1006 3394 cap.
1023 3356 1053 3389 1.
1141 3355 1280 3388 doceant
1300 3366 1308 3386 ε
1334 3354 1533 3394 Decalogum
1551 3353 1654 3387 etiam
1681 3357 1715 3386 et
1740 3363 1813 3392 quoe
1837 3351 1906 3384 sint
1929 3350 2037 3389 prima

197 3402 241 3444 (l)
258 3402 338 3443 Quae
354 3402 434 3436 filiis
446 3402 679 3442 spiritualibus
694 3402 854 3436 tradenda
864 3402 932 3434 sint
945 3402 1056 3441 ytalicis
1141 3402 1328 3436 christianin
1347 3402 1523 3442 religionis
1550 3401 1756 3436 rudimenta.
1776 3398 2036 3440 (catechismus

161 3450 200 3484 D.
213 3450 418 3490 Augustinus
429 3450 846 3492 comprehendit..‚Inquit
858 3450 948 3484 cuim
967 3461 974 3483 ε
994 3449 1057 3483 De-
1141 3459 1336 3491 romanus,
1356 3457 1395 3483 n·
1417 3449 1487 3491 27.)
