2170 3808
554 167 557 170 ’
595 235 597 238 ,
682 194 878 246 QuAEsr.
908 194 1030 249 xm,
1059 195 1178 237 Anr.
1207 194 1262 237 111
1288 194 1354 237 ET
1381 193 1450 238 Ν.
1926 195 2010 239 353

122 274 474 332 intelligeretur.
506 273 635 319 Unde
663 275 951 331 Augustinus
979 273 1087 320 dicit
1109 276 1271 331 (Super
1298 276 1429 319 Joan.
1459 278 1592 320 tract.
1623 276 1721 329 113,
1750 273 1802 318 in
1828 273 2006 329 med.):

127 354 149 377 α
168 336 526 394 Intelligendum
545 342 615 380 est
630 335 695 380 ita
715 336 889 381 dixisse
913 336 1160 381 Dominum
1185 347 1197 380 τ
1224 336 1413 382 «Palam
1431 336 1615 382 locutus
1639 348 1745 381 sum
1773 335 1967 394 mund0,
1981 353 2005 376 υ

122 410 178 444 ac
197 398 237 443 si
259 398 453 445 dixisset
476 413 488 441 :
510 415 531 436 α
547 397 671 442 Multi
686 410 762 442 me
781 397 1044 443 audierunt.
1059 415 1080 437 ιι
1106 399 1161 442 Et
1177 398 1342 442 rursus
1359 410 1454 443 non
1476 403 1575 444 erat
1591 398 1761 457 palam,
1783 397 1894 455 quia
1910 409 2006 442 non

50 475 53 479 ·
122 458 459 518 intelligebant.
481 478 502 500 »

175 521 244 568 Ad
259 524 442 566 tertium
456 521 720 577 dicendum,
738 513 864 579 quiid
879 521 1027 566 turbis
1037 521 1258 566 Dominus
1273 521 1322 565 in
1331 520 1566 578 parabolis
1578 522 1871 578 loquebatur,
1886 521 2008 567 sicut

120 582 298 630 dictum
313 586 385 629 est
394 581 458 638 (in
469 594 595 639 corp.
617 585 741 636 art),
754 582 864 639 quia
879 594 974 626 non
986 586 1119 627 erant
1132 581 1276 638 digni,
1293 593 1381 626 nec
1399 581 1555 627 idonei
1571 583 1747 627 nudam
1762 581 2006 627 veritatem

120 644 347 704 accipere,
370 656 511 702 quam
530 643 770 700 discipulis
784 644 1058 701 exponebat.
1079 643 1208 697 Quod
1224 647 1379 688 autem
1398 643 1582 697 dicitur,
1600 643 1725 700 quod
1745 647 1841 688 sine
1856 656 1992 700 para>

119 704 235 749 bolis
251 719 341 750 mm
364 706 630 761 loquebatur
657 709 737 762 eis,
760 705 1019 750 secundum
1047 705 1428 761 Chrysostomum
1450 704 1593 759 (hom.
1622 718 1747 748 xtvm
1778 705 1827 748 in
1848 706 2002 750 Matth.

120 766 244 811 circa
254 767 437 825 prium),
449 766 802 823 intelligendum
815 771 886 812 est
899 767 1126 823 quantum
1142 767 1199 811 ad
1210 766 1343 811 illum
1362 777 1649 812 sermonem:
1665 766 1879 823 quamvis
1892 765 2001 813 alias

121 826 222 872 sine
242 828 473 885 parabolis
501 829 650 874 multa
680 829 831 874 turbis
859 829 1043 874 locutus
1063 829 1220 874 fuerit.
1241 853 1298 862 -
1312 828 1390 873 Vel
1419 828 1679 874 secundnm
1696 827 2000 885 Augustinum

121 887 187 944 (in
216 888 295 935 lib.
324 893 386 935 De
413 890 751 948 quaestionibus
778 893 954 948 Evang.
984 890 1160 936 scilicet
1189 890 1449 936 secundum
1480 890 1635 935 Matth.
1669 894 1835 947 quaest.
1858 892 1930 946 15,
1954 889 2000 936 in

119 950 300 1008 princ),
322 953 410 997 hoc
428 952 613 1010 dicitur,
638 971 658 991 α
677 965 770 998 non
790 952 899 1010 quia
918 952 1031 996 nihil
1052 953 1238 1010 proprie
1254 952 1438 997 locutus
1460 959 1547 1008 est,
1570 953 1653 998 sed
1682 952 1792 1009 quia
1822 951 2005 995 nullum

118 1010 217 1057 fere
238 1024 498 1059 sermonem
522 1014 784 1072 explicavit,
814 1014 895 1059 ubi
927 1027 1023 1058 non
1060 1027 1142 1071 per
1162 1013 1430 1072 parabolam
1453 1013 1627 1071 aliquid
1652 1012 2003 1070 significaverit,

121 1075 333 1130 quamvis
350 1075 398 1119 in
420 1088 476 1120 eo
494 1076 649 1133 aliqua
665 1076 850 1134 proprie
869 1075 1051 1121 dixerit.
1071 1094 1092 1113 υ

204 1139 546 1183 ARTICULUS
564 1141 646 1185 IV.
668 1164 723 1171 —
745 1152 886 1183 urium
904 1151 1107 1182 cmusrus
1126 1151 1332 1181 nnssusmr
1355 1150 1590 1181 uoc‘rmmu
1615 1150 1722 1181 sum
1745 1149 1920 1182 scmrro

915 1213 1106 1243 ‘ramme
1129 1201 1207 1254 (1).

757 1268 807 1303 De
824 1268 878 1303 his
893 1267 996 1303 etiam
1013 1267 1119 1303 Hebr.
1132 1275 1211 1309 vm,
1232 1267 1310 1303 lect.
1325 1269 1360 1303 2.

172 1321 240 1366 Ad
270 1326 487 1378 quartum
513 1322 583 1368 sic
613 1322 892 1380 proceditur.
923 1326 967 1367 1.
994 1322 1181 1367 Videtur
1202 1322 1325 1380 quod
1347 1323 1555 1368 Christus
1583 1322 1839 1368 doctrinam
1867 1333 2004 1366 suam

118 1380 330 1428 debuerit
351 1374 522 1441 scripto
541 1385 738 1429 tradere.
759 1385 993 1441 Scriptura
1011 1384 1137 1429 enim
1155 1384 1348 1429 inventa
1369 1390 1441 1430 est
1462 1385 1522 1430 ad
1542 1385 1630 1429 hoc
1648 1383 1774 1441 quod
1796 1383 2005 1428 doctrina

117 1446 468 1492 commendetur
485 1447 720 1492 memoriae
748 1447 798 1491 in
823 1448 1051 1492 futurum.
1074 1447 1162 1493 Sed
1183 1447 1392 1493 doctrina
1412 1447 1576 1493 Christi
1598 1448 1822 1493 duratura
1839 1451 1938 1491 erat
1954 1446 2003 1490 in

119 1509 361 1563 aeternum,
381 1509 642 1553 secundum
658 1509 772 1554 illud
791 1511 916 1564 (Luc.
936 1523 1022 1565 xxl,
1042 1511 1112 1563 33)
1134 1524 1143 1550 :
1165 1510 1339 1554 Coelum
1362 1514 1407 1554 et
1426 1513 1552 1553 terra
1572 1509 1846 1563 transibunt,
1867 1508 2005 1551 verba

119 1571 270 1611 autem
286 1583 389 1613 mea
404 1584 493 1614 non
524 1571 776 1615 transibunt
798 1572 873 1626 (2).
902 1573 1021 1627 Ergo
1051 1571 1233 1615 videtur
1251 1571 1376 1628 qued
1398 1570 1606 1616 Christus
1628 1569 1840 1615 debuerit
1867 1581 2002 1614 suam

121 1627 377 1676 doctrinam
394 1632 564 1690 scripto
581 1633 820 1677 mandare.

175 1693 217 1735 2.
247 1694 471 1738 Praeterea
488 1727 501 1751 ,
538 1694 612 1739 lex
645 1698 780 1739 vetus
815 1694 864 1738 in
899 1694 1050 1751 figura
1085 1693 1248 1738 Christi
1285 1695 1554 1751 praecessit,
1593 1693 1853 1739 secundum
1887 1692 2003 1739 illud

124 1750 277 1809 (Hebr.
295 1768 339 1810 x,
357 1757 400 1809 1)
419 1769 430 1797 :
453 1756 663 1799 Umbram
680 1757 848 1800 habens
868 1756 944 1799 lex
963 1758 1224 1811 suturarum
1243 1757 1473 1799 bonorum.
1500 1756 1588 1800 Sed
1607 1756 1682 1800 lex
1702 1758 1838 1799 vetus
1859 1753 1889 1798 ὁ,
1907 1758 2003 1800 Deo
2022 1755 2027 1760 ”

120 1811 209 1859 fuit
225 1814 472 1874 descripta,
488 1818 748 1863 secundum
766 1817 881 1863 illud
900 1818 1056 1873 (Exodi
1071 1831 1185 1873 xx1v,
1202 1819 1273 1872 12)
1288 1818 1439 1861 :Dabo
1455 1818 1535 1861 tibi
1550 1819 1667 1862 duas
1687 1817 1868 1860 tabulas
1884 1817 2002 1874 lapi-

121 1875 249 1930 deas,
273 1881 319 1920 et
347 1877 487 1934 leyem
508 1891 564 1922 ac
585 1880 810 1922 mandata
832 1892 926 1934 quae
947 1881 1127 1935 scripsi.
1149 1880 1267 1934 Ergo
1284 1878 1466 1923 videtur
1483 1878 1609 1936 quod
1632 1879 1773 1923 etiam
1795 1878 2002 1923 Christus

121 1937 380 1983 doctrinam
401 1952 535 1984 suam
556 1941 759 1986 scribere
780 1940 1007 1986 debuerit.

175 2001 216 2044 3.
249 2001 486 2059 Praeterea,
509 2002 570 2047 ad
590 2003 842 2058 Christum,
865 2003 946 2060 qui
967 2007 1160 2047 venerat
1180 2003 1441 2046 illuminare
1462 2002 1534 2045 Itis
1565 2006 1642 2058 qui
1672 2005 1722 2046 in
1742 2002 1934 2046 tenebris
1956 2007 2003 2048 et

118 2060 277 2103 umbra
304 2065 462 2106 mortis
483 2065 658 2120 sedent,
680 2071 733 2109 ut
753 2064 920 2110 dicitur
943 2067 1063 2119 (Luc.
1087 2078 1124 2123 1,
1147 2066 1234 2120 79),
1255 2064 1514 2121 pertinebat
1534 2064 1704 2108 erroris
1732 2064 2000 2110 occasiones

118 2120 380 2177 excludere,
403 2128 450 2168 et
476 2124 600 2168 viam
628 2125 735 2171 fidei
767 2126 960 2182 aperire.
988 2126 1075 2171 Sed
1102 2126 1192 2170 hoc
1218 2125 1407 2170 fecisset
1432 2125 1688 2170 doctrinam
1716 2137 1850 2170 suam
1883 2126 2002 2171 scri-

118 2181 273 2229 hendo
296 2200 308 2229 ς
332 2186 443 2232 dicit
475 2187 602 2232 enim
633 2189 922 2245 Augustinus
951 2191 1028 2243 (De
1055 2201 1291 2233 consensu
1320 2190 1492 2243 Evang.
1516 2187 1597 2232 lib.
1627 2202 1669 2243 1,
1698 2200 1800 2245 cap.
1826 2192 1869 2244 7,
1891 2195 2001 2235 ante

119 2245 281 2303 med.),
303 2247 429 2303 quod
453 2266 474 2286 «
499 2249 616 2293 solet
639 2250 890 2295 nonnullos
913 2262 1115 2307 movere,
1138 2262 1222 2294 cur
1242 2250 1342 2306 ipse
1368 2249 1590 2294 Dominus
1611 2249 1724 2293 nihil
1746 2249 1997 2307 scripserit,

119 2310 173 2350 ut
194 2306 295 2352 aliis
317 2308 374 2354 de
395 2309 473 2354 illo
491 2311 803 2357 scribentibus
825 2324 1016 2357 necesse
1039 2312 1098 2356 sit
1118 2311 1307 2356 credere
1324 2325 1337 2356 :
1353 2311 1442 2355 hoc
1463 2310 1590 2355 enim
1613 2311 1703 2368 illi,
1725 2316 1772 2356 et
1797 2313 2000 2358 maxime

118 2370 287 2425 pagani
307 2378 538 2430 quaerunt,
556 2374 636 2429 qui
657 2375 886 2420 Christum
904 2375 1093 2431 culpare
1111 2378 1193 2418 aut
1211 2373 1532 2430 blasphemare
1548 2385 1639 2417 non
1659 2373 1848 2431 audent,
1862 2374 1999 2432 eique

117 2429 329 2477 tribuunt
345 2434 782 2481 excellentissimam
800 2436 1098 2493 sapientiam3
1122 2435 1204 2480 sed
1227 2442 1381 2479 tamen
1403 2440 1623 2492 tanquam
1643 2435 1841 2492 homini,
1861 2436 1999 2482 disci·

117 2492 254 2562 pulos
274 2495 385 2542 vero
403 2496 506 2552 eJus
526 2496 688 2542 dicunt
706 2498 931 2555 magistro
949 2511 1036 2542 suo
1058 2497 1257 2553 amplius
1278 2497 1495 2542 tribuisse
1514 2496 1654 2554 quam
1674 2503 1796 2555 erat,
1819 2502 1872 2543 ut
1889 2509 1998 2543 eum

117 2553 281 2598 Fihum
299 2556 376 2600 Dei
392 2557 613 2616 dicerent,
629 2564 675 2604 et
691 2561 891 2605 Verbum
908 2560 1004 2616 Dei,
1024 2572 1106 2616 per
1121 2559 1246 2616 quod
1263 2560 1385 2604 facta
1406 2565 1517 2604 sunt
1534 2559 1713 2614 omnia3
1731 2578 1752 2599 n
1773 2564 1820 2604 et
1836 2566 1998 2617 postea

119 2614 303 2661 subdit:
325 2634 345 2654 «
367 2617 588 2664 Videntur
605 2622 751 2677 parati
772 2622 917 2666 fuisse
939 2623 1027 2666 hoc
1049 2622 1107 2666 de
1128 2621 1208 2665 illo
1229 2621 1417 2666 credere
1434 2620 1559 2677 quod
1582 2620 1640 2665 de
1658 2633 1709 2665 se
1729 2621 1829 2677 ipse
1849 2622 1997 2678 scrip-

119 2676 272 2734 sisset,
295 2691 388 2723 non
410 2680 534 2737 quod
555 2682 631 2726 alii
656 2683 714 2728 de
739 2683 818 2728 illo
839 2696 923 2741 pro
949 2696 1036 2728 suo
1059 2682 1248 2727 arbitrio
1266 2682 1610 2738 praedicassent.
1635 2701 1656 2722 υ
1680 2684 1799 2738 Ergo
1814 2683 1997 2729 videtur

120 2737 243 2793 quod
263 2740 468 2786 Christus
488 2742 589 2798 ipse
608 2743 863 2789 doctrinam
885 2756 1019 2789 suam
1043 2743 1214 2800 scripto
1239 2743 1417 2788 tradere
1436 2744 1662 2789 debuerit.

120 2863 140 2905 t
176 2800 264 2845 Sed
288 2805 447 2846 contra
467 2810 538 2848 est
561 2805 685 2861 quod
706 2806 821 2850 nulli
843 2806 947 2851 libri
976 2807 1036 2851 ab
1059 2818 1116 2850 eo
1142 2805 1301 2862 scripti
1322 2805 1552 2850 habentur
1568 2806 1618 2850 in
1645 2818 1826 2851 canone
1847 2807 1996 2865 Scrip-

141 2871 252 2904 urae.

166 2928 454 2970 OONCLUSIO.
469 2952 518 2959 —
540 2932 792 2974 Conveniens
809 2935 903 2983 fuit,
926 2938 973 2974 ut
989 2931 1078 2984 alii,
1097 2946 1179 2975 non
1198 2937 1286 2986 ipse
1304 2934 1489 2975 Christus
1507 2934 1737 2975 doctrinam
1754 2947 1874 2976 suam
1895 2937 1995 2978 scri-

119 2982 242 3031 beret,
260 2987 350 3023 tum
364 2989 524 3036 propter
537 2985 725 3037 doctoris,
741 2993 833 3030 tum
849 2991 975 3030 etiam
991 2993 1151 3041 propter
1163 2989 1358 3030 doctrinae
1371 2988 1666 3031 excellentiam.

172 3045 445 3115 Respondeo
469 3046 716 3093 dicendum
734 3052 1019 3097 conveniens
1038 3051 1183 3096 fuisse
1203 3052 1432 3095 Christum
1452 3051 1707 3095 doctrinam
1738 3064 1872 3097 suam
1897 3066 1994 3099 non

113 3107 373 3163 scripsisse.
403 3107 553 3151 Primo
578 3109 766 3165 quidem
792 3117 977 3169 propter
1014 3113 1285 3168 dignitatem
1313 3112 1462 3168 ipsius
1486 3127 1497 3156 z
1522 3113 1837 3158 excellentiori
1867 3115 1994 3161 enim

118 3167 294 3213 doctori
312 3168 610 3214 excellentior
627 3171 794 3215 modus
811 3172 1031 3217 doctrinae
1052 3174 1261 3218 debetur.
1281 3175 1334 3217 Et
1351 3173 1455 3218 ideo
1465 3174 1656 3231 Christo,
1671 3180 1890 3232 tanquam
1909 3188 1994 3221 ex-

117 3229 444 3274 cellenfissimo
466 3231 662 3288 doctori,
684 3232 758 3276 hic
780 3234 947 3279 modus
968 3235 1279 3291 competebat,
1301 3239 1354 3279 ut
1377 3235 1633 3280 doctrinam
1655 3249 1788 3282 suam
1810 3238 1994 3282 audito-

158 3324 202 3367 (Ι)
224 3324 319 3359 Nihil
331 3325 463 3367 scripsit
485 3326 635 3362 Christus
652 3332 690 3362 ut
703 3328 885 3370 unicuique
902 3334 1013 3370 pateat
1137 3330 1180 3370 (2)
1198 3330 1321 3365 Videre
1336 3337 1385 3365 est
1400 3335 1435 3366 et
1457 3330 1582 3366 similia
1601 3344 1734 3373 quoque
1750 3332 1884 3371 (Matth.
1898 3341 1993 3376 mv,

117 3382 184 3406 non
203 3372 309 3406 solum
331 3372 470 3408 verbum
496 3375 657 3415 scriptum
669 3402 681 3418 ‚
701 3381 759 3412 sed
784 3376 888 3411 ctiam
914 3376 1013 3408 tradi-
1094 3378 1148 3420 55)
1161 3389 1199 3412 ac
1213 3378 1329 3414 eadem
1348 3378 1467 3414 iisdem
1485 3379 1598 3415 verbis
1611 3380 1727 3418 (Marc.
1742 3388 1818 3421 ¹111,
1832 3380 1900 3423 51).

118 3421 189 3454 tum
207 3432 275 3455 csse
296 3421 553 3456 fundamentum
570 3423 614 3457 fid
640 3433 647 3440 ·

332 3485 390 3514 v„
1771 3482 1820 3521 12
