2170 3808
687 216 884 268 QUAEST.
914 217 1088 272 XLVIII,
1117 217 1234 260 ART.
1267 219 1296 260 l.
1846 214 1929 256 407

54 298 338 356 reipublic&
377 298 497 342 sicut
532 297 671 342 etiam
710 297 786 341 ille
823 297 902 354 qui
943 297 1110 342 occidit
1141 297 1363 353 seipsum,
1393 299 1447 339 ut
1482 294 1789 350 philosoph-{rs
1819 293 1930 339 dicit

55 362 208 415 [ithic.
229 362 310 406 lib.
337 375 379 418 v,
405 373 506 418 cap.
554 360 639 404 ult.
663 361 826 416 parum
866 361 893 404 a
920 362 1102 418 priua).
1131 360 1263 404 Unde
1287 365 1334 404 et
1361 358 1499 403 David
1531 359 1768 414 damnavit
1795 357 1928 401 illum

51 424 108 469 ed
140 429 334 468 mortem
364 423 441 479 qui
467 435 559 466 non
586 423 800 466 timuerat
824 422 1004 468 mittere
1023 434 1229 476 manum,
1255 425 1310 465 ut
1327 421 1558 465 occideret
1577 419 1810 464 Christum
1837 421 1927 463 Bo-

49 497 70 530 1
83 485 180 541 lini,
201 485 412 542 quamvis
425 497 480 529 eo
495 488 694 541 petente,
717 491 770 527 ut
786 484 954 541 legitur
977 486 1044 539 (Π.
1065 485 1178 540 Reg.
1202 487 1232 537 ι)
1251 485 1325 537 (1).

625 699 627 702 ⁸
697 623 1002 686 QUAESTIO
1047 621 1268 677 XLvm.
1338 649 1346 656 x

48 750 108 786 [E
138 750 267 787 MODO
299 750 530 787 PASSIONIS
563 748 747 787 CHRISTI
779 749 1003 792 QUANTUM
1034 750 1095 785 An
1134 748 1411 798 EFFECTUM,
1452 748 1501 783 m
1542 747 1632 784 SEX
1668 747 1926 785 ARTICULOS

898 812 1066 848 DlvlsA.

96 913 249 955 Deinde
274 913 614 955 considerandum
644 918 704 953 est
732 914 781 954 de
799 915 940 953 effectu
962 912 1167 965 passionis
1193 912 1364 961 Christi3
1384 915 1424 952 et
1448 911 1579 964 primo
1594 942 1606 959 ,
1627 911 1676 951 de
1694 911 1815 952 modo
1838 911 1926 952 effi·

46 969 202 1017 ciendi;
221 969 419 1018 secundo,
442 969 492 1010 de
510 971 597 1021 ipso
619 970 775 1010 effectu.
803 971 915 1010 Circa
944 970 1128 1020 primum
1152 972 1398 1020 quaeruntur
1423 979 1489 1008 sex
1508 982 1522 1008 τ
1553 974 1588 1006 1⁶
1617 967 1765 1007 Utrum
1793 967 1925 1018 passio

46 1023 197 1064 Christi
213 1026 434 1065 causaverit
452 1030 635 1064 nostram
652 1024 828 1064 salutem
853 1035 920 1075 per
938 1024 1111 1064 modum
1129 1023 1281 1063 meriti.
1297 1043 1350 1051 -—
1368 1029 1407 1062 2⁰
1421 1022 1565 1062 Utrum
1584 1033 1655 1073 per
1675 1021 1850 1061 modum
1860 1033 1925 1063 sa·-

46 1079 303 1120 tiss-actionis.
321 1101 371 1108 -
386 1086 426 1119 3⁰
445 1081 591 1120 Utrum
611 1092 680 1131 ρει·
695 1079 866 1119 modum
884 1079 1085 1119 sacrificii.
1107 1099 1153 1107 —-
1172 1083 1213 1118 4⁰
1239 1077 1392 1118 Utrum
1405 1088 1476 1129 per
1495 1077 1667 1116 modum
1686 1077 1924 1127 redemptio-

47 1133 124 1172 nis.
144 1155 195 1163 —-
217 1140 257 1174 5·
278 1133 420 1176 Utrum
438 1146 522 1174 esse
550 1135 857 1185 Redemptorem
886 1134 942 1173 sit
970 1133 1184 1185 proprium
1207 1132 1374 1172 Christi.
1394 1153 1440 1162 —
1472 1138 1513 1171 6⁶
1534 1131 1682 1172 Utrum
1702 1133 1925 1172 causaverit

46 1187 232 1228 effectum
250 1193 396 1229 nostrae
413 1190 559 1230 salutis
577 1201 646 1241 per
661 1189 833 1228 modum
847 1188 1086 1228 efficientiae.

47 1251 391 1296 ARTICULUS
419 1256 455 1296 1.
487 1277 541 1285 —
574 1265 711 1294 uranii
750 1263 887 1294 PASSlo
916 1264 1079 1294 camsi-1
1107 1263 1361 1294 εΑιιεΑνΕιιιτ
1397 1263 1585 1294 nosram
1624 1263 1808 1294 saturnu
1846 1264 1924 1295 ren

771 1325 911 1355 monui!
947 1326 1084 1354 11ssssth
1113 1312 1190 1366 (2).

47 1376 98 1415 De
125 1378 178 1415 his
199 1379 302 1415 etium
318 1379 418 1422 infra,
438 1385 554 1422 quaest.
576 1388 657 1420 uu,
673 1384 737 1414 art.
755 1380 787 1420 5,
805 1386 842 1415 et
856 1381 952 1414 Sent.
972 1388 1027 1422 ιιι,
1046 1379 1125 1415 dist.
1140 1380 1192 1421 ⁴8,
1219 1383 1288 1415 art.
1304 1380 1338 1421 ὅ,
1357 1382 1393 1414 et
1413 1387 1462 1420 lv,
1481 1378 1560 1414 dist.
1581 1378 1612 1420 Ι.
1629 1383 1746 1421 quast.
1761 1388 1787 1422 ι,
1806 1383 1871 1416 art.
1889 1382 1923 1424 ⁴,

401 1433 514 1470 quaest.
532 1437 585 1469 in,
602 1434 635 1463 et
651 1429 698 1463 De
711 1441 782 1464 ver.
802 1434 918 1470 quaest.
934 1436 1028 1470 xxvi.
1042 1433 1109 1463 art.
1123 1429 1145 1463 6
1159 1428 1204 1462 ad
1219 1428 1274 1469 20,
1293 1433 1327 1463 et
1344 1428 1487 1463 Rom.1v
1508 1427 1569 1463 lin.

100 1482 167 1528 Ad
184 1482 386 1540 primum
408 1484 477 1548 sie
495 1483 776 1540 proceditur.
791 1487 811 1528 1
822 1515 834 1526 .
851 1483 1037 1528 Videtur
1051 1482 1175 1542 quod
1194 1481 1349 1539 passio
1364 1482 1528 1528 Christi
1550 1495 1644 1527 non
1664 1484 1924 1530 causaverit

47 1550 252 1589 nostram
274 1545 468 1590 salutem
487 1558 570 1602 per
588 1546 778 1590 modum
803 1545 970 1590 meriti.
995 1545 1267 1590 passionum
1300 1544 1422 1589 enim
1445 1544 1671 1601 principia
1692 1557 1786 1589 non
1813 1551 1923 1592 sunt

47 1605 95 1651 in
118 1607 268 1653 nobis.
284 1608 444 1652 Nullus
477 1613 631 1652 autem
655 1613 859 1652 meretur
873 1607 948 1652 vel
963 1607 1192 1662 laudatur,
1216 1607 1302 1651 nisi
1326 1619 1414 1663 per
1428 1606 1476 1651 id
1497 1606 1632 1664 cnjus
1647 1608 1923 1666 principium

47 1674 117 1713 est
134 1669 181 1712 in
201 1669 318 1726 ipso.
341 1672 458 1726 Ergo
474 1669 628 1726 passio
646 1669 807 1714 Christi
824 1670 938 1714 nihil
957 1674 1028 1714 est
1046 1674 1233 1726 operata
1249 1681 1333 1725 per
1352 1668 1541 1713 modum
1561 1669 1725 1714 meriti.

101 1733 144 1774 2.
166 1733 408 1788 Praeterea,
427 1732 632 1776 Christus
647 1731 706 1776 ab
722 1732 852 1776 initio
873 1744 972 1776 suae
992 1731 1310 1787 conceptionis
1322 1731 1491 1775 meruit
1509 1735 1556 1775 et
1575 1730 1679 1785 sibi,
1702 1735 1748 1776 et
1771 1730 1920 1791 nobis,

46 1797 100 1837 ut
119 1804 260 1849 supra
288 1793 462 1839 dictum
484 1798 554 1838 est
574 1797 756 1850 (quaest.
785 1807 843 1847 1x,
862 1799 949 1839 art.
972 1797 1016 1851 4,
1045 1798 1090 1838 et
1108 1798 1274 1850 quaest.
1298 1806 1439 1848 xxxiv,
1459 1797 1544 1837 art.
1570 1795 1628 1847 3).
1651 1793 1737 1837 Sed
1760 1806 1920 1850 super·

46 1851 192 1899 fluum
210 1858 282 1899 est
305 1854 505 1911 aliquem
525 1854 690 1899 iterum
707 1855 871 1899 mereri
888 1854 936 1900 id
953 1855 1079 1912 quod
1102 1859 1209 1898 ante
1235 1858 1466 1898 meruerat
1486 1855 1559 1909 (3).
1583 1857 1702 1911 Ergo
1718 1855 1923 1901 Christus

46 1925 128 1972 per
145 1927 279 1960 suam
301 1917 565 1972 passionem
588 1930 679 1961 non
697 1917 866 1962 meruit
887 1921 1093 1961 nostram
1115 1916 1329 1960 salutem.

100 1979 142 2022 3.
166 1979 401 2034 Praeterea,
424 1978 555 2023 radix
586 1980 794 2024 merendi
826 1983 898 2024 est
919 1979 1133 2023 charitas.
1170 1978 1258 2022 Sed
1278 1977 1478 2022 charitas
1498 1977 1662 2023 Christi
1704 1991 1796 2023 non
1837 1978 1922 2024 fuit

47 2038 194 2094 magis
217 2044 512 2096 augmentata
529 2041 575 2084 in
594 2042 811 2097 passione
823 2041 964 2097 quam
988 2046 1111 2084 ante.
1129 2041 1246 2095 Ergo
1266 2051 1360 2082 non
1376 2039 1525 2095 magis
1539 2040 1708 2085 meruit
1725 2039 1921 2086 salutem

48 2107 249 2144 nostram
264 2102 482 2157 patiendo
502 2102 643 2158 quam
666 2108 774 2147 ante
795 2103 982 2147 fecerat.

20 2216 25 2219 Δ
100 2162 187 2206 Sed
211 2167 366 2206 contra
390 2168 465 2208 est
489 2163 615 2220 quod
628 2177 769 2220 super
787 2164 902 2209 illud
926 2163 1101 2220 (Philip.
1125 2167 1168 2217 11)
1189 2178 1200 2206 ε
1222 2165 1418 2219 Propter
1438 2164 1556 2218 quod
1577 2168 1622 2207 et
1651 2168 1770 2207 Deus
1788 2164 1922 2207 exal-

46 2226 162 2268 tavit
174 2223 322 2282 illum,
339 2229 445 2282 etc„
462 2225 572 2270 dicit
592 2227 881 2283 AugustInus
900 2228 1048 2280 (tract.
1066 2228 1148 2270 104
1163 2225 1211 2269 in
1224 2227 1353 2269 Joan.
1375 2223 1464 2269 sub
1484 2224 1584 2279 sin.)
1607 2238 1620 2269 τ
1641 2243 1663 2263 α
1684 2224 1922 2270 Humilitas

45 2284 274 2342 passionis
312 2285 532 2331 claritatis
579 2293 651 2332 est
686 2288 934 2343 meritum3
976 2287 1161 2332 claritas
1200 2285 1474 2330 humilitatis
1511 2290 1582 2330 est
1614 2286 1871 2342 praemium.
1898 2307 1918 2326 ›-

45 2345 133 2390 Sed
153 2346 252 2403 ipse
274 2347 550 2392 clarificatus
569 2345 640 2394 est
670 2362 762 2394 non
783 2350 933 2394 squm
953 2350 1001 2393 in
1024 2348 1196 2404 seipso,
1215 2347 1299 2392 sed
1323 2347 1462 2391 etiam
1493 2347 1539 2391 in
1573 2347 1672 2392 suis
1689 2347 1919 2404 fidelibus,

45 2411 107 2514 gg
117 2407 216 2463 ipse
233 2407 344 2453 dicit
367 2410 507 2463 (Ioan.
534 2414 648 2465 xvn).
666 2414 784 2468 Ergo
799 2411 982 2455 videtur
996 2409 1120 2466 quod
1144 2408 1242 2466 ipse
1263 2408 1484 2452 meruerit
1502 2407 1698 2454 salutem
1729 2421 1920 2456 suorum

108 2470 265 2515 elium.

96 2537 382 2579 CONCLUSIO.
412 2561 460 2568 -—-
483 2539 588 2580 Gum
607 2539 766 2580 Christo
794 2539 889 2580 data
912 2540 1035 2580 fuerit
1059 2538 1189 2590 gratia
1210 2542 1409 2590 tanquam
1430 2540 1554 2591 capiti
1580 2537 1778 2589 Ecclesiae,
1800 2542 1847 2581 ut
1869 2540 1921 2581 ab

45 2590 133 2645 ipso
151 2593 194 2632 in
212 2592 395 2633 membra
413 2592 669 2643 redundaret,
688 2596 947 2647 perspicuum
961 2597 1021 2634 est
1038 2594 1262 2643 Christum,
1277 2605 1362 2633 non
1377 2594 1499 2634 modo
1509 2593 1604 2642 sibi,
1619 2593 1823 2634 sedetiam
1835 2605 1921 2635 om-

47 2647 170 2688 nibus
185 2647 382 2687 membris
400 2650 487 2688 suis
502 2653 698 2689 aeternam
719 2649 989 2696 promeruisse
1005 2650 1194 2689 salutem.

102 2711 371 2765 Respondeo
399 2710 645 2756 dicendum
673 2713 814 2769 quod.
831 2712 951 2757 sicut
972 2724 1113 2768 supra
1134 2710 1308 2756 dictum
1329 2714 1401 2756 est
1419 2714 1600 2767 (quaest.
1624 2712 1726 2768 vm),
1745 2710 1921 2756 Christo

47 2770 154 2816 data
171 2775 242 2815 est
255 2771 402 2826 gratia
421 2785 515 2815 non
529 2772 679 2816 solum
703 2773 824 2818 sicut
837 2772 1062 2828 singulari
1083 2784 1310 2828 personae,
1333 2771 1417 2816 sed
1451 2771 1729 2827 inquantum
1747 2776 1818 2816 est
1842 2784 1919 2816 ca·

47 2837 131 2890 put
157 2832 382 2888 Ecclesiae‚
404 2839 456 2877 ut
483 2834 657 2879 scilicet
685 2835 744 2878 ab
781 2836 881 2892 ipso
906 2835 1187 2880 redundaret
1219 2834 1280 2879 ad
1308 2832 1543 2889 membr-ag
1581 2837 1627 2877 et
1647 2832 1751 2878 ideo
1781 2846 1923 2890 opera,

46 2892 211 2938 Christi
231 2892 320 2936 hoc
333 2894 471 2938 modo
493 2907 542 2938 se
564 2895 736 2940 hahent
761 2903 853 2940 tam
875 2897 933 2941 ad
955 2909 1006 2941 se
1025 2896 1167 2953 quam
1187 2895 1247 2940 ad
1267 2907 1354 2940 sua
1372 2894 1596 2948 membra,
1614 2893 1734 2938 sicut
1760 2906 1812 2939 se
1840 2895 1919 2939 ha*

47 2952 159 2998 bent
180 2966 319 3010 opera
337 2955 529 2998 alterius
546 2956 744 3000 hominis
763 2957 810 3000 in
834 2957 981 3013 gratia
1012 2956 1250 3000 constituti
1266 2955 1328 3000 ad
1344 2955 1516 3012 ipsum.
1541 2955 1827 2999 Manifestum
1849 2961 1919 3002 est

48 3021 205 3060 autem
225 3016 348 3071 quod
371 3017 652 3073 quicumque
675 3018 720 3061 in
742 3020 887 3073 gratia
905 3019 1183 3063 constitutus
1206 3025 1392 3074 propter
1406 3017 1633 3072 Justitiam
1658 3017 1842 3073 patitur,
1861 3030 1918 3063 ex

49 3077 136 3121 hoc
156 3077 257 3132 ipso
278 3083 478 3122 meretur
502 3078 590 3122 sibi
624 3079 837 3139 salutem,
869 3080 1126 3124 secundum
1156 3079 1269 3123 illud
1305 3079 1474 3142 (Matth.
1501 3091 1544 3132 v,
1565 3080 1636 3132 10)
1657 3092 1669 3121 ε
1690 3082 1822 3122 Beati
1845 3082 1918 3136 qui

89 3198 135 3240 fl)
154 3199 202 3233 Ex
212 3198 291 3233 salsa
304 3203 416 3234 tamen
426 3200 643 3235 Amalechitae
662 3202 856 3236 narratione
880 3202 939 3243 qui
1023 3202 1089 3237 fuit
1118 3200 1291 3236 meritoria
1319 3203 1443 3236 nostroe
1472 3201 1723 3242 iustificationis
1751 3202 1845 3245 (sess.
1872 3211 1916 3246 v,

49 3245 216 3280 „nvidi
245 3257 287 3281 eo
316 3246 387 3288 ipso
415 3248 597 3286 gratificari
619 3256 748 3289 putans,
775 3249 939 3283 retulerat
1022 3249 1155 3291 cap.7).

50 3293 182 3328 saniem
199 3295 220 3328 a
245 3306 280 3328 se
302 3294 400 3329 fuisse
419 3295 635 3330 interfectum
663 3296 712 3332 vel
731 3297 851 3330 saltem.
869 3302 939 3336 ejus
1064 3296 1105 3338 (5)
1131 3297 1230 3331 Juxta
1253 3297 1391 3336 vulgare
1420 3295 1506 3331 illud
1527 3297 1682 3342 axioma3
1707 3298 1831 3333 frustra
1858 3309 1915 3339 per

51 3339 317 3375 interfectionem
339 3348 602 3377 consummatam
623 3343 734 3386 fuisse,
750 3344 826 3378 cum
852 3344 937 3378 alio·
1022 3344 1088 3377 duo
1102 3343 1154 3378 vel
1174 3355 1234 3384 per
1251 3343 1350 3385 plura
1368 3343 1443 3378 fieri
1458 3344 1549 3386 quod
1566 3345 1691 3380 factum
1708 3352 1755 3380 est
1771 3345 1823 3382 vel
1843 3344 1917 3380 fieri

51 3387 105 3428 qui
125 3388 331 3423 contrarium
349 3395 475 3424 constat
495 3402 533 3424 ex
555 3393 581 3423 1.
597 3391 679 3431 Reg.
698 3403 767 3432 cap.
791 3393 845 3432 51,
860 3392 891 3426 4.
1020 3398 1128 3433 potest
1140 3404 1201 3434 per
1214 3404 1333 3428 unum.

89 3434 132 3476 (2)
154 3435 249 3471 Juxta
276 3437 458 3471 concilium
482 3438 634 3472 Trident.
664 3439 814 3472 Christus
840 3451 935 3473 causa
1186 3444 1190 3447 ’
