2170 3808
111 185 196 238 358
756 188 956 242 QUAEST.
987 186 1133 240 LXVI,
1163 186 1283 229 ART.
1312 186 1366 230 n.

112 278 220 331 post
245 272 407 317 Christi
430 273 714 330 passionem.
735 272 884 315 Causa
906 269 1032 314 enim
1054 269 1276 325 praecedit
1295 268 1529 313 effectum.
1556 269 1645 315 Sed
1675 269 1832 326 passio
1852 269 2016 319 Christi

114 342 336 394 operatur
358 336 406 379 in
437 332 745 379 sacramentis
777 331 1067 388 novaelegis.
1098 333 1217 388 Ergo
1253 331 1410 388 passio
1437 331 1602 376 Christi
1631 332 1854 390 praecedit
1881 332 2019 377 insti-'-

115 400 344 444 tutionem
387 401 790 440 sacramentorum
836 406 969 438 novae
1012 393 1162 450 legiS,
1207 398 1253 437 et
1303 393 1538 450 praecipue
1580 394 1923 439 institutionem
1958 396 2016 450 (¹)

113 458 352 518 baptismi,
376 470 485 502 cum
509 456 756 514 Apostolus
791 456 913 502 dicat
945 457 1091 509 (Rom.
1122 468 1182 511 vr,
1213 456 1284 509 3).
1309 454 1584 512 Quicumque
1616 456 1840 513 baptizati
1867 464 2020 499 sumus

116 524 163 566 in
184 522 368 565 Christo
390 523 511 575 Jesu,
534 522 583 562 in
601 524 747 563 morte
763 522 905 576 ipsius
924 518 1150 574 baptizati
1172 530 1344 573 summ,
1367 521 1463 561 etc.

171 586 213 627 2.
247 584 502 636 Praeterea,
538 586 833 626 sacramenta
873 593 1008 625 novae
1044 579 1162 636 legis
1197 578 1453 623 efficaciam
1491 578 1666 625 habent
1700 591 1760 625 ex
1799 577 2021 624 mandato

115 643 304 690 Christi.
329 643 415 689 Sed
439 642 650 688 Christus
667 642 946 688 mandatum
970 641 1235 698 baptizandi
1271 640 1400 685 dedit
1434 639 1676 697 discipulis
1709 646 1816 698 post
1838 640 2021 698 passio·

115 715 224 751 nem
248 710 295 751 et
317 704 708 751 resurrectionem
730 716 885 758 suam,
909 704 1099 750 dicens:
1124 705 1295 747 Euntes
1317 703 1472 745 docete
1495 715 1646 746 omnes
1671 706 1847 760 qentes,
1868 703 2021 759 bapti-

116 774 272 812 zantes
291 781 365 812 eos
383 771 432 811 in
450 769 629 812 nomine
646 769 819 826 PatriS,
845 770 955 820 ete„
979 770 1035 811 ut
1054 765 1253 810 habetur
1270 764 1439 819 (Matth.
1460 764 1547 810 ult.
1571 768 1658 820 19).
1683 767 1803 821 Ergo
1835 763 2022 809 videtur

116 829 240 887 quod
265 834 371 887 post
389 830 659 887 passionem
680 827 846 874 Christi
869 828 1132 885 baptismus
1153 826 1295 871 fuerit
1313 825 1574 872 institutus.

172 895 214 937 3.
246 894 489 947 Praeterea,
506 891 771 949 baptismus
796 896 869 935 est
889 893 1237 934 sacramentum
1256 887 1578 947 necessitatis,
1597 892 1652 933 ut
1678 901 1822 946 supra
1844 888 2021 934 dictum

115 958 187 999 est
213 957 397 1012 (quaest.
419 967 559 1012 praec.
585 958 672 998 art.
693 956 757 1009 4),
776 957 824 998 et
842 952 906 997 ita
927 952 1114 997 videtur
1143 950 1267 1009 qued
1290 962 1351 996 ex
1370 962 1465 1007 quo
1486 950 1749 1007 baptismus
1779 951 2022 996 institutus

116 1015 219 1071 fuit,
243 1016 458 1062 homines
484 1017 807 1073 obligarentur
831 1015 889 1060 ad
910 1015 1212 1072 baptismum.
1231 1013 1322 1059 Sed
1340 1017 1450 1058 ante
1468 1014 1733 1070 passionem
1753 1014 1917 1058 Christi
1934 1013 2021 1058 ho-

115 1078 269 1124 mines
291 1092 387 1124 non
407 1080 741 1137 obligabantur
763 1078 824 1124 ad
847 1078 1150 1136 baptismum,
1171 1076 1281 1134 quia
1300 1076 1455 1122 adhuc
1473 1076 1767 1121 circumcisio
1783 1088 1918 1122 suam
1931 1075 2023 1121 vir-

118 1145 266 1186 tutem
285 1142 516 1198 habebat,
543 1143 591 1186 in
624 1142 763 1198 cujus
792 1141 949 1185 locum
975 1140 1206 1185 successit
1231 1139 1510 1196 baptismus,
1538 1140 1656 1195 Ergo
1684 1138 1870 1183 videtur
1897 1137 2021 1195 quod

115 1201 382 1259 baptismus
406 1217 501 1249 non
527 1203 664 1249 fuerit
682 1203 927 1248 institutus
951 1211 1060 1248 ante
1083 1202 1349 1259 passionem
1377 1199 1559 1245 Christi.

173 1265 260 1311 Sed
281 1271 440 1311 contra
468 1272 540 1312 est
561 1266 687 1324 quod
709 1266 998 1322 Augustinus
1022 1264 1135 1311 dicit
1152 1264 1199 1309 in
1225 1264 1431 1322 quodam
1450 1274 1668 1308 sermone
1689 1262 1747 1308 de
1769 1262 2024 1320 EpiphanIa

117 1328 275 1382 (serm.
301 1333 318 1373 1
350 1332 479 1374 Dom.
504 1329 589 1374 inf.
617 1333 709 1374 oct.
736 1328 763 1372 a
781 1327 925 1383 med.)
948 1343 959 1371 :
988 1347 1008 1367 ιι
1036 1330 1104 1372 Ex
1127 1339 1222 1384 quo
1240 1326 1450 1371 Christus
1478 1327 1526 1370 in
1551 1336 1673 1381 aqua
1693 1325 1941 1381 mergitur,
1964 1337 2023 1370 ex

117 1401 174 1434 eo
191 1390 402 1435 omnium
427 1394 620 1448 peccata
648 1390 798 1435 abluit
820 1401 959 1447 aqua.
992 1409 1012 1429 »
1051 1389 1140 1434 Sed
1172 1389 1261 1433 hoc
1290 1388 1378 1433 fuit
1405 1393 1513 1433 ante
1544 1387 1709 1432 Christi
1737 1387 2021 1443 passion-em.

117 1452 239 1508 Ergo
258 1451 445 1497 videtur
465 1453 594 1510 quod
611 1452 876 1509 baptismus
900 1455 1008 1496 ante
1030 1450 1198 1497 Christi
1215 1450 1486 1507 passionem
1506 1449 1646 1494 fuerit
1667 1449 1925 1494 institutus,

165 1519 514 1561 CONCLUSIO.—-
525 1520 778 1571 Baptismus,
792 1520 1047 1571 inquantum
1063 1520 1370 1559 sacramentum
1385 1520 1461 1567 est,
1479 1517 1561 1556 fuit
1574 1516 1793 1557 institutus
1811 1517 1856 1556 in
1869 1515 2023 1558 Christi

117 1573 340 1627 baptismo,
359 1576 448 1627 ejus
470 1579 607 1615 tamen
632 1574 849 1615 necessitas
868 1578 958 1626 post
975 1573 1211 1625 passionem
1234 1572 1477 1613 hominibus
1493 1571 1650 1613 indicta
1669 1573 1744 1613 est.

172 1637 448 1694 Respondeo
466 1636 717 1682 dicendum
740 1636 883 1693 quod,
897 1635 1021 1680 sicut
1041 1636 1220 1681 dictum
1243 1640 1316 1680 est
1339 1647 1483 1693 supra
1505 1636 1691 1693 (quaest.
1714 1646 1825 1690 mm,
1848 1638 1937 1680 art.
1961 1634 2022 1692 1),

117 1704 412 1744 sacramenta
431 1711 488 1744 ex
513 1701 587 1744 sui
608 1698 902 1744 institutione
923 1698 1099 1743 habent
1117 1698 1243 1756 quod
1266 1698 1511 1743 conferant
1527 1697 1742 1754 gratiam.
1760 1696 1890 1743 Unde
1912 1702 2026 1743 tunc

118 1759 304 1805 videtur
322 1761 509 1818 aliquod
528 1768 875 1806 sacramentum
893 1759 1092 1816 institui,
1108 1759 1298 1816 quando
1321 1759 1491 1816 accipit
1506 1760 1725 1804 virtutem
1738 1759 2024 1816 producendi

118 1834 257 1867 suum
281 1823 518 1868 effectum.
539 1825 666 1867 Hanc
689 1827 846 1867 autem
867 1821 1089 1866 virtutem
1109 1822 1290 1878 accepit
1312 1821 1592 1879 baptismus,
1615 1821 1808 1879 quando
1819 1822 2026 1867 Christus

117 1890 190 1929 est
203 1884 483 1942 baptizatus.
506 1885 637 1930 Unde
658 1891 773 1930 tunc
786 1884 896 1929 vere
911 1883 1174 1940 baptismus
1189 1883 1434 1928 institutus
1452 1883 1541 1928 fuit
1552 1886 1778 1941 quantum
1797 1883 1853 1928 ad
1870 1883 2024 1940 ipsum

118 1953 484 1993 sacramentum.
508 1948 596 1994 Sed
621 1947 881 1993 necessitas
904 1946 1065 1991 utendi
1091 1947 1180 1991 hoc
1204 1950 1503 1991 sacramento
1524 1947 1701 1991 indicta
1720 1946 1805 1990 suit
1821 1946 2028 1991 homini-

118 2009 208 2054 bus
227 2014 334 2067 post
354 2010 625 2068 passionem
657 2011 736 2066 (Ξ),
760 2014 808 2054 ct
829 2008 1239 2063 resurrectionem,
1274 2015 1371 2054 tum
1400 2009 1510 2066 quia
1533 2009 1582 2053 in
1615 2008 1837 2065 passione
1859 2009 2023 2054 Christi

117 2072 366 2118 terminata
385 2077 499 2118 sunt
521 2072 736 2129 figuralia
769 2077 1064 2116 sacramenta
1078 2103 1091 2127 ,
1115 2071 1288 2129 quibus
1317 2071 1528 2117 succedit
1549 2071 1839 2129 baptismus,
1863 2076 1910 2117 et
1934 2072 2023 2118 alia

117 2139 411 2179 sacramenta
431 2147 566 2179 novae
589 2134 730 2192 legis3
752 2139 851 2178 tum
868 2133 1008 2178 etiam
1025 2132 1135 2189 quia
1154 2146 1239 2190 per
1252 2133 1537 2191 baptismum
1552 2134 1874 2190 configuratur
1885 2133 2025 2179 homo

120 2196 326 2252 passioni
349 2201 398 2241 et
419 2196 751 2242 resurrectioni
775 2195 968 2251 Christi,
995 2195 1275 2252 inquantum
1309 2195 1508 2241 moritur
1536 2200 1756 2253 peccam,
1784 2200 1834 2242 et
1862 2195 2026 2254 incipit

121 2267 290 2303 novam
314 2258 511 2316 justitiae
533 2259 694 2303 vitam.
726 2261 779 2302 Et
800 2257 904 2303 ideo
927 2258 1135 2314 oportuit
1156 2257 1387 2303 Christum
1410 2259 1542 2316 prius
1564 2259 1660 2315 pati
1693 2262 1741 2303 et
1760 2269 2023 2318 resurgere,

120 2319 259 2376 quam
282 2320 552 2365 hominibus
574 2321 859 2365 indiceretur
874 2318 1133 2364 necessitas
1151 2331 1203 2364 se
1222 2321 1546 2378 configurandi
1563 2320 1701 2365 morti
1719 2325 1766 2365 et
1783 2333 2025 2367 resurrec-

121 2382 233 2426 tioni
256 2383 375 2438 eJ'us.

174 2444 241 2489 Ad
253 2447 454 2501 primum
466 2455 580 2500 ergo
593 2444 844 2488 dicendum
851 2442 1001 2501 q,u‹')d
1016 2443 1157 2486 etiam
1178 2447 1288 2489 ante
1303 2444 1570 2501 passionem
1584 2444 1750 2489 Christi
1766 2445 2026 2503 baptismus

121 2506 319 2550 habebat
342 2505 598 2550 efficaciam
622 2506 651 2548 a
665 2505 829 2550 Christi
847 2504 1084 2560 passione,
1103 2504 1388 2560 inquantum
1407 2517 1510 2550 eam
1527 2506 1875 2563 praefigurabat,
1890 2507 2025 2554 aliter

122 2572 275 2612 tamen
312 2567 453 2625 quam
486 2571 780 2612 sacramenta
814 2566 985 2611 veteris
1019 2564 1166 2621 legis:
1191 2578 1302 2611 nam
1335 2566 1415 2612 illa
1446 2572 1582 2613 erant
1609 2568 1775 2626 figurae
1807 2573 2020 2628 tantum,

121 2629 380 2702 baptismus
403 2634 562 2675 autem
581 2629 671 2674 ab
660 2642 772 2701 lpso·
784 2629 962 2673 Christo
980 2627 1202 2672 virtutem
1232 2628 1434 2674 habebat
1454 2630 1764 2689 Justificandi,
1785 2644 1870 2689 per
1886 2632 2029 2691 cujus

120 2692 339 2737 virtutem
362 2692 464 2750 ipsa
488 2692 628 2738 etiam
647 2691 806 2749 passio
828 2690 1070 2735 salutifera
1092 2689 1194 2735 fuit

174 2755 241 2800 Ad
258 2756 502 2800 secundum
539 2754 810 2812 dicendum,
838 2753 963 2811 quod
984 2751 1200 2798 homines
1230 2766 1327 2799 non
1345 2756 1403 2811 (3)
1428 2753 1664 2800 debebant
1685 2755 2023 2814 multiplicibus

119 2866 235 2901 Patres
250 2869 283 2899 et
305 2865 480 2906 theologos
504 2865 707 2907 opinionum
733 2864 922 2901 diversitas.
947 2863 1049 2907 Qui:
1113 2864 1250 2900 tandem
1269 2865 1435 2908 quando&
1453 2866 1585 2901 Joanne
1606 2866 1675 2902 fuit
1689 2866 1877 2910 baptizata.
1890 2868 1926 2904 ἰιι
1947 2868 2010 2905 101·

120 2912 197 2948 dam
223 2913 343 2948 volunt
366 2913 572 2956 baptismum
604 2913 802 2949 institutum
829 2912 930 2947 fuisse
945 2912 1028 2946 dun-
1114 2911 1213 2947 dane.

120 2963 209 2996 taxat
233 2966 306 3002 post
324 2961 450 2996 Christi
478 2963 780 3001 resurrectionem,
804 2961 940 3003 quando
958 2961 1030 3002 ipse
1155 2961 1200 3003 (4)
1216 2962 1267 2996 Ita
1278 2963 1509 2998 communiter
1523 2963 1665 3004 optima.
1677 2963 1748 3006 AL,
1766 2964 2021 3002 intentionem.

120 3007 379 3044 Christus-dixit
407 3009 564 3051 apostolis
592 3010 726 3052 (Matth.
753 3009 831 3052 ult.)
855 3022 864 3044 ε
887 3010 1028 3045 Euntes
1157 3010 1200 3051 42)
1227 3011 1398 3053 Quantam
1428 3011 1468 3046 ad
1498 3012 1595 3047 illam
1621 3012 1857 3056 questionem,
1887 3013 2021 3056 quando

119 3056 240 3092 docete
256 3061 379 3100 gemes
391 3084 401 3099 ,
413 3058 644 3103 baptizantes
657 3068 731 3102 eos,
747 3062 811 3092 etc.
828 3057 893 3093 Alii
910 3058 1030 3093 volunt
1113 3070 1235 3100 nempe
1252 3059 1302 3093 lex
1324 3059 1484 3100 baptismi
1513 3061 1615 3103 coepit
1629 3060 1794 3103 obligare,
1812 3073 1881 3096 non
1905 3062 2022 3097 minor

119 3103 318 3139 institutum
359 3105 461 3140 fuisse
493 3110 572 3142 ante
611 3106 737 3141 Christi
768 3106 957 3148 passionem
993 3111 1028 3141 et
1113 3110 1165 3141 est
1195 3106 1443 3142 sententiarum
1479 3108 1635 3144 varietas.
1675 3109 1822 3152 Quidam
1852 3109 2023 3149 assignant

119 3154 428 3197 resurreetionemg
442 3154 501 3189 sed
516 3166 584 3197 quo
602 3155 740 3196 praec-tsi
757 3154 935 3196 tempore?
954 3155 1028 3190 Non
1113 3158 1246 3196 tempus
1270 3167 1338 3196 quo
1356 3156 1512 3192 Clu-istu·
1535 3155 1578 3191 de
1596 3159 1696 3191 nocte
1721 3156 1944 3192 Nicodemum
1969 3161 2022 3193 est

119 3201 338 3237 conveniunt.
372 3203 520 3245 Quidam
548 3203 668 3238 dicunt
694 3203 798 3239 fuisse
830 3204 1027 3239 institutum
1112 3204 1292 3239 allocutus.
1312 3205 1380 3240 Alii
1401 3205 1491 3241 diem
1509 3206 1736 3245 Pentecostes,
1752 3206 1829 3240 cum
1850 3206 1903 3242 lex
1923 3218 2023 3243 evan·

120 3253 201 3285 tune
219 3251 295 3286 cnm
315 3251 468 3286 Christus
488 3252 572 3286 dixit
597 3252 782 3288 Nicodemo
804 3253 912 3294 (loun.
938 3255 991 3293 111)
1017 3265 1025 3287 τ
1113 3253 1219 3292 getica
1239 3253 1306 3288 fui-t
1326 3254 1527 3289 solemniter
1541 3254 1767 3297 promulgata.
1796 3254 1864 3289 Alii
1881 3255 2020 3291 demum

117 3298 208 3334 Nisi
228 3300 310 3343 quis
331 3303 489 3336 renatus
509 3300 626 3343 tuerit
653 3312 702 3338 σω
720 3311 831 3346 aqua,
858 3305 947 3343 ete.;
967 3301 1027 3336 alii
1114 3302 1353 3342 dieuntlegom
1369 3302 1699 3345 baptismiobligosse
1715 3302 1833 3337 statim
1851 3307 1927 3345 post
1948 3313 2022 3345 pas-

119 3351 258 3382 censent
283 3351 366 3384 tunc
403 3347 507 3384 fuisso
538 3348 735 3385 institutum
765 3351 843 3384 cum
874 3350 1027 3386 Christus
1112 3351 1243 3386 sionem
1258 3355 1295 3386 et
1315 3352 1603 3387 resurrectionem
1619 3351 1807 3392 Christi,et
1822 3351 1868 3387 ita
1880 3352 1916 3387 S.
1934 3352 2023 3388 Tho·

119 3394 228 3439 libid.)
262 3396 356 3433 misit
391 3396 573 3439 disci-pulos
609 3398 652 3433 ud
677 3397 936 3440 heptimndum3
966 3398 1024 3436 ulii
1112 3411 1196 3434 mas.

1154 3448 1198 3489 (ὅ)
1216 3447 1269 3484 ΔΙ.
1286 3446 1380 3484 deest
1392 3459 1480 3485 ποπ.
