<?xml version="1.0" encoding="UTF-8"?>
<!DOCTYPE html PUBLIC "-//W3C//DTD XHTML 1.0 Transitional//EN"
    "http://www.w3.org/TR/xhtml1/DTD/xhtml1-transitional.dtd">
<html xmlns="http://www.w3.org/1999/xhtml" xml:lang="en" lang="en">
 <head>
  <title>
</title>
<meta http-equiv="Content-Type" content="text/html;charset=utf-8" />
  <meta name='ocr-system' content='tesseract 3.04.00' />
  <meta name='ocr-capabilities' content='ocr_page ocr_carea ocr_par ocr_line ocrx_word'/>
</head>
<body>
  <div class='ocr_page' id='page_1' title='image "./summatheologica06thomuoft_0584.png"; bbox 0 0 2170 3808; ppageno 0'>
   <div class='ocr_carea' id='block_1_1' title="bbox 1947 0 2170 26">
    <p class='ocr_par' dir='ltr' id='par_1_1' title="bbox 1947 0 2170 26">
     <span class='ocr_line' id='line_1_1' title="bbox 1947 0 2170 26; baseline 0.018 -8"><span class='ocrx_word' id='word_1_1' title='bbox 1947 0 1950 5; x_wconf 92' lang='grc'><strong>“</strong></span> <span class='ocrx_word' id='word_1_2' title='bbox 1972 6 1990 17; x_wconf 59' lang='grc' dir='ltr'>ο.</span> <span class='ocrx_word' id='word_1_3' title='bbox 2027 14 2036 21; x_wconf 88' lang='grc'><strong><em>,</em></strong></span> <span class='ocrx_word' id='word_1_4' title='bbox 2051 0 2170 26; x_wconf 40' lang='grc' dir='ltr'>’.2ώέῒῦἓέ</span> 
     </span>
    </p>
   </div>
   <div class='ocr_carea' id='block_1_2' title="bbox 132 230 1360 310">
    <p class='ocr_par' dir='ltr' id='par_1_2' title="bbox 132 230 1360 310">
     <span class='ocr_line' id='line_1_2' title="bbox 132 230 1360 310; baseline 0.006 -20"><span class='ocrx_word' id='word_1_5' title='bbox 132 247 213 305; x_wconf 63' lang='lat'>543</span> <span class='ocrx_word' id='word_1_6' title='bbox 493 230 499 233; x_wconf 7' lang='grc' dir='ltr'>χ</span> <span class='ocrx_word' id='word_1_7' title='bbox 802 256 1000 307; x_wconf 81' lang='lat' dir='ltr'>QuAEsr.</span> <span class='ocrx_word' id='word_1_8' title='bbox 1033 255 1152 310; x_wconf 83' lang='lat' dir='ltr'>va,</span> <span class='ocrx_word' id='word_1_9' title='bbox 1183 255 1302 296; x_wconf 83' lang='lat' dir='ltr'><strong>ART.</strong></span> <span class='ocrx_word' id='word_1_10' title='bbox 1328 255 1360 298; x_wconf 92' lang='lat'>1.</span> 
     </span>
    </p>
   </div>
   <div class='ocr_carea' id='block_1_3' title="bbox 135 337 2099 702">
    <p class='ocr_par' dir='ltr' id='par_1_3' title="bbox 135 337 2099 642">
     <span class='ocr_line' id='line_1_3' title="bbox 135 337 2040 395; baseline -0.004 -9"><span class='ocrx_word' id='word_1_11' title='bbox 135 341 249 386; x_wconf 67' lang='lat' dir='ltr'>&#39;illud</span> <span class='ocrx_word' id='word_1_12' title='bbox 269 343 393 395; x_wconf 91' lang='lat' dir='ltr'>(Luc.</span> <span class='ocrx_word' id='word_1_13' title='bbox 422 354 482 394; x_wconf 79' lang='lat' dir='ltr'>xi,</span> <span class='ocrx_word' id='word_1_14' title='bbox 505 338 577 393; x_wconf 81' lang='grc'>34)</span> <span class='ocrx_word' id='word_1_15' title='bbox 601 353 612 380; x_wconf 88' lang='lat'>:</span> <span class='ocrx_word' id='word_1_16' title='bbox 635 339 685 380; x_wconf 75' lang='lat' dir='ltr'>St</span> <span class='ocrx_word' id='word_1_17' title='bbox 711 337 866 380; x_wconf 78' lang='lat' dir='ltr'>oculus</span> <span class='ocrx_word' id='word_1_18' title='bbox 890 340 992 380; x_wconf 75' lang='lat' dir='ltr'>tuus</span> <span class='ocrx_word' id='word_1_19' title='bbox 1012 337 1155 390; x_wconf 77' lang='lat' dir='ltr'>fuerit</span> <span class='ocrx_word' id='word_1_20' title='bbox 1178 348 1390 390; x_wconf 82' lang='lat' dir='ltr'>nequam,</span> <span class='ocrx_word' id='word_1_21' title='bbox 1416 337 1558 379; x_wconf 79' lang='lat' dir='ltr'>totum</span> <span class='ocrx_word' id='word_1_22' title='bbox 1583 348 1744 393; x_wconf 83' lang='lat' dir='ltr'>corpus</span> <span class='ocrx_word' id='word_1_23' title='bbox 1766 337 1894 378; x_wconf 81' lang='lat' dir='ltr'>tuum</span> <span class='ocrx_word' id='word_1_24' title='bbox 1920 338 2040 379; x_wconf 73' lang='lat' dir='ltr'>tene-</span> 
     </span>
     <span class='ocr_line' id='line_1_4' title="bbox 136 396 2041 454; baseline -0.005 -6"><span class='ocrx_word' id='word_1_25' title='bbox 136 404 313 448; x_wconf 81' lang='lat' dir='ltr'>brosum</span> <span class='ocrx_word' id='word_1_26' title='bbox 337 406 439 445; x_wconf 77' lang='lat' dir='ltr'>eric.</span> <span class='ocrx_word' id='word_1_27' title='bbox 461 399 549 444; x_wconf 84' lang='lat' dir='ltr'>Sed</span> <span class='ocrx_word' id='word_1_28' title='bbox 569 403 863 443; x_wconf 86' lang='lat' dir='ltr'>sacramenta</span> <span class='ocrx_word' id='word_1_29' title='bbox 886 397 1053 442; x_wconf 82' lang='lat' dir='ltr'>Christi</span> <span class='ocrx_word' id='word_1_30' title='bbox 1078 409 1173 441; x_wconf 88' lang='lat' dir='ltr'>non</span> <span class='ocrx_word' id='word_1_31' title='bbox 1197 401 1398 452; x_wconf 78' lang='lat' dir='ltr'>possunt</span> <span class='ocrx_word' id='word_1_32' title='bbox 1421 396 1654 454; x_wconf 90' lang='lat' dir='ltr'>inquinari</span> <span class='ocrx_word' id='word_1_33' title='bbox 1680 409 1763 453; x_wconf 90' lang='lat' dir='ltr'>per</span> <span class='ocrx_word' id='word_1_34' title='bbox 1781 396 1931 440; x_wconf 90' lang='lat' dir='ltr'>malos</span> <span class='ocrx_word' id='word_1_35' title='bbox 1953 397 2041 440; x_wconf 71' lang='lat' dir='ltr'>h00</span> 
     </span>
     <span class='ocr_line' id='line_1_5' title="bbox 137 457 2035 517; baseline -0.004 -8"><span class='ocrx_word' id='word_1_36' title='bbox 137 465 300 517; x_wconf 86' lang='lat' dir='ltr'>mines,</span> <span class='ocrx_word' id='word_1_37' title='bbox 327 464 448 507; x_wconf 87' lang='lat' dir='ltr'>sicut</span> <span class='ocrx_word' id='word_1_38' title='bbox 466 460 754 517; x_wconf 79' lang='lat' dir='ltr'>Augustinus</span> <span class='ocrx_word' id='word_1_39' title='bbox 778 459 889 503; x_wconf 85' lang='lat' dir='ltr'>dicit</span> <span class='ocrx_word' id='word_1_40' title='bbox 922 461 1108 511; x_wconf 89' lang='lat' dir='ltr'>(Contra</span> <span class='ocrx_word' id='word_1_41' title='bbox 1136 457 1264 501; x_wconf 91' lang='lat' dir='ltr'>Petil.</span> <span class='ocrx_word' id='word_1_42' title='bbox 1298 457 1378 501; x_wconf 88' lang='lat' dir='ltr'>lib.</span> <span class='ocrx_word' id='word_1_43' title='bbox 1414 471 1461 513; x_wconf 89' lang='lat'>11,</span> <span class='ocrx_word' id='word_1_44' title='bbox 1492 470 1594 514; x_wconf 90' lang='lat' dir='ltr'>cap.</span> <span class='ocrx_word' id='word_1_45' title='bbox 1619 461 1673 502; x_wconf 78' lang='lat'>47</span> <span class='ocrx_word' id='word_1_46' title='bbox 1699 458 1757 502; x_wconf 90' lang='lat' dir='ltr'>ad</span> <span class='ocrx_word' id='word_1_47' title='bbox 1780 457 1862 501; x_wconf 90' lang='lat' dir='ltr'>fin.</span> <span class='ocrx_word' id='word_1_48' title='bbox 1891 462 1939 501; x_wconf 90' lang='lat' dir='ltr'>et</span> <span class='ocrx_word' id='word_1_49' title='bbox 1956 458 2035 502; x_wconf 88' lang='lat' dir='ltr'>lib.</span> 
     </span>
     <span class='ocr_line' id='line_1_6' title="bbox 136 518 2099 578; baseline -0.005 -7"><span class='ocrx_word' id='word_1_50' title='bbox 136 531 297 572; x_wconf 85' lang='lat' dir='ltr'>contra</span> <span class='ocrx_word' id='word_1_51' title='bbox 322 527 539 568; x_wconf 89' lang='lat' dir='ltr'>Crescon.</span> <span class='ocrx_word' id='word_1_52' title='bbox 561 535 664 578; x_wconf 90' lang='lat' dir='ltr'>cap.</span> <span class='ocrx_word' id='word_1_53' title='bbox 690 526 717 567; x_wconf 78' lang='lat'>5</span> <span class='ocrx_word' id='word_1_54' title='bbox 735 527 781 566; x_wconf 92' lang='lat' dir='ltr'>et</span> <span class='ocrx_word' id='word_1_55' title='bbox 802 524 856 576; x_wconf 87' lang='lat'>6).</span> <span class='ocrx_word' id='word_1_56' title='bbox 885 524 1003 577; x_wconf 80' lang='lat' dir='ltr'>Ergo</span> <span class='ocrx_word' id='word_1_57' title='bbox 1017 521 1203 565; x_wconf 83' lang='lat' dir='ltr'>videtur</span> <span class='ocrx_word' id='word_1_58' title='bbox 1221 518 1348 576; x_wconf 78' lang='lat' dir='ltr'>quod</span> <span class='ocrx_word' id='word_1_59' title='bbox 1364 519 1404 563; x_wconf 91' lang='lat' dir='ltr'>si</span> <span class='ocrx_word' id='word_1_60' title='bbox 1423 519 1483 564; x_wconf 89' lang='lat' dir='ltr'>sit</span> <span class='ocrx_word' id='word_1_61' title='bbox 1499 532 1722 577; x_wconf 85' lang='lat' dir='ltr'>perversa</span> <span class='ocrx_word' id='word_1_62' title='bbox 1737 519 1935 564; x_wconf 88' lang='lat' dir='ltr'>intentio</span> <span class='ocrx_word' id='word_1_63' title='bbox 1953 519 2043 563; x_wconf 80' lang='lat' dir='ltr'>mi·</span> <span class='ocrx_word' id='word_1_64' title='bbox 2097 552 2099 554; x_wconf 82' lang='grc'>-</span> 
     </span>
     <span class='ocr_line' id='line_1_7' title="bbox 136 584 1127 642; baseline -0.007 -9"><span class='ocrx_word' id='word_1_65' title='bbox 136 587 285 642; x_wconf 82' lang='lat' dir='ltr'>nis-tri,</span> <span class='ocrx_word' id='word_1_66' title='bbox 305 599 398 630; x_wconf 90' lang='lat' dir='ltr'>non</span> <span class='ocrx_word' id='word_1_67' title='bbox 421 585 482 630; x_wconf 88' lang='lat' dir='ltr'>sit</span> <span class='ocrx_word' id='word_1_68' title='bbox 499 584 561 628; x_wconf 89' lang='lat' dir='ltr'>ibi</span> <span class='ocrx_word' id='word_1_69' title='bbox 581 596 745 628; x_wconf 88' lang='lat' dir='ltr'>verum</span> <span class='ocrx_word' id='word_1_70' title='bbox 761 587 1127 628; x_wconf 88' lang='lat' dir='ltr'>sacramentum.</span> 
     </span>
    </p>

    <p class='ocr_par' dir='ltr' id='par_1_4' title="bbox 191 642 2035 702">
     <span class='ocr_line' id='line_1_8' title="bbox 191 642 2035 702; baseline -0.004 -9"><span class='ocrx_word' id='word_1_71' title='bbox 191 649 279 693; x_wconf 89' lang='lat' dir='ltr'>Sed</span> <span class='ocrx_word' id='word_1_72' title='bbox 315 651 474 691; x_wconf 78' lang='lat' dir='ltr'>contra</span> <span class='ocrx_word' id='word_1_73' title='bbox 503 651 575 691; x_wconf 89' lang='lat' dir='ltr'>est</span> <span class='ocrx_word' id='word_1_74' title='bbox 606 645 732 702; x_wconf 81' lang='lat' dir='ltr'>quod</span> <span class='ocrx_word' id='word_1_75' title='bbox 766 657 987 702; x_wconf 86' lang='lat' dir='ltr'>perversa</span> <span class='ocrx_word' id='word_1_76' title='bbox 1016 644 1214 689; x_wconf 86' lang='lat' dir='ltr'>intentio</span> <span class='ocrx_word' id='word_1_77' title='bbox 1242 643 1445 700; x_wconf 84' lang='lat' dir='ltr'>pertinet</span> <span class='ocrx_word' id='word_1_78' title='bbox 1474 642 1532 687; x_wconf 88' lang='lat' dir='ltr'>ad</span> <span class='ocrx_word' id='word_1_79' title='bbox 1566 643 1790 687; x_wconf 89' lang='lat' dir='ltr'>malitiam</span> <span class='ocrx_word' id='word_1_80' title='bbox 1819 642 2035 687; x_wconf 81' lang='lat' dir='ltr'>ministri.</span> 
     </span>
    </p>
   </div>
   <div class='ocr_carea' id='block_1_4' title="bbox 134 704 2042 2467">
    <p class='ocr_par' dir='ltr' id='par_1_5' title="bbox 137 704 2010 762">
     <span class='ocr_line' id='line_1_9' title="bbox 137 704 2010 762; baseline -0.002 -8"><span class='ocrx_word' id='word_1_81' title='bbox 137 710 223 755; x_wconf 89' lang='lat' dir='ltr'>Sed</span> <span class='ocrx_word' id='word_1_82' title='bbox 248 709 425 753; x_wconf 88' lang='lat' dir='ltr'>malitia</span> <span class='ocrx_word' id='word_1_83' title='bbox 447 708 648 752; x_wconf 87' lang='lat' dir='ltr'>ministri</span> <span class='ocrx_word' id='word_1_84' title='bbox 671 720 764 751; x_wconf 89' lang='lat' dir='ltr'>non</span> <span class='ocrx_word' id='word_1_85' title='bbox 790 707 906 751; x_wconf 88' lang='lat' dir='ltr'>tollit</span> <span class='ocrx_word' id='word_1_86' title='bbox 926 710 1290 750; x_wconf 87' lang='lat' dir='ltr'>sacramentum.</span> <span class='ocrx_word' id='word_1_87' title='bbox 1315 708 1434 762; x_wconf 84' lang='lat' dir='ltr'>Ergo</span> <span class='ocrx_word' id='word_1_88' title='bbox 1451 717 1537 749; x_wconf 90' lang='lat' dir='ltr'>nec</span> <span class='ocrx_word' id='word_1_89' title='bbox 1559 718 1779 761; x_wconf 85' lang='lat' dir='ltr'>perversa</span> <span class='ocrx_word' id='word_1_90' title='bbox 1798 704 2010 750; x_wconf 88' lang='lat' dir='ltr'>intentio.</span> 
     </span>
    </p>

    <p class='ocr_par' dir='ltr' id='par_1_6' title="bbox 137 765 2042 933">
     <span class='ocr_line' id='line_1_10' title="bbox 181 765 2040 818; baseline -0.002 -7"><span class='ocrx_word' id='word_1_91' title='bbox 181 771 474 811; x_wconf 84' lang='lat' dir='ltr'>CONCLUSIO.</span> <span class='ocrx_word' id='word_1_92' title='bbox 499 770 746 809; x_wconf 87' lang='lat' dir='ltr'>—Intentio</span> <span class='ocrx_word' id='word_1_93' title='bbox 779 767 967 808; x_wconf 87' lang='lat' dir='ltr'>ministri</span> <span class='ocrx_word' id='word_1_94' title='bbox 995 779 1183 818; x_wconf 83' lang='lat' dir='ltr'>perversa</span> <span class='ocrx_word' id='word_1_95' title='bbox 1211 771 1252 808; x_wconf 90' lang='lat' dir='ltr'>et</span> <span class='ocrx_word' id='word_1_96' title='bbox 1280 767 1392 806; x_wconf 81' lang='lat' dir='ltr'>mala</span> <span class='ocrx_word' id='word_1_97' title='bbox 1425 770 1606 817; x_wconf 89' lang='lat' dir='ltr'>respectu</span> <span class='ocrx_word' id='word_1_98' title='bbox 1640 767 1900 816; x_wconf 79' lang='lat' dir='ltr'>sacramenti,</span> <span class='ocrx_word' id='word_1_99' title='bbox 1930 765 2040 807; x_wconf 87' lang='lat' dir='ltr'>tollit</span> 
     </span>
     <span class='ocr_line' id='line_1_11' title="bbox 137 820 2042 873; baseline -0.002 -8"><span class='ocrx_word' id='word_1_100' title='bbox 137 827 347 867; x_wconf 82' lang='lat' dir='ltr'>veritatem</span> <span class='ocrx_word' id='word_1_101' title='bbox 378 824 652 873; x_wconf 78' lang='lat' dir='ltr'>sacramenti3</span> <span class='ocrx_word' id='word_1_102' title='bbox 677 835 761 863; x_wconf 89' lang='lat' dir='ltr'>non</span> <span class='ocrx_word' id='word_1_103' title='bbox 785 826 946 872; x_wconf 85' lang='lat' dir='ltr'>autem,</span> <span class='ocrx_word' id='word_1_104' title='bbox 969 821 1005 862; x_wconf 87' lang='lat' dir='ltr'>si</span> <span class='ocrx_word' id='word_1_105' title='bbox 1027 822 1081 862; x_wconf 91' lang='lat' dir='ltr'>sit</span> <span class='ocrx_word' id='word_1_106' title='bbox 1110 823 1222 862; x_wconf 85' lang='lat' dir='ltr'>mala</span> <span class='ocrx_word' id='word_1_107' title='bbox 1243 820 1421 861; x_wconf 84' lang='lat' dir='ltr'>intentio</span> <span class='ocrx_word' id='word_1_108' title='bbox 1453 825 1636 872; x_wconf 86' lang='lat' dir='ltr'>respectu</span> <span class='ocrx_word' id='word_1_109' title='bbox 1658 822 1829 861; x_wconf 86' lang='lat' dir='ltr'>illorum</span> <span class='ocrx_word' id='word_1_110' title='bbox 1853 832 1945 872; x_wconf 85' lang='lat' dir='ltr'>quae</span> <span class='ocrx_word' id='word_1_111' title='bbox 1972 833 2042 862; x_wconf 88' lang='lat' dir='ltr'>se·</span> 
     </span>
     <span class='ocr_line' id='line_1_12' title="bbox 137 883 1397 933; baseline -0.003 -14"><span class='ocrx_word' id='word_1_112' title='bbox 137 884 325 933; x_wconf 87' lang='lat' dir='ltr'>quuntur</span> <span class='ocrx_word' id='word_1_113' title='bbox 344 883 665 920; x_wconf 78' lang='lat' dir='ltr'>sacramentum.</span> <span class='ocrx_word' id='word_1_114' title='bbox 1394 891 1397 893; x_wconf 93' lang='lat'>·</span> 
     </span>
    </p>

    <p class='ocr_par' dir='ltr' id='par_1_7' title="bbox 134 932 2041 1549">
     <span class='ocr_line' id='line_1_13' title="bbox 191 932 2037 992; baseline -0.001 -12"><span class='ocrx_word' id='word_1_115' title='bbox 191 936 463 992; x_wconf 85' lang='lat' dir='ltr'>Respondeo</span> <span class='ocrx_word' id='word_1_116' title='bbox 490 934 738 980; x_wconf 87' lang='lat' dir='ltr'>dicendum</span> <span class='ocrx_word' id='word_1_117' title='bbox 765 934 891 991; x_wconf 79' lang='lat' dir='ltr'>quod</span> <span class='ocrx_word' id='word_1_118' title='bbox 914 934 1111 978; x_wconf 88' lang='lat' dir='ltr'>intentio</span> <span class='ocrx_word' id='word_1_119' title='bbox 1134 932 1337 978; x_wconf 90' lang='lat' dir='ltr'>ministri</span> <span class='ocrx_word' id='word_1_120' title='bbox 1360 937 1513 990; x_wconf 87' lang='lat' dir='ltr'>potest</span> <span class='ocrx_word' id='word_1_121' title='bbox 1534 933 1738 989; x_wconf 87' lang='lat' dir='ltr'>perverti</span> <span class='ocrx_word' id='word_1_122' title='bbox 1757 933 2037 990; x_wconf 82' lang='lat' dir='ltr'>dupliciter:</span> 
     </span>
     <span class='ocr_line' id='line_1_14' title="bbox 136 995 2040 1054; baseline -0.002 -11"><span class='ocrx_word' id='word_1_123' title='bbox 136 1011 229 1043; x_wconf 90' lang='lat' dir='ltr'>uno</span> <span class='ocrx_word' id='word_1_124' title='bbox 260 999 399 1043; x_wconf 90' lang='lat' dir='ltr'>modo</span> <span class='ocrx_word' id='word_1_125' title='bbox 422 1002 639 1054; x_wconf 87' lang='lat' dir='ltr'>respectu</span> <span class='ocrx_word' id='word_1_126' title='bbox 661 997 810 1053; x_wconf 88' lang='lat' dir='ltr'>ipsius</span> <span class='ocrx_word' id='word_1_127' title='bbox 831 997 1133 1052; x_wconf 73' lang='lat' dir='ltr'>sacramenti,</span> <span class='ocrx_word' id='word_1_128' title='bbox 1161 996 1274 1053; x_wconf 82' lang='lat' dir='ltr'>puta</span> <span class='ocrx_word' id='word_1_129' title='bbox 1302 999 1410 1040; x_wconf 83' lang='lat' dir='ltr'>cum</span> <span class='ocrx_word' id='word_1_130' title='bbox 1436 995 1603 1052; x_wconf 89' lang='lat' dir='ltr'>aliquis</span> <span class='ocrx_word' id='word_1_131' title='bbox 1625 1009 1719 1039; x_wconf 92' lang='lat' dir='ltr'>non</span> <span class='ocrx_word' id='word_1_132' title='bbox 1743 996 1944 1041; x_wconf 87' lang='lat' dir='ltr'>intendit</span> <span class='ocrx_word' id='word_1_133' title='bbox 1965 1008 2040 1040; x_wconf 87' lang='lat' dir='ltr'>sa-</span> 
     </span>
     <span class='ocr_line' id='line_1_15' title="bbox 135 1057 2041 1116; baseline -0.001 -12"><span class='ocrx_word' id='word_1_134' title='bbox 135 1065 428 1105; x_wconf 87' lang='lat' dir='ltr'>cramentum</span> <span class='ocrx_word' id='word_1_135' title='bbox 447 1059 677 1113; x_wconf 88' lang='lat' dir='ltr'>conferre,</span> <span class='ocrx_word' id='word_1_136' title='bbox 693 1058 778 1103; x_wconf 89' lang='lat' dir='ltr'>sed</span> <span class='ocrx_word' id='word_1_137' title='bbox 793 1059 1016 1104; x_wconf 80' lang='lat' dir='ltr'>derisorie</span> <span class='ocrx_word' id='word_1_138' title='bbox 1039 1058 1216 1116; x_wconf 88' lang='lat' dir='ltr'>aliquid</span> <span class='ocrx_word' id='word_1_139' title='bbox 1232 1070 1399 1114; x_wconf 80' lang='lat' dir='ltr'>agere3</span> <span class='ocrx_word' id='word_1_140' title='bbox 1419 1062 1466 1102; x_wconf 91' lang='lat' dir='ltr'>et</span> <span class='ocrx_word' id='word_1_141' title='bbox 1490 1057 1596 1102; x_wconf 86' lang='lat' dir='ltr'>talis</span> <span class='ocrx_word' id='word_1_142' title='bbox 1617 1058 1897 1115; x_wconf 89' lang='lat' dir='ltr'>perversitas</span> <span class='ocrx_word' id='word_1_143' title='bbox 1923 1057 2041 1102; x_wconf 86' lang='lat' dir='ltr'>tollit</span> 
     </span>
     <span class='ocr_line' id='line_1_16' title="bbox 136 1120 2041 1178; baseline -0.001 -13"><span class='ocrx_word' id='word_1_144' title='bbox 136 1122 377 1167; x_wconf 84' lang='lat' dir='ltr'>veritatem</span> <span class='ocrx_word' id='word_1_145' title='bbox 411 1120 709 1176; x_wconf 76' lang='lat' dir='ltr'>sacramenti,</span> <span class='ocrx_word' id='word_1_146' title='bbox 740 1121 976 1178; x_wconf 81' lang='lat' dir='ltr'>praecipue</span> <span class='ocrx_word' id='word_1_147' title='bbox 1006 1120 1197 1178; x_wconf 91' lang='lat' dir='ltr'>quando</span> <span class='ocrx_word' id='word_1_148' title='bbox 1223 1132 1357 1165; x_wconf 89' lang='lat' dir='ltr'>suam</span> <span class='ocrx_word' id='word_1_149' title='bbox 1378 1120 1687 1164; x_wconf 89' lang='lat' dir='ltr'>intentionem</span> <span class='ocrx_word' id='word_1_150' title='bbox 1709 1120 1918 1165; x_wconf 81' lang='lat' dir='ltr'>exterius</span> <span class='ocrx_word' id='word_1_151' title='bbox 1938 1132 2041 1164; x_wconf 89' lang='lat' dir='ltr'>ma·</span> 
     </span>
     <span class='ocr_line' id='line_1_17' title="bbox 135 1180 2040 1240; baseline 0 -13"><span class='ocrx_word' id='word_1_152' title='bbox 135 1183 324 1228; x_wconf 88' lang='lat' dir='ltr'>nifestat</span> <span class='ocrx_word' id='word_1_153' title='bbox 348 1186 424 1238; x_wconf 85' lang='lat'>(1).</span> <span class='ocrx_word' id='word_1_154' title='bbox 449 1183 547 1228; x_wconf 89' lang='lat' dir='ltr'>Alio</span> <span class='ocrx_word' id='word_1_155' title='bbox 568 1184 708 1228; x_wconf 92' lang='lat' dir='ltr'>modo</span> <span class='ocrx_word' id='word_1_156' title='bbox 747 1188 906 1240; x_wconf 88' lang='lat' dir='ltr'>potest</span> <span class='ocrx_word' id='word_1_157' title='bbox 936 1182 1137 1240; x_wconf 84' lang='lat' dir='ltr'>perverti</span> <span class='ocrx_word' id='word_1_158' title='bbox 1171 1183 1371 1227; x_wconf 89' lang='lat' dir='ltr'>intentio</span> <span class='ocrx_word' id='word_1_159' title='bbox 1401 1182 1600 1227; x_wconf 88' lang='lat' dir='ltr'>ministri</span> <span class='ocrx_word' id='word_1_160' title='bbox 1633 1182 1860 1238; x_wconf 79' lang='lat' dir='ltr'>quantum</span> <span class='ocrx_word' id='word_1_161' title='bbox 1896 1181 1955 1226; x_wconf 88' lang='lat' dir='ltr'>ad</span> <span class='ocrx_word' id='word_1_162' title='bbox 1991 1180 2040 1227; x_wconf 92' lang='lat' dir='ltr'>id</span> 
     </span>
     <span class='ocr_line' id='line_1_18' title="bbox 134 1242 2038 1303; baseline -0.001 -14"><span class='ocrx_word' id='word_1_163' title='bbox 134 1246 257 1302; x_wconf 90' lang='lat' dir='ltr'>quod</span> <span class='ocrx_word' id='word_1_164' title='bbox 279 1245 490 1303; x_wconf 89' lang='lat' dir='ltr'>sequitur</span> <span class='ocrx_word' id='word_1_165' title='bbox 508 1250 879 1300; x_wconf 77' lang='lat' dir='ltr'>sacramentum3</span> <span class='ocrx_word' id='word_1_166' title='bbox 903 1244 1016 1301; x_wconf 81' lang='lat' dir='ltr'>puta</span> <span class='ocrx_word' id='word_1_167' title='bbox 1042 1245 1081 1288; x_wconf 91' lang='lat' dir='ltr'>si</span> <span class='ocrx_word' id='word_1_168' title='bbox 1104 1244 1323 1289; x_wconf 81' lang='lat' dir='ltr'>sacerdos</span> <span class='ocrx_word' id='word_1_169' title='bbox 1339 1243 1549 1288; x_wconf 88' lang='lat' dir='ltr'>intendat</span> <span class='ocrx_word' id='word_1_170' title='bbox 1574 1243 1776 1299; x_wconf 84' lang='lat' dir='ltr'>aliquam</span> <span class='ocrx_word' id='word_1_171' title='bbox 1798 1242 2038 1288; x_wconf 84' lang='lat' dir='ltr'>foeminam</span> 
     </span>
     <span class='ocr_line' id='line_1_19' title="bbox 137 1303 2039 1364; baseline -0.001 -13"><span class='ocrx_word' id='word_1_172' title='bbox 137 1306 388 1363; x_wconf 85' lang='lat' dir='ltr'>baptizare,</span> <span class='ocrx_word' id='word_1_173' title='bbox 409 1312 462 1351; x_wconf 90' lang='lat' dir='ltr'>ut</span> <span class='ocrx_word' id='word_1_174' title='bbox 486 1306 706 1351; x_wconf 83' lang='lat' dir='ltr'>abutatur</span> <span class='ocrx_word' id='word_1_175' title='bbox 729 1306 798 1364; x_wconf 78' lang='lat' dir='ltr'>ca,</span> <span class='ocrx_word' id='word_1_176' title='bbox 820 1306 894 1350; x_wconf 87' lang='lat' dir='ltr'>vel</span> <span class='ocrx_word' id='word_1_177' title='bbox 915 1307 953 1351; x_wconf 90' lang='lat' dir='ltr'>si</span> <span class='ocrx_word' id='word_1_178' title='bbox 973 1306 1183 1352; x_wconf 88' lang='lat' dir='ltr'>intendat</span> <span class='ocrx_word' id='word_1_179' title='bbox 1198 1303 1429 1351; x_wconf 88' lang='lat' dir='ltr'>conficere</span> <span class='ocrx_word' id='word_1_180' title='bbox 1447 1318 1618 1363; x_wconf 88' lang='lat' dir='ltr'>corpus</span> <span class='ocrx_word' id='word_1_181' title='bbox 1633 1305 1814 1361; x_wconf 79' lang='lat' dir='ltr'>Christi,</span> <span class='ocrx_word' id='word_1_182' title='bbox 1839 1310 1892 1349; x_wconf 87' lang='lat' dir='ltr'>ut</span> <span class='ocrx_word' id='word_1_183' title='bbox 1910 1317 1965 1350; x_wconf 92' lang='lat' dir='ltr'>eo</span> <span class='ocrx_word' id='word_1_184' title='bbox 1979 1305 2039 1351; x_wconf 87' lang='lat' dir='ltr'>ad</span> 
     </span>
     <span class='ocr_line' id='line_1_20' title="bbox 136 1367 2039 1426; baseline 0.002 -14"><span class='ocrx_word' id='word_1_185' title='bbox 136 1370 355 1414; x_wconf 82' lang='lat' dir='ltr'>veneficia</span> <span class='ocrx_word' id='word_1_186' title='bbox 382 1375 553 1414; x_wconf 83' lang='lat' dir='ltr'>utatur.</span> <span class='ocrx_word' id='word_1_187' title='bbox 584 1371 637 1413; x_wconf 87' lang='lat' dir='ltr'>Et</span> <span class='ocrx_word' id='word_1_188' title='bbox 662 1369 773 1425; x_wconf 86' lang='lat' dir='ltr'>quia</span> <span class='ocrx_word' id='word_1_189' title='bbox 802 1369 933 1424; x_wconf 88' lang='lat' dir='ltr'>prius</span> <span class='ocrx_word' id='word_1_190' title='bbox 965 1382 1059 1413; x_wconf 89' lang='lat' dir='ltr'>non</span> <span class='ocrx_word' id='word_1_191' title='bbox 1086 1369 1319 1426; x_wconf 87' lang='lat' dir='ltr'>dependet</span> <span class='ocrx_word' id='word_1_192' title='bbox 1340 1368 1368 1412; x_wconf 84' lang='lat' dir='ltr'>a</span> <span class='ocrx_word' id='word_1_193' title='bbox 1395 1369 1654 1425; x_wconf 79' lang='lat' dir='ltr'>posteriori,</span> <span class='ocrx_word' id='word_1_194' title='bbox 1676 1367 1786 1412; x_wconf 89' lang='lat' dir='ltr'>inde</span> <span class='ocrx_word' id='word_1_195' title='bbox 1812 1373 1884 1412; x_wconf 90' lang='lat' dir='ltr'>est</span> <span class='ocrx_word' id='word_1_196' title='bbox 1913 1367 2039 1424; x_wconf 76' lang='lat' dir='ltr'>quod</span> 
     </span>
     <span class='ocr_line' id='line_1_21' title="bbox 137 1428 2038 1487; baseline 0 -13"><span class='ocrx_word' id='word_1_197' title='bbox 137 1430 241 1475; x_wconf 88' lang='lat' dir='ltr'>talis</span> <span class='ocrx_word' id='word_1_198' title='bbox 262 1431 533 1476; x_wconf 85' lang='lat' dir='ltr'>intentionis</span> <span class='ocrx_word' id='word_1_199' title='bbox 553 1431 836 1487; x_wconf 88' lang='lat' dir='ltr'>perversitas</span> <span class='ocrx_word' id='word_1_200' title='bbox 858 1432 1099 1476; x_wconf 82' lang='lat' dir='ltr'>veritatem</span> <span class='ocrx_word' id='word_1_201' title='bbox 1119 1430 1399 1476; x_wconf 84' lang='lat' dir='ltr'>sacramenti</span> <span class='ocrx_word' id='word_1_202' title='bbox 1434 1443 1528 1475; x_wconf 92' lang='lat' dir='ltr'>non</span> <span class='ocrx_word' id='word_1_203' title='bbox 1553 1430 1697 1486; x_wconf 85' lang='lat' dir='ltr'>tollit;</span> <span class='ocrx_word' id='word_1_204' title='bbox 1718 1428 1802 1475; x_wconf 88' lang='lat' dir='ltr'>sed</span> <span class='ocrx_word' id='word_1_205' title='bbox 1831 1429 1932 1487; x_wconf 89' lang='lat' dir='ltr'>ipse</span> <span class='ocrx_word' id='word_1_206' title='bbox 1952 1431 2038 1474; x_wconf 91' lang='lat' dir='ltr'>mi-</span> 
     </span>
     <span class='ocr_line' id='line_1_22' title="bbox 137 1492 1159 1549; baseline -0.001 -13"><span class='ocrx_word' id='word_1_207' title='bbox 137 1492 281 1537; x_wconf 81' lang='lat' dir='ltr'>nister</span> <span class='ocrx_word' id='word_1_208' title='bbox 299 1505 359 1538; x_wconf 86' lang='lat' dir='ltr'>ex</span> <span class='ocrx_word' id='word_1_209' title='bbox 380 1493 458 1537; x_wconf 88' lang='lat' dir='ltr'>tali</span> <span class='ocrx_word' id='word_1_210' title='bbox 479 1494 740 1537; x_wconf 86' lang='lat' dir='ltr'>intentione</span> <span class='ocrx_word' id='word_1_211' title='bbox 760 1493 964 1548; x_wconf 82' lang='lat' dir='ltr'>graviter</span> <span class='ocrx_word' id='word_1_212' title='bbox 983 1498 1159 1549; x_wconf 90' lang='lat' dir='ltr'>peccat.</span> 
     </span>
    </p>

    <p class='ocr_par' dir='ltr' id='par_1_8' title="bbox 135 1552 2040 1919">
     <span class='ocr_line' id='line_1_23' title="bbox 189 1552 2038 1611; baseline 0.002 -15"><span class='ocrx_word' id='word_1_213' title='bbox 189 1553 254 1597; x_wconf 88' lang='lat' dir='ltr'>Ad</span> <span class='ocrx_word' id='word_1_214' title='bbox 272 1557 474 1610; x_wconf 80' lang='lat' dir='ltr'>primum</span> <span class='ocrx_word' id='word_1_215' title='bbox 496 1566 608 1610; x_wconf 84' lang='lat' dir='ltr'>ergo</span> <span class='ocrx_word' id='word_1_216' title='bbox 629 1554 895 1611; x_wconf 90' lang='lat' dir='ltr'>dicendum,</span> <span class='ocrx_word' id='word_1_217' title='bbox 913 1555 1037 1611; x_wconf 69' lang='lat' dir='ltr'>quud</span> <span class='ocrx_word' id='word_1_218' title='bbox 1057 1553 1274 1599; x_wconf 85' lang='lat' dir='ltr'>Ecclesiae</span> <span class='ocrx_word' id='word_1_219' title='bbox 1293 1553 1492 1598; x_wconf 89' lang='lat' dir='ltr'>intentio</span> <span class='ocrx_word' id='word_1_220' title='bbox 1513 1558 1641 1598; x_wconf 88' lang='lat' dir='ltr'>recta</span> <span class='ocrx_word' id='word_1_221' title='bbox 1657 1557 1729 1598; x_wconf 88' lang='lat' dir='ltr'>est</span> <span class='ocrx_word' id='word_1_222' title='bbox 1744 1558 1794 1598; x_wconf 90' lang='lat' dir='ltr'>et</span> <span class='ocrx_word' id='word_1_223' title='bbox 1808 1552 2038 1610; x_wconf 80' lang='lat' dir='ltr'>quantum</span> 
     </span>
     <span class='ocr_line' id='line_1_24' title="bbox 136 1606 2040 1672; baseline 0.001 -14"><span class='ocrx_word' id='word_1_224' title='bbox 136 1606 194 1659; x_wconf 88' lang='lat' dir='ltr'>ad</span> <span class='ocrx_word' id='word_1_225' title='bbox 215 1615 494 1659; x_wconf 87' lang='lat' dir='ltr'>sacramenti</span> <span class='ocrx_word' id='word_1_226' title='bbox 518 1615 866 1671; x_wconf 85' lang='lat' dir='ltr'>perfectionem,</span> <span class='ocrx_word' id='word_1_227' title='bbox 893 1622 939 1659; x_wconf 89' lang='lat' dir='ltr'>et</span> <span class='ocrx_word' id='word_1_228' title='bbox 961 1616 1187 1672; x_wconf 80' lang='lat' dir='ltr'>quantum</span> <span class='ocrx_word' id='word_1_229' title='bbox 1214 1614 1274 1660; x_wconf 90' lang='lat' dir='ltr'>ad</span> <span class='ocrx_word' id='word_1_230' title='bbox 1293 1615 1571 1659; x_wconf 88' lang='lat' dir='ltr'>sacramenti</span> <span class='ocrx_word' id='word_1_231' title='bbox 1597 1627 1761 1672; x_wconf 83' lang='lat' dir='ltr'>usum3</span> <span class='ocrx_word' id='word_1_232' title='bbox 1786 1615 1870 1660; x_wconf 89' lang='lat' dir='ltr'>sed</span> <span class='ocrx_word' id='word_1_233' title='bbox 1892 1614 2040 1672; x_wconf 84' lang='lat' dir='ltr'>prima</span> 
     </span>
     <span class='ocr_line' id='line_1_25' title="bbox 135 1675 2039 1733; baseline 0.001 -13"><span class='ocrx_word' id='word_1_234' title='bbox 135 1677 363 1721; x_wconf 71' lang='lat' dir='ltr'>rectitudo</span> <span class='ocrx_word' id='word_1_235' title='bbox 398 1677 576 1733; x_wconf 84' lang='lat' dir='ltr'>perficit</span> <span class='ocrx_word' id='word_1_236' title='bbox 606 1684 971 1733; x_wconf 88' lang='lat' dir='ltr'>sacramentum,</span> <span class='ocrx_word' id='word_1_237' title='bbox 1008 1677 1215 1722; x_wconf 85' lang='lat' dir='ltr'>secunda</span> <span class='ocrx_word' id='word_1_238' title='bbox 1243 1682 1462 1733; x_wconf 84' lang='lat' dir='ltr'>operatur</span> <span class='ocrx_word' id='word_1_239' title='bbox 1498 1676 1559 1722; x_wconf 88' lang='lat' dir='ltr'>ad</span> <span class='ocrx_word' id='word_1_240' title='bbox 1589 1677 1826 1721; x_wconf 87' lang='lat' dir='ltr'>meritum.</span> <span class='ocrx_word' id='word_1_241' title='bbox 1851 1678 1906 1720; x_wconf 90' lang='lat' dir='ltr'>Et</span> <span class='ocrx_word' id='word_1_242' title='bbox 1936 1675 2039 1721; x_wconf 74' lang='lat' dir='ltr'>ideo</span> 
     </span>
     <span class='ocr_line' id='line_1_26' title="bbox 135 1737 2038 1796; baseline 0.001 -14"><span class='ocrx_word' id='word_1_243' title='bbox 135 1737 348 1783; x_wconf 88' lang='lat' dir='ltr'>minister</span> <span class='ocrx_word' id='word_1_244' title='bbox 370 1739 450 1795; x_wconf 90' lang='lat' dir='ltr'>qui</span> <span class='ocrx_word' id='word_1_245' title='bbox 476 1738 737 1783; x_wconf 86' lang='lat' dir='ltr'>conformat</span> <span class='ocrx_word' id='word_1_246' title='bbox 760 1739 1070 1784; x_wconf 88' lang='lat' dir='ltr'>intentionem</span> <span class='ocrx_word' id='word_1_247' title='bbox 1093 1752 1229 1785; x_wconf 87' lang='lat' dir='ltr'>suam</span> <span class='ocrx_word' id='word_1_248' title='bbox 1246 1739 1480 1796; x_wconf 80' lang='lat' dir='ltr'>Ecclesiae,</span> <span class='ocrx_word' id='word_1_249' title='bbox 1504 1742 1734 1796; x_wconf 82' lang='lat' dir='ltr'>quantum</span> <span class='ocrx_word' id='word_1_250' title='bbox 1756 1739 1816 1784; x_wconf 90' lang='lat' dir='ltr'>ad</span> <span class='ocrx_word' id='word_1_251' title='bbox 1840 1739 2038 1796; x_wconf 89' lang='lat' dir='ltr'>primam</span> 
     </span>
     <span class='ocr_line' id='line_1_27' title="bbox 136 1800 2040 1859; baseline 0.002 -16"><span class='ocrx_word' id='word_1_252' title='bbox 136 1800 478 1853; x_wconf 85' lang='lat' dir='ltr'>rectitudinem,</span> <span class='ocrx_word' id='word_1_253' title='bbox 513 1814 607 1846; x_wconf 88' lang='lat' dir='ltr'>non</span> <span class='ocrx_word' id='word_1_254' title='bbox 637 1806 795 1847; x_wconf 89' lang='lat' dir='ltr'>autem</span> <span class='ocrx_word' id='word_1_255' title='bbox 819 1806 1049 1859; x_wconf 81' lang='lat' dir='ltr'>quantum</span> <span class='ocrx_word' id='word_1_256' title='bbox 1081 1802 1141 1847; x_wconf 88' lang='lat' dir='ltr'>ad</span> <span class='ocrx_word' id='word_1_257' title='bbox 1160 1802 1435 1858; x_wconf 88' lang='lat' dir='ltr'>secundam,</span> <span class='ocrx_word' id='word_1_258' title='bbox 1466 1801 1648 1859; x_wconf 86' lang='lat' dir='ltr'>perficit</span> <span class='ocrx_word' id='word_1_259' title='bbox 1667 1801 1858 1858; x_wconf 89' lang='lat' dir='ltr'>quidem</span> <span class='ocrx_word' id='word_1_260' title='bbox 1880 1812 2040 1847; x_wconf 87' lang='lat' dir='ltr'>sacra-</span> 
     </span>
     <span class='ocr_line' id='line_1_28' title="bbox 135 1864 1087 1919; baseline 0.004 -14"><span class='ocrx_word' id='word_1_261' title='bbox 135 1867 364 1919; x_wconf 80' lang='lat' dir='ltr'>mentum,</span> <span class='ocrx_word' id='word_1_262' title='bbox 389 1864 470 1909; x_wconf 86' lang='lat' dir='ltr'>sed</span> <span class='ocrx_word' id='word_1_263' title='bbox 493 1877 587 1908; x_wconf 92' lang='lat' dir='ltr'>non</span> <span class='ocrx_word' id='word_1_264' title='bbox 612 1869 685 1909; x_wconf 90' lang='lat' dir='ltr'>est</span> <span class='ocrx_word' id='word_1_265' title='bbox 707 1864 751 1908; x_wconf 89' lang='lat' dir='ltr'>ei</span> <span class='ocrx_word' id='word_1_266' title='bbox 774 1864 833 1910; x_wconf 90' lang='lat' dir='ltr'>ad</span> <span class='ocrx_word' id='word_1_267' title='bbox 853 1865 1087 1909; x_wconf 88' lang='lat' dir='ltr'>meritum.</span> 
     </span>
    </p>

    <p class='ocr_par' dir='ltr' id='par_1_9' title="bbox 135 1925 2040 2095">
     <span class='ocr_line' id='line_1_29' title="bbox 188 1925 2039 1985; baseline 0.002 -17"><span class='ocrx_word' id='word_1_268' title='bbox 188 1925 255 1969; x_wconf 90' lang='lat' dir='ltr'>Ad</span> <span class='ocrx_word' id='word_1_269' title='bbox 278 1927 524 1969; x_wconf 48' lang='lat' dir='ltr'>secundum&gt;</span> <span class='ocrx_word' id='word_1_270' title='bbox 544 1926 810 1982; x_wconf 89' lang='lat' dir='ltr'>dicendum,</span> <span class='ocrx_word' id='word_1_271' title='bbox 832 1927 958 1983; x_wconf 79' lang='lat' dir='ltr'>quod</span> <span class='ocrx_word' id='word_1_272' title='bbox 989 1927 1189 1972; x_wconf 90' lang='lat' dir='ltr'>intentio</span> <span class='ocrx_word' id='word_1_273' title='bbox 1209 1926 1390 1972; x_wconf 88' lang='lat' dir='ltr'>ludicra</span> <span class='ocrx_word' id='word_1_274' title='bbox 1419 1927 1495 1973; x_wconf 90' lang='lat' dir='ltr'>vel</span> <span class='ocrx_word' id='word_1_275' title='bbox 1523 1927 1686 1985; x_wconf 79' lang='lat' dir='ltr'>J‘ocosa</span> <span class='ocrx_word' id='word_1_276' title='bbox 1711 1926 1918 1972; x_wconf 85' lang='lat' dir='ltr'>excludit</span> <span class='ocrx_word' id='word_1_277' title='bbox 1939 1927 2039 1984; x_wconf 86' lang='lat' dir='ltr'>pri-</span> 
     </span>
     <span class='ocr_line' id='line_1_30' title="bbox 135 1988 2040 2047; baseline 0.004 -18"><span class='ocrx_word' id='word_1_278' title='bbox 135 1997 259 2031; x_wconf 89' lang='lat' dir='ltr'>mam</span> <span class='ocrx_word' id='word_1_279' title='bbox 284 1988 612 2033; x_wconf 85' lang='lat' dir='ltr'>rectitudinem</span> <span class='ocrx_word' id='word_1_280' title='bbox 637 1989 928 2046; x_wconf 88' lang='lat' dir='ltr'>intentionis,</span> <span class='ocrx_word' id='word_1_281' title='bbox 943 2001 1026 2046; x_wconf 89' lang='lat' dir='ltr'>per</span> <span class='ocrx_word' id='word_1_282' title='bbox 1040 2001 1183 2047; x_wconf 91' lang='lat' dir='ltr'>quam</span> <span class='ocrx_word' id='word_1_283' title='bbox 1205 1989 1448 2046; x_wconf 85' lang='lat' dir='ltr'>perficitur</span> <span class='ocrx_word' id='word_1_284' title='bbox 1468 1994 1838 2034; x_wconf 87' lang='lat' dir='ltr'>sacramentum.</span> <span class='ocrx_word' id='word_1_285' title='bbox 1858 1991 1910 2032; x_wconf 88' lang='lat' dir='ltr'>Et</span> <span class='ocrx_word' id='word_1_286' title='bbox 1934 1989 2040 2036; x_wconf 73' lang='lat' dir='ltr'>ideo</span> 
     </span>
     <span class='ocr_line' id='line_1_31' title="bbox 135 2050 1373 2095; baseline 0.002 -2"><span class='ocrx_word' id='word_1_287' title='bbox 135 2060 229 2093; x_wconf 87' lang='lat' dir='ltr'>non</span> <span class='ocrx_word' id='word_1_288' title='bbox 254 2054 325 2094; x_wconf 88' lang='lat' dir='ltr'>est</span> <span class='ocrx_word' id='word_1_289' title='bbox 348 2050 514 2094; x_wconf 84' lang='lat' dir='ltr'>similis</span> <span class='ocrx_word' id='word_1_290' title='bbox 537 2051 670 2095; x_wconf 89' lang='lat' dir='ltr'>ratio.</span> <span class='ocrx_word' id='word_1_291' title='bbox 1370 2074 1373 2076; x_wconf 88' lang='lat'><em>-</em></span> 
     </span>
    </p>

    <p class='ocr_par' dir='ltr' id='par_1_10' title="bbox 134 2111 2040 2467">
     <span class='ocr_line' id='line_1_32' title="bbox 189 2111 2040 2171; baseline 0.001 -16"><span class='ocrx_word' id='word_1_292' title='bbox 189 2111 255 2155; x_wconf 88' lang='lat' dir='ltr'>Ad</span> <span class='ocrx_word' id='word_1_293' title='bbox 283 2116 470 2155; x_wconf 77' lang='lat' dir='ltr'>tertium</span> <span class='ocrx_word' id='word_1_294' title='bbox 494 2113 762 2169; x_wconf 86' lang='lat' dir='ltr'>dicendum,</span> <span class='ocrx_word' id='word_1_295' title='bbox 785 2113 909 2169; x_wconf 82' lang='lat' dir='ltr'>quod</span> <span class='ocrx_word' id='word_1_296' title='bbox 930 2125 1151 2170; x_wconf 83' lang='lat' dir='ltr'>perversa</span> <span class='ocrx_word' id='word_1_297' title='bbox 1173 2113 1371 2157; x_wconf 88' lang='lat' dir='ltr'>intentio</span> <span class='ocrx_word' id='word_1_298' title='bbox 1389 2113 1612 2171; x_wconf 88' lang='lat' dir='ltr'>pervertit</span> <span class='ocrx_word' id='word_1_299' title='bbox 1640 2125 1760 2169; x_wconf 89' lang='lat' dir='ltr'>opus</span> <span class='ocrx_word' id='word_1_300' title='bbox 1787 2111 2040 2157; x_wconf 89' lang='lat' dir='ltr'>intenden-</span> 
     </span>
     <span class='ocr_line' id='line_1_33' title="bbox 135 2171 2040 2231; baseline 0.002 -15"><span class='ocrx_word' id='word_1_301' title='bbox 135 2171 210 2226; x_wconf 87' lang='lat' dir='ltr'>tis,</span> <span class='ocrx_word' id='word_1_302' title='bbox 237 2186 330 2217; x_wconf 89' lang='lat' dir='ltr'>non</span> <span class='ocrx_word' id='word_1_303' title='bbox 354 2179 511 2219; x_wconf 87' lang='lat' dir='ltr'>autem</span> <span class='ocrx_word' id='word_1_304' title='bbox 531 2187 651 2231; x_wconf 90' lang='lat' dir='ltr'>opus</span> <span class='ocrx_word' id='word_1_305' title='bbox 677 2175 887 2219; x_wconf 86' lang='lat' dir='ltr'>alterius.</span> <span class='ocrx_word' id='word_1_306' title='bbox 909 2176 962 2218; x_wconf 89' lang='lat' dir='ltr'>Et</span> <span class='ocrx_word' id='word_1_307' title='bbox 985 2175 1088 2219; x_wconf 82' lang='lat' dir='ltr'>ideo</span> <span class='ocrx_word' id='word_1_308' title='bbox 1112 2187 1170 2219; x_wconf 82' lang='lat' dir='ltr'>ex</span> <span class='ocrx_word' id='word_1_309' title='bbox 1193 2187 1414 2231; x_wconf 89' lang='lat' dir='ltr'>perversa</span> <span class='ocrx_word' id='word_1_310' title='bbox 1432 2175 1692 2220; x_wconf 88' lang='lat' dir='ltr'>intentione</span> <span class='ocrx_word' id='word_1_311' title='bbox 1711 2173 1911 2218; x_wconf 89' lang='lat' dir='ltr'>ministri</span> <span class='ocrx_word' id='word_1_312' title='bbox 1931 2186 2040 2231; x_wconf 90' lang='lat' dir='ltr'>per-</span> 
     </span>
     <span class='ocr_line' id='line_1_34' title="bbox 136 2234 2038 2294; baseline 0.002 -17"><span class='ocrx_word' id='word_1_313' title='bbox 136 2234 330 2278; x_wconf 86' lang='lat' dir='ltr'>vertitur</span> <span class='ocrx_word' id='word_1_314' title='bbox 363 2235 410 2281; x_wconf 94' lang='lat' dir='ltr'>id</span> <span class='ocrx_word' id='word_1_315' title='bbox 443 2236 567 2292; x_wconf 90' lang='lat' dir='ltr'>quod</span> <span class='ocrx_word' id='word_1_316' title='bbox 596 2237 692 2293; x_wconf 83' lang='lat' dir='ltr'>agit</span> <span class='ocrx_word' id='word_1_317' title='bbox 714 2237 762 2280; x_wconf 90' lang='lat' dir='ltr'>in</span> <span class='ocrx_word' id='word_1_318' title='bbox 791 2237 1119 2293; x_wconf 84' lang='lat' dir='ltr'>sacramentis,</span> <span class='ocrx_word' id='word_1_319' title='bbox 1146 2237 1426 2293; x_wconf 86' lang='lat' dir='ltr'>inquantum</span> <span class='ocrx_word' id='word_1_320' title='bbox 1456 2243 1528 2282; x_wconf 90' lang='lat' dir='ltr'>est</span> <span class='ocrx_word' id='word_1_321' title='bbox 1548 2249 1668 2294; x_wconf 86' lang='lat' dir='ltr'>opus</span> <span class='ocrx_word' id='word_1_322' title='bbox 1694 2236 1827 2293; x_wconf 89' lang='lat' dir='ltr'>ejus,</span> <span class='ocrx_word' id='word_1_323' title='bbox 1851 2248 1945 2279; x_wconf 90' lang='lat' dir='ltr'>non</span> <span class='ocrx_word' id='word_1_324' title='bbox 1967 2235 2038 2281; x_wconf 91' lang='lat' dir='ltr'>in-</span> 
     </span>
     <span class='ocr_line' id='line_1_35' title="bbox 136 2297 2040 2357; baseline 0.003 -19"><span class='ocrx_word' id='word_1_325' title='bbox 136 2301 363 2352; x_wconf 87' lang='lat' dir='ltr'>quantum</span> <span class='ocrx_word' id='word_1_326' title='bbox 397 2304 467 2341; x_wconf 89' lang='lat' dir='ltr'>est</span> <span class='ocrx_word' id='word_1_327' title='bbox 501 2311 621 2354; x_wconf 88' lang='lat' dir='ltr'>opus</span> <span class='ocrx_word' id='word_1_328' title='bbox 650 2298 832 2354; x_wconf 87' lang='lat' dir='ltr'>Christi,</span> <span class='ocrx_word' id='word_1_329' title='bbox 863 2299 1001 2356; x_wconf 91' lang='lat' dir='ltr'>cujus</span> <span class='ocrx_word' id='word_1_330' title='bbox 1025 2303 1096 2343; x_wconf 88' lang='lat' dir='ltr'>est</span> <span class='ocrx_word' id='word_1_331' title='bbox 1119 2298 1356 2356; x_wconf 84' lang='lat' dir='ltr'>minister3</span> <span class='ocrx_word' id='word_1_332' title='bbox 1380 2303 1427 2343; x_wconf 90' lang='lat' dir='ltr'>et</span> <span class='ocrx_word' id='word_1_333' title='bbox 1456 2304 1528 2344; x_wconf 91' lang='lat' dir='ltr'>est</span> <span class='ocrx_word' id='word_1_334' title='bbox 1561 2299 1730 2357; x_wconf 87' lang='lat' dir='ltr'>simile,</span> <span class='ocrx_word' id='word_1_335' title='bbox 1752 2297 1791 2342; x_wconf 89' lang='lat' dir='ltr'>si</span> <span class='ocrx_word' id='word_1_336' title='bbox 1826 2297 2040 2344; x_wconf 89' lang='lat' dir='ltr'>minister</span> 
     </span>
     <span class='ocr_line' id='line_1_36' title="bbox 134 2357 2039 2419; baseline 0.002 -18"><span class='ocrx_word' id='word_1_337' title='bbox 134 2357 333 2414; x_wconf 85' lang='lat' dir='ltr'>alicujus</span> <span class='ocrx_word' id='word_1_338' title='bbox 349 2359 552 2404; x_wconf 88' lang='lat' dir='ltr'>hominis</span> <span class='ocrx_word' id='word_1_339' title='bbox 566 2365 709 2416; x_wconf 87' lang='lat' dir='ltr'>prava</span> <span class='ocrx_word' id='word_1_340' title='bbox 728 2361 986 2406; x_wconf 89' lang='lat' dir='ltr'>intentione</span> <span class='ocrx_word' id='word_1_341' title='bbox 1002 2362 1201 2406; x_wconf 87' lang='lat' dir='ltr'>deferret</span> <span class='ocrx_word' id='word_1_342' title='bbox 1221 2361 1505 2419; x_wconf 88' lang='lat' dir='ltr'>pauperibus</span> <span class='ocrx_word' id='word_1_343' title='bbox 1519 2361 1884 2419; x_wconf 88' lang='lat' dir='ltr'>eleemosynam,</span> <span class='ocrx_word' id='word_1_344' title='bbox 1896 2371 2039 2418; x_wconf 88' lang='lat' dir='ltr'>quam</span> 
     </span>
     <span class='ocr_line' id='line_1_37' title="bbox 135 2418 1059 2467; baseline 0.004 -4"><span class='ocrx_word' id='word_1_345' title='bbox 135 2418 356 2465; x_wconf 88' lang='lat' dir='ltr'>dominus</span> <span class='ocrx_word' id='word_1_346' title='bbox 374 2421 501 2466; x_wconf 75' lang='lat' dir='ltr'>recta</span> <span class='ocrx_word' id='word_1_347' title='bbox 522 2423 780 2467; x_wconf 89' lang='lat' dir='ltr'>intentione</span> <span class='ocrx_word' id='word_1_348' title='bbox 799 2424 1059 2467; x_wconf 89' lang='lat' dir='ltr'>mandaret.</span> 
     </span>
    </p>
   </div>
   <div class='ocr_carea' id='block_1_5' title="bbox 295 2518 1887 2667">
    <p class='ocr_par' dir='ltr' id='par_1_11' title="bbox 295 2518 1887 2667">
     <span class='ocr_line' id='line_1_38' title="bbox 829 2518 1344 2581; baseline 0 -11"><span class='ocrx_word' id='word_1_349' title='bbox 829 2518 1133 2581; x_wconf 85' lang='lat' dir='ltr'>QUAESTlo</span> <span class='ocrx_word' id='word_1_350' title='bbox 1187 2518 1344 2571; x_wconf 88' lang='lat' dir='ltr'><strong>LXV.</strong></span> 
     </span>
     <span class='ocr_line' id='line_1_39' title="bbox 295 2616 1887 2667; baseline 0.001 -16"><span class='ocrx_word' id='word_1_351' title='bbox 295 2617 355 2651; x_wconf 77' lang='lat' dir='ltr'>ns</span> <span class='ocrx_word' id='word_1_352' title='bbox 389 2616 588 2652; x_wconf 67' lang='lat' dir='ltr'>Numano</span> <span class='ocrx_word' id='word_1_353' title='bbox 622 2617 1055 2667; x_wconf 69' lang='lat' dir='ltr'>sAanMENTonuM,</span> <span class='ocrx_word' id='word_1_354' title='bbox 1091 2618 1138 2653; x_wconf 82' lang='lat' dir='ltr'>IN</span> <span class='ocrx_word' id='word_1_355' title='bbox 1173 2617 1396 2661; x_wconf 64' lang='lat' dir='ltr'>quruon</span> <span class='ocrx_word' id='word_1_356' title='bbox 1429 2618 1688 2654; x_wconf 71' lang='lat' dir='ltr'>Aarmutos</span> <span class='ocrx_word' id='word_1_357' title='bbox 1719 2618 1887 2653; x_wconf 74' lang='lat' dir='ltr'>n1V1sA.</span> 
     </span>
    </p>
   </div>
   <div class='ocr_carea' id='block_1_6' title="bbox 135 2691 2044 2852">
    <p class='ocr_par' dir='ltr' id='par_1_12' title="bbox 135 2691 2044 2852">
     <span class='ocr_line' id='line_1_40' title="bbox 187 2691 2044 2745; baseline 0.003 -16"><span class='ocrx_word' id='word_1_358' title='bbox 187 2691 340 2731; x_wconf 85' lang='lat' dir='ltr'>Deinde</span> <span class='ocrx_word' id='word_1_359' title='bbox 368 2691 713 2732; x_wconf 86' lang='lat' dir='ltr'>considerandum</span> <span class='ocrx_word' id='word_1_360' title='bbox 742 2696 802 2732; x_wconf 87' lang='lat' dir='ltr'>est</span> <span class='ocrx_word' id='word_1_361' title='bbox 830 2693 880 2733; x_wconf 89' lang='lat' dir='ltr'>de</span> <span class='ocrx_word' id='word_1_362' title='bbox 906 2704 1079 2732; x_wconf 91' lang='lat' dir='ltr'>numero</span> <span class='ocrx_word' id='word_1_363' title='bbox 1109 2696 1473 2742; x_wconf 85' lang='lat' dir='ltr'>sacramentorum,</span> <span class='ocrx_word' id='word_1_364' title='bbox 1495 2697 1536 2733; x_wconf 90' lang='lat' dir='ltr'>et</span> <span class='ocrx_word' id='word_1_365' title='bbox 1564 2693 1670 2734; x_wconf 86' lang='lat' dir='ltr'>circa</span> <span class='ocrx_word' id='word_1_366' title='bbox 1698 2694 1775 2734; x_wconf 90' lang='lat' dir='ltr'>hoc</span> <span class='ocrx_word' id='word_1_367' title='bbox 1798 2698 2044 2745; x_wconf 44' lang='lat' dir='ltr'>quaeruntur*</span> 
     </span>
     <span class='ocr_line' id='line_1_41' title="bbox 135 2747 2041 2800; baseline 0.003 -16"><span class='ocrx_word' id='word_1_368' title='bbox 135 2748 314 2796; x_wconf 81' lang='lat' dir='ltr'>quatuor</span> <span class='ocrx_word' id='word_1_369' title='bbox 334 2760 343 2785; x_wconf 91' lang='lat'><strong>:</strong></span> <span class='ocrx_word' id='word_1_370' title='bbox 369 2752 404 2785; x_wconf 77' lang='lat'>1⁰</span> <span class='ocrx_word' id='word_1_371' title='bbox 424 2747 570 2786; x_wconf 83' lang='lat' dir='ltr'>Utrum</span> <span class='ocrx_word' id='word_1_372' title='bbox 596 2747 682 2787; x_wconf 89' lang='lat' dir='ltr'>sint</span> <span class='ocrx_word' id='word_1_373' title='bbox 704 2752 861 2800; x_wconf 88' lang='lat' dir='ltr'>septem</span> <span class='ocrx_word' id='word_1_374' title='bbox 880 2750 1147 2788; x_wconf 85' lang='lat' dir='ltr'>sacramenta.</span> <span class='ocrx_word' id='word_1_375' title='bbox 1173 2771 1219 2778; x_wconf 86' lang='lat'>-·</span> <span class='ocrx_word' id='word_1_376' title='bbox 1242 2756 1280 2788; x_wconf 84' lang='lat'>2⁰</span> <span class='ocrx_word' id='word_1_377' title='bbox 1304 2749 1360 2789; x_wconf 90' lang='lat' dir='ltr'>De</span> <span class='ocrx_word' id='word_1_378' title='bbox 1379 2748 1523 2789; x_wconf 88' lang='lat' dir='ltr'>ordine</span> <span class='ocrx_word' id='word_1_379' title='bbox 1543 2760 1685 2788; x_wconf 86' lang='lat' dir='ltr'>eorum</span> <span class='ocrx_word' id='word_1_380' title='bbox 1705 2749 1755 2788; x_wconf 84' lang='lat' dir='ltr'>ad</span> <span class='ocrx_word' id='word_1_381' title='bbox 1780 2749 1974 2789; x_wconf 86' lang='lat' dir='ltr'>invicem.</span> <span class='ocrx_word' id='word_1_382' title='bbox 1990 2769 2041 2780; x_wconf 91' lang='lat'>-—</span> 
     </span>
     <span class='ocr_line' id='line_1_42' title="bbox 137 2801 1804 2852; baseline 0.001 -13"><span class='ocrx_word' id='word_1_383' title='bbox 137 2804 176 2839; x_wconf 76' lang='lat'>3⁰</span> <span class='ocrx_word' id='word_1_384' title='bbox 192 2801 249 2839; x_wconf 84' lang='lat' dir='ltr'>De</span> <span class='ocrx_word' id='word_1_385' title='bbox 263 2802 566 2852; x_wconf 83' lang='lat' dir='ltr'>comparatione</span> <span class='ocrx_word' id='word_1_386' title='bbox 581 2813 738 2842; x_wconf 88' lang='lat' dir='ltr'>eorum.</span> <span class='ocrx_word' id='word_1_387' title='bbox 755 2825 804 2832; x_wconf 86' lang='lat'>--</span> <span class='ocrx_word' id='word_1_388' title='bbox 821 2808 862 2842; x_wconf 75' lang='lat'>4⁰</span> <span class='ocrx_word' id='word_1_389' title='bbox 887 2803 1034 2843; x_wconf 81' lang='lat' dir='ltr'>Utrum</span> <span class='ocrx_word' id='word_1_390' title='bbox 1052 2803 1192 2843; x_wconf 88' lang='lat' dir='ltr'>omnia</span> <span class='ocrx_word' id='word_1_391' title='bbox 1215 2807 1300 2843; x_wconf 92' lang='lat' dir='ltr'>sint</span> <span class='ocrx_word' id='word_1_392' title='bbox 1321 2802 1371 2844; x_wconf 91' lang='lat' dir='ltr'>de</span> <span class='ocrx_word' id='word_1_393' title='bbox 1391 2805 1627 2843; x_wconf 85' lang='lat' dir='ltr'>necessitate</span> <span class='ocrx_word' id='word_1_394' title='bbox 1645 2804 1804 2843; x_wconf 84' lang='lat' dir='ltr'>salutis.</span> 
     </span>
    </p>
   </div>
   <div class='ocr_carea' id='block_1_7' title="bbox 165 2858 2009 2963">
    <p class='ocr_par' dir='ltr' id='par_1_13' title="bbox 165 2858 2009 2963">
     <span class='ocr_line' id='line_1_43' title="bbox 165 2858 2009 2915; baseline 0.003 -17"><span class='ocrx_word' id='word_1_395' title='bbox 165 2858 513 2900; x_wconf 81' lang='lat' dir='ltr'>ARTlclJLUS</span> <span class='ocrx_word' id='word_1_396' title='bbox 541 2860 577 2902; x_wconf 89' lang='grc' dir='ltr'>Ι.</span> <span class='ocrx_word' id='word_1_397' title='bbox 611 2882 665 2889; x_wconf 88' lang='lat'><em>-</em></span> <span class='ocrx_word' id='word_1_398' title='bbox 697 2872 832 2902; x_wconf 67' lang='lat' dir='ltr'>urhun</span> <span class='ocrx_word' id='word_1_399' title='bbox 863 2872 1050 2902; x_wconf 76' lang='lat' dir='ltr'><strong>DEBEANT</strong></span> <span class='ocrx_word' id='word_1_400' title='bbox 1079 2872 1178 2903; x_wconf 71' lang='lat' dir='ltr'>assu</span> <span class='ocrx_word' id='word_1_401' title='bbox 1209 2872 1367 2902; x_wconf 79' lang='lat' dir='ltr'>SEPTEM</span> <span class='ocrx_word' id='word_1_402' title='bbox 1400 2872 1670 2903; x_wconf 68' lang='lat' dir='ltr'>SAcRAimNTA</span> <span class='ocrx_word' id='word_1_403' title='bbox 1699 2873 1908 2903; x_wconf 69' lang='lat' dir='ltr'>Ecctssm</span> <span class='ocrx_word' id='word_1_404' title='bbox 1937 2861 2009 2915; x_wconf 74' lang='lat'>(2).</span> 
     </span>
     <span class='ocr_line' id='line_1_44' title="bbox 238 2918 1937 2963; baseline 0.002 -11"><span class='ocrx_word' id='word_1_405' title='bbox 238 2919 288 2952; x_wconf 89' lang='lat' dir='ltr'>De</span> <span class='ocrx_word' id='word_1_406' title='bbox 307 2918 360 2953; x_wconf 87' lang='lat' dir='ltr'>his</span> <span class='ocrx_word' id='word_1_407' title='bbox 377 2920 481 2954; x_wconf 79' lang='lat' dir='ltr'>etiam</span> <span class='ocrx_word' id='word_1_408' title='bbox 497 2922 590 2955; x_wconf 84' lang='lat' dir='ltr'>Sent.</span> <span class='ocrx_word' id='word_1_409' title='bbox 610 2929 659 2963; x_wconf 85' lang='lat' dir='ltr'>lv,</span> <span class='ocrx_word' id='word_1_410' title='bbox 679 2920 756 2956; x_wconf 82' lang='lat' dir='ltr'>dist.</span> <span class='ocrx_word' id='word_1_411' title='bbox 774 2922 807 2963; x_wconf 70' lang='lat'>4,</span> <span class='ocrx_word' id='word_1_412' title='bbox 823 2926 940 2963; x_wconf 79' lang='lat' dir='ltr'>quaest.</span> <span class='ocrx_word' id='word_1_413' title='bbox 961 2930 986 2961; x_wconf 80' lang='lat'>1,</span> <span class='ocrx_word' id='word_1_414' title='bbox 1005 2926 1070 2955; x_wconf 77' lang='lat' dir='ltr'>ert.</span> <span class='ocrx_word' id='word_1_415' title='bbox 1083 2922 1116 2962; x_wconf 80' lang='lat'>2,</span> <span class='ocrx_word' id='word_1_416' title='bbox 1133 2928 1168 2956; x_wconf 88' lang='lat' dir='ltr'>et</span> <span class='ocrx_word' id='word_1_417' title='bbox 1183 2923 1280 2956; x_wconf 85' lang='lat' dir='ltr'>Cont.</span> <span class='ocrx_word' id='word_1_418' title='bbox 1294 2925 1384 2961; x_wconf 80' lang='lat' dir='ltr'>gent.</span> <span class='ocrx_word' id='word_1_419' title='bbox 1406 2921 1468 2956; x_wconf 91' lang='lat' dir='ltr'>lib.</span> <span class='ocrx_word' id='word_1_420' title='bbox 1488 2930 1536 2961; x_wconf 80' lang='lat' dir='ltr'>iv,</span> <span class='ocrx_word' id='word_1_421' title='bbox 1554 2933 1628 2962; x_wconf 83' lang='lat' dir='ltr'>cap.</span> <span class='ocrx_word' id='word_1_422' title='bbox 1645 2923 1700 2963; x_wconf 78' lang='lat'>58,</span> <span class='ocrx_word' id='word_1_423' title='bbox 1720 2927 1754 2956; x_wconf 90' lang='lat' dir='ltr'>et</span> <span class='ocrx_word' id='word_1_424' title='bbox 1770 2922 1798 2956; x_wconf 91' lang='grc' dir='ltr'>Ι.</span> <span class='ocrx_word' id='word_1_425' title='bbox 1814 2923 1893 2956; x_wconf 87' lang='lat' dir='ltr'>Cor.</span> <span class='ocrx_word' id='word_1_426' title='bbox 1913 2929 1937 2957; x_wconf 90' lang='lat'>1.</span> 
     </span>
    </p>
   </div>
   <div class='ocr_carea' id='block_1_8' title="bbox 123 2966 2044 3336">
    <p class='ocr_par' dir='ltr' id='par_1_14' title="bbox 123 2966 2044 3272">
     <span class='ocr_line' id='line_1_45' title="bbox 123 2966 2044 3026; baseline 0.003 -17"><span class='ocrx_word' id='word_1_427' title='bbox 123 2994 125 2999; x_wconf 87' lang='lat'><em>-</em></span> <span class='ocrx_word' id='word_1_428' title='bbox 192 2966 258 3010; x_wconf 84' lang='lat' dir='ltr'>Ad</span> <span class='ocrx_word' id='word_1_429' title='bbox 270 2967 473 3022; x_wconf 88' lang='lat' dir='ltr'>primum</span> <span class='ocrx_word' id='word_1_430' title='bbox 491 2968 559 3012; x_wconf 92' lang='lat' dir='ltr'>sic</span> <span class='ocrx_word' id='word_1_431' title='bbox 578 2969 861 3025; x_wconf 89' lang='lat' dir='ltr'>proceditur.</span> <span class='ocrx_word' id='word_1_432' title='bbox 884 2973 924 3013; x_wconf 80' lang='lat'>1.</span> <span class='ocrx_word' id='word_1_433' title='bbox 950 2969 1139 3013; x_wconf 90' lang='lat' dir='ltr'>Videtur</span> <span class='ocrx_word' id='word_1_434' title='bbox 1157 2969 1283 3026; x_wconf 79' lang='lat' dir='ltr'>quod</span> <span class='ocrx_word' id='word_1_435' title='bbox 1302 2982 1396 3014; x_wconf 88' lang='lat' dir='ltr'>non</span> <span class='ocrx_word' id='word_1_436' title='bbox 1420 2969 1620 3014; x_wconf 89' lang='lat' dir='ltr'>debeant</span> <span class='ocrx_word' id='word_1_437' title='bbox 1642 2981 1746 3014; x_wconf 90' lang='lat' dir='ltr'>esse</span> <span class='ocrx_word' id='word_1_438' title='bbox 1761 2975 1940 3025; x_wconf 87' lang='lat' dir='ltr'>septem</span> <span class='ocrx_word' id='word_1_439' title='bbox 1962 2982 2044 3015; x_wconf 85' lang='lat' dir='ltr'>sa·</span> 
     </span>
     <span class='ocr_line' id='line_1_46' title="bbox 137 3032 2040 3089; baseline 0.003 -16"><span class='ocrx_word' id='word_1_440' title='bbox 137 3035 391 3074; x_wconf 87' lang='lat' dir='ltr'>eramenta.</span> <span class='ocrx_word' id='word_1_441' title='bbox 416 3033 718 3077; x_wconf 86' lang='lat' dir='ltr'>Sacramenta</span> <span class='ocrx_word' id='word_1_442' title='bbox 736 3033 863 3077; x_wconf 90' lang='lat' dir='ltr'>enim</span> <span class='ocrx_word' id='word_1_443' title='bbox 885 3033 1140 3078; x_wconf 88' lang='lat' dir='ltr'>efficaciam</span> <span class='ocrx_word' id='word_1_444' title='bbox 1160 3032 1332 3078; x_wconf 86' lang='lat' dir='ltr'>habent</span> <span class='ocrx_word' id='word_1_445' title='bbox 1356 3045 1413 3077; x_wconf 84' lang='lat' dir='ltr'>ex</span> <span class='ocrx_word' id='word_1_446' title='bbox 1434 3034 1604 3078; x_wconf 85' lang='lat' dir='ltr'>virtute</span> <span class='ocrx_word' id='word_1_447' title='bbox 1623 3034 1793 3089; x_wconf 87' lang='lat' dir='ltr'>divina,</span> <span class='ocrx_word' id='word_1_448' title='bbox 1808 3038 1855 3078; x_wconf 91' lang='lat' dir='ltr'>et</span> <span class='ocrx_word' id='word_1_449' title='bbox 1876 3045 1935 3078; x_wconf 83' lang='lat' dir='ltr'>ex</span> <span class='ocrx_word' id='word_1_450' title='bbox 1947 3034 2040 3078; x_wconf 89' lang='lat' dir='ltr'>vir-</span> 
     </span>
     <span class='ocr_line' id='line_1_47' title="bbox 138 3093 2042 3152; baseline 0.002 -16"><span class='ocrx_word' id='word_1_451' title='bbox 138 3094 236 3137; x_wconf 90' lang='lat' dir='ltr'>tute</span> <span class='ocrx_word' id='word_1_452' title='bbox 254 3093 487 3148; x_wconf 90' lang='lat' dir='ltr'>passionis</span> <span class='ocrx_word' id='word_1_453' title='bbox 503 3095 685 3140; x_wconf 89' lang='lat' dir='ltr'>Christi.</span> <span class='ocrx_word' id='word_1_454' title='bbox 712 3095 801 3140; x_wconf 91' lang='lat' dir='ltr'>Sed</span> <span class='ocrx_word' id='word_1_455' title='bbox 816 3108 911 3140; x_wconf 88' lang='lat' dir='ltr'>una</span> <span class='ocrx_word' id='word_1_456' title='bbox 926 3100 998 3141; x_wconf 92' lang='lat' dir='ltr'>est</span> <span class='ocrx_word' id='word_1_457' title='bbox 1016 3095 1165 3140; x_wconf 88' lang='lat' dir='ltr'>virtus</span> <span class='ocrx_word' id='word_1_458' title='bbox 1184 3096 1357 3152; x_wconf 89' lang='lat' dir='ltr'>divina,</span> <span class='ocrx_word' id='word_1_459' title='bbox 1380 3101 1427 3141; x_wconf 90' lang='lat' dir='ltr'>et</span> <span class='ocrx_word' id='word_1_460' title='bbox 1449 3109 1545 3140; x_wconf 90' lang='lat' dir='ltr'>una</span> <span class='ocrx_word' id='word_1_461' title='bbox 1563 3095 1724 3141; x_wconf 92' lang='lat' dir='ltr'>Christi</span> <span class='ocrx_word' id='word_1_462' title='bbox 1744 3096 1923 3151; x_wconf 73' lang='lat' dir='ltr'>passi03</span> <span class='ocrx_word' id='word_1_463' title='bbox 1946 3099 2042 3140; x_wconf 73' lang='lat' dir='ltr'>una</span> 
     </span>
     <span class='ocr_line' id='line_1_48' title="bbox 138 3154 2038 3213; baseline 0.003 -17"><span class='ocrx_word' id='word_1_464' title='bbox 138 3156 258 3197; x_wconf 83' lang='lat' dir='ltr'>enim</span> <span class='ocrx_word' id='word_1_465' title='bbox 273 3154 497 3199; x_wconf 77' lang='lat' dir='ltr'>oblatione</span> <span class='ocrx_word' id='word_1_466' title='bbox 513 3160 844 3201; x_wconf 75' lang='lat' dir='ltr'>consummavit</span> <span class='ocrx_word' id='word_1_467' title='bbox 865 3161 912 3201; x_wconf 78' lang='lat' dir='ltr'>in</span> <span class='ocrx_word' id='word_1_468' title='bbox 930 3161 1254 3213; x_wconf 77' lang='lat' dir='ltr'>sempiternum</span> <span class='ocrx_word' id='word_1_469' title='bbox 1275 3159 1601 3212; x_wconf 76' lang='lat' dir='ltr'>sanctificatos,</span> <span class='ocrx_word' id='word_1_470' title='bbox 1622 3162 1676 3202; x_wconf 89' lang='lat' dir='ltr'>ut</span> <span class='ocrx_word' id='word_1_471' title='bbox 1696 3157 1864 3202; x_wconf 87' lang='lat' dir='ltr'>dicitur</span> <span class='ocrx_word' id='word_1_472' title='bbox 1887 3157 2038 3211; x_wconf 86' lang='lat' dir='ltr'>(Hebr.</span> 
     </span>
     <span class='ocr_line' id='line_1_49' title="bbox 139 3218 1518 3272; baseline 0.004 -11"><span class='ocrx_word' id='word_1_473' title='bbox 139 3229 182 3271; x_wconf 83' lang='lat' dir='ltr'>x,</span> <span class='ocrx_word' id='word_1_474' title='bbox 198 3219 288 3271; x_wconf 81' lang='lat'>14).</span> <span class='ocrx_word' id='word_1_475' title='bbox 312 3218 431 3272; x_wconf 83' lang='lat' dir='ltr'>Ergo</span> <span class='ocrx_word' id='word_1_476' title='bbox 454 3231 550 3263; x_wconf 91' lang='lat' dir='ltr'>non</span> <span class='ocrx_word' id='word_1_477' title='bbox 570 3219 731 3264; x_wconf 90' lang='lat' dir='ltr'>debuit</span> <span class='ocrx_word' id='word_1_478' title='bbox 747 3232 851 3264; x_wconf 88' lang='lat' dir='ltr'>esse</span> <span class='ocrx_word' id='word_1_479' title='bbox 869 3220 958 3264; x_wconf 90' lang='lat' dir='ltr'>nisi</span> <span class='ocrx_word' id='word_1_480' title='bbox 983 3232 1131 3264; x_wconf 91' lang='lat' dir='ltr'>unum</span> <span class='ocrx_word' id='word_1_481' title='bbox 1156 3225 1518 3266; x_wconf 76' lang='lat' dir='ltr'>sacramentum.</span> 
     </span>
    </p>

    <p class='ocr_par' dir='ltr' id='par_1_15' title="bbox 194 3280 2039 3336">
     <span class='ocr_line' id='line_1_50' title="bbox 194 3280 2039 3336; baseline 0.002 -14"><span class='ocrx_word' id='word_1_482' title='bbox 194 3280 234 3322; x_wconf 76' lang='lat'>2.</span> <span class='ocrx_word' id='word_1_483' title='bbox 279 3280 503 3323; x_wconf 82' lang='lat' dir='ltr'>Praeterea</span> <span class='ocrx_word' id='word_1_484' title='bbox 522 3313 535 3334; x_wconf 90' lang='lat'>,</span> <span class='ocrx_word' id='word_1_485' title='bbox 575 3286 921 3326; x_wconf 87' lang='lat' dir='ltr'>sacramentum</span> <span class='ocrx_word' id='word_1_486' title='bbox 958 3281 1201 3325; x_wconf 87' lang='lat' dir='ltr'>ordinatur</span> <span class='ocrx_word' id='word_1_487' title='bbox 1241 3287 1404 3326; x_wconf 87' lang='lat' dir='ltr'>contra</span> <span class='ocrx_word' id='word_1_488' title='bbox 1444 3281 1677 3326; x_wconf 83' lang='lat' dir='ltr'>defectum</span> <span class='ocrx_word' id='word_1_489' title='bbox 1723 3280 1915 3336; x_wconf 86' lang='lat' dir='ltr'>peccati.</span> <span class='ocrx_word' id='word_1_490' title='bbox 1959 3281 2039 3325; x_wconf 85' lang='lat' dir='ltr'>Hic</span> 
     </span>
    </p>
   </div>
   <div class='ocr_carea' id='block_1_9' title="bbox 139 3368 2038 3511">
    <p class='ocr_par' dir='ltr' id='par_1_16' title="bbox 139 3368 2038 3511">
     <span class='ocr_line' id='line_1_51' title="bbox 181 3368 2038 3412; baseline 0.001 -10"><span class='ocrx_word' id='word_1_491' title='bbox 181 3369 224 3407; x_wconf 71' lang='lat' dir='ltr'>(l)</span> <span class='ocrx_word' id='word_1_492' title='bbox 245 3369 332 3403; x_wconf 85' lang='lat' dir='ltr'>Hinc</span> <span class='ocrx_word' id='word_1_493' title='bbox 357 3368 514 3402; x_wconf 80' lang='lat' dir='ltr'>damnata</span> <span class='ocrx_word' id='word_1_494' title='bbox 532 3374 582 3403; x_wconf 87' lang='lat' dir='ltr'>est</span> <span class='ocrx_word' id='word_1_495' title='bbox 607 3370 625 3403; x_wconf 72' lang='lat' dir='ltr'>a</span> <span class='ocrx_word' id='word_1_496' title='bbox 646 3371 756 3404; x_wconf 81' lang='lat' dir='ltr'>Leone</span> <span class='ocrx_word' id='word_1_497' title='bbox 774 3371 804 3405; x_wconf 91' lang='lat' dir='ltr'>X</span> <span class='ocrx_word' id='word_1_498' title='bbox 824 3371 894 3405; x_wconf 88' lang='lat' dir='ltr'>haec</span> <span class='ocrx_word' id='word_1_499' title='bbox 919 3383 1045 3412; x_wconf 82' lang='lat' dir='ltr'>propo-</span> <span class='ocrx_word' id='word_1_500' title='bbox 1174 3373 1217 3412; x_wconf 79' lang='lat'>(2)</span> <span class='ocrx_word' id='word_1_501' title='bbox 1235 3372 1292 3406; x_wconf 81' lang='lat' dir='ltr'>Est</span> <span class='ocrx_word' id='word_1_502' title='bbox 1305 3371 1346 3406; x_wconf 88' lang='lat' dir='ltr'>de</span> <span class='ocrx_word' id='word_1_503' title='bbox 1365 3370 1433 3405; x_wconf 83' lang='lat' dir='ltr'>fide</span> <span class='ocrx_word' id='word_1_504' title='bbox 1449 3374 1658 3406; x_wconf 79' lang='lat' dir='ltr'>sacramenta</span> <span class='ocrx_word' id='word_1_505' title='bbox 1680 3382 1774 3406; x_wconf 77' lang='lat' dir='ltr'>novoe</span> <span class='ocrx_word' id='word_1_506' title='bbox 1794 3370 1876 3411; x_wconf 80' lang='lat' dir='ltr'>legis</span> <span class='ocrx_word' id='word_1_507' title='bbox 1896 3382 1965 3406; x_wconf 83' lang='lat' dir='ltr'>esse</span> <span class='ocrx_word' id='word_1_508' title='bbox 1976 3381 2038 3405; x_wconf 48' lang='lat' dir='ltr'>nus</span> 
     </span>
     <span class='ocr_line' id='line_1_52' title="bbox 139 3415 2038 3461; baseline 0.001 -12"><span class='ocrx_word' id='word_1_509' title='bbox 139 3415 218 3450; x_wconf 82' lang='lat' dir='ltr'>sitio</span> <span class='ocrx_word' id='word_1_510' title='bbox 255 3416 394 3450; x_wconf 72' lang='lat' dir='ltr'>Lutliori</span> <span class='ocrx_word' id='word_1_511' title='bbox 428 3429 436 3450; x_wconf 73' lang='grc' dir='ltr'><strong>ε</strong></span> <span class='ocrx_word' id='word_1_512' title='bbox 467 3416 513 3450; x_wconf 81' lang='lat' dir='ltr'>Si</span> <span class='ocrx_word' id='word_1_513' title='bbox 535 3418 706 3452; x_wconf 77' lang='lat' dir='ltr'>sacerdos</span> <span class='ocrx_word' id='word_1_514' title='bbox 736 3429 812 3453; x_wconf 78' lang='lat' dir='ltr'>‘mm</span> <span class='ocrx_word' id='word_1_515' title='bbox 842 3420 951 3459; x_wconf 73' lang='lat' dir='ltr'>serio,</span> <span class='ocrx_word' id='word_1_516' title='bbox 983 3419 1046 3453; x_wconf 81' lang='lat' dir='ltr'>sed</span> <span class='ocrx_word' id='word_1_517' title='bbox 1136 3432 1232 3455; x_wconf 85' lang='lat' dir='ltr'>mero</span> <span class='ocrx_word' id='word_1_518' title='bbox 1256 3423 1406 3461; x_wconf 83' lang='lat' dir='ltr'>septem,</span> <span class='ocrx_word' id='word_1_519' title='bbox 1426 3430 1489 3453; x_wconf 86' lang='lat' dir='ltr'>nec</span> <span class='ocrx_word' id='word_1_520' title='bbox 1511 3418 1623 3460; x_wconf 79' lang='lat' dir='ltr'>plura,</span> <span class='ocrx_word' id='word_1_521' title='bbox 1653 3430 1716 3452; x_wconf 87' lang='lat' dir='ltr'>nec</span> <span class='ocrx_word' id='word_1_522' title='bbox 1734 3418 1903 3458; x_wconf 82' lang='lat' dir='ltr'>pauciora.</span> <span class='ocrx_word' id='word_1_523' title='bbox 1923 3425 2038 3452; x_wconf 76' lang='lat' dir='ltr'>contra</span> 
     </span>
     <span class='ocr_line' id='line_1_53' title="bbox 139 3464 2037 3511; baseline -0.001 -13"><span class='ocrx_word' id='word_1_524' title='bbox 139 3465 220 3509; x_wconf 73' lang='lat' dir='ltr'>iocd</span> <span class='ocrx_word' id='word_1_525' title='bbox 246 3466 460 3511; x_wconf 67' lang='lat' dir='ltr'>absolverit,</span> <span class='ocrx_word' id='word_1_526' title='bbox 479 3465 513 3499; x_wconf 81' lang='lat' dir='ltr'>si</span> <span class='ocrx_word' id='word_1_527' title='bbox 538 3471 660 3500; x_wconf 80' lang='lat' dir='ltr'>tamen</span> <span class='ocrx_word' id='word_1_528' title='bbox 676 3467 804 3501; x_wconf 77' lang='lat' dir='ltr'>credat</span> <span class='ocrx_word' id='word_1_529' title='bbox 832 3477 868 3500; x_wconf 75' lang='lat' dir='ltr'>se</span> <span class='ocrx_word' id='word_1_530' title='bbox 895 3477 968 3502; x_wconf 76' lang='lat' dir='ltr'>esse</span> <span class='ocrx_word' id='word_1_531' title='bbox 986 3467 1046 3500; x_wconf 84' lang='lat' dir='ltr'>ab·</span> <span class='ocrx_word' id='word_1_532' title='bbox 1133 3467 1332 3501; x_wconf 80' lang='lat' dir='ltr'>lutheranus</span> <span class='ocrx_word' id='word_1_533' title='bbox 1343 3472 1377 3501; x_wconf 86' lang='lat' dir='ltr'>et</span> <span class='ocrx_word' id='word_1_534' title='bbox 1391 3466 1583 3501; x_wconf 82' lang='lat' dir='ltr'>calvinistas</span> <span class='ocrx_word' id='word_1_535' title='bbox 1598 3466 1656 3506; x_wconf 90' lang='lat' dir='ltr'>qui</span> <span class='ocrx_word' id='word_1_536' title='bbox 1676 3465 1742 3499; x_wconf 88' lang='lat' dir='ltr'>duo</span> <span class='ocrx_word' id='word_1_537' title='bbox 1760 3464 1813 3500; x_wconf 88' lang='lat' dir='ltr'>vel</span> <span class='ocrx_word' id='word_1_538' title='bbox 1827 3466 1891 3501; x_wconf 76' lang='lat' dir='ltr'>tria</span> <span class='ocrx_word' id='word_1_539' title='bbox 1908 3465 2037 3500; x_wconf 69' lang='lat' dir='ltr'>tantum</span> 
     </span>
    </p>
   </div>
   <div class='ocr_carea' id='block_1_10' title="bbox 139 3513 1602 3554">
    <p class='ocr_par' dir='ltr' id='par_1_17' title="bbox 139 3513 1602 3554">
     <span class='ocr_line' id='line_1_54' title="bbox 139 3513 1602 3554; baseline 0.001 -8"><span class='ocrx_word' id='word_1_540' title='bbox 139 3513 311 3554; x_wconf 60' lang='lat' dir='ltr'>solutum,</span> <span class='ocrx_word' id='word_1_541' title='bbox 328 3514 520 3548; x_wconf 58' lang='lat' dir='ltr'>verissim&amp;</span> <span class='ocrx_word' id='word_1_542' title='bbox 538 3513 730 3548; x_wconf 71' lang='lat' dir='ltr'>absolutus</span> <span class='ocrx_word' id='word_1_543' title='bbox 751 3519 815 3547; x_wconf 73' lang='lat' dir='ltr'>est.</span> <span class='ocrx_word' id='word_1_544' title='bbox 1133 3519 1342 3548; x_wconf 78' lang='lat' dir='ltr'>sacramenta</span> <span class='ocrx_word' id='word_1_545' title='bbox 1366 3522 1565 3552; x_wconf 74' lang='lat' dir='ltr'>agnoscunt·</span> <span class='ocrx_word' id='word_1_546' title='bbox 1597 3521 1602 3527; x_wconf 88' lang='lat'><em>&#39;</em></span> 
     </span>
    </p>
   </div>
  </div>
 </body>
</html>
