2170 3808
637 202 835 257 QUAEST.
865 201 952 257 XII,
985 201 1102 244 ART.
1131 200 1149 242 1
1177 200 1241 243 ΕΤ
1267 200 1319 243 ll.
1840 198 1922 240 ¹115

95 297 136 341 3.
158 296 397 345 Praeterea,
420 285 657 346 quantitas
687 283 893 329 scientiae
923 281 1177 327 attenditur
1205 279 1466 325 secundum
1489 277 1682 322 scibilia.
1719 276 1761 321 Si
1782 275 1923 347 igitur

47 370 75 402 ε·
96 355 294 401 cundum
328 354 447 398 hanc
477 345 950 400 scientiamVChristus
985 343 1141 388 omnia
1170 342 1395 394 scivisset,
1425 344 1551 386 esset
1578 339 1627 384 in
1651 351 1707 384 eo
1730 342 1924 410 scientia

48 417 267 475 aequisita
284 412 475 472 aequalis
487 409 690 456 scientiae
709 407 872 452 infusae
886 411 933 451 et
953 404 1156 450 scientiae
1175 403 1336 458 beatae,
1352 402 1478 472 quod
1496 401 1922 447 estinconvemens.

51 480 142 523 Non
161 489 272 534 ergo
291 473 547 521 secundum
563 471 683 516 hanc
699 468 942 514 scientiam
960 466 1166 510 Christus
1181 464 1339 508 omnia
1359 468 1510 507 sc1v1t.
1884 521 1894 531 .

103 539 183 584 Sed
212 540 370 582 contra
400 538 472 582 est
491 531 615 591 qued
633 530 748 575 nihil
770 528 1089 586 imperfectum
1112 525 1198 570 fuit
1223 526 1271 569 in
1296 524 1473 570 Christo
1487 523 1715 582 quantum
1737 521 1798 567 ad
1820 535 1923 566 ani-

52 612 183 646 mam.
207 599 382 645 Fuisset
402 600 556 641 autem
574 592 841 650 imperfecta
870 591 970 635 haec
992 589 1093 646 ejus
1120 587 1330 642 scientia,
1349 586 1389 631 si
1411 586 1670 658 secundum
1702 596 1806 629 eam
1826 596 1922 629 non

49 662 254 706 scivisset
274 658 454 705 omnia:
478 656 587 714 quia
607 655 929 712 imperfectum
946 656 1017 696 est
1033 650 1107 695 cui
1130 654 1280 707 potest
1299 647 1400 693 fieri
1414 647 1606 693 additio.
1624 649 1742 702 Ergo
1756 659 1923 691 secun-

49 723 155 766 dum
177 721 295 766 hanc
315 718 555 766 scientiam
569 715 779 761 Christus
796 712 952 758 omnia
969 711 1119 756 scivit.

94 786 379 830 CONCLUSIO.
402 806 449 816 -
474 785 587 825 Sicut
612 795 682 835 per
703 781 916 823 scientiam
938 780 1117 819 inditam
1141 778 1329 840 Christus
1349 774 1500 838 omnia·
1523 773 1735 837 cognovit,
1756 772 1809 836 ad
1822 784 1923 836 ‘quai

46 853 299 894 quocumque
313 839 432 881 modo
450 839 679 879 intellectus
696 836 901 889 possibilis
918 837 978 876 est
996 837 1039 874 in
1060 833 1263 886 potentia;
1282 835 1340 894 lta
1358 842 1429 882 per
1447 832 1661 870 scientiam
1678 832 1922 880 acquisitam

0 918 1 922 =
46 896 182 935 omnia
195 895 350 946 attigit,
370 893 423 935 ad
436 905 528 946 quae
541 904 583 934 se
598 890 782 933 extendit
796 891 929 930 virtus
943 889 1177 929 intellectus
1194 889 1366 938 agentis.
1762 945 1773 955 ·
1823 909 1839 954 .-

100 957 365 1015 Respondeo
380 955 628 1002 dicendum
643 954 768 1012 quod
781 952 973 998 scientia
991 950 1217 1008 acquisita
1231 949 1419 1007 ponitur
1432 947 1480 992 in
1498 946 1654 991 anima
1673 946 1853 1000 Christi,
1870 949 1924 990 ut

47 1030 184 1075 supra
216 1019 388 1065 dictum
423 1022 496 1064 est
515 1019 695 1076 (quaest.
730 1029 788 1075 ix,
821 1019 906 1060 art.
939 1016 1001 1070 4),
1041 1019 1229 1070 propter
1259 1008 1632 1079 convenientiam
1660 1007 1928 1079 intellectus-

46 1080 241 1137 agentis,
273 1092 332 1124 ne
360 1079 463 1136 eJus
488 1078 608 1123 actio
628 1078 689 1123 sit
716 1077 878 1133 otiosa,
911 1085 1017 1132 quae
1035 1072 1145 1118 facit
1168 1070 1475 1128 intelligibilia
1498 1083 1546 1115 m
1573 1074 1702 1142 actu3
1736 1073 1857 1141 sicut
1876 1071 1924 1113 et

45 1141 233 1186 scientia
263 1141 407 1187 indita
433 1141 507 1187 vel
525 1140 677 1185 infusa
707 1138 894 1196 ponitur
915 1136 964 1181 in
992 1136 1147 1181 anima
1168 1135 1329 1180 Christi
1351 1132 1412 1179 ad
1433 1132 1761 1203 perfectionem
1789 1130 1924 1202 intel·

44 1200 191 1246 lectus
215 1201 464 1258 possibilis.
485 1201 610 1246 Sicut
628 1204 784 1245 autem
801 1197 1063 1243 intellectus
1082 1195 1314 1253 possibilis
1332 1199 1404 1240 est
1423 1206 1516 1251 quo
1537 1202 1609 1239 est
1632 1205 1789 1265 omnia
1805 1189 1919 1252 fierl,

43 1261 106 1305 ita
130 1262 390 1308 intellectus
412 1275 556 1320 agens
573 1267 644 1307 est
664 1273 758 1318 quo
782 1265 852 1306 est
866 1259 1021 1305 omnia
1039 1259 1206 1319 facere,
1219 1263 1272 1303 ut
1297 1257 1466 1304 dicitur
1486 1258 1564 1312 (De
1575 1267 1748 1328 anima,
1762 1254 1840 1300 lib.
1859 1269 1922 1327 ψ,

44 1326 154 1368 text.
173 1327 260 1378 18).
282 1328 336 1370 Et
357 1324 602 1369 ideosicut
628 1336 710 1380 per
740 1322 982 1368 scientiam
1013 1320 1207 1365 inditam
1234 1319 1370 1365 scivit
1396 1318 1470 1363 ani
1579 1318 1742 1363 Christi
1766 1329 1929 1362 omnia

45 1383 122 1429 illa
145 1386 202 1431 ad
238 1397 344 1442 quae
374 1385 634 1431 intellectus
664 1384 898 1442 possibilis
928 1388 999 1429 est
1021 1394 1317 1440 quocumque
1345 1381 1485 1426 modo
1519 1380 1533 1425 i
1559 1441 1570 1452 ο
1598 1379 1823 1451 potentia3
1860 1379 1924 1424 ita

48 1457 130 1500 per
147 1446 384 1492 scientiam
409 1446 681 1504 acquisitam
700 1446 837 1492 scivit
855 1446 1012 1491 omnia
1036 1444 1115 1489 illa
1131 1456 1235 1502 quae
1249 1446 1448 1501 possunt
1465 1454 1573 1488 scm
1592 1454 1676 1498 per
1694 1446 1922 1487 actionem

47 1506 300 1554 intellectus
328 1509 508 1567 agentis
522 1511 598 1564 (1).
1525 1564 1536 1574 ,

98 1569 164 1614 Ad
189 1573 385 1626 primum
405 1583 515 1626 ergo
533 1570 798 1628 dicendum,
818 1569 943 1628 quod
965 1569 1158 1614 scientia
1181 1579 1339 1613 rerum
1362 1565 1540 1622 acquiri
1558 1569 1712 1622 potest
1731 1577 1824 1609 non
1847 1577 1926 1609 so-

47 1627 142 1673 lum
169 1642 252 1686 per
270 1631 598 1688 experientiam
630 1631 853 1689 ipsarum,
878 1631 961 1677 sed
995 1630 1134 1676 etiam
1161 1642 1244 1687 per
1265 1627 1596 1684 experientiam
1619 1627 1924 1684 quarumdam

48 1689 239 1735 aliarum
273 1705 450 1750 rerum3
481 1694 588 1739 cum
620 1705 679 1738 ex
697 1694 867 1738 virtute
898 1692 1092 1738 luminis
1120 1691 1384 1737 intellectus
1415 1690 1595 1746 agentis
1618 1689 1765 1747 possit
1788 1689 1926 1734 homo

47 1752 292 1808 procedere
313 1754 371 1798 ad
396 1755 744 1812 intelligendum
770 1755 964 1800 effectus
984 1766 1068 1811 per
1084 1765 1269 1809 causas,
1294 1760 1342 1797 et
1360 1764 1527 1796 causas
1545 1762 1627 1808 per
1652 1751 1859 1806 effectus,
1881 1755 1927 1795 et

50 1811 215 1861 similia
231 1826 313 1871 per
329 1815 513 1869 similia,
535 1821 581 1861 et
598 1816 825 1861 contraria
842 1829 926 1873 per
943 1815 1187 1861 contraria.
1210 1814 1281 1860 Sic
1298 1813 1456 1871 igitur,
1475 1813 1582 1858 licet
1606 1812 1813 1858 Christus
1831 1825 1926 1857 non

48 1872 185 1918 fuerit
199 1876 354 1920 omnia
367 1881 600 1935 expertus,
617 1890 675 1922 ex
700 1878 771 1922 his
793 1882 947 1922 tamen
970 1889 1075 1934 quae
1093 1880 1310 1933 expertus
1325 1880 1412 1933 est,
1441 1875 1491 1919 in
1512 1874 1718 1920 omnium
1744 1875 1928 1923 devenit

49 1935 255 1980 notitiam
275 1938 354 1993 (2).

100 1996 166 2040 Ad
192 1999 437 2043 secundum
466 2000 730 2057 dicendum,
762 2000 887 2057 qued
912 2000 1019 2046 licet
1047 1999 1264 2045 sensibus
1295 1997 1611 2054 corporalibus
1636 1997 1801 2043 Christi
1829 2010 1925 2043 non
1999 1990 2001 1994 ’

47 2055 214 2103 fuerint
231 2059 437 2116 subjecta
451 2061 606 2106 omnia
620 2061 871 2118 sensibilia,
886 2061 1076 2107 fuerunt
1095 2066 1253 2105 tam-en
1265 2059 1484 2105 sensibus
1502 2060 1604 2117 ejus
1618 2059 1826 2117 subjecta
1842 2060 1926 2105 ali·

47 2128 138 2173 qua
158 2119 406 2176 sensibilia,
431 2133 490 2166 ex
515 2121 684 2178 quibus
707 2128 894 2179 propter
915 2121 1349 2168 excellentissimam
1374 2121 1469 2165 vim
1499 2121 1688 2165 rationis
1707 2122 1826 2179 eJus,
1847 2134 1924 2180 po-

48 2179 132 2222 tuit
158 2180 206 2225 in
221 2181 413 2226 aliorum
436 2183 645 2227 notitiam
659 2183 874 2229 devenire
891 2196 974 2242 per
996 2183 1186 2228 modum
1201 2181 1470 2240 praedictum
1492 2183 1556 2236 (in
1576 2182 1713 2227 solut.
1733 2186 1922 2243 praec.);

49 2240 168 2285 sicut
187 2241 383 2288 videndo
408 2256 601 2301 corpora
624 2245 844 2302 coelestia,
876 2246 1026 2303 potuit
1056 2243 1445 2302 comprehendere
1468 2257 1630 2290 eorum
1654 2245 1848 2292 virtutes
1878 2252 1925 2292 et

48 2300 250 2356 effectus,
278 2315 396 2360 quos
415 2305 587 2351 habent
606 2305 655 2350 in
679 2306 780 2351 istis
798 2306 1093 2352 inferIOribus
1115 2306 1193 2363 qui
1217 2305 1320 2362 ejus
1352 2306 1569 2353 sensibus
1590 2319 1683 2351 non
1708 2308 1924 2364 subjace-

47 2360 160 2406 bant
174 2375 186 2406 ι
202 2367 248 2407 et
258 2363 419 2409 eadem
433 2367 611 2411 ratione
621 2379 677 2411 ex
693 2367 1065 2424 quibuscumque
1083 2367 1185 2411 aliis
1201 2367 1250 2410 in
1266 2366 1461 2411 aliorum
1477 2367 1688 2412 notitiam
1705 2369 1926 2415 devenire

48 2424 207 2479 potuit.
443 2442 449 2449 ·

100 2485 167 2530 Ad
186 2489 366 2531 tertium
382 2487 643 2546 dicendum,
660 2489 784 2546 quod
795 2489 1053 2535 secundum
1067 2488 1205 2534 istam
1227 2489 1467 2535 scientiam
1481 2490 1639 2535 anima
1650 2492 1809 2537 Christi
1829 2506 1922 2539 non

50 2545 312 2601 simpliciter
327 2548 541 2605 cognovit
561 2550 732 2606 omnia,
753 2551 833 2596 sed
846 2550 925 2596 illa
943 2550 1098 2595 omnia
1120 2563 1225 2607 quae
1237 2562 1321 2607 per
1334 2550 1493 2596 lumen
1508 2553 1769 2598 intellectus
1784 2567 1923 2610 agen-

50 2607 108 2650 tis
126 2606 300 2652 homini
321 2615 431 2653 sunt
454 2610 794 2666 cognoscibilia.
826 2611 953 2656 Unde
973 2623 1057 2668 per
1081 2612 1203 2657 hanc
1229 2612 1467 2657 scientiam
1492 2626 1586 2657 non
1609 2615 1824 2672 cognovit
1849 2629 1923 2662 es-

51 2668 221 2714 sentias
237 2669 599 2717 substantiarum
620 2677 949 2731 separatarum,
975 2686 1063 2718 nec
1087 2674 1227 2719 etiam
1253 2674 1507 2731 singularia
1533 2677 1776 2734 praeterita,
1802 2690 1924 2736 prae-

53 2729 195 2773 sentia
227 2734 273 2775 et
298 2730 468 2791 futura,
497 2745 602 2791 quae
634 2739 787 2780 tamen
821 2735 1039 2793 cognovit
1073 2748 1156 2793 per
1187 2735 1428 2781 scientiam
1462 2736 1673 2795 inditam,
1703 2743 1757 2784 ut
1783 2753 1924 2797 supra

52 2794 220 2839 dictum
237 2805 306 2842 est
317 2798 386 2852 *(in
402 2812 529 2857 corp.
552 2796 637 2846 artL
658 2807 704 2847 et
723 2808 887 2860 quaest.
908 2805 1085 2861 praec.).
1738 2842 1741 2846 -

176 2858 511 2905 ARTICULUS
546 2865 606 2907 11.
641 2889 695 2896 —
731 2878 864 2910 uranu
900 2878 1099 2910 cnmsrus
1140 2878 1181 2909 m
1217 2878 1405 2910 summm
1442 2880 1695 2911 rnorsscssm‘r
1723 2870 1797 2923 (3).

48 2923 98 2961 De
115 2923 168 2957 his
183 2925 286 2960 etiam
307 2932 547 2970 ·ευρι·ι,ᾳιιωιΐ.
569 2938 632 2972 vn.
648 2935 715 2967 art.
729 2933 772 2968 {2
785 2933 826 2968 ad
840 2935 873 2975 5,
892 2938 926 2969 et
941 2933 1041 2976 infra,
1064 2938 1128 2969 art.
1154 2935 1175 2967 5
1193 2933 1235 2969 ad
1249 2935 1282 2977 5,
1300 2937 1335 2969 et
1354 2939 1470 2976 quaest.
1490 2943 1549 2976 xv,
1565 2940 1633 2971 art.
1646 2937 1679 2978 8,
1699 2941 1735 2971 et
1758 2938 1850 2973 Sent.
1866 2947 1923 2982 m,

84 2971 161 3007 dist.
176 2973 218 3006 45
231 2973 267 3007 in
284 2973 365 3016 Exp.
383 2974 452 3010 litt.
470 2977 528 3012 lin.
552 2983 585 3012 et
599 2979 677 3015 dist.
696 2981 750 3021 Η,
773 2987 888 3023 quaest.
920 2993 945 3025 1,
962 2987 1027 3018 art.
1042 2984 1077 3023 5,
1100 2986 1216 3024 quaest.
1232 2990 1270 3025 v,
1288 2986 1323 3017 et
1335 2982 1385 3016 ne
1400 2994 1473 3017 ver.
1492 2986 1606 3024 quest.
1628 2991 1685 3026 xx,
1707 2989 1773 3020 art.
1789 2986 1810 3021 ὃ
1823 2986 1866 3021 ad
1878 2988 1922 3030 5,

87 3022 123 3053 et
139 3021 260 3060 opusc.
277 3028 315 3063 11,
332 3033 405 3063 cap.
418 3023 494 3066 2¹6,
510 3029 544 3059 et
557 3026 651 3060 ioan.
669 3035 694 3069 1,
708 3027 786 3066 lect,
804 3030 847 3063 {0
861 3030 921 3065 fin.
937 3035 972 3065 et
988 3029 1094 3065 Hebr.
1108 3038 1144 3065 v.

101 3073 166 3117 Ad
177 3075 433 3120 secundum
455 3077 523 3122 sic
545 3079 817 3135 proceditur.
843 3085 884 3127 1.
901 3084 1088 3129 Videtur
1108 3083 1232 3140 quod
1257 3084 1515 3129 secundum
1538 3085 1657 3129 hanc
1679 3086 1920 3132 scientiam

88 3170 211 3211 (l)Ncc
224 3170 344 3212 obstat,
360 3177 396 3206 ut
418 3175 507 3208 recte
532 3175 678 3210 advertit
694 3177 836 3218 Sylvius,
853 3180 941 3220 quiid
1068 3181 1111 3222 (2)
1127 3182 1232 3215 Prout
1258 3180 1295 3215 in
1326 3192 1393 3215 una
1408 3192 1502 3215 causa
1524 3194 1640 3217 omnes
1662 3182 1802 3218 effectus
1825 3188 1859 3219 et
1886 3184 1921 3220 in

48 3229 107 3252 nec
123 3217 254 3252 litteras
269 3219 438 3262 didicerit,
462 3233 522 3255 nec
545 3222 822 3265 philosophorum
838 3226 942 3262 libros
1026 3240 1093 3261 unu
1108 3228 1231 3263 effectu
1245 3240 1361 3263 omnes
1374 3240 1496 3273 causas,
1509 3234 1544 3264 et
1568 3231 1603 3263 in
1619 3230 1723 3265 simili
1744 3243 1810 3265 uno
1827 3233 1920 3267 simi-

49 3264 238 3306 revolverit,
267 3278 328 3300 nec
352 3269 503 3303 omnium
536 3271 604 3303 imi>
626 3282 688 3305 nec
717 3271 941 3312 plurimorum
1027 3275 1070 3310 lia
1096 3276 1222 3317 omnia,
1252 3280 1290 3310 ut
1312 3281 1345 3310 et
1370 3278 1483 3311 omnia
1509 3277 1677 3311 contraria
1695 3279 1730 3312 in
1749 3280 1921 3313 contrario

50 3313 282 3352 experientiam
317 3314 482 3357 habuerit,
512 3323 603 3351 tanta
632 3324 705 3352 crat
746 3320 795 3354 vis
823 3320 942 3354 unium
1028 3335 1093 3356 uno
1111 3324 1223 3358 statim
1242 3337 1302 3366 per
1315 3325 1506 3360 intellectus
1538 3327 1774 3367 perspicaciam
1802 3328 1920 3369 depre-

50 3359 162 3402 ipsius,
189 3366 226 3395 ut
240 3373 278 3395 ex
304 3362 402 3396 rebus
427 3376 506 3404 quas
530 3366 761 3406 experiebatur
787 3367 942 3407 colligere
1029 3371 1157 3405 licndit.

50 3412 152 3446 posset
168 3409 293 3449 species
308 3414 341 3443 et
359 3411 582 3451 cognitionem
598 3413 754 3449 aliarum.
1069 3420 1111 3457 (⁴2)
1129 3420 1174 3453 De
1195 3420 1259 3454 fide
1275 3426 1323 3455 est
1337 3421 1511 3474 scientiam
1526 3422 1658 3458 beatam
1674 3427 1708 3457 et
1726 3422 1871 3458 infusam
1900 3425 1918 3458 ὲ
