2170 3808
626 210 825 263 QUAEST.
856 210 993 265 LXIII,
1020 210 1138 252 ART.
1175 211 1200 252 V
1233 211 1297 252 ET
1325 210 1393 252 vl.
1875 210 1957 253 533

78 301 238 339 racter.
258 295 370 338 Nam
391 291 540 348 gratia
558 295 630 336 est
653 292 701 334 in
725 289 880 336 anima
901 291 1022 335 sicut
1044 291 1259 347 quaedam
1280 290 1427 335 forma
1447 290 1623 336 habens
1646 302 1737 335 esse
1756 289 1957 346 comple-

78 361 175 401 tum
194 355 242 399 in
262 367 344 412 ea3
364 354 602 399 character
622 357 778 398 autem
793 358 865 398 est
886 353 933 397 in
953 353 1109 397 anima
1128 353 1250 398 sicut
1272 352 1485 410 quaedam
1505 353 1655 398 virtus
1676 351 1957 397 instrumen-

76 418 195 472 talis,
221 420 276 462 ut
304 428 446 473 supra
469 415 643 461 dictum
664 418 736 460 est
765 415 866 470 (art.
891 417 920 460 2
937 414 1035 472 huj.
1057 416 1259 471 quaest.).
1277 416 1442 459 Forma
1463 419 1617 460 autem
1641 412 1870 471 completa
1886 416 1957 459 est

76 479 122 524 in
143 477 354 536 subjecto
382 477 642 523 secundum
661 475 974 522 conditionem
1002 476 1216 534 subjecti.
1241 478 1295 521 Et
1322 475 1432 534 quia
1455 477 1611 521 anima
1629 479 1701 522 est
1721 474 1957 521 mutabilis

76 539 336 587 secundum
358 539 559 586 liberum
586 539 847 591 arbitrium,
868 538 1093 596 quamdiu
1114 543 1187 583 est
1214 537 1263 583 in
1287 541 1413 583 statu
1443 537 1546 595 viae,
1569 549 1867 596 consequens
1886 541 1958 583 est

75 601 202 660 quod
222 601 371 659 gratia
388 600 498 646 insit
520 600 688 645 animae
706 599 1009 646 mutabiliter.
1035 599 1124 644 Sed
1145 598 1296 643 virtus
1318 598 1690 644 instrumentalis
1713 598 1865 656 magis
1885 603 1956 644 at-

74 662 279 710 tenditur
297 663 557 709 secundum
578 662 891 708 conditionem
910 660 1180 719 principalis
1199 660 1406 718 agentis;
1434 666 1480 705 et
1504 660 1608 707 ideo
1631 660 1870 706 character
1883 660 1956 705 in-

75 723 330 771 delebiliter
351 724 474 770 inest
495 725 680 780 animae,
702 737 796 770 non
818 727 1004 782 propter
1022 725 1095 766 sui
1117 722 1462 779 perfectionem,
1482 721 1566 767 sed
1579 727 1766 780 propter
1778 721 1955 778 perfec-

74 784 249 831 tionem
289 785 534 832 sacerdotii
568 785 761 842 Christi,
799 785 828 829 a
864 797 957 842 quo
996 782 1231 828 derivatur
1275 784 1542 843 character,
1585 783 1706 828 sicut
1742 782 1956 841 quaedam

74 845 442 894 instrumentalis
460 847 625 893 virtus,
858 887 861 889 ,

128 910 194 955 Ad
211 912 456 956 secundum
474 910 743 966 dicendum,
766 908 906 966 quod,
924 907 1044 953 sicut
1062 908 1350 966 Augustinus
1370 907 1480 953 dicit
1502 909 1580 963 (De
1599 906 1770 965 Raptis,
1794 910 1955 953 contra

72 971 294 1018 Donatist.
313 972 396 1018 lib.
411 987 443 1029 1,
460 972 582 1017 circa
593 971 739 1029 princ.
757 971 870 1026 lib.),
891 988 911 1008 «
928 982 1015 1015 nec
1032 969 1157 1027 ipsos
1181 974 1414 1027 apostatas
1432 969 1645 1014 videmus
1667 979 1825 1013 carere
1842 968 1955 1027 bap-

72 1031 274 1090 tismate,
290 1033 463 1092 quibus
477 1034 639 1091 utique
651 1046 733 1091 per
741 1032 1062 1091 poenitentiam
1083 1031 1387 1077 redeuntibus
1397 1043 1490 1075 non
1510 1029 1782 1089 restituitur,
1796 1029 1955 1076 etided

80 1095 228 1140 amitti
252 1107 346 1141 non
370 1107 507 1153 posse
527 1096 780 1154 judicatur.
806 1114 827 1134 n
850 1096 906 1139 Et
937 1093 1079 1150 huius
1096 1093 1213 1137 ratio
1231 1096 1303 1138 est
1325 1092 1434 1150 quia
1458 1092 1696 1137 character
1716 1095 1789 1137 est
1808 1090 1956 1138 virtus

73 1156 467 1216 instrumentalis,
487 1162 541 1203 ut
562 1157 736 1210 dictum
760 1160 834 1211 est
859 1155 926 1212 (in
958 1154 1098 1199 solut.
1128 1156 1302 1211 praec).
1327 1154 1459 1199 Ratio
1481 1158 1637 1200 autem
1659 1154 1957 1200 instrumenti

73 1219 348 1265 consistitin
366 1220 456 1265 hoc
476 1217 602 1277 quod
625 1218 683 1263 ab
701 1217 791 1262 alio
812 1219 1072 1272 moveatur,
1104 1227 1199 1260 non
1227 1219 1383 1260 autem
1406 1216 1455 1260 in
1473 1215 1562 1260 hoc
1587 1214 1712 1272 quod
1731 1216 1884 1274 ipsum
1904 1227 1957 1261 se

72 1285 272 1338 moveat,
298 1280 424 1338 quod
444 1279 646 1338 pertinet
673 1278 734 1325 ad
760 1278 1063 1323 voluntatem.
1086 1279 1140 1321 Et
1169 1276 1272 1322 ideo
1291 1280 1722 1334 quantumcumque
1739 1277 1956 1322 voluntas

70 1346 315 1387 moveatur
336 1342 383 1386 in
407 1341 707 1397 contrarium,
728 1340 964 1385 character
984 1351 1077 1383 non
1097 1343 1362 1383 removetur
1379 1342 1566 1396 propter
1592 1337 1956 1383 immobilitatem

70 1402 339 1461 principalis
354 1404 596 1448 moventis,

125 1465 193 1511 Ad
213 1469 399 1510 tertium
431 1465 702 1521 dicendum,
726 1463 853 1521 quod
884 1462 1100 1520 quamvis
1131 1466 1235 1518 post
1268 1462 1388 1506 hanc
1416 1462 1559 1505 vitam
1594 1475 1685 1506 non
1718 1469 1956 1511 remaneat

73 1527 273 1573 exterior
291 1523 462 1584 cultus,
487 1530 698 1572 remanet
718 1531 875 1570 tamen
897 1524 1007 1570 finis
1028 1524 1152 1568 illius
1175 1523 1347 1568 cultus.
1363 1526 1417 1568 Et
1430 1523 1533 1569 ideo
1549 1523 1794 1580 posthanc
1812 1525 1950 1570 vitam

74 1595 283 1636 remanet
314 1591 549 1636 character
572 1597 618 1635 et
650 1591 699 1635 in
717 1589 854 1634 bonis
877 1588 935 1634 ad
959 1599 1120 1633 eorum
1147 1587 1366 1644 gloriam,
1389 1591 1436 1632 et
1456 1586 1505 1631 in
1537 1586 1671 1631 malis
1703 1587 1761 1631 ad
1791 1598 1953 1632 eorum

73 1652 402 1711 ignominiam3
434 1653 556 1698 sicut
588 1653 728 1698 etiam
760 1649 975 1696 militaris
1004 1650 1241 1695 character
1271 1653 1479 1694 remanet
1507 1649 1555 1693 in
1592 1648 1815 1693 militibus
1850 1656 1954 1705 post

73 1713 288 1771 adeptam
311 1713 570 1769 victoriam,
593 1717 641 1759 et
671 1712 719 1758 in
736 1712 810 1757 his
828 1710 909 1770 qui
930 1710 1157 1767 vicerunt,
1189 1710 1248 1757 ad
1271 1710 1484 1767 gloriam,
1504 1714 1552 1754 et
1574 1710 1621 1754 in
1641 1709 1713 1753 his
1740 1709 1820 1766 qui
1843 1715 1955 1755 sunt

71 1773 181 1820 VIcti
219 1773 278 1819 ad
297 1787 498 1831 poenam.
825 1810 831 1816 .

74 1807 417 1882 An'filcULUs
447 1839 529 1884 Vl.
561 1861 615 1868 —
644 1849 780 1880 urium
816 1849 894 1878 pen
933 1847 1057 1878 omnm
1089 1846 1355 1878 saanMENrA
1391 1847 1511 1877 nova:
1541 1846 1658 1878 mois
1697 1845 1954 1876 mrmm'rmx

838 1910 1076 1941 cimmeriis
1104 1898 1174 1951 (1).

74 1967 126 2005 Do
144 1967 199 2004 his
213 1968 316 2003 etlam
334 1967 435 2011 infra,
454 1971 571 2010 quaest.
591 1975 703 2006 Lxxn,
723 1970 789 2001 art.
808 1966 842 2007 5,
860 1969 893 2000 et
912 1966 1006 2000 Sent.
1027 1973 1061 1999 1v
1078 1992 1086 2006 ,
1113 1964 1190 1999 dist.
1215 1965 1248 2006 4,
1268 1966 1382 2006 quaest.
1409 1971 1433 2004 ι,
1454 1969 1518 1998 art.
1542 1964 1575 2007 4,
1590 1968 1706 2005 quaest.
1735 1971 1761 1997 11
1786 1966 1821 1998 et
1847 1971 1900 2006 111,
1919 1966 1954 1998 et

115 2019 298 2059 (meast-111.
311 2021 376 2051 art.
392 2016 426 2058 2,
440 2019 553 2057 quaest.
575 2023 629 2057 m,
648 2014 813 2056 etdistff,
829 2018 997 2055 quaest.11‚
1018 2017 1082 2047 art.
1103 2014 1116 2046 l
1136 2039 1144 2052 ‚
1162 2016 1197 2047 et
1210 2016 1332 2054 quaest.
1347 2020 1400 2050 ιιι.
1418 2014 1482 2046 art.
1500 2012 1533 2052 5,
1551 2018 1668 2053 quaest.
1685 2019 1740 2052 ιιι,
1754 2013 1789 2046 et
1803 2010 1881 2046 dist.
1895 2010 1951 2052 Ἠ,

164 2067 234 2101 mst.
251 2072 277 2105 Ι.
295 2067 360 2099 nrt.
373 2064 407 2105 l,
448 2068 541 2098 uaest.
558 2071 610 2097 111.

114 2074 194 2164 Ἐς]
217 2123 401 2164 sextum
421 2076 488 2162 gic
505 2117 787 2175 proceditur.
811 2120 853 2161 1.
878 2115 1061 2160 Videtur
1088 2113 1214 2171 quod
1232 2126 1314 2170 per
1332 2113 1488 2157 onmia
1510 2118 1802 2158 sacramenta
1820 2125 1953 2158 novae

73 2181 191 2238 legis
212 2181 502 2238 imprimatur
533 2180 785 2224 character.
824 2180 909 2223 Per
942 2175 1098 2221 omnia
1130 2175 1255 2221 enim
1288 2183 1578 2220 sacramenta
1611 2175 1879 2231 novaelegis
1900 2172 1953 2220 fit

75 2242 243 2300 aliquis
271 2243 501 2300 particeps
531 2239 773 2285 sacerdotii
792 2238 970 2284 Christi.
999 2238 1087 2283 Sed
1106 2238 1345 2282 character
1375 2235 1724 2281 sacramentalis
1745 2236 1860 2281 nihil
1880 2241 1953 2282 est

75 2304 199 2350 aliud
237 2304 375 2362 quam
411 2303 697 2361 participatio
736 2300 979 2348 sacerdotii
1014 2299 1195 2356 Christi,
1231 2303 1284 2343 ut
1320 2297 1494 2342 dictum
1531 2302 1604 2342 est
1634 2300 1735 2353 (art.
1773 2301 1949 2354 praec).

74 2367 191 2424 Ergo
222 2366 404 2412 videtur
431 2364 556 2423 quod
583 2376 666 2421 per
697 2364 853 2408 omnia
885 2363 1176 2408 sacramenta
1211 2371 1345 2404 novae
1376 2359 1493 2417 legis
1524 2359 1817 2415 imprimatur
1843 2360 1952 2404 cha-

72 2435 238 2475 meter.

127 2492 170 2535 2.
193 2492 432 2545 Praeterea,
453 2488 692 2533 character
713 2497 765 2531 se
783 2485 924 2530 habet
942 2484 1002 2529 ad
1020 2483 1223 2527 animam
1242 2482 1291 2525 in
1307 2494 1400 2539 qua
1415 2487 1503 2539 est,
1524 2483 1646 2526 sicut
1663 2482 1951 2526 consecratio

74 2551 134 2597 ad
151 2563 228 2597 res
244 2554 554 2596 consecratas.
582 2547 668 2593 Sed
687 2559 770 2605 per
790 2545 1030 2604 quodlibet
1058 2548 1402 2589 sacramentum
1425 2555 1559 2587 novae
1580 2544 1698 2599 legis
1719 2543 1859 2587 homo
1876 2555 1951 2587 re-

75 2612 185 2670 cipit
209 2613 403 2670 gratiam
436 2611 818 2666 sanctificantem‚
840 2613 891 2654 ut
911 2619 1051 2664 supra
1085 2606 1261 2654 dictum
1293 2610 1365 2649 est
1397 2608 1576 2661 (quaest.
1611 2617 1748 2662 praec.
1781 2609 1866 2650 art.
1890 2607 1947 2660 1).

75 2675 193 2731 Ergo
210 2675 390 2720 videtur
401 2673 525 2730 quod
535 2686 616 2730 per
630 2672 867 2730 quodlibet
888 2673 1228 2716 sacramentum
1249 2679 1383 2711 novae
1399 2667 1517 2724 legis
1538 2666 1831 2723 imprimatur
1846 2667 1950 2712 cha-

75 2741 447 2855 mgterfiraeteaea’
482 2797 718 2841 character
738 2799 810 2840 est
842 2806 916 2839 res
940 2797 987 2837 et
1016 2794 1358 2836 sacramentum
1383 2791 1457 2843 (2).
1487 2792 1537 2834 In
1560 2789 1765 2847 quolibet
1795 2795 1950 2836 autem

76 2863 367 2906 sacramento
390 2870 524 2902 novae
556 2856 675 2914 legis
694 2861 764 2901 est
785 2854 959 2913 aliquid
980 2853 1104 2910 quod
1135 2859 1207 2897 est
1239 2863 1315 2896 res
1334 2851 1515 2895 tantum
1529 2883 1542 2906 ,
1562 2855 1610 2896 et
1630 2851 1804 2908 aIIquid
1825 2851 1951 2908 quod

75 2925 149 2968 est
186 2924 527 2967 sacramentum
565 2919 762 2975 tantum,
794 2923 841 2964 et
863 2915 1038 2974 aliquid
1056 2914 1180 2971 quod
1203 2919 1274 2959 est
1290 2926 1365 2959 res
1388 2918 1434 2958 et
1451 2919 1807 2959 sacramentum.
1830 2916 1949 2972 Ergo

75 2995 159 3041 per
178 2982 415 3041 quodlibet
435 2985 775 3028 sacramentum
797 2991 930 3025 novae
954 2977 1071 3034 legis
1092 2975 1371 3032 imprimitur
1392 2975 1643 3020 character.

133 3045 222 3090 Sed
251 3048 408 3089 contra
439 3048 510 3089 est
543 3042 668 3100 quod
704 3044 991 3086 sacramenta
1013 3039 1061 3083 in
1086 3038 1257 3095 quibus
1280 3037 1560 3094 imprimitur
1582 3037 1836 3093 character,
1854 3050 1947 3082 nor,

77 3105 367 3161 reiterantur,
399 3105 455 3150 eo
477 3104 601 3162 quod
634 3106 871 3148 character
891 3106 963 3146 est
981 3099 1257 3153 indelebilis,
1279 3102 1330 3142 ut
1352 3098 1528 3143 dictum
1546 3105 1617 3144 est
1645 3101 1746 3153 (art.
1774 3103 1942 3156 praec.)¹

116 3210 159 3252 (l)
188 3210 290 3244 Inter
305 3212 548 3250 sacramenta,
567 3209 614 3243 ait
631 3207 809 3243 concilium
828 3206 968 3240 Floren-
1051 3204 1136 3238 vero
1145 3198 1307 3246 quatuor
1327 3202 1576 3237 characterem
1596 3213 1671 3237 non
1685 3205 1904 3246 imprimunt
1915 3207 1948 3239 ei

76 3258 200 3296 tinum,
239 3257 314 3291 tria
350 3260 437 3291 sunt
469 3268 481 3291 .·
518 3256 741 3298 baptismus,
776 3254 965 3297 confirma·
1052 3251 1324 3285 reiterationem
1344 3251 1555 3285 admigrant.

76 3307 128 3340 tio
146 3308 179 3339 et
200 3303 291 3338 ordo
305 3313 386 3346 quw
417 3304 664 3338 characterem
678 3330 687 3343 ,
709 3302 749 3336 id
775 3304 838 3341 est.
857 3302 970 3344 spiri-
1097 3305 1142 3346 ³2)
1161 3305 1243 3345 Res,
1262 3305 1296 3339 id
1315 3311 1378 3344 est.
1405 3305 1548 3340 effectus
1564 3305 1701 3347 quidam
1720 3316 1945 3341 :sacramen-

79 3352 179 3387 tuale
207 3351 390 3396 quoddam
413 3352 559 3394 signum
584 3352 608 3386 ἀ
631 3350 771 3386 οωίενίε
795 3349 973 3396 distincti·
1056 3354 1144 3392 tum,
1175 3352 1209 3386 id
1239 3356 1299 3392 est.
1331 3352 1503 3388 ulterioris
1530 3353 1689 3395 erfectus,
1721 3355 1802 3396 puta
1833 3354 1946 3394 gratim

84 3397 973 3441 vun2;tmprimuminanimaindelebile...reliqua
1056 3399 1392 3482 signun·,dquantam
1420 3406 1469 3435 est
1497 3401 1537 3435 de
1565 3413 1611 3443 se,
1643 3401 1720 3435 licet
1745 3400 1947 3442 impediatur

1057 3458 1116 3490 per
1133 3459 1202 3482 acci
1227 3459 1296 3485 ens,
