2170 3808
635 205 829 257 QUAEST.
859 205 1051 259 XXXVII,
1080 205 1199 248 ART.
1228 205 1264 247 11
1291 204 1355 247 ΕΤ
1381 203 1452 250 m.
1949 206 2029 248 311

148 287 450 343 salvarentur,
463 284 566 332 ideo
581 284 907 330 convenienter
919 291 1136 330 vocatum
1154 289 1224 329 est
1239 297 1409 329 nomen
1422 284 1525 343 eJ‘us
1538 287 1687 340 Iesus,
1700 283 1747 329 id
1763 287 1849 340 est,
1866 286 2031 328 Salva-

149 354 235 406 tor,
257 349 423 405 angelo
444 349 532 392 hoc
550 358 719 391 nomen
743 347 1104 402 praenuntiante,
1123 358 1216 390 non
1239 346 1391 390 solum
1410 345 1565 403 matri,
1580 346 1663 391 sed
1681 346 1821 391 etiam
1841 346 2030 403 loseph,

147 412 225 469 qui
247 416 348 456 erat
366 411 551 454 futurus
572 408 925 465 ejusnutritius.

203 472 269 518 Ad
291 476 493 530 primum
521 482 633 527 ergo
656 469 922 527 dicendum,
944 468 1071 527 qued
1088 467 1138 512 in
1161 468 1379 513 omnibus
1400 468 1492 512 illis
1514 469 1783 513 nominibus
1805 467 2030 526 quodam-

147 534 285 579 modo
306 533 594 590 significatur
614 532 702 576 hoc
722 543 891 576 nomen
908 535 1055 585 Iesus,
1079 530 1205 587 quod
1233 535 1305 574 est
1326 529 1686 586 significativum
1709 530 1888 576 salutis.
1915 531 2029 575 Nam

147 595 194 639 in
218 596 306 640 hoc
322 595 447 651 quod
470 593 636 638 dicitur
657 593 944 648 Emmanuel,
965 591 1090 649 quod
1114 591 1461 648 interpretatur,
1484 592 1723 635 Nobiscum
1745 597 1880 647 Deus,
1907 590 2028 637 desi-

148 663 319 713 gnatur
330 669 471 705 causa
499 655 680 710 salutis,
703 667 809 712 quae
828 659 900 700 est
917 654 1030 699 unio
1051 653 1220 698 divinae
1242 658 1288 697 et
1310 653 1527 698 humanae
1550 659 1727 697 naturae
1759 653 1808 696 in
1827 665 2029 709 persona

146 719 243 763 Filii
275 718 367 772 Dei,
402 730 484 775 per
513 729 654 775 quam
683 718 857 762 factum
877 721 946 762 est
971 722 1025 761 ut
1051 719 1172 760 Deus
1194 720 1317 760 esset
1342 714 1604 768 nobiscum,
1636 714 1770 771 quasi
1798 715 2028 772 particeps

147 786 319 825 nostrae
339 785 533 824 naturae.
555 782 639 824 Per
657 780 745 823 hoc
767 785 923 823 autem
943 778 1071 835 quod
1093 777 1262 822 dicitur
1286 790 1300 822 ε
1326 780 1448 821 Voca
1463 790 1624 820 nome-n
1643 778 1740 832 eJ'us
1761 790 1777 818 .-
1791 777 2024 834 Accelera,

144 842 288 897 spolia
310 842 518 897 detrahe,
540 845 648 898 etc.‚
669 841 942 897 designatur
962 840 988 883 a
1013 852 1107 896 quo
1126 851 1212 883 nos
1237 838 1450 892 salvavit,
1471 839 1581 896 quia
1609 837 1638 881 a
1665 837 1865 894 diabolo,
1892 837 2028 895 cujUs

146 903 292 959 spolia
323 903 529 955 abstulit,
560 903 818 948 secundum
841 902 956 947 illud
979 901 1169 955 (Coloss.
1204 914 1251 955 11,
1274 904 1344 954 15)
1371 902 1660 957 :Ea-poliam
1679 901 1965 956 principatus
1984 904 2028 944 et

143 968 404 1021 potestates,
437 966 648 1009 traduxit
676 965 965 1020 confidenter.
1006 966 1056 1007 ln
1090 964 1177 1007 hoc
1207 967 1363 1007 autem
1398 962 1522 1019 quod
1555 962 1722 1007 dicitur
1744 974 1758 1006 z
1780 962 2029 1005 Vocabitur

152 1039 303 1069 nomen
337 1028 433 1082 ejus
461 1027 779 1082 Admirabilis,
811 1032 918 1081 etc.,
943 1025 1216 1080 designatur
1236 1025 1312 1068 via
1334 1028 1379 1069 et
1405 1024 1630 1069 terminus
1656 1028 1826 1068 nostrae
1846 1023 2026 1077 salutis,

146 1085 420 1144 inquantum
442 1089 616 1133 scilicet
633 1088 891 1134 admirabili
906 1087 1163 1131 Divinitatis
1179 1085 1370 1130 consilio
1384 1090 1431 1131 et
1447 1086 1618 1131 virtute
1635 1086 1695 1131 ad
1713 1085 2027 1130 haereditatem

146 1149 286 1192 futuri
316 1150 473 1194 saeculi
501 1149 814 1207 perducimur,
838 1149 887 1193 in
910 1161 1004 1205 quo
1027 1147 1114 1192 erit
1135 1160 1225 1204 pax
1249 1148 1453 1204 perfecta
1479 1147 1679 1192 filiorum
1702 1146 1776 1191 Dei
1806 1146 1895 1191 sub
1926 1147 2026 1203 ipso

145 1211 352 1267 principe
367 1214 474 1255 Deo.
496 1211 627 1263 Quod
640 1210 750 1254 vero
771 1209 937 1255 dicitur
959 1224 970 1253 ε
994 1212 1109 1252 Ecce
1127 1211 1216 1264 vir,
1242 1210 1401 1251 Oriens
1423 1222 1583 1251 nomen
1601 1211 1712 1264 ey‘us,
1734 1206 1792 1251 ad
1815 1207 1937 1252 idem
1955 1220 2027 1252 re-

144 1271 304 1325 fertur,
329 1273 388 1317 ad
410 1272 534 1329 quod
557 1272 778 1328 primum,
802 1270 977 1315 scilicet
995 1270 1055 1315 ad
1082 1269 1416 1314 incarnationis
1443 1270 1734 1326 mysterium,
1767 1268 2026 1314 secundum

143 1333 269 1390 quod
290 1338 500 1379 exortum
520 1337 651 1377 estin
670 1334 860 1377 tenebris
881 1333 1031 1375 lumen
1053 1335 1189 1375 rectis
1210 1332 1343 1375 corde
1367 1332 1501 1386 (Psal.
1528 1345 1612 1387 cxl,
1632 1334 1695 1386 4).

161 1402 164 1404 ’
196 1395 262 1440 Ad
279 1397 522 1439 secundum
533 1395 798 1451 dicendum,
817 1394 941 1452 quod
959 1393 1031 1438 his
1055 1394 1134 1450 qui
1150 1393 1338 1437 fuerunt
1358 1399 1466 1438 ante
1484 1394 1730 1448 Christum,
1749 1392 1899 1450 potuit
1913 1405 2027 1438 con-

142 1457 299 1501 venire
321 1458 408 1502 hoc
432 1470 602 1502 nomen
616 1461 743 1500 Iesus
762 1455 1017 1501 secundum
1039 1455 1243 1511 anquam
1266 1455 1401 1500 aliam
1425 1456 1667 1508 rationem,
1686 1455 1799 1512 puta
1817 1454 1926 1511 quia
1944 1454 2026 1499 ali-

141 1528 283 1573 quam
310 1519 639 1575 particularem
657 1523 705 1563 et
727 1517 1026 1574 temporalem
1047 1516 1245 1560 salutem
1265 1517 1549 1572 attulerun13
1575 1517 1655 1560 sed
1678 1516 1935 1560 secundum
1952 1528 2026 1561 ra-

143 1578 314 1622 tionem
326 1580 578 1636 spiritualis
589 1585 634 1624 et
645 1579 924 1624 universalis
935 1578 1099 1622 salutis
1113 1581 1128 1630 (
1132 1580 1188 1633 1),
1204 1579 1292 1622 hoc
1306 1590 1475 1623 nomen
1489 1578 1723 1634 proprium
1737 1583 1808 1622 est
1821 1577 2022 1622 Christot

141 1644 186 1683 et
201 1642 456 1686 secundum
477 1642 564 1686 hoc
584 1642 751 1687 dicitur
773 1653 875 1685 esse
894 1652 1063 1684 nomen
1085 1651 1276 1684 novum.

195 1702 262 1747 Ad
281 1707 461 1747 tertium
484 1704 750 1760 dicendum,
770 1702 895 1760 quod
910 1703 1031 1747 sicut
1051 1703 1181 1756 (Gen.
1202 1703 1304 1756 xvn)
1319 1701 1504 1758 legitur,
1525 1701 1665 1746 simul
1679 1701 1905 1746 Abraham
1922 1714 2025 1747 sus-

142 1763 266 1820 cepit
291 1766 493 1811 nominis
521 1765 861 1822 impositionem
891 1764 918 1808 a
941 1767 1049 1818 Deo,
1075 1769 1121 1808 et
1140 1763 1507 1808 circumcisionis
1529 1762 1818 1807 mandatum.
1842 1765 1895 1808 Et
1920 1763 2025 1808 ideo

143 1825 267 1880 apud
295 1826 477 1871 Judaeos
508 1832 786 1871 consuetum
824 1831 924 1870 erat
951 1832 1004 1869 ut
1029 1826 1129 1881 ipso
1151 1824 1623 1870 diecircumcisionis
1657 1824 1846 1868 nomina
1870 1826 2025 1881 pueris

142 1885 506 1948 imponerentur,
525 1888 660 1946 quasi
678 1894 786 1933 ante
807 1887 1209 1932 circumcisionem
1236 1888 1491 1943 perfectum
1513 1899 1617 1931 esse
1640 1899 1734 1930 non
1761 1886 2021 1940 habuerint,

142 1947 260 1993 sicut
280 1949 416 1998 etiam
436 1964 562 1995 nunc
578 1950 734 2008 pueris
750 1950 799 1994 in
817 1949 1051 2005 baptismo
1069 1949 1261 1993 nomina
1276 1949 1593 2005 imponuntur.
1612 1948 1738 1993 Unde
1754 1960 1894 2004 super
1910 1949 2023 1994 illud

142 2011 371 2065 (Proverb.
395 2015 438 2066 4)
460 2027 473 2055 ε
499 2017 593 2068 qu
623 2013 741 2065 silius
760 2014 833 2066 fui
848 2015 1003 2068 patris
1024 2013 1128 2067 mei,
1151 2011 1341 2054 tenellus
1365 2015 1409 2054 et
1428 2013 1683 2067 uniyem'tus
1703 2023 1854 2053 coram
1878 2015 2025 2056 matre

141 2076 256 2129 med,
281 2074 391 2119 dicit
411 2074 570 2119 Glossa
593 2074 744 2118 ordin.
778 2087 792 2119 ε
826 2091 846 2111 ιι
875 2076 1022 2126 Quare
1043 2074 1259 2117 Salomon
1291 2085 1341 2118 se
1373 2073 1667 2129 unigenitum
1690 2085 1846 2116 coram
1879 2078 2024 2119 matre

142 2136 366 2194 nominat,
385 2149 523 2194 quem
543 2137 732 2181 fratrem
751 2136 986 2180 uterinum
1005 2136 1298 2192 praecessisse
1314 2135 1548 2192 Scriptura
1570 2140 1778 2188 testatur,
1803 2134 1893 2179 nisi
1914 2136 2024 2193 quia

141 2195 218 2240 ille
237 2209 345 2241 mox
363 2202 502 2243 natus
530 2198 632 2243 sine
657 2197 862 2253 nomine,
885 2197 1019 2254 quasi
1048 2209 1289 2254 nunquam
1309 2202 1450 2254 esset,
1474 2197 1533 2242 de
1555 2196 1651 2240 vita
1675 2196 1902 2241 decessit?
1925 2216 1946 2236 ι»
1971 2199 2023 2242 Et

142 2257 245 2303 ideo
258 2259 463 2303 Christus
479 2259 618 2304 simul
629 2260 735 2304 cnm
749 2259 836 2303 fuit
847 2259 1168 2315 circumcisus,
1183 2259 1383 2304 nominis
1398 2259 1740 2316 impositionem
1755 2259 1931 2315 accepit
1945 2262 2019 2315 (2).

141 2321 486 2366 ARTICULUS
499 2324 780 2365 Ille—trram«
796 2334 1107 2365 convenii-:urna
1125 2335 1278 2364 runnu*
1298 2335 1338 2365 m
1358 2334 1521 2365 'renero
1542 2333 1726 2365 osmi-us
1737 2333 1931 2364 cums'rus
1943 2324 2020 2375 (3).

783 2390 830 2425 De
845 2389 899 2425 his
912 2390 1015 2424 etiam
1035 2391 1158 2431 opusc.
1172 2398 1230 2431 LV,
1246 2402 1320 2433 cap.
1337 2391 1369 2426 6.
1871 2435 1873 2437 ¹

195 2443 261 2488 Ad
277 2444 462 2488 tertium
478 2443 546 2488 sic
555 2444 834 2501 proceditur.
858 2448 901 2490 1.
925 2444 1112 2489 Videtur
1130 2444 1255 2501 qued
1275 2444 1655 2490 inconvenienter
1669 2444 1806 2489 fuerit
1816 2445 2022 2491 Christus

141 2504 188 2549 in
206 2506 377 2562 templo
392 2507 591 2551 oblatus.
607 2507 779 2552 Dicitur
794 2507 918 2551 enim
934 2506 1092 2561 (Exodi
1111 2520 1202 2562 xm,
1219 2510 1258 2559 2)
1282 2521 1294 2550 ι
1317 2509 1563 2561 sanctifica
1584 2506 1696 2550 mihi
1709 2519 1836 2549 omne
1846 2510 2022 2563 primo-

139 2571 337 2623 genitum
378 2570 497 2624 quod
516 2572 665 2625 aperit
686 2569 864 2612 vulvam
886 2572 935 2611 in
956 2569 1066 2623 filiis
1090 2570 1252 2613 Israel.
1276 2564 1361 2613 Sed
1384 2570 1593 2613 Christus
1615 2568 1757 2613 exivit
1784 2568 1842 2612 de
1863 2568 2026 2614 clauso

142 2628 332 2686 virgInis
353 2634 502 2687 utero,
525 2635 571 2675 et
588 2630 651 2675 ita
673 2631 835 2675 matris
856 2631 1041 2675 vulvam
1064 2642 1158 2673 non
1175 2630 1373 2687 aperuit.
1393 2633 1512 2687 Ergo
1525 2630 1732 2674 Christus
1745 2642 1806 2674 ex
1819 2630 1905 2675 hac
1917 2631 2021 2688 lege

143 2701 235 2733 non
258 2691 416 2735 debuit
434 2691 482 2735 in
505 2692 677 2748 templo
690 2692 859 2737 offerri.

197 2754 239 2795 2.
257 2754 491 2810 Praeterea,
506 2754 621 2798 illud
636 2755 762 2809 quod
780 2759 852 2799 est
865 2766 1049 2810 semper
1064 2765 1271 2809 praesens
1294 2753 1447 2810 alicui,
1473 2765 1566 2796 non
1587 2756 1739 2809 potest
1755 2752 1795 2796 oi
1814 2765 2022 2809 praesen·

142 2811 246 2855 tari.
270 2812 358 2856 Sed
376 2814 537 2858 Christi
565 2815 831 2860 humanitas
866 2827 1048 2871 semper
1069 2814 1156 2858 fuit
1178 2818 1271 2859 Deo
1299 2815 1500 2858 maxime
1529 2826 1753 2871 praesens,
1788 2819 1946 2870 utpote
1979 2815 2020 2860 ei

142 2884 326 2929 semper
339 2874 587 2930 conjuncta
605 2876 654 2920 in
676 2878 852 2922 unitate
878 2888 1105 2934 personae.
1131 2879 1250 2932 Ergo
1270 2888 1364 2919 non
1387 2875 1589 2932 oportuit
1608 2875 1734 2932 quod
1758 2887 1914 2919 coram
1938 2879 2020 2921 Do-

143 2937 268 2978 mino
284 2934 542 2980 sisteretur.
1948 2948 1953 2954 ’

195 2998 236 3039 3.
258 2998 494 3054 Praeterea,
510 2997 716 3041 Christus
727 3003 798 3044 est
814 2999 964 3044 hostia
978 2998 1244 3056 principalis
1264 2998 1322 3043 ad
1340 3009 1480 3054 quam
1496 3010 1659 3043 omnes
1678 2997 1839 3042 hostiae
1851 2999 2020 3045 veteris

181 3105 226 3147 (Ι)
256 3104 352 3139 Solus
382 3105 472 3139 enim
504 3105 738 3148 universalem,
766 3107 970 3150 perfectam,
1002 3112 1036 3142 et
1118 3119 1198 3147 sang
1214 3106 1296 3148 qu⁷il
1319 3108 1444 3148 rtpand
1465 3107 1575 3148 oblige
1593 3109 1611 3142 h
1631 3109 1717 3142 Dieu
1734 3114 1807 3143 tout
1826 3109 1856 3144 le
1873 3112 1969 3151 reste,
1985 3114 2020 3145 et

139 3153 307 3192 integram
321 3151 460 3186 salutem
481 3165 662 3193 corporum
681 3159 715 3187 et
733 3154 935 3195 animarum,
950 3161 1036 3191 tem·
1119 3156 1196 3189 c'cst
1223 3156 1252 3190 le
1277 3160 1567 3191 commcncement
1593 3156 1632 3190 de
1658 3156 1691 3191 la
1723 3157 1948 3199 redemptum.
1972 3159 2020 3192 ait

138 3200 287 3242 poralem
307 3205 341 3234 et
361 3205 521 3235 oeternam
538 3201 663 3236 attulit.
1121 3204 1321 3238 Bossuetius.

181 3248 223 3287 (2)
247 3248 295 3281 En
326 3254 479 3282 recevant
506 3261 542 3284 ce
571 3261 650 3283 nom
679 3261 722 3283 au
750 3254 901 3284 moment
933 3251 976 3285 oi1
1004 3251 1035 3284 le
1160 3254 1203 3294 ‹5)
1224 3253 1285 3287 Per
1312 3253 1396 3287 illud
1421 3257 1620 3293 mysterium
1647 3254 1800 3289 Christus
1823 3253 2018 3294 adimplevit

134 3295 244 3337 glaive
261 3296 302 3330 de
321 3296 353 3329 la
374 3297 594 3330 circoncision
620 3297 789 3331 tranchait
812 3309 847 3332 sa
870 3298 976 3339 chain
1010 3297 1035 3331 il
1120 3301 1206 3339 quod
1237 3300 1365 3335 dictum
1382 3305 1430 3335 est
1448 3312 1509 3341 per
1537 3300 1736 3343 Prophctam
1764 3301 1918 3341 (Malach.
1938 3302 2015 3342 lm:

137 3354 222 3377 nous
240 3354 257 3376 a
277 3344 390 3384 appris
406 3356 469 3384 que
489 3343 601 3378 c'etait
619 3355 679 3384 par
694 3356 751 3378 son
775 3356 855 3385 sang
871 3344 952 3385 qu'il
979 3344 1035 3378 de·
1119 3346 1251 3381 Statim
1275 3350 1374 3382 venit
1398 3349 1447 3381 ad
1473 3349 1648 3392 templum
1666 3360 1774 3383 sumn
1802 3350 2018 3384 Dominator

136 3391 207 3427 vait
230 3396 300 3425 eli-e
327 3398 420 3426 notre
437 3393 638 3427 sauvenr.11
662 3392 734 3426 faut
753 3393 836 3433 qu’il
861 3393 909 3426 lui
939 3397 1035 3427 conte
1119 3404 1223 3437 quem
1252 3406 1313 3431 vos
1341 3397 1530 3438 quoeritis,
1564 3399 1597 3433 et
1629 3398 1781 3441 angelus
1812 3397 2016 3433 testamenti

133 3438 182 3473 du
207 3451 287 3479 sang
305 3452 391 3480 pour
419 3452 461 3474 en
482 3445 632 3476 recevoir
660 3441 692 3475 le
713 3453 811 3484 n0m;
838 3453 875 3476 re
900 3453 962 3483 peu
994 3442 1034 3475 de
1119 3452 1221 3485 quem
1242 3454 1302 3478 vos
1317 3444 1442 3479 vultis.
