2170 3808
766 191 962 242 QUAEST.
991 189 1184 242 XXXVII,
1214 188 1330 230 ART.
1361 188 1398 231 1.
1955 185 2038 228 309

201 277 244 320 3.
277 276 513 326 Praeterea,
543 269 834 314 circumcisio
867 274 937 313 est
968 268 1178 312 ordinata
1208 267 1256 310 in
1290 266 1548 310 remedium
1578 263 1819 320 originalis
1840 264 2031 319 peccati.

149 335 236 381 Sed
267 335 470 379 Chr1stus
501 344 596 375 non
629 330 858 374 contraxit
880 330 1104 385 originale
1128 335 1398 385 peccatum,
1415 332 1467 371 ut
1503 339 1561 370 ex
1584 339 1637 369 su
1646 339 1726 381 pra
1752 325 1886 370 dictis
1911 335 2037 381 patet

151 401 334 454 (quaest.
354 410 424 451 xv,
447 398 533 438 art.
546 396 567 437 1
596 396 642 437 et
653 394 713 445 2).
735 394 854 447 Ergo
868 391 1074 435 Christus
1099 402 1191 433 non
1210 389 1370 432 debuit
1388 387 1672 431 circumcidi.

206 458 293 504 Sed
308 461 470 501 contra
483 459 556 499 est
570 453 693 509 quod
707 452 874 496 dicitur
896 454 1022 505 (Luc.
1042 464 1088 505 11,
1110 452 1181 504 21)
1199 465 1214 490 .·
1232 452 1476 504 Postquam
1494 451 1787 491 consummati
1814 450 1919 491 sunt
1941 449 2036 491 dies

149 523 264 575 octo,
287 523 338 562 ut
359 515 758 562 circumcideretur
774 526 905 570 puer.

196 584 484 626 CONCLUSIO.
500 605 546 612 —
562 581 711 621 Debuit
725 581 914 621 Christus
932 583 1130 630 tauquam
1149 578 1279 616 Filius
1293 575 1467 616 Abrahae
1482 574 1732 623 circumcidi,
1751 579 1797 614 ut
1813 576 1914 624 legis
1930 587 2037 615 onus

150 643 194 680 in
210 650 252 679 56
263 639 486 686 sustinens,
501 636 604 676 alios
620 637 645 675 a
662 635 761 685 legis
775 645 893 674 onere
907 631 1108 680 liberaret,
1126 633 1165 671 et
1178 631 1312 670 carnis
1330 642 1414 670 suae
1429 630 1642 669 veritatem
1659 630 1951 679 comprobaret.

203 698 471 757 Respondeo
484 698 731 743 dicendum
744 696 868 753 quod
885 694 1098 752 pluribus
1114 693 1169 737 de
1189 693 1344 738 causis
1360 692 1565 736 Christus
1579 691 1739 735 debuit
1750 691 2035 736 circumcidi.

149 762 298 807 ΡΓίιῐιὸ
311 762 497 819 quidem
517 762 574 814 (1)
590 765 642 804 ut
658 758 871 803 ostendat
889 756 1128 802 veritatem
1144 755 1298 799 carnis
1314 756 1529 799 humanae
1548 760 1708 797 contra
1724 752 2034 809 Manichaecm

149 825 228 881 qui
250 824 364 870 dixit
383 835 493 869 eum
512 821 731 866 habuisse
754 831 925 876 corpus
949 817 1317 875 phantastiCum3
1342 820 1387 860 et
1412 820 1574 860 contra
1594 813 1942 871 Apollinarium,
1958 815 2035 870 qui

147 886 263 931 dixit
280 896 448 941 corpus
476 882 638 941 Christi
662 893 765 927 esse
782 880 1008 926 divinitati
1033 876 1457 932 consubstantiale,
1479 882 1524 920 et
1549 882 1710 919 contra
1724 874 2035 928 Valentinum,

145 947 229 1003 qui
257 946 370 992 dixit
388 945 617 989 Christum
640 943 698 988 de
721 942 839 986 coelo
864 953 1033 997 corpus
1058 939 1280 984 attulisse.
1316 936 1542 991 Secundo,
1564 941 1616 981 ut
1648 936 1924 993 approbaret
1945 936 2034 980 cir-

146 1007 496 1061 cumcisionem,
517 1018 657 1062 quam
676 1004 787 1048 olim
819 1007 938 1047 Deus
960 1002 1238 1046 instituerat.
1263 1000 1427 1056 Tertio,
1446 1003 1500 1043 ut
1522 999 1845 1055 comprobaret
1864 1011 1915 1043 56
1934 1011 2036 1042 esso

145 1070 204 1114 de
224 1081 394 1126 genere
428 1067 637 1124 Abrahae,
661 1066 738 1122 qui
778 1063 1145 1110 circumcisionis
1180 1061 1454 1106 mandatum
1487 1065 1729 1116 acceperat
1765 1058 1812 1104 in
1848 1059 2029 1116 signum

144 1130 269 1185 fidei,
293 1142 433 1186 quam
458 1129 515 1174 de
535 1128 637 1185 ipso
653 1127 891 1171 habuerat.
914 1125 1100 1180 Quarto,
1121 1127 1174 1167 ut
1191 1123 1362 1167 Judaeis
1383 1123 1733 1166 excusationem
1758 1121 1953 1178 tolleret,
1978 1134 2030 1164 ne

145 1203 254 1236 eum
288 1191 564 1248 reciperent,
598 1187 640 1232 si
673 1190 795 1231 esset
828 1184 1196 1228 incircumcisus.
1235 1182 1401 1236 Quinto
1416 1216 1429 1237 ‚
1451 1186 1504 1226 ut
1533 1182 1778 1227 obediendi
1818 1182 2036 1226 virtutcrn

145 1252 282 1296 nobis
317 1264 405 1296 suo
434 1248 781 1294 commendaret
813 1245 1026 1303 exemplo
1059 1260 1070 1288 z
1102 1244 1228 1289 unde
1264 1249 1310 1289 et
1327 1246 1492 1288 octava
1514 1244 1588 1289 die
1615 1244 1922 1288 circumcisus
1947 1250 2031 1299 est,

143 1313 265 1357 sicut
302 1312 351 1356 in
385 1312 488 1377 lege
520 1314 620 1354 erat
653 1312 955 1365 praeceptum.
996 1305 1156 1359 Sexto,
1180 1312 1231 1350 ut
1265 1306 1376 1362 quia
1405 1306 1453 1349 in
1494 1305 1846 1350 similitudinem
1882 1306 2035 1350 carnis

144 1373 320 1430 peccati
341 1373 609 1425 advenerat,
624 1370 896 1423 remedium,
917 1380 1009 1425 quo
1031 1380 1139 1412 caro
1159 1367 1333 1423 peccati
1361 1372 1666 1411 consueverat
1684 1366 1916 1423 mundari,
1941 1379 2034 1411 non

141 1440 380 1491 respueret
399 1437 474 1489 (2).
498 1431 717 1489 Septimo,
739 1436 793 1475 ut
813 1430 929 1486 legis
948 1442 1069 1473 onus
1093 1430 1139 1473 in
1161 1441 1212 1473 se
1232 1430 1472 1493 sustinens
1490 1429 1568 1484 (3),
1590 1428 1705 1472 alios
1719 1427 1747 1472 a
1765 1428 1881 1484 legis
1896 1441 2035 1473 onere

141 1496 372 1552 liberaret,
397 1495 656 1540 secundum
679 1492 794 1537 illud
815 1491 925 1546 (Gal.
945 1504 1002 1548 iv,
1026 1494 1070 1544 4)
1096 1507 1107 1535 ι
1131 1494 1254 1534 Misit
1276 1491 1393 1534 Deus
1415 1491 1586 1533 Filium
1612 1504 1742 1533 suum
1763 1493 1936 1545 sactum
1956 1491 2036 1538 sub

146 1560 259 1614 le9e‚
287 1562 337 1602 ut
357 1572 430 1602 eos
446 1559 522 1613 qui
537 1557 615 1599 sub
633 1556 728 1612 leqe
750 1558 901 1610 erant,
927 1555 1186 1597 redimeret.

195 1619 263 1664 Ad
282 1623 480 1676 primum
508 1629 619 1673 ergo
648 1615 914 1667 dicendum,
934 1615 1057 1671 quod
1086 1614 1377 1660 circumcisio
1399 1626 1482 1670 per
1500 1614 1803 1658 remotionem
1835 1614 2036 1658 carnalis

141 1681 374 1736 pelliculae
395 1681 446 1725 in
468 1680 679 1725 membro
709 1677 1023 1734 generationis
1040 1677 1178 1733 facta,
1194 1676 1486 1731 significabat
1514 1676 1821 1732 spolationem
1839 1681 2036 1721 vetustae

143 1743 472 1800 generationis,
482 1741 509 1785 a
517 1753 610 1798 qua
622 1740 809 1797 quidem
816 1744 1046 1784 vetustate
1057 1738 1309 1782 liberamur
1317 1750 1400 1794 per
1408 1738 1671 1794 passionem
1686 1737 1864 1795 Christi,
1875 1742 1922 1783 et
1933 1737 2035 1783 ideo

142 1804 312 1848 veritas
329 1803 472 1860 hujus
493 1802 654 1859 figurae
675 1813 771 1845 non
782 1798 1017 1856 fuitplene
1039 1799 1287 1856 impletain
1307 1799 1469 1844 Christi
1486 1799 1741 1854 natIVitate,
1758 1799 1841 1843 sed
1864 1799 1912 1843 in
1931 1800 2036 1856 eJ'us

141 1865 375 1922 passione,
387 1867 494 1907 ante
509 1874 651 1920 quam
662 1861 953 1906 circumcisio
969 1873 1103 1904 suam
1111 1861 1329 1904 virtutem
1342 1863 1453 1914 (4)et
1462 1865 1635 1905 statum
1646 1860 1863 1915 habebat,
1874 1866 1920 1905 et
1931 1861 2034 1906 ideo

142 1926 295 1970 decuit
308 1925 538 1970 Christum
553 1929 661 1968 ante
680 1936 814 1967 suam
827 1923 1110 1980 passionem,
1127 1927 1353 1978 tanquam
1362 1922 1510 1966 filium
1525 1922 1731 1979 Abrahae,
1750 1922 2031 1968 circumcidi.

195 1987 263 2032 Ad
279 1987 522 2030 secundum
543 1985 809 2041 dicendum,
826 1983 952 2040 quod
967 1983 1172 2027 Christus
1191 1984 1589 2028 circumcisionem
1610 1984 1816 2040 suscepit
1840 1996 1895 2027 60
1916 1988 2034 2029 tem-

139 2061 252 2104 pore
274 2061 367 2105 quo
381 2051 481 2092 erat
502 2047 592 2092 sub
618 2050 863 2103 praeceptO.
882 2048 935 2090 Et
963 2046 1066 2090 ideo
1086 2044 1189 2102 ers
1209 2045 1329 2090 actio
1355 2045 1403 2089 in
1432 2046 1520 2090 hoc
1541 2050 1612 2089 est
1637 2045 1771 2090 nobis
1793 2046 2031 2106 imitanda,

140 2113 192 2154 ut
214 2109 515 2154 observemus
545 2121 601 2153 ea.
628 2120 735 2165 quae
766 2112 878 2152 sunt
901 2112 1058 2152 nostro
1091 2112 1297 2163 tempore
1329 2108 1378 2150 in
1398 2111 1643 2164 praecepto,
1666 2106 1775 2163 quia
1796 2110 2034 2164 unicuique

140 2174 314 2227 ozeqotio
330 2174 396 2215 est
417 2174 590 2226 tempus
605 2173 649 2213 et
672 2173 1002 2226 opportunitas,
1014 2173 1066 2212 ut
1080 2169 1247 2214 dicitur
1266 2169 1455 2222 (Eccles.
1468 2183 1556 2226 vin,
1578 2172 1633 2220 6).
1647 2193 1702 2201 —-
1716 2171 1770 2212 Et
1793 2174 2031 2229 praetcrea,

138 2236 194 2276 ut
215 2233 433 2287 Origenes
453 2231 561 2276 dicit
594 2231 733 2285 (hom.
758 2245 827 2274 xiv
850 2230 898 2274 in
919 2233 1028 2274 Luc.
1046 2229 1094 2273 in
1122 2229 1308 2286 princ.),
1335 2249 1354 2268 «
1377 2230 1497 2274 sicut
1525 2230 1696 2274 mortui
1732 2242 1896 2274 sumus
1925 2244 2030 2275 cum

139 2293 219 2337 illo
250 2293 492 2350 moriente,
513 2296 560 2337 et
589 2292 969 2336 consurreximus
988 2290 1165 2335 Christo
1187 2291 1465 2348 resurgenti,
1490 2291 1553 2335 ita
1581 2291 1841 2336 circumcisi
1866 2304 2032 2338 sumus

140 2354 366 2410 spirituali
386 2353 740 2398 circumcisione
759 2365 842 2409 per
868 2354 1099 2397 Christum
1120 2367 1130 2394 :
1159 2356 1205 2397 et
1228 2353 1331 2397 ideo
1355 2353 1530 2397 carnali
1555 2352 1908 2397 circumcisione
1937 2367 2029 2399 non

139 2414 418 2471 indigemus.
439 2434 459 2453 n
479 2417 532 2459 Et
548 2416 635 2459 hoc
653 2414 862 2470 estquod
879 2415 1127 2470 Apostolus
1148 2413 1259 2458 dicit
1277 2415 1466 2468 (Coloss.
1488 2428 1536 2467 11,
1558 2417 1600 2469 2)
1621 2427 1633 2458 :
1657 2418 1711 2457 In
1730 2429 1831 2470 quo,
1854 2415 2029 2462 scilicet

140 2477 334 2534 Christo,
356 2480 610 2521 circumcisi
631 2479 735 2520 estis
759 2479 1095 2520 circumcisione
1125 2489 1213 2518 non
1234 2479 1519 2532 manufacta,
1545 2480 1595 2519 in
1615 2478 1916 2533 expoliatione
1936 2493 2032 2522 cor-

137 2541 264 2594 poris
286 2541 459 2593 carnis,
485 2539 565 2581 sed
589 2540 638 2580 in
661 2540 998 2580 circumcisione
1019 2540 1202 2579 Domini
1224 2541 1367 2580 nostri
1387 2541 1490 2580 Jesu
1512 2537 1701 2582 Christi.

193 2599 260 2643 Ad
291 2603 471 2642 tertium
502 2599 769 2652 dicendum,
804 2599 930 2656 quod
966 2599 1086 2643 sicut
1117 2598 1323 2642 Christus
1352 2599 1536 2655 propria
1571 2599 1811 2644 voluntate
1834 2606 2030 2645 mortem

138 2665 346 2704 nostram
368 2660 587 2716 suscepit,
605 2673 709 2716 quae
728 2663 800 2704 est
822 2660 1014 2704 effectus
1027 2660 1220 2716 peccati,
1238 2660 1418 2703 nullum
1441 2660 1485 2702 in
1508 2673 1558 2704 se
1577 2660 1755 2705 habens
1769 2667 2026 2718 peccatum,

139 2725 193 2764 ut
229 2733 316 2765 nos
347 2722 375 2765 a
405 2728 552 2767 morte
573 2722 805 2779 liberaret,
827 2726 873 2767 et
911 2721 1210 2778 spiritualiter
1239 2734 1325 2765 nos
1367 2722 1537 2766 faceret
1567 2722 1681 2765 mori
1727 2727 1940 2779 peccato,
1966 2724 2030 2767 ita

139 2781 279 2825 etiam
295 2786 340 2826 et
361 2783 777 2839 circumcisionem,
808 2795 912 2839 quae
942 2788 1013 2828 est
1036 2783 1290 2827 remedium
1313 2783 1553 2839 originalis
1585 2783 1778 2839 peccati,
1806 2785 2025 2843 suscepit,

141 2841 320 2898 absque
339 2843 425 2886 1106
436 2843 558 2898 quod
580 2845 770 2888 haberet
783 2845 1007 2901 originale
1031 2849 1289 2900 peccatum,
1310 2850 1362 2888 ut
1380 2858 1466 2888 nos
1485 2846 1512 2888 a
1532 2845 1648 2900 legis
1664 2845 1781 2902 jugo
1797 2846 2027 2902 liberaret,

141 2907 190 2947 et
211 2908 264 2947 ut
285 2902 332 2947 in
354 2904 488 2946 nobis
507 2904 792 2958 spiritualem
811 2906 1210 2950 circumcisionem
1230 2906 1450 2962 efficeret,
1471 2911 1524 2950 ut
1540 2907 1714 2951 scilicet
1736 2908 2028 2964 suscipiendo

143 2964 357 3018 figuram,
374 2963 585 3019 impleret
601 2966 840 3011 veritatem
861 2970 934 3022 (5).

181 3067 224 3108 (l)
247 3067 340 3101 Hanc
360 3068 460 3102 etiam
479 3068 514 3101 in
531 3067 649 3108 primis
663 3079 796 3103 causam
823 3069 937 3104 reddit
961 3070 1041 3111 Epi-
1125 3070 1219 3104 mini
1242 3069 1519 3103 circumcidenti
1542 3079 1592 3109 se,
1615 3073 1790 3114 quoniam
1814 3073 1959 3107 debitor
1976 3080 2024 3108 est

143 3114 286 3157 phanias
301 3114 428 3154 (haeres.
444 3124 520 3155 xxx,
539 3116 554 3155 Ξ
572 3116 637 3155 28).
1126 3119 1309 3151 universoe
1327 3117 1416 3157 leqis
1438 3116 1616 3156 faciendoe
1629 3118 1714 3157 (Gal.
1743 3127 1776 3161 v,
1795 3120 1840 3161 5).

180 3163 224 3204 (2)
243 3162 271 3196 Ii
302 3162 421 3200 fallait.
452 3164 500 3196 ait
525 3163 724 3204 Bossuetius,
754 3163 837 3204 qu’il
867 3169 980 3204 portae
1011 3166 1042 3200 la
1168 3165 1213 3203 (lc)
1230 3163 1296 3203 AL,
1310 3165 1512 3198 veritatem.

141 3221 281 3250 marque
300 3209 346 3243 du
362 3210 461 3251 peche
473 3233 483 3248 ‚
499 3222 628 3244 comme
645 3210 669 3243 il
688 3222 730 3244 en
746 3210 858 3247 devait
875 3217 991 3253 porter
1007 3213 1040 3248 la
1167 3214 1207 3252 (ὃ)
1227 3212 1331 3245 Locus
1345 3211 1610 3246 circumcisionis
1622 3207 1686 3246 fui't
1699 3215 1883 3255 Bethleem,
1904 3223 1942 3249 ut
1965 3227 2024 3250 ex-

142 3257 238 3297 poine
251 3258 354 3296 (xvlle
371 3258 528 3296 semaine,
544 3258 662 3292 elevat.
681 3259 720 3294 1).
1124 3259 1222 3300 ponit
1248 3259 1451 3299 Epiphanius
1475 3259 1604 3300 (haeres.
1624 3263 1694 3301 xx),
1711 3262 1791 3302 quia
1813 3263 1925 3295 nullus
1951 3271 2022 3296 erat

183 3305 227 3346 (5)
244 3305 342 3339 Juxta
359 3304 444 3339 illud
460 3305 609 3346 Apostoli
628 3318 636 3339 :
658 3306 844 3348 Testificor
857 3307 957 3341 omni
978 3307 1037 3341 ho·
1124 3308 1215 3340 locus
1233 3306 1489 3341 circumcisione
1508 3308 1695 3348 deputatam,
1715 3309 1773 3342 scd
1789 3309 1934 3350 quilibrt
1957 3310 2020 3343 vir-

1124 3354 1400 3389 cuineidcbantur
1418 3356 1454 3389 in
1472 3356 1617 3396 privatis
1632 3357 1769 3390 aedibus.
