2170 3808
933 143 940 164 l

682 201 879 253 QUAEST.
902 201 987 255 LX,
1011 201 1129 244 ART.
1153 200 1203 243 lv
1229 201 1295 243 ET
1322 199 1373 244 V.
1885 197 1967 240 505

81 280 340 330 secundum
363 281 412 327 id
430 280 557 339 quod
576 279 795 325 convenit
825 280 866 324 ei
887 293 970 337 per
992 281 1133 325 aliud.
1154 281 1354 324 Effectus
1374 283 1529 324 autem
1563 277 1797 324 sensibilis
1817 288 1899 334 per
1916 288 1967 320 se

82 346 221 391 habet
240 344 368 403 qued
399 343 539 389 ducat
568 342 616 386 in
645 343 955 398 cognitionem
987 342 1193 397 alterius,
1220 342 1354 398 quasi
1379 340 1530 398 prime
1552 345 1599 386 et
1617 352 1702 398 per
1724 352 1775 385 se
1791 336 1970 383 homini

83 408 399 460 innotescens,
419 403 530 462 quia
547 401 700 447 omnis
719 408 879 448 nostra
898 403 1103 459 cognitio
1125 403 1153 447 a
1168 415 1311 448 sensu
1327 403 1490 447 oritur.
1506 402 1706 447 Effectus
1729 403 1886 446 autem
1902 397 1970 443 in-

84 467 347 525 telligibiles
366 478 461 511 non
490 464 662 510 habent
689 465 815 522 qued
838 465 1019 522 possint
1036 465 1207 509 ducere
1239 465 1285 508 in
1307 464 1622 520 cognitionem
1647 462 1854 518 alteriUS,
1880 459 1970 504 nisi

84 531 361 588 inquantum
379 531 489 572 sunt
508 539 591 584 per
609 526 737 572 aliud
759 526 1064 582 manifestati,
1082 526 1129 571 id
1149 530 1235 581 est,
1253 537 1334 582 per
1348 526 1504 583 aliqua
1522 525 1774 571 sensibilia.
1795 525 1847 569 Et
1859 521 1969 568 inde

85 596 157 637 est
177 589 304 649 qued
323 589 472 646 prime
492 594 539 634 et
567 588 884 646 principaliter
909 587 1129 633 dicuntur
1152 588 1301 643 signa,
1325 599 1429 644 quae
1458 586 1674 632 sensibus
1693 585 1967 641 offeruntur,

84 651 514 709 sicut'Augustinus
529 650 641 697 dicit
664 654 742 705 (De
761 652 880 697 doct.
905 650 1064 695 christ.
1090 649 1170 694 lib.
1193 664 1246 706 11,
1271 650 1379 694 circ.
1407 648 1591 706 princ.),
1612 648 1693 693 ubi
1714 648 1826 693 dicit
1846 646 1971 704 qued

88 734 108 755 α
127 717 316 773 signum
348 719 420 759 est
454 713 579 771 quod
611 719 778 771 praeter
799 714 1001 771 speciem
1033 723 1175 770 quam
1207 711 1378 768 ingerit
1408 710 1626 756 sensibus
1657 709 1768 754 facit
1797 708 1972 766 aliquid

84 777 212 823 aliud
223 777 270 822 in
287 775 600 833 cognitionem
619 776 794 820 venire.
813 794 834 814 »ι
854 775 1054 819 Effectus
1077 778 1233 818 autem
1253 772 1571 829 intelligibiles
1593 783 1686 816 non
1707 770 1880 815 habent
1901 783 1971 815 ra-

83 838 257 884 tionem
275 836 421 894 signi,
444 836 534 881 nisi
567 837 826 882 secundum
852 835 977 893 qued
1000 839 1112 879 sunt
1145 834 1427 880 manifestati
1455 846 1539 890 per
1566 832 1722 888 aliqua
1743 831 1892 887 signa.
1917 833 1970 877 Et

82 912 167 957 per
186 899 315 945 hunc
334 898 475 943 etiam
502 898 693 943 modum
709 897 924 956 quaedam
949 909 1054 955 quae
1077 909 1172 941 non
1203 902 1315 942 sunt
1334 895 1584 952 sensibilia,
1611 894 1831 939 dicuntur
1851 905 1970 950 quo—

83 958 331 1007 dammode
347 963 657 1013 sacramenta,
671 959 950 1016 inquantum
967 963 1079 1004 sunt
1095 958 1354 1015 significata
1367 969 1452 1016 per
1464 956 1621 1014 aliqua
1635 953 1874 1001 sensibilia
1891 953 1968 1012 (1),

85 1022 143 1068 de
163 1021 336 1080 quibus
357 1021 478 1065 infra
494 1026 659 1078 agetur
675 1023 859 1079 (quaest.
884 1035 999 1078 Lxm,
1024 1024 1110 1066 art.
1130 1024 1184 1074 1).

136 1083 204 1129 Ad
227 1085 476 1128 secundum
498 1083 746 1128 dicendum
761 1117 773 1140 ,
795 1083 920 1140 qued
940 1095 1015 1127 res
1039 1082 1301 1137 sensibiles,
1328 1087 1381 1126 ut
1401 1081 1451 1125 in
1468 1093 1551 1125 sua
1575 1083 1742 1124 natura
1763 1077 1972 1123 conside-

82 1150 261 1203 rantur,
300 1158 395 1190 non
426 1145 661 1202 pertinent
693 1144 754 1190 ad
790 1145 970 1190 cultum
1001 1144 1075 1189 vel
1106 1145 1166 1190 ad
1203 1155 1400 1200 regnum
1435 1143 1541 1199 Dei3
1585 1143 1668 1188 sed
1700 1141 1854 1186 solum
1892 1151 1970 1185 se-

82 1207 288 1254 cundum
324 1206 449 1265 qued
483 1211 594 1252 sunt
629 1207 764 1263 signa
802 1206 1114 1263 spiritualium
1147 1217 1305 1249 rerum
1320 1238 1332 1262 ,
1365 1205 1414 1249 in
1452 1204 1624 1261 quibus
1658 1214 1860 1259 regnum
1891 1201 1968 1247 Dei

82 1269 308 1315 consistit.

135 1331 204 1376 Ad
239 1333 427 1374 tertium
459 1328 723 1385 dicendum,
755 1328 881 1386 qued
915 1327 1205 1384 Augustinus
1254 1327 1318 1372 ibi
1353 1327 1561 1385 loquitur
1597 1327 1655 1372 de
1687 1326 1828 1370 rebus
1860 1337 1971 1370 sen-

82 1391 319 1447 sibilibus,
355 1390 615 1436 secundum
652 1389 776 1447 qued
811 1395 922 1434 sunt
955 1390 1004 1434 in
1042 1403 1127 1435 sua
1162 1394 1358 1447 natura3
1390 1402 1485 1434 non
1518 1393 1675 1433 autem
1711 1387 1971 1432 secundum

81 1453 207 1510 qued
230 1456 540 1497 assumuntur
561 1452 621 1497 ad
641 1452 1000 1508 significandum
1031 1452 1304 1509 spiritualia,
1328 1464 1433 1508 quae
1466 1456 1577 1497 sunt
1602 1450 1808 1495 maxima
1828 1449 1968 1494 bona.

82 1517 428 1560 ARTICULUS
445 1517 508 1559 xV.
524 1527 740 1558 —c'rmm
769 1528 1060 1564 ammam-rur.
1087 1528 1386 1558 DETERM1NATAE
1414 1527 1491 1558 nes
1518 1527 1571 1557 ,m
1600 1525 1865 1558 sacmussuu
1893 1512 1967 1567 (2).

725 1582 775 1617 De
800 1582 852 1617 his
876 1583 979 1618 etiam
997 1581 1098 1624 infra,
1115 1587 1180 1617 art.
1201 1583 1223 1617 7
1238 1595 1331 1624 corp.

138 1638 204 1683 Ad
233 1637 451 1694 quintum
484 1635 553 1681 sic
574 1636 856 1695 proceditur.
879 1641 922 1682 1.
949 1637 1139 1682 Videtur
1161 1637 1287 1694 qued
1308 1649 1402 1681 non
1434 1637 1732 1694 requirantur
1760 1635 1985 1694 determif

85 1704 206 1745 natae
223 1711 300 1744 res
321 1698 381 1743 ad
410 1703 716 1743 sacramenta.
743 1700 832 1742 Res
854 1700 980 1743 enim
999 1698 1245 1744 sensibiles
1269 1705 1573 1743 assumuntur
1595 1699 1644 1742 in
1667 1697 1971 1743 sacramentis

85 1760 146 1807 ad
167 1759 543 1818 significandum,
569 1764 622 1805 ut
655 1760 831 1806 dictum
863 1765 937 1805 est
958 1762 1062 1816 (art.
1096 1763 1271 1818 praem).
1293 1761 1379 1806 Sed
1402 1761 1514 1806 nihil
1536 1760 1751 1817 prohibet
1777 1760 1970 1806 diversis

84 1822 228 1868 rebus
257 1821 560 1867 sensibilibus
594 1821 717 1867 idem
751 1822 1026 1880 significari,
1062 1822 1185 1868 sicut
1217 1823 1266 1867 in
1301 1835 1434 1868 sacra
1467 1823 1702 1880 Scriptura
1732 1825 1854 1868 Deus
1885 1822 1971 1866 ali-

85 1883 273 1941 quando
308 1881 620 1939 metaphorice
654 1882 941 1939 significatur
967 1895 1051 1942 per
1077 1884 1307 1942 lapidem,
1341 1885 1623 1942 quandoque
1655 1896 1739 1941 per
1769 1884 1968 1940 leonem,

84 1945 366 2003 quandoque
389 1957 472 2001 per
490 1944 649 2000 solem,
676 1949 756 1990 aut
775 1946 949 2003 aliquid
967 1946 1093 1992 aliud
1112 1947 1395 2004 huiusmodi.
1414 1950 1534 2003 Ergo
1553 1947 1736 1992 videtur
1754 1946 1879 2004 qued
1907 1945 1972 1991 di-

84 2019 233 2052 versae
247 2018 323 2051 res
340 2005 523 2062 possint
541 2018 797 2063 congruere
816 2008 968 2053 eidem
982 2014 1291 2054 sacramento.
1311 2011 1410 2053 Non
1427 2021 1539 2065 ergo
1559 2007 1877 2053 determinatae
1895 2020 1971 2053 res

82 2069 133 2114 ln
156 2066 461 2113 sacramentis
481 2068 800 2124 requiruntur.

139 2132 181 2174 2.
209 2131 448 2184 Praeterea,
476 2129 625 2185 magis
642 2134 714 2174 est
731 2130 995 2175 necessaria
1013 2131 1142 2176 salus
1156 2131 1324 2175 animae
1338 2130 1477 2188 quam
1497 2129 1625 2174 salus
1639 2130 1862 2187 corporis.
1883 2130 1972 2177 Sed

84 2191 132 2236 in
155 2190 400 2236 medicinis
436 2192 770 2249 corporalibuS,
802 2204 906 2250 quae
936 2193 995 2238 ad
1026 2193 1224 2238 salutem
1258 2193 1467 2248 corporis
1494 2192 1784 2249 ordinantur,
1818 2195 1971 2249 potest

84 2266 180 2299 una
195 2265 272 2298 res
289 2265 374 2310 pro
404 2252 494 2296 alia
522 2254 630 2310 poni
654 2254 700 2297 in
722 2254 826 2311 eJus
853 2255 1052 2300 defectu.
1073 2258 1192 2312 Ergo
1218 2255 1367 2300 multe
1395 2254 1546 2311 magis
1567 2255 1617 2298 in
1647 2254 1967 2312 sacramentis,

85 2326 189 2372 quae
210 2318 322 2359 sunt
344 2312 588 2358 medicinae
618 2315 882 2371 spirituales
915 2316 974 2361 ad
1002 2317 1201 2362 salutem
1224 2317 1393 2361 animae
1424 2316 1664 2373 ordinatae,
1686 2316 1853 2373 poterit
1875 2329 1970 2362 una

86 2388 160 2421 res
183 2376 360 2421 assumi
387 2389 471 2432 pro
489 2376 594 2432 alia,
611 2378 801 2433 quando
820 2378 898 2421 illa
922 2378 1135 2423 defuerit.

49 2451 93 2487 re
140 2440 182 2482 3.
213 2440 455 2495 Praeterea,
492 2450 583 2482 non
613 2443 687 2483 est
720 2439 1005 2484 conveniens
1034 2444 1088 2484 ut
1105 2440 1308 2485 hominis
1333 2440 1461 2485 salus
1492 2444 1696 2484 arctetur
1715 2452 1796 2497 per
1817 2440 1970 2496 legem

85 2500 289 2546 divinam
305 2532 320 2556 ,
341 2505 387 2544 et
407 2500 638 2557 praecipue
656 2513 739 2558 per
758 2501 911 2557 legem
938 2502 1127 2561 Christi,
1149 2503 1229 2560 qui
1259 2503 1388 2547 venit
1409 2514 1573 2547 omnes
1594 2502 1789 2547 salvare.
1815 2503 1903 2548 Sed
1921 2503 1970 2547 in

86 2566 211 2607 statu
232 2561 348 2617 legis
369 2566 547 2607 naturae
567 2574 658 2606 non
682 2564 1035 2620 requirebantur
1057 2563 1106 2608 in
1130 2565 1436 2609 sacramentis
1461 2564 1628 2620 aliquae
1650 2576 1725 2609 res
1750 2564 1971 2609 determi2-

90 2631 223 2677 natae,
247 2623 332 2668 sed
360 2635 419 2667 ex
440 2627 547 2668 voto
570 2625 948 2680 assumebantur,
973 2630 1026 2670 ut
1042 2630 1171 2683 patet
1195 2629 1370 2679 (Genes.
1397 2630 1561 2679 xxvm),
1583 2625 1663 2669 ubi
1685 2626 1825 2670 Jacob
1842 2625 1971 2671 vovit

87 2696 138 2728 se
170 2685 260 2729 'Deo
291 2683 496 2729 decimas
519 2689 566 2729 et
596 2685 772 2731 hostias
804 2687 1020 2744 pacificas
1045 2687 1326 2731 oblaturum.
1366 2690 1483 2743 Ergo
1511 2686 1694 2731 videtur
1725 2686 1852 2744 qued
1873 2699 1970 2731 non

88 2744 300 2790 debuerit
321 2745 487 2790 arctari
506 2747 660 2801 homo,
686 2752 731 2792 et
755 2748 988 2805 praecipue
1007 2749 1054 2792 in
1079 2761 1203 2794 nova
1223 2749 1342 2804 lege,
1364 2749 1424 2793 ad
1442 2747 1640 2804 alicujus
1663 2748 1729 2792 rei
1749 2747 1968 2793 determi-

89 2811 209 2851 natae
229 2811 370 2850 usum
391 2806 439 2850 in
459 2809 777 2854 sacramentis.

147 2867 233 2912 Sed
248 2870 411 2910 contra
429 2869 639 2924 estquod
661 2870 881 2915 Dominus
903 2871 1012 2916 dicit
1034 2874 1180 2924 (Joan.
1204 2885 1266 2925 ιιι,
1285 2873 1355 2926 5):
1381 2873 1481 2914 Nisi
1505 2873 1601 2926 quis
1623 2875 1810 2915 renatus
1830 2874 1971 2926 suerit

91 2941 148 2972 ex
163 2940 285 2983 aqua
305 2931 348 2971 et
366 2929 543 2985 Spiritu
557 2934 728 2986 sancte,
747 2944 836 2974 non
854 2935 1003 2988 potest
1021 2935 1211 2975 introire
1234 2935 1283 2975 in
1301 2945 1489 2988 reqnum
1508 2933 1594 2973 Dei
1616 2932 1691 2986 (3).

139 2996 430 3036 CONCLUSIO.
456 3018 503 3023 —
525 2992 628 3037 Gu'm
647 2997 701 3037 ad
722 2997 908 3038 homines
929 3011 1011 3039 non
1034 2999 1247 3051 pertineat,
1269 3011 1330 3039 res
1359 2999 1511 3050 quibus
1532 2999 1838 3039 sanctificentur
1858 3011 1970 3041 assu·

89 3062 223 3100 mere,
245 3050 507 3102 perspicuum
528 3055 587 3091 est
609 3052 653 3091 in
680 3063 794 3092 novae
815 3052 917 3105 legis
945 3055 1230 3103 sacramentis,
1260 3054 1412 3105 quibus
1442 3054 1630 3094 homines
1647 3055 1969 3109 sanctificantur,
2016 3099 2020 3102 ,

90 3105 209 3146 rebus
225 3105 370 3145 divina
388 3105 649 3146 institutione
667 3107 947 3148 determinatis
971 3110 1173 3149 utendum
1192 3120 1288 3148 esse.

134 3188 175 3228 (Ι)
201 3187 340 3222 Scilicet
367 3199 428 3230 per
452 3188 680 3224 characterem
700 3190 757 3230 qui
783 3193 832 3224 est
853 3190 988 3231 aliquod
1112 3192 1154 3233 (5)
1187 3192 1232 3225 De
1259 3191 1326 3226 fide
1357 3195 1406 3226 est
1432 3195 1642 3226 sacramenta
1670 3191 1770 3226 fuisse
1793 3193 1810 3225 ἐι
1839 3191 1969 3225 Chi-istu

91 3236 223 3275 signum
251 3235 483 3270 distinctivum
513 3249 577 3278 quo
602 3242 808 3272 sacramenta
837 3239 988 3278 quaedam
1070 3239 1248 3273 instituta:
1274 3238 1318 3272 St
1343 3240 1424 3282 quis
1452 3239 1595 3274 dixerit
1612 3244 1847 3274 sacramenta
1869 3249 1969 3272 vinive

23 3283 27 3290 '
93 3283 326 3324 recipientes&
345 3295 410 3318 non
425 3285 661 3325 recipientibus
678 3286 945 3325 distinguuntur.
1073 3287 1162 3328 leqis
1187 3296 1263 3320 non
1288 3287 1400 3330 fuisse
1425 3289 1549 3321 omnia
1568 3287 1591 3320 ὰ
1616 3287 1708 3321 Ιεεα
1731 3286 1877 3320 Christo
1901 3286 1969 3319 Do-

135 3331 175 3368 (21
195 3330 255 3365 llic
275 3332 310 3366 B.
332 3332 476 3366 Thomas
504 3334 654 3374 loquitur
681 3334 930 3373 particulariter
948 3334 988 3368 de
1049 3335 1171 3369 xmino
1194 3334 1328 3368 Nostro
1353 3335 1568 3368 instituta...
1592 3336 1789 3369 anathema
1816 3335 1874 3366 sic.
1909 3333 1968 3367 Ne-

92 3378 312 3412 sacramentis
327 3390 417 3414 novae
438 3380 535 3421 legis,
555 3381 705 3421 quamvis
720 3381 873 3421 probatio
888 3393 985 3422 quam
1071 3393 1158 3415 cesse
1175 3387 1223 3414 cst
1238 3393 1317 3421 ergo
1336 3387 1372 3415 ut
1398 3394 1451 3415 res
1465 3381 1583 3416 saltem
1599 3382 1636 3416 in
1662 3394 1783 3423 genere
1803 3381 1843 3414 ad
1864 3392 1966 3414 sacra·

93 3425 192 3461 ussei-t
206 3427 337 3461 extendi
356 3428 460 3467 possit
475 3429 515 3462 ad
535 3435 740 3463 sacramenta
754 3430 877 3464 veteris
894 3429 987 3471 legis.
1072 3435 1185 3462 menta
1200 3428 1491 3476 deteruiinayerit.
