2170 3808
706 196 901 247 QUAEST.
933 195 1108 247 LXVffl,
1134 194 1252 237 ΛΒΤ.
1285 193 1339 236 ΙΙΙ
1366 193 1432 236 ΕΤ
1460 193 1527 235 W.
1973 191 2050 234 591

163 279 414 334 cautelam,
436 289 497 322 ne
515 275 795 331 simplicium
816 276 954 320 fidem
969 278 1286 330 corrumpant,
1305 274 1345 318 si
1365 286 1457 317 non
1478 272 1651 317 suerint
1671 271 1808 328 plene
1825 269 2055 326 conversi;

167 347 212 387 et
234 348 406 393 tamen,
429 342 479 382 ut
502 337 673 381 ibidem
693 336 925 389 subditur,
945 354 964 374 «
985 335 1023 380 si
1043 335 1163 379 infra
1184 340 1367 391 tempus
1387 333 1708 391 praescriptum
1731 331 1915 388 aliquod
1936 330 2058 387 peri-

167 401 324 447 culum
343 397 623 444 infirmitatis
645 396 941 451 incurrerint,
967 396 1140 440 debent
1159 395 1397 451 baptizari.
1418 414 1439 434 ι»

134 502 138 507 .
219 463 286 508 Ad
306 464 487 506 tertium
508 458 775 513 dicendum,
796 457 920 514 quod
945 457 1207 513 baptismus
1232 469 1313 512 per
1346 455 1543 511 gratiam
1575 466 1717 512 quam
1743 452 1939 502 confert,
1962 463 2057 496 non

167 524 315 569 solum
341 526 547 567 removet
581 525 769 577 peccata
792 519 1039 576 praeterita,
1067 518 1151 562 sed
1187 518 1326 562 etiam
1350 517 1542 573 impedit
1576 520 1767 572 peccata
1804 516 1976 559 futura.
1998 524 2058 559 ne

166 582 294 630 fiant.
319 587 412 629 Hoc
430 588 587 627 autem
623 581 854 638 praecipue
885 579 1244 625 desiderandum
1278 583 1350 623 est
1370 583 1424 623 ut
1460 577 1676 622 homines
1714 590 1806 620 non
1845 578 2054 633 peccent,

167 645 440 692 secundarie
463 649 618 688 autem
635 647 689 687 ut
710 643 859 687 levius
875 645 1086 698 peccent,
1109 640 1184 685 vel
1207 639 1346 684 etiam
1367 643 1599 684 uteorum
1621 643 1810 694 peccata
1831 637 2057 680 munden-

167 714 256 758 tur„
277 706 536 752 secundum
564 704 681 748 illud
715 707 764 758 (l.
783 705 911 747 Joan.
936 716 982 760 11,
1010 704 1053 758 1)
1077 717 1089 747 z
1126 701 1286 745 Filioli
1308 703 1411 750 mei,
1440 699 1533 744 haec
1555 700 1702 742 scribo
1728 700 1864 754 vobis,
1898 703 1944 741 ut
1969 709 2058 741 non

164 761 370 827 peccetis.
391 771 481 813 Sed
502 772 545 811 et
558 771 598 810 si
620 769 716 823 quis
736 768 1008 823 peccaverit,
1032 765 1306 808 advocatum
1328 763 1542 806 habemus
1562 761 1689 818 apud
1707 764 1891 804 Patrem
1905 765 2058 805 Iesum

162 833 402 876 ⁴Christum
415 832 589 885 justum
607 843 624 884 ,·
658 833 700 871 et
718 832 812 884 ipse
832 830 898 871 est
916 829 1187 884 propitiatio
1203 839 1286 882 pro
1302 827 1501 882 peccatis
1522 827 1688 868 nostris
1703 825 1774 877 (1).

373 892 719 935 ARTICULUS
736 891 817 933 IV.
848 913 906 920 —
934 902 1070 932 urium
1107 900 1373 931 racemosus
1395 900 1489 931 sm‘r
1515 885 1843 939 nnrlzfflmffl).

821 958 870 993 De
892 955 946 991 his
960 956 1062 991 etiem
1081 954 1184 997 infra,
1199 959 1263 991 ert.
1277 956 1298 989 8
1311 955 1353 989 ed
1367 955 1401 990 ⁴.

218 1015 284 1060 Ad
302 1020 519 1071 quartum
538 1013 607 1056 sic
621 1010 901 1068 proceditur.
925 1013 969 1055 1.
987 1010 1176 1054 Videtur
1206 1009 1331 1065 quod
1363 1012 1631 1065 peccatores
1656 1006 1751 1051 sint
1773 1005 2050 1063 baptizandi.

163 1076 335 1120 Dicitur
355 1075 480 1119 enim
502 1074 652 1128 (Zach.
669 1086 758 1128 xm,
778 1075 821 1126 1)
841 1076 923 1117 :In
938 1072 1012 1115 die
1034 1072 1122 1114 illa
1139 1075 1225 1114 erit
1249 1074 1350 1124 fons
1370 1074 1534 1128 patens
1557 1071 1712 1113 domui
1736 1069 1900 1122 David,
1923 1073 1964 1110 et
1975 1069 2056 1112 ha-

163 1138 411 1181 bitantibus
423 1136 694 1190 Jerusalem,
716 1137 764 1177 in
781 1133 1054 1176 ablutionem
1060 1135 1317 1189 peccatoris
1326 1135 1368 1176 et
1386 1134 1706 1186 menstruatae5
1724 1130 1846 1187 quod
1867 1129 2054 1185 quidem

163 1199 435 1255 intelligitur
457 1198 514 1242 de
533 1197 661 1241 fonte
675 1193 956 1251 baptismali.
978 1195 1096 1249 Ergo
1110 1193 1294 1239 videtur
1317 1193 1444 1251 quod
1470 1198 1811 1238 sacramentum
1837 1190 2055 1248 baptismi

161 1261 222 1306 sit
237 1261 375 1306 etiam
397 1258 719 1317 peccatoribus
737 1255 1070 1300 exhibendum.

216 1326 261 1366 2.
275 1325 518 1376 Praeterea,
541 1319 763 1363 Dominus
781 1317 894 1362 dicit
912 1317 1080 1372 (Matth.
1101 1330 1160 1369 ix,
1184 1318 1255 1371 12)
1275 1331 1288 1361 ι
1311 1320 1414 1362 Νοη
1432 1330 1544 1374 opus
1562 1320 1630 1360 est
1646 1315 1904 1359 valentibus
1915 1315 2055 1359 medi-

160 1397 254 1440 cus,
272 1385 353 1427 sed
371 1384 492 1426 male
513 1380 798 1424 habentibus.
815 1379 926 1423 Male
942 1384 1097 1424 autem
1116 1379 1346 1424 habentes
1365 1383 1476 1424 sunt
1490 1382 1773 1436 peccatores.
1786 1378 1897 1420 Cum
1915 1377 2054 1433 igitur

160 1445 413 1502 spiritualis
440 1443 626 1498 medici,
659 1442 837 1487 scilicet
866 1441 1049 1498 Christi,
1076 1442 1309 1486 medicina
1344 1441 1405 1486 sit
1430 1440 1708 1498 baptismus,
1730 1438 1910 1484 videtur
1930 1438 2052 1496 qued

159 1503 482 1564 peccatoribus
496 1507 557 1549 sit
578 1508 923 1548 sacramentum
945 1503 1163 1560 baptismi
1186 1503 1515 1548 exhibendum.

215 1571 258 1612 3.
289 1571 529 1622 Praeterea,
554 1565 736 1608 nullum
762 1564 1024 1609 subsidium
1043 1564 1179 1609 debet
1200 1563 1521 1620 peccatoribus
1546 1562 1771 1608 subtrahi.
1790 1561 1877 1607 Sed
1896 1574 2054 1618 pecca-

162 1635 285 1675 tores
310 1628 526 1685 baptizati
543 1640 601 1671 ex
624 1627 726 1684 ipso
740 1627 1006 1671 charactere
1025 1626 1289 1683 baptismali
1309 1625 1610 1682 spiritualiter
1625 1624 1925 1682 adJ‘uvantur,
1945 1625 2053 1670 cum

157 1690 222 1737 sit
240 1691 453 1747 quaedam
476 1689 715 1745 dispositio
739 1688 799 1733 ad
836 1688 1048 1744 gratiam.
1065 1691 1186 1744 Ergo
1206 1688 1387 1733 videtur
1415 1687 1542 1744 quod
1571 1691 1916 1732 sacramentum
1936 1687 2054 1745 bap-

163 1752 285 1797 tismi
307 1752 367 1796 sit
386 1750 705 1808 peccatoribus
728 1750 1058 1795 exhibendum.

216 1814 303 1858 Sed
335 1816 499 1857 contra
511 1818 584 1857 est
599 1811 723 1868 qued
741 1813 1029 1867 Augustinus
1051 1811 1178 1867 dicit,
1202 1815 1334 1855 tract.
1356 1814 1412 1855 72
1428 1810 1477 1855 in
1502 1812 1635 1855 Joan.
1668 1809 1856 1866 (implic.
1880 1809 1907 1852 a
1925 1811 2051 1856 med.

155 1876 245 1921 sed
265 1875 485 1931 expresse
509 1886 649 1918 serm.
670 1877 724 1917 15
739 1877 801 1918 De
816 1874 948 1919 verb.
972 1877 1129 1930 Apost.
1153 1885 1257 1930 cap.
1278 1876 1349 1930 11,
1374 1873 1497 1918 circa
1511 1872 1686 1928 med.):
1709 1875 1796 1928 Qui
1812 1876 1987 1915 creavit
2009 1875 2055 1917 te

160 1940 254 1981 sine
272 1944 329 1992 te,
344 1950 434 1980 non
438 1936 712 1992 justificabit
726 1939 769 1978 te
791 1938 887 1979 sine
901 1939 960 1980 te.
982 1935 1070 1981 Sed
1087 1939 1319 1992 peccator,
1338 1935 1446 1979 cum
1464 1934 1633 1979 habeat
1648 1934 1936 1979 voluntatem
1957 1947 2052 1979 non

160 1998 449 2056 dispositam,
474 2010 567 2041 non
600 2001 873 2053 cooperatur
903 2000 1012 2054 De0,
1046 1997 1141 2042 imb
1176 1997 1328 2053 magis
1352 1996 1638 2042 contrarium
1672 2002 1907 2053 operatur.
1933 2000 2052 2055 Ergo

160 2061 331 2105 frustra
349 2059 646 2105 adhiberetur
659 2059 700 2103 ei
720 2058 982 2115 baptismus
999 2058 1058 2104 ad
1068 2059 1447 2116 Justificationem
1462 2071 1555 2103 non
1579 2058 1804 2115 disposito
1825 2061 1902 2113 (3).

206 2128 496 2168 CONCLUSIO.
531 2148 577 2155 -
603 2125 899 2175 peccatoribus,
922 2126 1181 2167 voluntatem
1204 2127 1399 2179 peccandi
1428 2130 1468 2167 et
1496 2127 1544 2167 in
1577 2130 1737 2179 peccato
1767 2128 2054 2178 perseverandi

160 2183 414 2235 propositum
431 2181 693 2230 habentibus,
719 2182 950 2232 baptismus
967 2183 1143 2222 minime
1163 2183 1432 2224 conferendus
1453 2187 1531 2232 est,
1552 2183 1650 2223 cum
1670 2182 1833 2223 Christo
1855 2183 2053 2235 conjungi

159 2241 198 2277 et
218 2238 243 2277 a
265 2241 427 2331 peccatg
451 2236 646 2276 mundari
667 2240 898 2288 nequeant3
914 2237 1010 2277 aliis
1033 2238 1128 2278 vero
1146 2238 1297 2288 peccati
1324 2237 1536 2277 maculam
1557 2240 1599 2278 et
1626 2239 1788 2277 reatum
1806 2236 2054 2278 habentibus

162 2291 337 2332 conferri
351 2292 400 2331 de
430 2295 484 2330 et.

212 2354 481 2410 Respondeo
509 2353 757 2399 dicendum
779 2354 905 2411 qued
925 2355 1092 2412 aliquis
1117 2360 1271 2412 potest
1293 2356 1384 2401 dici
1424 2359 1639 2412 peccator
1657 2354 1902 2412 dupliciter
1922 2369 1936 2401 ε
1956 2369 2051 2403 uno

159 2415 298 2460 modo
337 2418 524 2471 propter
553 2415 784 2459 maculam
813 2420 860 2460 et
901 2422 1082 2461 reatum
1114 2418 1414 2473 praeteritum,
1440 2423 1485 2463 et
1518 2418 1587 2462 sic
1630 2417 1954 2474 peccatoribus
1981 2424 2052 2465 est

157 2485 499 2522 sacramentum
516 2475 733 2531 baptismi
746 2476 1221 2534 conferendum33quia
1241 2484 1311 2523 est
1326 2479 1385 2524 ad
1396 2480 1483 2523 hoc
1497 2478 1757 2536 specialiter
1769 2479 2049 2536 institutum,

159 2543 210 2583 ut
236 2551 318 2596 per
337 2539 491 2593 ipsum
524 2543 821 2594 peccatorum
848 2540 1009 2585 sordes
1037 2542 1343 2597 mundentur,
1371 2542 1630 2587 secundum
1657 2541 1771 2586 illud
1803 2544 1984 2597 (Ephes.
2004 2557 2047 2597 v,

155 2601 257 2654 26):
289 2601 516 2643 Mundans
539 2612 655 2658 eam,
675 2599 851 2644 scilicet
883 2601 1154 2659 Ecclesiam,
1185 2603 1374 2646 lavacro
1408 2615 1536 2658 aquae
1572 2606 1620 2645 in
1640 2603 1775 2645 verbo
1794 2606 1910 2646 vitae.
1950 2605 2049 2649 Alio

188 2701 226 2744 ,1)
239 2701 286 2735 Ex
298 2700 350 2733 his
358 2704 595 2741 patetpravam
606 2701 706 2735 fuisse
714 2701 995 2737 consuetudinem
1004 2715 1060 2737 eo·

160 2760 236 2782 rum
247 2748 305 2789 qui
316 2747 397 2781 olim
413 2747 620 2781 differebant
635 2748 840 2790 baptismum
851 2750 957 2784 donec
968 2762 1060 2787 mors

158 2797 314 2836 instaret,
329 2799 368 2829 ut
381 2794 511 2830 interea
527 2794 686 2831 licentius
698 2795 863 2837 viverent.
878 2802 911 2831 et
922 2797 1058 2833 tandem

159 2842 258 2877 simul
280 2846 315 2877 et
334 2842 437 2877 semel
460 2841 501 2876 ab
520 2841 677 2877 omnibus
700 2843 809 2884 culpis
828 2844 1057 2885 expediretur.

203 2891 243 2932 12)
262 2891 367 2925 Docet
382 2891 424 2925 D.
439 2891 563 2924 Auctor
576 2890 809 2931 penitentiam
824 2893 1058 2933 peccatoribus

160 2950 226 2973 esse
252 2939 472 2972 necessariam
495 2938 536 2971 ad
556 2937 759 2979 baptismum
784 2939 1058 2983 suscipiendum

159 2987 248 3021 unde
269 2986 389 3020 concil.
414 2985 511 3020 Trid.
535 2986 584 3020 ait
599 2989 687 3024 (sess.
705 2995 777 3028 xlv,
794 2999 865 3028 cap.
887 2989 918 3031 l)
943 3002 951 3022 ι
969 2989 1059 3025 Fuit

158 3034 304 3078 quidem
325 3034 551 3078 poenitentia
581 3036 792 3069 necessaria
831 3036 912 3071 illis
946 3037 1059 3071 etiam

159 3082 224 3124 qui
249 3081 425 3124 baptismi
453 3085 686 3117 sacramento
705 3082 810 3117 ablui
828 3085 1059 3126 petivisxent,

160 3132 200 3162 ut
216 3130 461 3171 perversitate
491 3129 630 3171 abjecta
666 3133 700 3164 ee
734 3131 952 3173 eliminata,
976 3135 1058 3167 tan-

160 3180 234 3211 eam
251 3179 319 3211 Dei
337 3178 571 3221 offensionem
590 3190 670 3213 cum
689 3181 831 3225 peccati
847 3181 933 3216 odio
948 3185 981 3217 et
994 3183 1058 3226 pio

161 3225 275 3259 animi
291 3226 417 3261 dolore
435 3226 718 3263 detestarentur.

198 3273 239 3313 (5)
270 3273 339 3307 Hoc
366 3275 495 3309 tantum
516 3278 773 3316 argumentum,
800 3276 876 3311 Sed
905 3279 1057 3319 eontra,

161 3319 282 3354 habent
300 3325 428 3355 veteres
445 3322 526 3356 edit.
550 3327 584 3357 et
609 3323 704 3357 codd.
721 3335 776 3358 an.
791 3324 875 3358 4478
893 3330 927 3358 et
953 3325 1056 3365 4555,

160 3370 256 3409 penes
273 3368 455 3411 theologos,
472 3371 686 3412 desumptum
701 3383 739 3406 ex
754 3373 850 3407 Sent.
865 3381 912 3413 lv,
930 3373 1006 3407 dist.
1023 3376 1055 3414 4,

149 3421 272 3459 vquaest.
301 3425 353 3459 ιιι,
383 3421 446 3452 art.
473 3418 506 3459 2,
538 3418 604 3454 levi
632 3421 765 3455 tantum
795 3419 991 3455 differentia
1020 3422 1054 3454 in

1142 2704 1270 2739 minori
1286 2705 1534 2747 propositione,
1550 2705 1679 2745 legitur
1697 2705 1790 2740 enim
1813 2705 1861 2741 ibi
1873 2733 1881 2746 ,
1905 2707 1947 2740 in
1965 2717 2049 2744 con-

1144 2754 1327 2794 trarium‚·
1349 2754 1432 2788 etin
1448 2753 1684 2788 conclusione:
1700 2754 1797 2798 E'rqo
1811 2755 1853 2788 in
1866 2754 1909 2788 ba
1914 2755 2048 2797 ptimo

1136 2800 1386 2844 Juscificatur.
1406 2801 1448 2835 Et
1462 2801 1525 2836 hoc
1544 2806 1657 2836 tamen
1681 2801 1762 2837 huic
1778 2803 1849 2836 loco
1872 2803 2047 2845 additum,

1143 2848 1272 2889 optime
1309 2850 1423 2889 arguit
1459 2849 1578 2884 Garcia
1612 2861 1651 2884 ex
1681 2850 1935 2890 antiquioribus
1969 2851 2047 2888 Μῦς.

1142 2895 1251 2939 libris,
1278 2897 1336 2938 qui
1363 2897 1493 2932 nullam
1526 2897 1662 2933 habent.
1694 2898 1811 2933 Editio
1842 2910 1981 2933 romena
2010 2902 2049 2935 et

1142 2945 1362 2986 posteriores,
1384 2944 1459 2980 aliae
1484 2957 1553 2980 uno
1571 2949 1744 2987 contextu,
1768 2946 1842 2980 alim
1866 2946 1905 2980 ad
1924 2945 2048 2988 margi-

1142 3004 1220 3027 nem
1238 2993 1365 3027 addunt
1376 2993 1468 3028 aliud
1476 3005 1618 3035 sequens
1634 2994 1728 3028 :Sed
1743 2998 1874 3029 contra
1886 3000 1937 3030 est
1951 2994 2049 3037 quod

1142 3041 1377 3083 Anqustinus
1396 3042 1444 3075 ad
1459 3041 1697 3084 Bonisacium
1713 3043 1801 3077 dicit
1819 3044 1987 3077 <habetur
2003 3044 2048 3079 in

1144 3088 1208 3123 lib.
1224 3089 1238 3121 «Ι
1260 3089 1312 3123 De
1328 3094 1514 3132 peccator.
1529 3093 1652 3125 merit.
1666 3094 1700 3126 et
1715 3091 1874 3130 remiss„
1891 3102 1972 3134 cap.
1990 3091 2045 3132 26,

1143 3136 1167 3171 ὰ
1188 3137 1297 3177 med.‚·
1323 3137 1403 3171 vide
1419 3138 1537 3179 infra,
1564 3139 1759 3181 quoest.75,
1785 3143 1857 3173 art.
1882 3139 1904 3172 5
1928 3138 1978 3172 ad
2000 3140 2046 3179 t).

1144 3196 1162 3219 ι
1198 3185 1245 3217 In
1280 3183 1460 3226 baptismo
1496 3185 1638 3229 aliquis
1677 3186 1874 3220 membrum
1907 3186 2048 3221 Christi

1144 3231 1314 3274 efficitur.
1339 3230 1413 3266 Sed
1431 3232 1561 3267 ‘nullus
1580 3238 1752 3277 peccator
1777 3235 1983 3276 persistens
2005 3235 2049 3269 in

1143 3281 1332 3315 voluntate
1364 3280 1543 3323 peccandi
1583 3285 1700 3326 potest
1727 3282 1811 3323 fieri
1852 3290 2047 3317 memorum

1145 3327 1290 3362 Christi
1298 3341 1310 3368 ,·
1343 3328 1438 3371 quod
1474 3331 1528 3364 est
1559 3330 1803 3374 incorporari
1836 3329 1997 3364 Chuno-
2027 3336 2046 3359 t

1141 3375 1241 3418 Erqo
1268 3376 1480 3419 hujusmodi
1495 3381 1668 3422 peccator
1688 3389 1764 3413 non
1784 3383 1835 3413 est
1854 3379 2044 3423 ὸαριικων

1145 3423 1235 3464 dun
1251 3424 1340 3467 quia
1358 3425 1506 3467 frustra
1525 3426 1792 3469 baptizaretur.
