<?xml version="1.0" encoding="UTF-8"?>
<!DOCTYPE html PUBLIC "-//W3C//DTD XHTML 1.0 Transitional//EN"
    "http://www.w3.org/TR/xhtml1/DTD/xhtml1-transitional.dtd">
<html xmlns="http://www.w3.org/1999/xhtml" xml:lang="en" lang="en">
 <head>
  <title>
</title>
<meta http-equiv="Content-Type" content="text/html;charset=utf-8" />
  <meta name='ocr-system' content='tesseract 3.04.00' />
  <meta name='ocr-capabilities' content='ocr_page ocr_carea ocr_par ocr_line ocrx_word'/>
</head>
<body>
  <div class='ocr_page' id='page_1' title='image "./summatheologica06thomuoft_0357.png"; bbox 0 0 2170 3808; ppageno 0'>
   <div class='ocr_carea' id='block_1_1' title="bbox 707 203 1992 261">
    <p class='ocr_par' dir='ltr' id='par_1_1' title="bbox 707 203 1992 261">
     <span class='ocr_line' id='line_1_1' title="bbox 707 203 1992 261; baseline 0.002 -17"><span class='ocrx_word' id='word_1_1' title='bbox 707 203 903 254; x_wconf 74' lang='lat' dir='ltr'>QUAEST.</span> <span class='ocrx_word' id='word_1_2' title='bbox 935 204 1156 261; x_wconf 80' lang='lat' dir='ltr'>XXXVIII,</span> <span class='ocrx_word' id='word_1_3' title='bbox 1187 204 1303 247; x_wconf 85' lang='lat' dir='ltr'><strong>ART.</strong></span> <span class='ocrx_word' id='word_1_4' title='bbox 1335 205 1402 247; x_wconf 86' lang='lat' dir='ltr'>VI.</span> <span class='ocrx_word' id='word_1_5' title='bbox 1916 205 1992 247; x_wconf 73' lang='lat'>321</span> 
     </span>
    </p>
   </div>
   <div class='ocr_carea' id='block_1_2' title="bbox 116 283 1998 1208">
    <p class='ocr_par' dir='ltr' id='par_1_2' title="bbox 117 283 1998 713">
     <span class='ocr_line' id='line_1_2' title="bbox 120 283 1995 341; baseline 0 -13"><span class='ocrx_word' id='word_1_6' title='bbox 120 286 247 328; x_wconf 88' lang='lat' dir='ltr'>tanta</span> <span class='ocrx_word' id='word_1_7' title='bbox 264 283 413 328; x_wconf 84' lang='lat' dir='ltr'>virtus</span> <span class='ocrx_word' id='word_1_8' title='bbox 429 294 577 339; x_wconf 86' lang='lat' dir='ltr'>aquae,</span> <span class='ocrx_word' id='word_1_9' title='bbox 597 287 649 326; x_wconf 88' lang='lat' dir='ltr'>ut</span> <span class='ocrx_word' id='word_1_10' title='bbox 667 295 836 338; x_wconf 86' lang='lat' dir='ltr'>corpus</span> <span class='ocrx_word' id='word_1_11' title='bbox 857 289 1029 340; x_wconf 76' lang='lat' dir='ltr'>tangat,</span> <span class='ocrx_word' id='word_1_12' title='bbox 1054 288 1100 328; x_wconf 88' lang='lat' dir='ltr'>et</span> <span class='ocrx_word' id='word_1_13' title='bbox 1113 296 1192 328; x_wconf 91' lang='lat' dir='ltr'>cor</span> <span class='ocrx_word' id='word_1_14' title='bbox 1212 284 1386 341; x_wconf 80' lang='lat' dir='ltr'>abluat,</span> <span class='ocrx_word' id='word_1_15' title='bbox 1405 284 1494 328; x_wconf 88' lang='lat' dir='ltr'>nisi</span> <span class='ocrx_word' id='word_1_16' title='bbox 1508 284 1706 329; x_wconf 87' lang='lat' dir='ltr'>faciente</span> <span class='ocrx_word' id='word_1_17' title='bbox 1722 285 1882 339; x_wconf 83' lang='lat' dir='ltr'>verb0,</span> <span class='ocrx_word' id='word_1_18' title='bbox 1902 296 1995 328; x_wconf 91' lang='lat' dir='ltr'>non</span> 
     </span>
     <span class='ocr_line' id='line_1_3' title="bbox 118 343 1998 402; baseline 0.002 -15"><span class='ocrx_word' id='word_1_19' title='bbox 118 345 228 401; x_wconf 89' lang='lat' dir='ltr'>quia</span> <span class='ocrx_word' id='word_1_20' title='bbox 251 344 435 401; x_wconf 87' lang='lat' dir='ltr'>dicitur,</span> <span class='ocrx_word' id='word_1_21' title='bbox 471 345 552 389; x_wconf 87' lang='lat' dir='ltr'>sed</span> <span class='ocrx_word' id='word_1_22' title='bbox 577 343 683 399; x_wconf 86' lang='lat' dir='ltr'>quia</span> <span class='ocrx_word' id='word_1_23' title='bbox 704 345 907 389; x_wconf 85' lang='lat' dir='ltr'>creditur</span> <span class='ocrx_word' id='word_1_24' title='bbox 922 350 940 389; x_wconf 84' lang='lat'>?</span> <span class='ocrx_word' id='word_1_25' title='bbox 957 364 978 384; x_wconf 85' lang='lat'>»</span> <span class='ocrx_word' id='word_1_26' title='bbox 1002 348 1068 389; x_wconf 87' lang='lat' dir='ltr'>Ex</span> <span class='ocrx_word' id='word_1_27' title='bbox 1090 357 1183 401; x_wconf 90' lang='lat' dir='ltr'>quo</span> <span class='ocrx_word' id='word_1_28' title='bbox 1205 351 1330 401; x_wconf 90' lang='lat' dir='ltr'>patet</span> <span class='ocrx_word' id='word_1_29' title='bbox 1359 346 1484 402; x_wconf 78' lang='lat' dir='ltr'>quod</span> <span class='ocrx_word' id='word_1_30' title='bbox 1503 347 1650 390; x_wconf 87' lang='lat' dir='ltr'>virtus</span> <span class='ocrx_word' id='word_1_31' title='bbox 1676 346 1890 402; x_wconf 77' lang='lat' dir='ltr'>baptismi</span> <span class='ocrx_word' id='word_1_32' title='bbox 1918 345 1998 390; x_wconf 86' lang='lat' dir='ltr'>de-</span> 
     </span>
     <span class='ocr_line' id='line_1_4' title="bbox 117 405 1997 463; baseline 0.001 -13"><span class='ocrx_word' id='word_1_33' title='bbox 117 405 291 463; x_wconf 83' lang='lat' dir='ltr'>pendet</span> <span class='ocrx_word' id='word_1_34' title='bbox 312 419 370 451; x_wconf 84' lang='lat' dir='ltr'>ex</span> <span class='ocrx_word' id='word_1_35' title='bbox 393 405 498 451; x_wconf 87' lang='lat' dir='ltr'>fide.</span> <span class='ocrx_word' id='word_1_36' title='bbox 523 405 610 450; x_wconf 84' lang='lat' dir='ltr'>Sed</span> <span class='ocrx_word' id='word_1_37' title='bbox 643 407 790 449; x_wconf 87' lang='lat' dir='ltr'>forma</span> <span class='ocrx_word' id='word_1_38' title='bbox 811 406 1028 462; x_wconf 76' lang='lat' dir='ltr'>baptismi</span> <span class='ocrx_word' id='word_1_39' title='bbox 1061 407 1252 451; x_wconf 89' lang='lat' dir='ltr'>Joannis</span> <span class='ocrx_word' id='word_1_40' title='bbox 1286 407 1561 462; x_wconf 84' lang='lat' dir='ltr'>significavit</span> <span class='ocrx_word' id='word_1_41' title='bbox 1586 407 1724 451; x_wconf 89' lang='lat' dir='ltr'>fidem</span> <span class='ocrx_word' id='word_1_42' title='bbox 1746 407 1924 463; x_wconf 80' lang='lat' dir='ltr'>Christi,</span> <span class='ocrx_word' id='word_1_43' title='bbox 1949 407 1997 452; x_wconf 89' lang='lat' dir='ltr'>in</span> 
     </span>
     <span class='ocr_line' id='line_1_5' title="bbox 117 467 1998 526; baseline 0.002 -17"><span class='ocrx_word' id='word_1_44' title='bbox 117 477 210 523; x_wconf 89' lang='lat' dir='ltr'>qua</span> <span class='ocrx_word' id='word_1_45' title='bbox 231 480 318 511; x_wconf 89' lang='lat' dir='ltr'>nos</span> <span class='ocrx_word' id='word_1_46' title='bbox 337 468 649 525; x_wconf 80' lang='lat' dir='ltr'>baptizamur:</span> <span class='ocrx_word' id='word_1_47' title='bbox 676 467 787 511; x_wconf 84' lang='lat' dir='ltr'>dicit</span> <span class='ocrx_word' id='word_1_48' title='bbox 809 469 932 512; x_wconf 91' lang='lat' dir='ltr'>enim</span> <span class='ocrx_word' id='word_1_49' title='bbox 956 467 1125 512; x_wconf 91' lang='lat' dir='ltr'>Paulus</span> <span class='ocrx_word' id='word_1_50' title='bbox 1142 469 1264 522; x_wconf 82' lang='lat' dir='ltr'>(Act.</span> <span class='ocrx_word' id='word_1_51' title='bbox 1289 482 1374 522; x_wconf 68' lang='lat' dir='ltr'>iux,</span> <span class='ocrx_word' id='word_1_52' title='bbox 1402 472 1428 512; x_wconf 80' lang='lat'>4</span> <span class='ocrx_word' id='word_1_53' title='bbox 1444 471 1485 523; x_wconf 90' lang='lat'>):</span> <span class='ocrx_word' id='word_1_54' title='bbox 1510 472 1706 512; x_wconf 77' lang='lat' dir='ltr'>Joannes</span> <span class='ocrx_word' id='word_1_55' title='bbox 1735 470 1998 526; x_wconf 76' lang='lat' dir='ltr'>baptizabat</span> 
     </span>
     <span class='ocr_line' id='line_1_6' title="bbox 117 528 1992 588; baseline 0.002 -18"><span class='ocrx_word' id='word_1_56' title='bbox 117 528 340 584; x_wconf 79' lang='lat' dir='ltr'>baptismo</span> <span class='ocrx_word' id='word_1_57' title='bbox 366 532 635 586; x_wconf 77' lang='lat' dir='ltr'>poenitentz‘ae</span> <span class='ocrx_word' id='word_1_58' title='bbox 653 530 885 586; x_wconf 82' lang='lat' dir='ltr'>populum,</span> <span class='ocrx_word' id='word_1_59' title='bbox 921 530 1089 586; x_wconf 83' lang='lat' dir='ltr'>dicens,</span> <span class='ocrx_word' id='word_1_60' title='bbox 1111 533 1161 572; x_wconf 81' lang='lat' dir='ltr'>in</span> <span class='ocrx_word' id='word_1_61' title='bbox 1180 542 1279 572; x_wconf 81' lang='lat' dir='ltr'>eum</span> <span class='ocrx_word' id='word_1_62' title='bbox 1299 533 1375 585; x_wconf 78' lang='lat' dir='ltr'>qui</span> <span class='ocrx_word' id='word_1_63' title='bbox 1393 533 1604 573; x_wconf 78' lang='lat' dir='ltr'>venturus</span> <span class='ocrx_word' id='word_1_64' title='bbox 1626 534 1694 573; x_wconf 84' lang='lat' dir='ltr'>est</span> <span class='ocrx_word' id='word_1_65' title='bbox 1710 534 1811 586; x_wconf 80' lang='lat' dir='ltr'>post</span> <span class='ocrx_word' id='word_1_66' title='bbox 1829 534 1992 588; x_wconf 73' lang='lat' dir='ltr'>ipsum,</span> 
     </span>
     <span class='ocr_line' id='line_1_7' title="bbox 117 590 1995 650; baseline 0.003 -18"><span class='ocrx_word' id='word_1_67' title='bbox 117 593 168 633; x_wconf 79' lang='lat' dir='ltr'>ut</span> <span class='ocrx_word' id='word_1_68' title='bbox 187 593 438 650; x_wconf 77' lang='lat' dir='ltr'>crederent,</span> <span class='ocrx_word' id='word_1_69' title='bbox 460 593 545 636; x_wconf 76' lang='lat' dir='ltr'>hoc</span> <span class='ocrx_word' id='word_1_70' title='bbox 565 596 631 636; x_wconf 81' lang='lat' dir='ltr'>est</span> <span class='ocrx_word' id='word_1_71' title='bbox 653 596 701 634; x_wconf 81' lang='lat' dir='ltr'>in</span> <span class='ocrx_word' id='word_1_72' title='bbox 715 596 881 637; x_wconf 81' lang='lat' dir='ltr'>Jesum.</span> <span class='ocrx_word' id='word_1_73' title='bbox 899 594 1017 648; x_wconf 82' lang='lat' dir='ltr'>Ergo</span> <span class='ocrx_word' id='word_1_74' title='bbox 1032 591 1216 636; x_wconf 88' lang='lat' dir='ltr'>videtur</span> <span class='ocrx_word' id='word_1_75' title='bbox 1234 590 1358 648; x_wconf 79' lang='lat' dir='ltr'>quod</span> <span class='ocrx_word' id='word_1_76' title='bbox 1373 604 1465 635; x_wconf 93' lang='lat' dir='ltr'>non</span> <span class='ocrx_word' id='word_1_77' title='bbox 1484 591 1727 648; x_wconf 79' lang='lat' dir='ltr'><strong>oportebat</strong></span> <span class='ocrx_word' id='word_1_78' title='bbox 1743 592 1995 649; x_wconf 84' lang='lat' dir='ltr'>baptizatos</span> 
     </span>
     <span class='ocr_line' id='line_1_8' title="bbox 117 650 1440 713; baseline 0.001 -18"><span class='ocrx_word' id='word_1_79' title='bbox 117 650 347 708; x_wconf 82' lang='lat' dir='ltr'>baptismo</span> <span class='ocrx_word' id='word_1_80' title='bbox 364 653 570 713; x_wconf 66' lang='lat' dir='ltr'>mannis,</span> <span class='ocrx_word' id='word_1_81' title='bbox 588 653 756 697; x_wconf 80' lang='lat' dir='ltr'>iterum</span> <span class='ocrx_word' id='word_1_82' title='bbox 773 653 996 710; x_wconf 88' lang='lat' dir='ltr'>baptizari</span> <span class='ocrx_word' id='word_1_83' title='bbox 1011 653 1242 709; x_wconf 89' lang='lat' dir='ltr'>baptismo</span> <span class='ocrx_word' id='word_1_84' title='bbox 1261 652 1440 697; x_wconf 87' lang='lat' dir='ltr'>Christi.</span> 
     </span>
    </p>

    <p class='ocr_par' dir='ltr' id='par_1_3' title="bbox 117 714 1995 885">
     <span class='ocr_line' id='line_1_9' title="bbox 174 714 1992 772; baseline 0.002 -15"><span class='ocrx_word' id='word_1_85' title='bbox 174 715 262 760; x_wconf 88' lang='lat' dir='ltr'>Sed</span> <span class='ocrx_word' id='word_1_86' title='bbox 290 719 449 759; x_wconf 80' lang='lat' dir='ltr'>contra</span> <span class='ocrx_word' id='word_1_87' title='bbox 484 720 557 761; x_wconf 91' lang='lat' dir='ltr'>est</span> <span class='ocrx_word' id='word_1_88' title='bbox 587 715 712 772; x_wconf 89' lang='lat' dir='ltr'>quod</span> <span class='ocrx_word' id='word_1_89' title='bbox 732 715 1018 770; x_wconf 85' lang='lat' dir='ltr'><strong>Augustinus</strong></span> <span class='ocrx_word' id='word_1_90' title='bbox 1051 715 1160 759; x_wconf 86' lang='lat' dir='ltr'>dicit</span> <span class='ocrx_word' id='word_1_91' title='bbox 1196 717 1357 771; x_wconf 85' lang='lat' dir='ltr'>(Super</span> <span class='ocrx_word' id='word_1_92' title='bbox 1379 718 1510 759; x_wconf 85' lang='lat' dir='ltr'>Joan.</span> <span class='ocrx_word' id='word_1_93' title='bbox 1535 718 1667 759; x_wconf 85' lang='lat' dir='ltr'>tract.</span> <span class='ocrx_word' id='word_1_94' title='bbox 1704 717 1747 768; x_wconf 79' lang='lat'>5,</span> <span class='ocrx_word' id='word_1_95' title='bbox 1781 714 1809 759; x_wconf 72' lang='lat' dir='ltr'>a</span> <span class='ocrx_word' id='word_1_96' title='bbox 1827 716 1992 765; x_wconf 83' lang='lat' dir='ltr'>med.):</span> 
     </span>
     <span class='ocr_line' id='line_1_10' title="bbox 121 776 1995 835; baseline 0.001 -14"><span class='ocrx_word' id='word_1_97' title='bbox 121 792 141 814; x_wconf 74' lang='grc' dir='ltr'><strong>α</strong></span> <span class='ocrx_word' id='word_1_98' title='bbox 163 776 247 828; x_wconf 85' lang='lat' dir='ltr'>Qui</span> <span class='ocrx_word' id='word_1_99' title='bbox 270 777 484 835; x_wconf 88' lang='lat' dir='ltr'>baptizati</span> <span class='ocrx_word' id='word_1_100' title='bbox 503 783 614 823; x_wconf 89' lang='lat' dir='ltr'>sunt</span> <span class='ocrx_word' id='word_1_101' title='bbox 629 778 904 835; x_wconf 86' lang='lat' dir='ltr'>baptismate</span> <span class='ocrx_word' id='word_1_102' title='bbox 925 778 1113 823; x_wconf 73' lang='lat' dir='ltr'>loannis</span> <span class='ocrx_word' id='word_1_103' title='bbox 1129 778 1367 834; x_wconf 84' lang='lat' dir='ltr'>oportebat</span> <span class='ocrx_word' id='word_1_104' title='bbox 1388 782 1437 822; x_wconf 90' lang='lat' dir='ltr'>ut</span> <span class='ocrx_word' id='word_1_105' title='bbox 1459 777 1804 834; x_wconf 84' lang='lat' dir='ltr'>baptizarentur</span> <span class='ocrx_word' id='word_1_106' title='bbox 1821 778 1995 835; x_wconf 88' lang='lat' dir='ltr'>baptis-</span> 
     </span>
     <span class='ocr_line' id='line_1_11' title="bbox 117 838 1911 885; baseline 0.003 -5"><span class='ocrx_word' id='word_1_107' title='bbox 117 841 239 882; x_wconf 90' lang='lat' dir='ltr'>mate</span> <span class='ocrx_word' id='word_1_108' title='bbox 263 839 438 885; x_wconf 85' lang='lat' dir='ltr'>Christi.</span> <span class='ocrx_word' id='word_1_109' title='bbox 459 858 479 878; x_wconf 77' lang='grc' dir='ltr'><strong>υ</strong></span> <span class='ocrx_word' id='word_1_110' title='bbox 1909 838 1911 840; x_wconf 75' lang='grc'><strong>’</strong></span> 
     </span>
    </p>

    <p class='ocr_par' dir='ltr' id='par_1_4' title="bbox 116 905 1994 1013">
     <span class='ocr_line' id='line_1_12' title="bbox 166 905 1994 959; baseline 0.002 -15"><span class='ocrx_word' id='word_1_111' title='bbox 166 905 453 948; x_wconf 89' lang='lat' dir='ltr'>CONCLUSIO.</span> <span class='ocrx_word' id='word_1_112' title='bbox 467 929 516 937; x_wconf 92' lang='lat'>—</span> <span class='ocrx_word' id='word_1_113' title='bbox 532 908 683 948; x_wconf 87' lang='lat' dir='ltr'>Omnes</span> <span class='ocrx_word' id='word_1_114' title='bbox 700 906 925 959; x_wconf 85' lang='lat' dir='ltr'>baptizatos</span> <span class='ocrx_word' id='word_1_115' title='bbox 938 906 1140 958; x_wconf 83' lang='lat' dir='ltr'>baptismo</span> <span class='ocrx_word' id='word_1_116' title='bbox 1154 906 1341 955; x_wconf 76' lang='lat' dir='ltr'>JoanniS‚</span> <span class='ocrx_word' id='word_1_117' title='bbox 1360 906 1510 947; x_wconf 90' lang='lat' dir='ltr'>Christi</span> <span class='ocrx_word' id='word_1_118' title='bbox 1523 906 1663 946; x_wconf 78' lang='lat' dir='ltr'>rursus</span> <span class='ocrx_word' id='word_1_119' title='bbox 1680 906 1883 958; x_wconf 87' lang='lat' dir='ltr'>baptismo</span> <span class='ocrx_word' id='word_1_120' title='bbox 1898 906 1994 959; x_wconf 84' lang='lat' dir='ltr'>bap·</span> 
     </span>
     <span class='ocr_line' id='line_1_13' title="bbox 116 957 1632 1013; baseline 0.003 -15"><span class='ocrx_word' id='word_1_121' title='bbox 116 957 234 999; x_wconf 87' lang='lat' dir='ltr'>tizari</span> <span class='ocrx_word' id='word_1_122' title='bbox 250 961 442 1012; x_wconf 81' lang='lat' dir='ltr'>oportuit,</span> <span class='ocrx_word' id='word_1_123' title='bbox 467 974 548 1013; x_wconf 90' lang='lat' dir='ltr'>quo</span> <span class='ocrx_word' id='word_1_124' title='bbox 573 963 659 1003; x_wconf 91' lang='lat' dir='ltr'>solo</span> <span class='ocrx_word' id='word_1_125' title='bbox 675 965 716 1003; x_wconf 87' lang='lat' dir='ltr'>et</span> <span class='ocrx_word' id='word_1_126' title='bbox 733 963 950 1012; x_wconf 81' lang='lat' dir='ltr'>character,</span> <span class='ocrx_word' id='word_1_127' title='bbox 968 965 1008 1002; x_wconf 89' lang='lat' dir='ltr'>et</span> <span class='ocrx_word' id='word_1_128' title='bbox 1026 962 1174 1001; x_wconf 81' lang='lat' dir='ltr'>salutis</span> <span class='ocrx_word' id='word_1_129' title='bbox 1191 961 1322 1011; x_wconf 85' lang='lat' dir='ltr'>gratia</span> <span class='ocrx_word' id='word_1_130' title='bbox 1339 961 1632 1002; x_wconf 78' lang='lat' dir='ltr'>conferebatur.</span> 
     </span>
    </p>

    <p class='ocr_par' dir='ltr' id='par_1_5' title="bbox 117 1023 1996 1208">
     <span class='ocr_line' id='line_1_14' title="bbox 170 1023 1995 1083; baseline 0.002 -17"><span class='ocrx_word' id='word_1_131' title='bbox 170 1024 440 1079; x_wconf 87' lang='lat' dir='ltr'>Respondeo</span> <span class='ocrx_word' id='word_1_132' title='bbox 459 1026 707 1072; x_wconf 87' lang='lat' dir='ltr'>dicendum</span> <span class='ocrx_word' id='word_1_133' title='bbox 729 1026 852 1083; x_wconf 80' lang='lat' dir='ltr'>quod</span> <span class='ocrx_word' id='word_1_134' title='bbox 872 1025 1129 1071; x_wconf 82' lang='lat' dir='ltr'>secundum</span> <span class='ocrx_word' id='word_1_135' title='bbox 1157 1024 1422 1081; x_wconf 88' lang='lat' dir='ltr'>opinionem</span> <span class='ocrx_word' id='word_1_136' title='bbox 1445 1023 1644 1080; x_wconf 84' lang='lat' dir='ltr'>Magistri</span> <span class='ocrx_word' id='word_1_137' title='bbox 1663 1024 1730 1079; x_wconf 87' lang='lat' dir='ltr'>(in</span> <span class='ocrx_word' id='word_1_138' title='bbox 1753 1027 1781 1069; x_wconf 73' lang='lat'><strong>2</strong></span> <span class='ocrx_word' id='word_1_139' title='bbox 1803 1024 1995 1071; x_wconf 88' lang='lat' dir='ltr'>distinc-</span> 
     </span>
     <span class='ocr_line' id='line_1_15' title="bbox 119 1086 1993 1145; baseline 0.003 -16"><span class='ocrx_word' id='word_1_140' title='bbox 119 1086 241 1133; x_wconf 82' lang='lat' dir='ltr'>tione</span> <span class='ocrx_word' id='word_1_141' title='bbox 263 1088 342 1133; x_wconf 91' lang='lat' dir='ltr'>lib.</span> <span class='ocrx_word' id='word_1_142' title='bbox 378 1103 419 1134; x_wconf 75' lang='grc' dir='ltr'>ιν</span> <span class='ocrx_word' id='word_1_143' title='bbox 456 1090 827 1145; x_wconf 84' lang='lat' dir='ltr'>Sententiarum),</span> <span class='ocrx_word' id='word_1_144' title='bbox 863 1089 929 1133; x_wconf 89' lang='lat' dir='ltr'>illi</span> <span class='ocrx_word' id='word_1_145' title='bbox 952 1088 1031 1145; x_wconf 91' lang='lat' dir='ltr'>qui</span> <span class='ocrx_word' id='word_1_146' title='bbox 1059 1088 1276 1144; x_wconf 86' lang='lat' dir='ltr'>baptizati</span> <span class='ocrx_word' id='word_1_147' title='bbox 1309 1093 1421 1132; x_wconf 88' lang='lat' dir='ltr'>sunt</span> <span class='ocrx_word' id='word_1_148' title='bbox 1456 1087 1483 1131; x_wconf 80' lang='lat' dir='ltr'>a</span> <span class='ocrx_word' id='word_1_149' title='bbox 1509 1091 1701 1144; x_wconf 85' lang='lat' dir='ltr'>Joanne,</span> <span class='ocrx_word' id='word_1_150' title='bbox 1734 1089 1993 1134; x_wconf 83' lang='lat' dir='ltr'>nescientes</span> 
     </span>
     <span class='ocr_line' id='line_1_16' title="bbox 117 1148 1996 1208; baseline 0.002 -17"><span class='ocrx_word' id='word_1_151' title='bbox 117 1148 333 1203; x_wconf 89' lang='lat' dir='ltr'>Spiritum</span> <span class='ocrx_word' id='word_1_152' title='bbox 355 1157 569 1197; x_wconf 85' lang='lat' dir='ltr'>sanctum</span> <span class='ocrx_word' id='word_1_153' title='bbox 592 1163 711 1206; x_wconf 90' lang='lat' dir='ltr'>esse,</span> <span class='ocrx_word' id='word_1_154' title='bbox 732 1163 786 1195; x_wconf 88' lang='lat' dir='ltr'>ac</span> <span class='ocrx_word' id='word_1_155' title='bbox 804 1162 935 1206; x_wconf 83' lang='lat' dir='ltr'>spem</span> <span class='ocrx_word' id='word_1_156' title='bbox 951 1155 1179 1206; x_wconf 88' lang='lat' dir='ltr'>ponentes</span> <span class='ocrx_word' id='word_1_157' title='bbox 1196 1149 1244 1192; x_wconf 92' lang='lat' dir='ltr'>in</span> <span class='ocrx_word' id='word_1_158' title='bbox 1262 1149 1387 1193; x_wconf 89' lang='lat' dir='ltr'>illius</span> <span class='ocrx_word' id='word_1_159' title='bbox 1401 1148 1647 1205; x_wconf 86' lang='lat' dir='ltr'>baptismo,</span> <span class='ocrx_word' id='word_1_160' title='bbox 1665 1155 1824 1206; x_wconf 88' lang='lat' dir='ltr'>postea</span> <span class='ocrx_word' id='word_1_161' title='bbox 1842 1150 1996 1208; x_wconf 64' lang='lat' dir='ltr'>bapti-2</span> 
     </span>
    </p>
   </div>
   <div class='ocr_carea' id='block_1_3' title="bbox 114 1209 2070 1270">
    <p class='ocr_par' dir='ltr' id='par_1_6' title="bbox 114 1209 2070 1270">
     <span class='ocr_line' id='line_1_17' title="bbox 114 1209 2070 1270; baseline 0.002 -18"><span class='ocrx_word' id='word_1_162' title='bbox 114 1210 203 1254; x_wconf 89' lang='lat' dir='ltr'>zati</span> <span class='ocrx_word' id='word_1_163' title='bbox 227 1217 337 1257; x_wconf 89' lang='lat' dir='ltr'>sunt</span> <span class='ocrx_word' id='word_1_164' title='bbox 359 1213 590 1270; x_wconf 91' lang='lat' dir='ltr'>baptismo</span> <span class='ocrx_word' id='word_1_165' title='bbox 611 1212 797 1268; x_wconf 82' lang='lat' dir='ltr'>Christi3</span> <span class='ocrx_word' id='word_1_166' title='bbox 823 1212 888 1256; x_wconf 90' lang='lat' dir='ltr'>illi</span> <span class='ocrx_word' id='word_1_167' title='bbox 910 1209 1021 1255; x_wconf 78' lang='lat' dir='ltr'>vero</span> <span class='ocrx_word' id='word_1_168' title='bbox 1040 1211 1122 1267; x_wconf 89' lang='lat' dir='ltr'>qui</span> <span class='ocrx_word' id='word_1_169' title='bbox 1142 1223 1272 1267; x_wconf 89' lang='lat' dir='ltr'>spem</span> <span class='ocrx_word' id='word_1_170' title='bbox 1301 1223 1395 1254; x_wconf 90' lang='lat' dir='ltr'>non</span> <span class='ocrx_word' id='word_1_171' title='bbox 1412 1217 1672 1267; x_wconf 89' lang='lat' dir='ltr'>posuerunt</span> <span class='ocrx_word' id='word_1_172' title='bbox 1692 1212 1739 1255; x_wconf 91' lang='lat' dir='ltr'>in</span> <span class='ocrx_word' id='word_1_173' title='bbox 1764 1212 1993 1268; x_wconf 85' lang='lat' dir='ltr'>baptismo</span> <span class='ocrx_word' id='word_1_174' title='bbox 2062 1226 2070 1240; x_wconf 82' lang='lat'><em>¹</em></span> 
     </span>
    </p>
   </div>
   <div class='ocr_carea' id='block_1_4' title="bbox 110 1271 1994 3306">
    <p class='ocr_par' dir='ltr' id='par_1_7' title="bbox 110 1271 1994 2321">
     <span class='ocr_line' id='line_1_18' title="bbox 113 1271 1994 1331; baseline 0.003 -18"><span class='ocrx_word' id='word_1_175' title='bbox 113 1271 317 1330; x_wconf 74' lang='lat' dir='ltr'>loannis,</span> <span class='ocrx_word' id='word_1_176' title='bbox 341 1280 387 1320; x_wconf 92' lang='lat' dir='ltr'>et</span> <span class='ocrx_word' id='word_1_177' title='bbox 416 1278 613 1331; x_wconf 90' lang='lat' dir='ltr'>Patrem,</span> <span class='ocrx_word' id='word_1_178' title='bbox 639 1280 685 1320; x_wconf 87' lang='lat' dir='ltr'>et</span> <span class='ocrx_word' id='word_1_179' title='bbox 705 1274 886 1327; x_wconf 88' lang='lat' dir='ltr'>Filium,</span> <span class='ocrx_word' id='word_1_180' title='bbox 921 1277 969 1318; x_wconf 89' lang='lat' dir='ltr'>et</span> <span class='ocrx_word' id='word_1_181' title='bbox 1002 1272 1221 1329; x_wconf 85' lang='lat' dir='ltr'>Spiritum</span> <span class='ocrx_word' id='word_1_182' title='bbox 1244 1277 1457 1317; x_wconf 88' lang='lat' dir='ltr'>sanctum</span> <span class='ocrx_word' id='word_1_183' title='bbox 1480 1272 1747 1330; x_wconf 86' lang='lat' dir='ltr'>credebant,</span> <span class='ocrx_word' id='word_1_184' title='bbox 1771 1286 1864 1318; x_wconf 90' lang='lat' dir='ltr'>non</span> <span class='ocrx_word' id='word_1_185' title='bbox 1889 1274 1994 1319; x_wconf 82' lang='lat' dir='ltr'>fue-</span> 
     </span>
     <span class='ocr_line' id='line_1_19' title="bbox 113 1333 1993 1394; baseline 0.003 -19"><span class='ocrx_word' id='word_1_186' title='bbox 113 1337 224 1378; x_wconf 91' lang='lat' dir='ltr'>runt</span> <span class='ocrx_word' id='word_1_187' title='bbox 263 1340 424 1391; x_wconf 88' lang='lat' dir='ltr'>postea</span> <span class='ocrx_word' id='word_1_188' title='bbox 444 1335 687 1394; x_wconf 61' lang='lat' dir='ltr'>baptizati,</span> <span class='ocrx_word' id='word_1_189' title='bbox 714 1335 796 1380; x_wconf 92' lang='lat' dir='ltr'>sed</span> <span class='ocrx_word' id='word_1_190' title='bbox 832 1334 1128 1391; x_wconf 87' lang='lat' dir='ltr'>impositione</span> <span class='ocrx_word' id='word_1_191' title='bbox 1165 1346 1392 1378; x_wconf 91' lang='lat' dir='ltr'>manuum</span> <span class='ocrx_word' id='word_1_192' title='bbox 1425 1333 1484 1378; x_wconf 90' lang='lat' dir='ltr'>ab</span> <span class='ocrx_word' id='word_1_193' title='bbox 1506 1335 1729 1391; x_wconf 89' lang='lat' dir='ltr'>apostolis</span> <span class='ocrx_word' id='word_1_194' title='bbox 1752 1347 1893 1392; x_wconf 90' lang='lat' dir='ltr'>super</span> <span class='ocrx_word' id='word_1_195' title='bbox 1912 1347 1993 1380; x_wconf 87' lang='lat' dir='ltr'>eos</span> 
     </span>
     <span class='ocr_line' id='line_1_20' title="bbox 114 1393 1993 1454; baseline 0.002 -17"><span class='ocrx_word' id='word_1_196' title='bbox 114 1393 249 1450; x_wconf 80' lang='lat' dir='ltr'>facta,</span> <span class='ocrx_word' id='word_1_197' title='bbox 272 1397 489 1454; x_wconf 89' lang='lat' dir='ltr'>Spiritum</span> <span class='ocrx_word' id='word_1_198' title='bbox 508 1404 720 1442; x_wconf 89' lang='lat' dir='ltr'>sanctum</span> <span class='ocrx_word' id='word_1_199' title='bbox 750 1400 1040 1454; x_wconf 85' lang='lat' dir='ltr'>receperunt.</span> <span class='ocrx_word' id='word_1_200' title='bbox 1069 1396 1122 1439; x_wconf 89' lang='lat' dir='ltr'>Et</span> <span class='ocrx_word' id='word_1_201' title='bbox 1151 1396 1239 1440; x_wconf 85' lang='lat' dir='ltr'>hoc</span> <span class='ocrx_word' id='word_1_202' title='bbox 1268 1396 1457 1452; x_wconf 87' lang='lat' dir='ltr'>quidem</span> <span class='ocrx_word' id='word_1_203' title='bbox 1489 1408 1651 1441; x_wconf 90' lang='lat' dir='ltr'>verum</span> <span class='ocrx_word' id='word_1_204' title='bbox 1670 1401 1741 1442; x_wconf 87' lang='lat' dir='ltr'>est</span> <span class='ocrx_word' id='word_1_205' title='bbox 1766 1397 1993 1454; x_wconf 80' lang='lat' dir='ltr'>quantum</span> 
     </span>
     <span class='ocr_line' id='line_1_21' title="bbox 113 1455 1993 1517; baseline 0.002 -17"><span class='ocrx_word' id='word_1_206' title='bbox 113 1456 172 1501; x_wconf 87' lang='lat' dir='ltr'>ad</span> <span class='ocrx_word' id='word_1_207' title='bbox 189 1457 384 1514; x_wconf 87' lang='lat' dir='ltr'>primam</span> <span class='ocrx_word' id='word_1_208' title='bbox 406 1465 600 1516; x_wconf 85' lang='lat' dir='ltr'>partem,</span> <span class='ocrx_word' id='word_1_209' title='bbox 621 1459 747 1517; x_wconf 88' lang='lat' dir='ltr'>quod</span> <span class='ocrx_word' id='word_1_210' title='bbox 765 1458 925 1504; x_wconf 90' lang='lat' dir='ltr'>multis</span> <span class='ocrx_word' id='word_1_211' title='bbox 946 1458 1300 1502; x_wconf 87' lang='lat' dir='ltr'>auctoritatibus</span> <span class='ocrx_word' id='word_1_212' title='bbox 1321 1455 1643 1511; x_wconf 88' lang='lat' dir='ltr'>confirmatur;</span> <span class='ocrx_word' id='word_1_213' title='bbox 1664 1459 1746 1503; x_wconf 90' lang='lat' dir='ltr'>sed</span> <span class='ocrx_word' id='word_1_214' title='bbox 1766 1460 1993 1515; x_wconf 80' lang='lat' dir='ltr'>quantum</span> 
     </span>
     <span class='ocr_line' id='line_1_22' title="bbox 112 1518 1993 1578; baseline 0.002 -16"><span class='ocrx_word' id='word_1_215' title='bbox 112 1518 174 1563; x_wconf 86' lang='lat' dir='ltr'>ad</span> <span class='ocrx_word' id='word_1_216' title='bbox 202 1523 455 1566; x_wconf 86' lang='lat' dir='ltr'>secundam</span> <span class='ocrx_word' id='word_1_217' title='bbox 481 1527 661 1578; x_wconf 89' lang='lat' dir='ltr'>partem</span> <span class='ocrx_word' id='word_1_218' title='bbox 683 1527 754 1567; x_wconf 88' lang='lat' dir='ltr'>est</span> <span class='ocrx_word' id='word_1_219' title='bbox 776 1521 962 1578; x_wconf 79' lang='lat' dir='ltr'>penitus</span> <span class='ocrx_word' id='word_1_220' title='bbox 996 1520 1308 1565; x_wconf 87' lang='lat' dir='ltr'>irrationabile</span> <span class='ocrx_word' id='word_1_221' title='bbox 1337 1521 1463 1577; x_wconf 91' lang='lat' dir='ltr'>quod</span> <span class='ocrx_word' id='word_1_222' title='bbox 1491 1520 1687 1564; x_wconf 85' lang='lat' dir='ltr'>dicitur:</span> <span class='ocrx_word' id='word_1_223' title='bbox 1714 1520 1863 1577; x_wconf 79' lang='lat' dir='ltr'>primo</span> <span class='ocrx_word' id='word_1_224' title='bbox 1886 1521 1993 1577; x_wconf 93' lang='lat' dir='ltr'>qui-</span> 
     </span>
     <span class='ocr_line' id='line_1_23' title="bbox 113 1579 1992 1640; baseline 0.002 -16"><span class='ocrx_word' id='word_1_225' title='bbox 113 1579 234 1635; x_wconf 86' lang='lat' dir='ltr'>dem,</span> <span class='ocrx_word' id='word_1_226' title='bbox 257 1583 363 1639; x_wconf 88' lang='lat' dir='ltr'>quia</span> <span class='ocrx_word' id='word_1_227' title='bbox 382 1584 641 1640; x_wconf 89' lang='lat' dir='ltr'>baptismus</span> <span class='ocrx_word' id='word_1_228' title='bbox 657 1583 846 1627; x_wconf 87' lang='lat' dir='ltr'>Joannis</span> <span class='ocrx_word' id='word_1_229' title='bbox 876 1594 1030 1638; x_wconf 89' lang='lat' dir='ltr'>neque</span> <span class='ocrx_word' id='word_1_230' title='bbox 1060 1582 1256 1637; x_wconf 86' lang='lat' dir='ltr'>gratiam</span> <span class='ocrx_word' id='word_1_231' title='bbox 1277 1581 1559 1639; x_wconf 79' lang='lat' dir='ltr'>conferebat,</span> <span class='ocrx_word' id='word_1_232' title='bbox 1583 1593 1737 1637; x_wconf 89' lang='lat' dir='ltr'>neque</span> <span class='ocrx_word' id='word_1_233' title='bbox 1757 1582 1992 1627; x_wconf 88' lang='lat' dir='ltr'>characte-</span> 
     </span>
     <span class='ocr_line' id='line_1_24' title="bbox 115 1644 1993 1702; baseline 0.003 -17"><span class='ocrx_word' id='word_1_234' title='bbox 115 1654 210 1686; x_wconf 90' lang='lat' dir='ltr'>rem</span> <span class='ocrx_word' id='word_1_235' title='bbox 235 1644 541 1702; x_wconf 82' lang='lat' dir='ltr'>imprimebat,</span> <span class='ocrx_word' id='word_1_236' title='bbox 557 1647 639 1692; x_wconf 87' lang='lat' dir='ltr'>sed</span> <span class='ocrx_word' id='word_1_237' title='bbox 653 1651 752 1691; x_wconf 85' lang='lat' dir='ltr'>erat</span> <span class='ocrx_word' id='word_1_238' title='bbox 772 1645 925 1691; x_wconf 80' lang='lat' dir='ltr'>solum</span> <span class='ocrx_word' id='word_1_239' title='bbox 942 1645 989 1688; x_wconf 92' lang='lat' dir='ltr'>in</span> <span class='ocrx_word' id='word_1_240' title='bbox 1017 1657 1155 1701; x_wconf 88' lang='lat' dir='ltr'>aqua,</span> <span class='ocrx_word' id='word_1_241' title='bbox 1173 1649 1226 1689; x_wconf 91' lang='lat' dir='ltr'>ut</span> <span class='ocrx_word' id='word_1_242' title='bbox 1248 1645 1445 1700; x_wconf 87' lang='lat' dir='ltr'>ipsemet</span> <span class='ocrx_word' id='word_1_243' title='bbox 1465 1644 1576 1689; x_wconf 87' lang='lat' dir='ltr'>dicit</span> <span class='ocrx_word' id='word_1_244' title='bbox 1598 1645 1746 1698; x_wconf 87' lang='lat' dir='ltr'>(Math.</span> <span class='ocrx_word' id='word_1_245' title='bbox 1769 1646 1845 1699; x_wconf 86' lang='lat'><em>111).</em></span> <span class='ocrx_word' id='word_1_246' title='bbox 1864 1645 1993 1690; x_wconf 89' lang='lat' dir='ltr'>Unde</span> 
     </span>
     <span class='ocr_line' id='line_1_25' title="bbox 114 1702 1993 1765; baseline 0.003 -19"><span class='ocrx_word' id='word_1_247' title='bbox 114 1702 328 1760; x_wconf 85' lang='lat' dir='ltr'>baptizati</span> <span class='ocrx_word' id='word_1_248' title='bbox 348 1707 462 1752; x_wconf 85' lang='lat' dir='ltr'>fides</span> <span class='ocrx_word' id='word_1_249' title='bbox 483 1708 559 1753; x_wconf 85' lang='lat' dir='ltr'>vel</span> <span class='ocrx_word' id='word_1_250' title='bbox 584 1721 709 1765; x_wconf 86' lang='lat' dir='ltr'>spes,</span> <span class='ocrx_word' id='word_1_251' title='bbox 732 1719 871 1764; x_wconf 88' lang='lat' dir='ltr'>quam</span> <span class='ocrx_word' id='word_1_252' title='bbox 894 1706 1094 1751; x_wconf 87' lang='lat' dir='ltr'>habebat</span> <span class='ocrx_word' id='word_1_253' title='bbox 1114 1707 1161 1749; x_wconf 92' lang='lat' dir='ltr'>in</span> <span class='ocrx_word' id='word_1_254' title='bbox 1188 1706 1433 1761; x_wconf 87' lang='lat' dir='ltr'>Christum,</span> <span class='ocrx_word' id='word_1_255' title='bbox 1452 1718 1546 1750; x_wconf 90' lang='lat' dir='ltr'>non</span> <span class='ocrx_word' id='word_1_256' title='bbox 1569 1710 1747 1763; x_wconf 90' lang='lat' dir='ltr'>poterat</span> <span class='ocrx_word' id='word_1_257' title='bbox 1763 1706 1889 1750; x_wconf 88' lang='lat' dir='ltr'>hunc</span> <span class='ocrx_word' id='word_1_258' title='bbox 1909 1707 1993 1751; x_wconf 87' lang='lat' dir='ltr'>de-</span> 
     </span>
     <span class='ocr_line' id='line_1_26' title="bbox 114 1764 1992 1826; baseline 0.003 -18"><span class='ocrx_word' id='word_1_259' title='bbox 114 1764 286 1811; x_wconf 84' lang='lat' dir='ltr'>fectum</span> <span class='ocrx_word' id='word_1_260' title='bbox 315 1770 544 1826; x_wconf 90' lang='lat' dir='ltr'>supplere.</span> <span class='ocrx_word' id='word_1_261' title='bbox 583 1770 809 1824; x_wconf 74' lang='lat' dir='ltr'>Secundo,</span> <span class='ocrx_word' id='word_1_262' title='bbox 832 1768 941 1825; x_wconf 87' lang='lat' dir='ltr'>quia</span> <span class='ocrx_word' id='word_1_263' title='bbox 962 1767 1150 1824; x_wconf 88' lang='lat' dir='ltr'>quando</span> <span class='ocrx_word' id='word_1_264' title='bbox 1179 1767 1226 1812; x_wconf 90' lang='lat' dir='ltr'>in</span> <span class='ocrx_word' id='word_1_265' title='bbox 1262 1772 1552 1812; x_wconf 87' lang='lat' dir='ltr'>sacramento</span> <span class='ocrx_word' id='word_1_266' title='bbox 1574 1768 1799 1812; x_wconf 90' lang='lat' dir='ltr'>omittitur</span> <span class='ocrx_word' id='word_1_267' title='bbox 1819 1767 1992 1825; x_wconf 89' lang='lat' dir='ltr'>aliquid</span> 
     </span>
     <span class='ocr_line' id='line_1_27' title="bbox 114 1829 1993 1886; baseline 0.002 -16"><span class='ocrx_word' id='word_1_268' title='bbox 114 1829 237 1883; x_wconf 81' lang='lat' dir='ltr'>quod</span> <span class='ocrx_word' id='word_1_269' title='bbox 258 1835 327 1872; x_wconf 88' lang='lat' dir='ltr'>est</span> <span class='ocrx_word' id='word_1_270' title='bbox 345 1830 401 1874; x_wconf 88' lang='lat' dir='ltr'>de</span> <span class='ocrx_word' id='word_1_271' title='bbox 420 1831 693 1875; x_wconf 80' lang='lat' dir='ltr'>necessitate</span> <span class='ocrx_word' id='word_1_272' title='bbox 713 1829 1007 1886; x_wconf 80' lang='lat' dir='ltr'>sacramenti,</span> <span class='ocrx_word' id='word_1_273' title='bbox 1027 1841 1120 1873; x_wconf 93' lang='lat' dir='ltr'>non</span> <span class='ocrx_word' id='word_1_274' title='bbox 1139 1829 1290 1873; x_wconf 84' lang='lat' dir='ltr'>solum</span> <span class='ocrx_word' id='word_1_275' title='bbox 1309 1833 1488 1885; x_wconf 87' lang='lat' dir='ltr'>oportet</span> <span class='ocrx_word' id='word_1_276' title='bbox 1516 1829 1720 1885; x_wconf 87' lang='lat' dir='ltr'>suppleri</span> <span class='ocrx_word' id='word_1_277' title='bbox 1742 1835 1868 1885; x_wconf 85' lang='lat' dir='ltr'>quod</span> <span class='ocrx_word' id='word_1_278' title='bbox 1889 1829 1993 1874; x_wconf 89' lang='lat' dir='ltr'>fue-</span> 
     </span>
     <span class='ocr_line' id='line_1_28' title="bbox 115 1890 1991 1949; baseline 0.002 -18"><span class='ocrx_word' id='word_1_279' title='bbox 115 1895 184 1932; x_wconf 85' lang='lat' dir='ltr'>rat</span> <span class='ocrx_word' id='word_1_280' title='bbox 206 1891 447 1949; x_wconf 85' lang='lat' dir='ltr'>omissum,</span> <span class='ocrx_word' id='word_1_281' title='bbox 469 1892 550 1937; x_wconf 89' lang='lat' dir='ltr'>sed</span> <span class='ocrx_word' id='word_1_282' title='bbox 572 1897 754 1949; x_wconf 85' lang='lat' dir='ltr'>oportet</span> <span class='ocrx_word' id='word_1_283' title='bbox 771 1892 969 1937; x_wconf 89' lang='lat' dir='ltr'>totaliter</span> <span class='ocrx_word' id='word_1_284' title='bbox 988 1891 1217 1935; x_wconf 88' lang='lat' dir='ltr'>innovari.</span> <span class='ocrx_word' id='word_1_285' title='bbox 1238 1893 1317 1934; x_wconf 88' lang='lat' dir='ltr'>Est</span> <span class='ocrx_word' id='word_1_286' title='bbox 1335 1903 1393 1934; x_wconf 93' lang='lat' dir='ltr'>au</span> <span class='ocrx_word' id='word_1_287' title='bbox 1402 1896 1491 1934; x_wconf 77' lang='lat' dir='ltr'>tem</span> <span class='ocrx_word' id='word_1_288' title='bbox 1507 1890 1565 1935; x_wconf 92' lang='lat' dir='ltr'>de</span> <span class='ocrx_word' id='word_1_289' title='bbox 1590 1891 1863 1935; x_wconf 85' lang='lat' dir='ltr'>necessitate</span> <span class='ocrx_word' id='word_1_290' title='bbox 1879 1891 1991 1948; x_wconf 91' lang='lat' dir='ltr'>bap-</span> 
     </span>
     <span class='ocr_line' id='line_1_29' title="bbox 113 1951 1992 2010; baseline 0.002 -15"><span class='ocrx_word' id='word_1_291' title='bbox 113 1951 236 1996; x_wconf 89' lang='lat' dir='ltr'>tismi</span> <span class='ocrx_word' id='word_1_292' title='bbox 260 1954 422 1998; x_wconf 85' lang='lat' dir='ltr'>Christi</span> <span class='ocrx_word' id='word_1_293' title='bbox 441 1955 565 2010; x_wconf 82' lang='lat' dir='ltr'>quod</span> <span class='ocrx_word' id='word_1_294' title='bbox 580 1955 661 2004; x_wconf 81' lang='lat' dir='ltr'>fiat</span> <span class='ocrx_word' id='word_1_295' title='bbox 682 1967 773 1999; x_wconf 93' lang='lat' dir='ltr'>non</span> <span class='ocrx_word' id='word_1_296' title='bbox 797 1954 950 1999; x_wconf 82' lang='lat' dir='ltr'>solum</span> <span class='ocrx_word' id='word_1_297' title='bbox 970 1953 1019 1998; x_wconf 89' lang='lat' dir='ltr'>in</span> <span class='ocrx_word' id='word_1_298' title='bbox 1041 1965 1180 2010; x_wconf 88' lang='lat' dir='ltr'>aqua,</span> <span class='ocrx_word' id='word_1_299' title='bbox 1204 1953 1285 1997; x_wconf 90' lang='lat' dir='ltr'>sed</span> <span class='ocrx_word' id='word_1_300' title='bbox 1306 1953 1442 1997; x_wconf 89' lang='lat' dir='ltr'>etiam</span> <span class='ocrx_word' id='word_1_301' title='bbox 1467 1953 1512 1996; x_wconf 94' lang='lat' dir='ltr'>in</span> <span class='ocrx_word' id='word_1_302' title='bbox 1534 1953 1703 2009; x_wconf 89' lang='lat' dir='ltr'>Spiritu</span> <span class='ocrx_word' id='word_1_303' title='bbox 1718 1957 1894 2008; x_wconf 81' lang='lat' dir='ltr'>sanct0,</span> <span class='ocrx_word' id='word_1_304' title='bbox 1915 1966 1992 1998; x_wconf 88' lang='lat' dir='ltr'>se-</span> 
     </span>
     <span class='ocr_line' id='line_1_30' title="bbox 113 2016 1989 2072; baseline 0.001 -14"><span class='ocrx_word' id='word_1_305' title='bbox 113 2016 316 2060; x_wconf 80' lang='lat' dir='ltr'>cuudum</span> <span class='ocrx_word' id='word_1_306' title='bbox 337 2016 451 2061; x_wconf 90' lang='lat' dir='ltr'>illud</span> <span class='ocrx_word' id='word_1_307' title='bbox 469 2016 614 2072; x_wconf 85' lang='lat' dir='ltr'>(Joan.</span> <span class='ocrx_word' id='word_1_308' title='bbox 631 2031 691 2072; x_wconf 86' lang='lat' dir='ltr'>m,</span> <span class='ocrx_word' id='word_1_309' title='bbox 705 2019 767 2071; x_wconf 81' lang='lat'>5):</span> <span class='ocrx_word' id='word_1_310' title='bbox 782 2019 882 2060; x_wconf 81' lang='lat' dir='ltr'>Nisi</span> <span class='ocrx_word' id='word_1_311' title='bbox 896 2019 994 2071; x_wconf 80' lang='lat' dir='ltr'>quis</span> <span class='ocrx_word' id='word_1_312' title='bbox 1011 2019 1199 2059; x_wconf 79' lang='lat' dir='ltr'>renatus</span> <span class='ocrx_word' id='word_1_313' title='bbox 1209 2018 1351 2069; x_wconf 73' lang='lat' dir='ltr'>fuerit</span> <span class='ocrx_word' id='word_1_314' title='bbox 1366 2028 1424 2058; x_wconf 79' lang='lat' dir='ltr'>ex</span> <span class='ocrx_word' id='word_1_315' title='bbox 1441 2028 1561 2070; x_wconf 76' lang='lat' dir='ltr'>aqua</span> <span class='ocrx_word' id='word_1_316' title='bbox 1573 2019 1616 2059; x_wconf 76' lang='lat' dir='ltr'>et</span> <span class='ocrx_word' id='word_1_317' title='bbox 1630 2017 1804 2071; x_wconf 75' lang='lat' dir='ltr'>Spiritu</span> <span class='ocrx_word' id='word_1_318' title='bbox 1818 2019 1989 2072; x_wconf 80' lang='lat' dir='ltr'>sancte,</span> 
     </span>
     <span class='ocr_line' id='line_1_31' title="bbox 113 2076 1990 2135; baseline 0.001 -16"><span class='ocrx_word' id='word_1_319' title='bbox 113 2090 200 2120; x_wconf 79' lang='lat' dir='ltr'>non</span> <span class='ocrx_word' id='word_1_320' title='bbox 214 2082 363 2134; x_wconf 77' lang='lat' dir='ltr'>potest</span> <span class='ocrx_word' id='word_1_321' title='bbox 380 2081 570 2122; x_wconf 80' lang='lat' dir='ltr'>introire</span> <span class='ocrx_word' id='word_1_322' title='bbox 587 2083 635 2122; x_wconf 75' lang='lat' dir='ltr'>in</span> <span class='ocrx_word' id='word_1_323' title='bbox 655 2091 840 2135; x_wconf 73' lang='lat' dir='ltr'>reqnum</span> <span class='ocrx_word' id='word_1_324' title='bbox 860 2081 961 2121; x_wconf 83' lang='lat' dir='ltr'>Dei.</span> <span class='ocrx_word' id='word_1_325' title='bbox 994 2077 1124 2122; x_wconf 91' lang='lat' dir='ltr'>Unde</span> <span class='ocrx_word' id='word_1_326' title='bbox 1151 2077 1242 2121; x_wconf 87' lang='lat' dir='ltr'>illis</span> <span class='ocrx_word' id='word_1_327' title='bbox 1264 2076 1345 2133; x_wconf 86' lang='lat' dir='ltr'>qui</span> <span class='ocrx_word' id='word_1_328' title='bbox 1367 2077 1550 2121; x_wconf 83' lang='lat' dir='ltr'>tantum</span> <span class='ocrx_word' id='word_1_329' title='bbox 1568 2077 1616 2120; x_wconf 90' lang='lat' dir='ltr'>in</span> <span class='ocrx_word' id='word_1_330' title='bbox 1636 2089 1757 2133; x_wconf 90' lang='lat' dir='ltr'>aqua</span> <span class='ocrx_word' id='word_1_331' title='bbox 1776 2077 1990 2133; x_wconf 88' lang='lat' dir='ltr'>baptizati</span> 
     </span>
     <span class='ocr_line' id='line_1_32' title="bbox 110 2138 1991 2196; baseline 0 -14"><span class='ocrx_word' id='word_1_332' title='bbox 110 2145 245 2184; x_wconf 85' lang='lat' dir='ltr'>erant</span> <span class='ocrx_word' id='word_1_333' title='bbox 263 2140 492 2196; x_wconf 86' lang='lat' dir='ltr'>baptismo</span> <span class='ocrx_word' id='word_1_334' title='bbox 514 2141 719 2196; x_wconf 69' lang='lat' dir='ltr'>loannis,</span> <span class='ocrx_word' id='word_1_335' title='bbox 742 2152 835 2184; x_wconf 91' lang='lat' dir='ltr'>non</span> <span class='ocrx_word' id='word_1_336' title='bbox 859 2140 1009 2184; x_wconf 80' lang='lat' dir='ltr'>solum</span> <span class='ocrx_word' id='word_1_337' title='bbox 1027 2144 1127 2184; x_wconf 89' lang='lat' dir='ltr'>erat</span> <span class='ocrx_word' id='word_1_338' title='bbox 1146 2138 1458 2195; x_wconf 89' lang='lat' dir='ltr'>supplendum</span> <span class='ocrx_word' id='word_1_339' title='bbox 1482 2138 1607 2194; x_wconf 90' lang='lat' dir='ltr'>quod</span> <span class='ocrx_word' id='word_1_340' title='bbox 1631 2138 1788 2182; x_wconf 90' lang='lat' dir='ltr'>deerat</span> <span class='ocrx_word' id='word_1_341' title='bbox 1805 2141 1820 2192; x_wconf 87' lang='lat'>(</span> <span class='ocrx_word' id='word_1_342' title='bbox 1831 2142 1885 2182; x_wconf 90' lang='lat' dir='ltr'>ut</span> <span class='ocrx_word' id='word_1_343' title='bbox 1901 2138 1991 2183; x_wconf 89' lang='lat' dir='ltr'>sci-—</span> 
     </span>
     <span class='ocr_line' id='line_1_33' title="bbox 113 2200 1991 2260; baseline 0.001 -15"><span class='ocrx_word' id='word_1_344' title='bbox 113 2201 220 2246; x_wconf 87' lang='lat' dir='ltr'>licet</span> <span class='ocrx_word' id='word_1_345' title='bbox 242 2202 427 2247; x_wconf 89' lang='lat' dir='ltr'>daretur</span> <span class='ocrx_word' id='word_1_346' title='bbox 449 2203 515 2248; x_wconf 89' lang='lat' dir='ltr'>eis</span> <span class='ocrx_word' id='word_1_347' title='bbox 537 2203 731 2260; x_wconf 88' lang='lat' dir='ltr'>Spiritus</span> <span class='ocrx_word' id='word_1_348' title='bbox 767 2208 959 2247; x_wconf 90' lang='lat' dir='ltr'>sanctus</span> <span class='ocrx_word' id='word_1_349' title='bbox 986 2213 1070 2258; x_wconf 91' lang='lat' dir='ltr'>per</span> <span class='ocrx_word' id='word_1_350' title='bbox 1100 2201 1444 2257; x_wconf 85' lang='lat' dir='ltr'>impositionem</span> <span class='ocrx_word' id='word_1_351' title='bbox 1473 2202 1729 2255; x_wconf 87' lang='lat' dir='ltr'>manuum),</span> <span class='ocrx_word' id='word_1_352' title='bbox 1757 2200 1839 2245; x_wconf 90' lang='lat' dir='ltr'>sed</span> <span class='ocrx_word' id='word_1_353' title='bbox 1857 2205 1991 2246; x_wconf 89' lang='lat' dir='ltr'>erant</span> 
     </span>
     <span class='ocr_line' id='line_1_34' title="bbox 113 2260 1244 2321; baseline 0.001 -17"><span class='ocrx_word' id='word_1_354' title='bbox 113 2260 274 2307; x_wconf 78' lang='lat' dir='ltr'>iterato</span> <span class='ocrx_word' id='word_1_355' title='bbox 297 2263 494 2308; x_wconf 87' lang='lat' dir='ltr'>totaliter</span> <span class='ocrx_word' id='word_1_356' title='bbox 507 2264 771 2321; x_wconf 87' lang='lat' dir='ltr'>baptizandi</span> <span class='ocrx_word' id='word_1_357' title='bbox 790 2264 839 2308; x_wconf 90' lang='lat' dir='ltr'>in</span> <span class='ocrx_word' id='word_1_358' title='bbox 859 2276 980 2320; x_wconf 88' lang='lat' dir='ltr'>aqua</span> <span class='ocrx_word' id='word_1_359' title='bbox 999 2267 1045 2307; x_wconf 86' lang='lat' dir='ltr'>et</span> <span class='ocrx_word' id='word_1_360' title='bbox 1066 2263 1244 2319; x_wconf 89' lang='lat' dir='ltr'>spiritu.</span> 
     </span>
    </p>

    <p class='ocr_par' dir='ltr' id='par_1_8' title="bbox 111 2323 1990 2874">
     <span class='ocr_line' id='line_1_35' title="bbox 165 2323 1988 2383; baseline 0.001 -15"><span class='ocrx_word' id='word_1_361' title='bbox 165 2324 231 2369; x_wconf 88' lang='lat' dir='ltr'>Ad</span> <span class='ocrx_word' id='word_1_362' title='bbox 246 2328 446 2382; x_wconf 82' lang='lat' dir='ltr'>primum</span> <span class='ocrx_word' id='word_1_363' title='bbox 468 2338 578 2383; x_wconf 83' lang='lat' dir='ltr'>ergo</span> <span class='ocrx_word' id='word_1_364' title='bbox 602 2327 867 2382; x_wconf 85' lang='lat' dir='ltr'>dicendum,</span> <span class='ocrx_word' id='word_1_365' title='bbox 895 2324 1035 2382; x_wconf 80' lang='lat' dir='ltr'>quod,</span> <span class='ocrx_word' id='word_1_366' title='bbox 1061 2325 1182 2368; x_wconf 83' lang='lat' dir='ltr'>sicut</span> <span class='ocrx_word' id='word_1_367' title='bbox 1209 2323 1498 2380; x_wconf 84' lang='lat' dir='ltr'>Augustinus</span> <span class='ocrx_word' id='word_1_368' title='bbox 1522 2323 1633 2367; x_wconf 88' lang='lat' dir='ltr'>dicit</span> <span class='ocrx_word' id='word_1_369' title='bbox 1650 2325 1820 2379; x_wconf 87' lang='lat' dir='ltr'>(Super</span> <span class='ocrx_word' id='word_1_370' title='bbox 1856 2326 1988 2370; x_wconf 80' lang='lat' dir='ltr'>Joan.</span> 
     </span>
     <span class='ocr_line' id='line_1_36' title="bbox 112 2385 1990 2447; baseline 0.001 -18"><span class='ocrx_word' id='word_1_371' title='bbox 112 2391 244 2431; x_wconf 81' lang='lat' dir='ltr'>tract.</span> <span class='ocrx_word' id='word_1_372' title='bbox 273 2390 316 2445; x_wconf 79' lang='lat'>5,</span> <span class='ocrx_word' id='word_1_373' title='bbox 338 2400 460 2432; x_wconf 88' lang='lat' dir='ltr'>vers.</span> <span class='ocrx_word' id='word_1_374' title='bbox 482 2388 598 2447; x_wconf 87' lang='lat' dir='ltr'>fin.),</span> <span class='ocrx_word' id='word_1_375' title='bbox 625 2405 645 2426; x_wconf 76' lang='grc' dir='ltr'><strong>α</strong></span> <span class='ocrx_word' id='word_1_376' title='bbox 675 2388 779 2433; x_wconf 87' lang='lat' dir='ltr'>ideo</span> <span class='ocrx_word' id='word_1_377' title='bbox 809 2393 916 2444; x_wconf 89' lang='lat' dir='ltr'>post</span> <span class='ocrx_word' id='word_1_378' title='bbox 937 2389 1160 2430; x_wconf 89' lang='lat' dir='ltr'>Joannem</span> <span class='ocrx_word' id='word_1_379' title='bbox 1182 2385 1442 2441; x_wconf 85' lang='lat' dir='ltr'>baptizatus</span> <span class='ocrx_word' id='word_1_380' title='bbox 1463 2391 1548 2440; x_wconf 89' lang='lat' dir='ltr'>est,</span> <span class='ocrx_word' id='word_1_381' title='bbox 1581 2385 1689 2441; x_wconf 90' lang='lat' dir='ltr'>quia</span> <span class='ocrx_word' id='word_1_382' title='bbox 1725 2397 1818 2428; x_wconf 89' lang='lat' dir='ltr'>non</span> <span class='ocrx_word' id='word_1_383' title='bbox 1851 2385 1990 2431; x_wconf 89' lang='lat' dir='ltr'>dabat</span> 
     </span>
     <span class='ocr_line' id='line_1_37' title="bbox 111 2446 1990 2506; baseline 0 -14"><span class='ocrx_word' id='word_1_384' title='bbox 111 2446 339 2505; x_wconf 88' lang='lat' dir='ltr'>baptisma</span> <span class='ocrx_word' id='word_1_385' title='bbox 357 2446 537 2506; x_wconf 81' lang='lat' dir='ltr'>Christi,</span> <span class='ocrx_word' id='word_1_386' title='bbox 557 2450 638 2495; x_wconf 88' lang='lat' dir='ltr'>sed</span> <span class='ocrx_word' id='word_1_387' title='bbox 659 2462 798 2494; x_wconf 91' lang='lat' dir='ltr'>suum</span> <span class='ocrx_word' id='word_1_388' title='bbox 818 2465 829 2494; x_wconf 70' lang='grc' dir='ltr'>ι</span> <span class='ocrx_word' id='word_1_389' title='bbox 853 2448 979 2506; x_wconf 89' lang='lat' dir='ltr'>quod</span> <span class='ocrx_word' id='word_1_390' title='bbox 999 2452 1155 2492; x_wconf 90' lang='lat' dir='ltr'>autem</span> <span class='ocrx_word' id='word_1_391' title='bbox 1180 2447 1380 2492; x_wconf 85' lang='lat' dir='ltr'>dabatur</span> <span class='ocrx_word' id='word_1_392' title='bbox 1399 2447 1426 2490; x_wconf 80' lang='lat' dir='ltr'>a</span> <span class='ocrx_word' id='word_1_393' title='bbox 1454 2449 1605 2501; x_wconf 87' lang='lat' dir='ltr'>Petro,</span> <span class='ocrx_word' id='word_1_394' title='bbox 1632 2446 1734 2490; x_wconf 90' lang='lat' dir='ltr'>etsi</span> <span class='ocrx_word' id='word_1_395' title='bbox 1756 2447 1883 2503; x_wconf 89' lang='lat' dir='ltr'>quod</span> <span class='ocrx_word' id='word_1_396' title='bbox 1905 2447 1990 2492; x_wconf 89' lang='lat' dir='ltr'>da·-</span> 
     </span>
     <span class='ocr_line' id='line_1_38' title="bbox 115 2508 1990 2567; baseline 0.002 -15"><span class='ocrx_word' id='word_1_397' title='bbox 115 2513 212 2554; x_wconf 91' lang='lat' dir='ltr'>tum</span> <span class='ocrx_word' id='word_1_398' title='bbox 235 2514 304 2555; x_wconf 87' lang='lat' dir='ltr'>est</span> <span class='ocrx_word' id='word_1_399' title='bbox 336 2511 364 2555; x_wconf 76' lang='lat' dir='ltr'>a</span> <span class='ocrx_word' id='word_1_400' title='bbox 394 2511 526 2567; x_wconf 82' lang='lat' dir='ltr'>Juda,</span> <span class='ocrx_word' id='word_1_401' title='bbox 553 2512 718 2557; x_wconf 87' lang='lat' dir='ltr'>Christi</span> <span class='ocrx_word' id='word_1_402' title='bbox 743 2515 856 2556; x_wconf 88' lang='lat' dir='ltr'>erat.</span> <span class='ocrx_word' id='word_1_403' title='bbox 883 2513 936 2554; x_wconf 86' lang='lat' dir='ltr'>Et</span> <span class='ocrx_word' id='word_1_404' title='bbox 964 2510 1067 2554; x_wconf 88' lang='lat' dir='ltr'>ideo</span> <span class='ocrx_word' id='word_1_405' title='bbox 1098 2509 1136 2553; x_wconf 92' lang='lat' dir='ltr'>si</span> <span class='ocrx_word' id='word_1_406' title='bbox 1161 2521 1280 2565; x_wconf 89' lang='lat' dir='ltr'>quos</span> <span class='ocrx_word' id='word_1_407' title='bbox 1309 2508 1557 2565; x_wconf 88' lang='lat' dir='ltr'>baptizavit</span> <span class='ocrx_word' id='word_1_408' title='bbox 1585 2508 1743 2564; x_wconf 79' lang='lat' dir='ltr'>Judas,</span> <span class='ocrx_word' id='word_1_409' title='bbox 1765 2522 1858 2552; x_wconf 92' lang='lat' dir='ltr'>non</span> <span class='ocrx_word' id='word_1_410' title='bbox 1878 2514 1990 2555; x_wconf 88' lang='lat' dir='ltr'>sunt</span> 
     </span>
     <span class='ocr_line' id='line_1_39' title="bbox 113 2569 1989 2630; baseline 0.002 -17"><span class='ocrx_word' id='word_1_411' title='bbox 113 2569 279 2615; x_wconf 79' lang='lat' dir='ltr'>iterum</span> <span class='ocrx_word' id='word_1_412' title='bbox 298 2571 558 2629; x_wconf 85' lang='lat' dir='ltr'>baptizandi</span> <span class='ocrx_word' id='word_1_413' title='bbox 578 2588 590 2617; x_wconf 72' lang='grc' dir='ltr'>ε</span> <span class='ocrx_word' id='word_1_414' title='bbox 610 2573 838 2630; x_wconf 86' lang='lat' dir='ltr'>baptisma</span> <span class='ocrx_word' id='word_1_415' title='bbox 855 2572 980 2617; x_wconf 92' lang='lat' dir='ltr'>enim</span> <span class='ocrx_word' id='word_1_416' title='bbox 1001 2571 1090 2615; x_wconf 90' lang='lat' dir='ltr'>tale</span> <span class='ocrx_word' id='word_1_417' title='bbox 1110 2574 1181 2614; x_wconf 90' lang='lat' dir='ltr'>est</span> <span class='ocrx_word' id='word_1_418' title='bbox 1199 2569 1350 2626; x_wconf 91' lang='lat' dir='ltr'>qualis</span> <span class='ocrx_word' id='word_1_419' title='bbox 1365 2576 1436 2614; x_wconf 90' lang='lat' dir='ltr'>est</span> <span class='ocrx_word' id='word_1_420' title='bbox 1452 2570 1528 2614; x_wconf 93' lang='lat' dir='ltr'>ille</span> <span class='ocrx_word' id='word_1_421' title='bbox 1545 2569 1592 2612; x_wconf 88' lang='lat' dir='ltr'>in</span> <span class='ocrx_word' id='word_1_422' title='bbox 1615 2570 1749 2625; x_wconf 76' lang='lat' dir='ltr'>quus</span> <span class='ocrx_word' id='word_1_423' title='bbox 1764 2575 1989 2625; x_wconf 89' lang='lat' dir='ltr'>potestate</span> 
     </span>
     <span class='ocr_line' id='line_1_40' title="bbox 113 2630 1987 2691; baseline 0.001 -15"><span class='ocrx_word' id='word_1_424' title='bbox 113 2630 263 2688; x_wconf 88' lang='lat' dir='ltr'>datur,</span> <span class='ocrx_word' id='word_1_425' title='bbox 287 2646 379 2677; x_wconf 92' lang='lat' dir='ltr'>non</span> <span class='ocrx_word' id='word_1_426' title='bbox 406 2634 555 2689; x_wconf 90' lang='lat' dir='ltr'>qualis</span> <span class='ocrx_word' id='word_1_427' title='bbox 586 2634 663 2679; x_wconf 91' lang='lat' dir='ltr'>ille</span> <span class='ocrx_word' id='word_1_428' title='bbox 686 2635 822 2691; x_wconf 76' lang='lat' dir='ltr'>quus</span> <span class='ocrx_word' id='word_1_429' title='bbox 843 2631 1099 2678; x_wconf 89' lang='lat' dir='ltr'>ministerio</span> <span class='ocrx_word' id='word_1_430' title='bbox 1123 2631 1274 2675; x_wconf 89' lang='lat' dir='ltr'>datur.</span> <span class='ocrx_word' id='word_1_431' title='bbox 1299 2649 1319 2670; x_wconf 73' lang='grc' dir='ltr'>ιι</span> <span class='ocrx_word' id='word_1_432' title='bbox 1361 2634 1416 2675; x_wconf 88' lang='lat' dir='ltr'>Et</span> <span class='ocrx_word' id='word_1_433' title='bbox 1444 2631 1553 2675; x_wconf 91' lang='lat' dir='ltr'>inde</span> <span class='ocrx_word' id='word_1_434' title='bbox 1584 2636 1655 2674; x_wconf 90' lang='lat' dir='ltr'>est</span> <span class='ocrx_word' id='word_1_435' title='bbox 1690 2630 1828 2674; x_wconf 89' lang='lat' dir='ltr'>etiam</span> <span class='ocrx_word' id='word_1_436' title='bbox 1861 2632 1987 2688; x_wconf 69' lang='lat' dir='ltr'>qued</span> 
     </span>
     <span class='ocr_line' id='line_1_41' title="bbox 111 2690 1987 2753; baseline 0.001 -17"><span class='ocrx_word' id='word_1_437' title='bbox 111 2690 324 2749; x_wconf 88' lang='lat' dir='ltr'>baptizati</span> <span class='ocrx_word' id='word_1_438' title='bbox 345 2694 371 2738; x_wconf 79' lang='lat' dir='ltr'>a</span> <span class='ocrx_word' id='word_1_439' title='bbox 387 2695 592 2752; x_wconf 87' lang='lat' dir='ltr'>Philippo</span> <span class='ocrx_word' id='word_1_440' title='bbox 607 2696 817 2753; x_wconf 65' lang='lat' dir='ltr'>diacono,</span> <span class='ocrx_word' id='word_1_441' title='bbox 838 2695 919 2752; x_wconf 88' lang='lat' dir='ltr'>qui</span> <span class='ocrx_word' id='word_1_442' title='bbox 928 2694 1209 2750; x_wconf 87' lang='lat' dir='ltr'>baptismum</span> <span class='ocrx_word' id='word_1_443' title='bbox 1225 2692 1388 2736; x_wconf 90' lang='lat' dir='ltr'>Christi</span> <span class='ocrx_word' id='word_1_444' title='bbox 1407 2692 1563 2747; x_wconf 90' lang='lat' dir='ltr'>dabat,</span> <span class='ocrx_word' id='word_1_445' title='bbox 1587 2704 1678 2735; x_wconf 84' lang='lat' dir='ltr'>non</span> <span class='ocrx_word' id='word_1_446' title='bbox 1693 2697 1803 2735; x_wconf 87' lang='lat' dir='ltr'>sunt</span> <span class='ocrx_word' id='word_1_447' title='bbox 1819 2692 1987 2738; x_wconf 83' lang='lat' dir='ltr'>iterum</span> 
     </span>
     <span class='ocr_line' id='line_1_42' title="bbox 113 2751 1986 2814; baseline 0.001 -17"><span class='ocrx_word' id='word_1_448' title='bbox 113 2751 342 2808; x_wconf 88' lang='lat' dir='ltr'>baptizati,</span> <span class='ocrx_word' id='word_1_449' title='bbox 366 2758 449 2801; x_wconf 88' lang='lat' dir='ltr'>sed</span> <span class='ocrx_word' id='word_1_450' title='bbox 466 2763 744 2814; x_wconf 89' lang='lat' dir='ltr'>acceperunt</span> <span class='ocrx_word' id='word_1_451' title='bbox 758 2769 982 2802; x_wconf 90' lang='lat' dir='ltr'>manuum</span> <span class='ocrx_word' id='word_1_452' title='bbox 1002 2754 1345 2811; x_wconf 87' lang='lat' dir='ltr'>impositionem</span> <span class='ocrx_word' id='word_1_453' title='bbox 1366 2766 1449 2811; x_wconf 92' lang='lat' dir='ltr'>per</span> <span class='ocrx_word' id='word_1_454' title='bbox 1467 2755 1713 2810; x_wconf 87' lang='lat' dir='ltr'>apostolos,</span> <span class='ocrx_word' id='word_1_455' title='bbox 1737 2755 1858 2798; x_wconf 81' lang='lat' dir='ltr'>sicut</span> <span class='ocrx_word' id='word_1_456' title='bbox 1878 2754 1986 2812; x_wconf 88' lang='lat' dir='ltr'>bap-</span> 
     </span>
     <span class='ocr_line' id='line_1_43' title="bbox 114 2812 1347 2874; baseline 0.002 -17"><span class='ocrx_word' id='word_1_457' title='bbox 114 2812 237 2858; x_wconf 91' lang='lat' dir='ltr'>tizati</span> <span class='ocrx_word' id='word_1_458' title='bbox 260 2828 341 2871; x_wconf 89' lang='lat' dir='ltr'>per</span> <span class='ocrx_word' id='word_1_459' title='bbox 359 2818 619 2864; x_wconf 87' lang='lat' dir='ltr'>sacerdotes</span> <span class='ocrx_word' id='word_1_460' title='bbox 637 2820 968 2864; x_wconf 89' lang='lat' dir='ltr'>confirmantur</span> <span class='ocrx_word' id='word_1_461' title='bbox 990 2829 1073 2874; x_wconf 90' lang='lat' dir='ltr'>per</span> <span class='ocrx_word' id='word_1_462' title='bbox 1091 2816 1347 2872; x_wconf 89' lang='lat' dir='ltr'>episcopos.</span> 
     </span>
    </p>

    <p class='ocr_par' dir='ltr' id='par_1_9' title="bbox 111 2877 1985 3242">
     <span class='ocr_line' id='line_1_44' title="bbox 168 2877 1985 2940; baseline 0.001 -18"><span class='ocrx_word' id='word_1_463' title='bbox 168 2877 236 2923; x_wconf 84' lang='lat' dir='ltr'>Ad</span> <span class='ocrx_word' id='word_1_464' title='bbox 261 2880 503 2923; x_wconf 78' lang='lat' dir='ltr'>secundum</span> <span class='ocrx_word' id='word_1_465' title='bbox 533 2881 798 2938; x_wconf 89' lang='lat' dir='ltr'>dicendum,</span> <span class='ocrx_word' id='word_1_466' title='bbox 817 2882 957 2940; x_wconf 77' lang='lat' dir='ltr'>quod,</span> <span class='ocrx_word' id='word_1_467' title='bbox 992 2880 1111 2925; x_wconf 86' lang='lat' dir='ltr'>sicut</span> <span class='ocrx_word' id='word_1_468' title='bbox 1132 2878 1418 2935; x_wconf 85' lang='lat' dir='ltr'>Augustinus</span> <span class='ocrx_word' id='word_1_469' title='bbox 1447 2877 1558 2922; x_wconf 89' lang='lat' dir='ltr'>dicit</span> <span class='ocrx_word' id='word_1_470' title='bbox 1579 2877 1638 2922; x_wconf 87' lang='lat' dir='ltr'>ad</span> <span class='ocrx_word' id='word_1_471' title='bbox 1667 2877 1985 2925; x_wconf 82' lang='lat' dir='ltr'>seleucianum</span> 
     </span>
     <span class='ocr_line' id='line_1_45' title="bbox 115 2937 1984 3001; baseline 0.002 -19"><span class='ocrx_word' id='word_1_472' title='bbox 115 2937 271 2996; x_wconf 85' lang='lat' dir='ltr'>(epist.</span> <span class='ocrx_word' id='word_1_473' title='bbox 294 2942 391 2995; x_wconf 74' lang='lat'>265,</span> <span class='ocrx_word' id='word_1_474' title='bbox 416 2940 476 2984; x_wconf 90' lang='lat' dir='ltr'>al.</span> <span class='ocrx_word' id='word_1_475' title='bbox 499 2942 598 2997; x_wconf 88' lang='lat'>108,</span> <span class='ocrx_word' id='word_1_476' title='bbox 621 2943 668 2986; x_wconf 91' lang='lat' dir='ltr'>in</span> <span class='ocrx_word' id='word_1_477' title='bbox 689 2944 848 3001; x_wconf 71' lang='lat' dir='ltr'>med),</span> <span class='ocrx_word' id='word_1_478' title='bbox 867 2962 884 2981; x_wconf 75' lang='grc' dir='ltr'>«ι</span> <span class='ocrx_word' id='word_1_479' title='bbox 905 2941 1205 2997; x_wconf 86' lang='lat' dir='ltr'>intelligimus</span> <span class='ocrx_word' id='word_1_480' title='bbox 1237 2939 1490 2996; x_wconf 81' lang='lat' dir='ltr'>discipulos</span> <span class='ocrx_word' id='word_1_481' title='bbox 1510 2939 1673 2983; x_wconf 82' lang='lat' dir='ltr'>Christi</span> <span class='ocrx_word' id='word_1_482' title='bbox 1696 2939 1843 2985; x_wconf 86' lang='lat' dir='ltr'>fuisse</span> <span class='ocrx_word' id='word_1_483' title='bbox 1867 2941 1984 2999; x_wconf 91' lang='lat' dir='ltr'>bap-</span> 
     </span>
     <span class='ocr_line' id='line_1_46' title="bbox 114 2999 1983 3058; baseline 0.002 -14"><span class='ocrx_word' id='word_1_484' title='bbox 114 2999 274 3044; x_wconf 89' lang='lat' dir='ltr'>tizatos</span> <span class='ocrx_word' id='word_1_485' title='bbox 294 3001 390 3045; x_wconf 90' lang='lat' dir='ltr'>sive</span> <span class='ocrx_word' id='word_1_486' title='bbox 415 3002 644 3058; x_wconf 90' lang='lat' dir='ltr'>baptismo</span> <span class='ocrx_word' id='word_1_487' title='bbox 659 3005 847 3049; x_wconf 80' lang='lat' dir='ltr'>Joannis</span> <span class='ocrx_word' id='word_1_488' title='bbox 869 3005 1004 3058; x_wconf 87' lang='lat' dir='ltr'>(sicut</span> <span class='ocrx_word' id='word_1_489' title='bbox 1023 3002 1232 3047; x_wconf 87' lang='lat' dir='ltr'>nonnulli</span> <span class='ocrx_word' id='word_1_490' title='bbox 1255 3001 1569 3054; x_wconf 81' lang='lat' dir='ltr'>arbitrantur),</span> <span class='ocrx_word' id='word_1_491' title='bbox 1593 3002 1707 3056; x_wconf 89' lang='lat' dir='ltr'>sive,</span> <span class='ocrx_word' id='word_1_492' title='bbox 1733 3002 1858 3057; x_wconf 87' lang='lat' dir='ltr'>quod</span> <span class='ocrx_word' id='word_1_493' title='bbox 1881 3015 1983 3047; x_wconf 89' lang='lat' dir='ltr'>ma-</span> 
     </span>
     <span class='ocr_line' id='line_1_47' title="bbox 111 3061 1981 3121; baseline 0.003 -16"><span class='ocrx_word' id='word_1_494' title='bbox 111 3061 185 3115; x_wconf 73' lang='lat' dir='ltr'>gis</span> <span class='ocrx_word' id='word_1_495' title='bbox 208 3061 426 3106; x_wconf 87' lang='lat' dir='ltr'>credibile</span> <span class='ocrx_word' id='word_1_496' title='bbox 448 3067 534 3117; x_wconf 89' lang='lat' dir='ltr'>est,</span> <span class='ocrx_word' id='word_1_497' title='bbox 559 3063 790 3120; x_wconf 86' lang='lat' dir='ltr'>baptismo</span> <span class='ocrx_word' id='word_1_498' title='bbox 809 3066 970 3110; x_wconf 87' lang='lat' dir='ltr'>Christi</span> <span class='ocrx_word' id='word_1_499' title='bbox 993 3066 1084 3121; x_wconf 84' lang='lat'>(1):</span> <span class='ocrx_word' id='word_1_500' title='bbox 1109 3074 1259 3119; x_wconf 88' lang='lat' dir='ltr'>neque</span> <span class='ocrx_word' id='word_1_501' title='bbox 1278 3062 1403 3106; x_wconf 91' lang='lat' dir='ltr'>enim</span> <span class='ocrx_word' id='word_1_502' title='bbox 1434 3061 1691 3106; x_wconf 88' lang='lat' dir='ltr'>ministerio</span> <span class='ocrx_word' id='word_1_503' title='bbox 1716 3062 1981 3119; x_wconf 87' lang='lat' dir='ltr'>baptizandi</span> 
     </span>
     <span class='ocr_line' id='line_1_48' title="bbox 113 3122 1978 3182; baseline 0.002 -15"><span class='ocrx_word' id='word_1_504' title='bbox 113 3122 271 3176; x_wconf 84' lang='lat' dir='ltr'>defuit,</span> <span class='ocrx_word' id='word_1_505' title='bbox 290 3127 341 3166; x_wconf 86' lang='lat' dir='ltr'>ut</span> <span class='ocrx_word' id='word_1_506' title='bbox 355 3122 542 3168; x_wconf 88' lang='lat' dir='ltr'>haberet</span> <span class='ocrx_word' id='word_1_507' title='bbox 559 3124 815 3181; x_wconf 90' lang='lat' dir='ltr'>baptizatos</span> <span class='ocrx_word' id='word_1_508' title='bbox 834 3139 1008 3182; x_wconf 81' lang='lat' dir='ltr'>serVOS,</span> <span class='ocrx_word' id='word_1_509' title='bbox 1032 3138 1115 3181; x_wconf 90' lang='lat' dir='ltr'>per</span> <span class='ocrx_word' id='word_1_510' title='bbox 1136 3136 1255 3180; x_wconf 87' lang='lat' dir='ltr'>quos</span> <span class='ocrx_word' id='word_1_511' title='bbox 1275 3128 1468 3168; x_wconf 81' lang='lat' dir='ltr'>caeteros</span> <span class='ocrx_word' id='word_1_512' title='bbox 1491 3123 1757 3179; x_wconf 86' lang='lat' dir='ltr'>baptizaret,</span> <span class='ocrx_word' id='word_1_513' title='bbox 1780 3126 1860 3181; x_wconf 86' lang='lat' dir='ltr'>qui</span> <span class='ocrx_word' id='word_1_514' title='bbox 1885 3139 1978 3170; x_wconf 90' lang='lat' dir='ltr'>non</span> 
     </span>
     <span class='ocr_line' id='line_1_49' title="bbox 112 3183 1976 3242; baseline 0.002 -15"><span class='ocrx_word' id='word_1_515' title='bbox 112 3183 256 3228; x_wconf 89' lang='lat' dir='ltr'>defuit</span> <span class='ocrx_word' id='word_1_516' title='bbox 275 3185 584 3230; x_wconf 88' lang='lat' dir='ltr'>memorabilis</span> <span class='ocrx_word' id='word_1_517' title='bbox 613 3186 736 3231; x_wconf 91' lang='lat' dir='ltr'>illius</span> <span class='ocrx_word' id='word_1_518' title='bbox 756 3188 1026 3232; x_wconf 86' lang='lat' dir='ltr'>humilitatis</span> <span class='ocrx_word' id='word_1_519' title='bbox 1049 3185 1320 3239; x_wconf 88' lang='lat' dir='ltr'>ministerio,</span> <span class='ocrx_word' id='word_1_520' title='bbox 1343 3185 1532 3241; x_wconf 82' lang='lat' dir='ltr'>quando</span> <span class='ocrx_word' id='word_1_521' title='bbox 1555 3186 1621 3229; x_wconf 89' lang='lat' dir='ltr'>eis</span> <span class='ocrx_word' id='word_1_522' title='bbox 1642 3186 1784 3242; x_wconf 90' lang='lat' dir='ltr'>pedes</span> <span class='ocrx_word' id='word_1_523' title='bbox 1810 3188 1935 3231; x_wconf 90' lang='lat' dir='ltr'>lavit.</span> <span class='ocrx_word' id='word_1_524' title='bbox 1955 3207 1976 3227; x_wconf 76' lang='grc' dir='ltr'>»ι</span> 
     </span>
    </p>

    <p class='ocr_par' dir='ltr' id='par_1_10' title="bbox 163 3246 1982 3306">
     <span class='ocr_line' id='line_1_50' title="bbox 163 3246 1982 3306; baseline 0.002 -15"><span class='ocrx_word' id='word_1_525' title='bbox 163 3246 232 3291; x_wconf 89' lang='lat' dir='ltr'>Ad</span> <span class='ocrx_word' id='word_1_526' title='bbox 250 3250 430 3290; x_wconf 74' lang='lat' dir='ltr'>tertium</span> <span class='ocrx_word' id='word_1_527' title='bbox 449 3248 715 3305; x_wconf 80' lang='lat' dir='ltr'>dicendum,</span> <span class='ocrx_word' id='word_1_528' title='bbox 729 3249 868 3306; x_wconf 74' lang='lat' dir='ltr'>quod,</span> <span class='ocrx_word' id='word_1_529' title='bbox 889 3249 1009 3294; x_wconf 89' lang='lat' dir='ltr'>sicut</span> <span class='ocrx_word' id='word_1_530' title='bbox 1022 3249 1373 3303; x_wconf 89' lang='lat' dir='ltr'>Chrysostomus</span> <span class='ocrx_word' id='word_1_531' title='bbox 1393 3248 1502 3291; x_wconf 86' lang='lat' dir='ltr'>dicit</span> <span class='ocrx_word' id='word_1_532' title='bbox 1516 3249 1678 3304; x_wconf 86' lang='lat' dir='ltr'>(Super</span> <span class='ocrx_word' id='word_1_533' title='bbox 1696 3249 1846 3293; x_wconf 85' lang='lat' dir='ltr'>Matth.</span> <span class='ocrx_word' id='word_1_534' title='bbox 1866 3250 1982 3295; x_wconf 90' lang='lat' dir='ltr'>alius</span> 
     </span>
    </p>
   </div>
   <div class='ocr_carea' id='block_1_5' title="bbox 110 3341 1981 3478">
    <p class='ocr_par' dir='ltr' id='par_1_11' title="bbox 110 3341 1981 3478">
     <span class='ocr_line' id='line_1_51' title="bbox 150 3341 1981 3386; baseline 0.006 -12"><span class='ocrx_word' id='word_1_535' title='bbox 150 3341 194 3382; x_wconf 71' lang='lat'>(4)</span> <span class='ocrx_word' id='word_1_536' title='bbox 217 3342 266 3375; x_wconf 77' lang='lat' dir='ltr'>Ita</span> <span class='ocrx_word' id='word_1_537' title='bbox 292 3342 442 3377; x_wconf 81' lang='lat' dir='ltr'>sentiunt</span> <span class='ocrx_word' id='word_1_538' title='bbox 469 3343 526 3377; x_wconf 79' lang='lat' dir='ltr'>alii</span> <span class='ocrx_word' id='word_1_539' title='bbox 553 3345 679 3385; x_wconf 83' lang='lat' dir='ltr'>Patres,</span> <span class='ocrx_word' id='word_1_540' title='bbox 706 3345 833 3380; x_wconf 81' lang='lat' dir='ltr'>scilicet</span> <span class='ocrx_word' id='word_1_541' title='bbox 859 3344 1004 3380; x_wconf 81' lang='lat' dir='ltr'>Evodius</span> <span class='ocrx_word' id='word_1_542' title='bbox 1086 3343 1104 3376; x_wconf 62' lang='grc' dir='ltr'><strong>ἦ</strong></span> <span class='ocrx_word' id='word_1_543' title='bbox 1121 3341 1251 3376; x_wconf 79' lang='lat' dir='ltr'>Christo</span> <span class='ocrx_word' id='word_1_544' title='bbox 1266 3341 1471 3382; x_wconf 68' lang='lat' dir='ltr'>baptlzatum</span> <span class='ocrx_word' id='word_1_545' title='bbox 1485 3357 1494 3385; x_wconf 89' lang='grc'>;</span> <span class='ocrx_word' id='word_1_546' title='bbox 1510 3344 1528 3377; x_wconf 67' lang='lat'>3³</span> <span class='ocrx_word' id='word_1_547' title='bbox 1548 3344 1647 3377; x_wconf 62' lang='lat' dir='ltr'>Petro</span> <span class='ocrx_word' id='word_1_548' title='bbox 1662 3348 1774 3377; x_wconf 70' lang='lat' dir='ltr'>autem</span> <span class='ocrx_word' id='word_1_549' title='bbox 1789 3343 1981 3386; x_wconf 80' lang='lat' dir='ltr'>Andraeam,</span> 
     </span>
     <span class='ocr_line' id='line_1_52' title="bbox 114 3389 1924 3434; baseline 0.006 -12"><span class='ocrx_word' id='word_1_550' title='bbox 114 3389 339 3426; x_wconf 71' lang='lat' dir='ltr'>Antiochenus</span> <span class='ocrx_word' id='word_1_551' title='bbox 365 3402 416 3430; x_wconf 83' lang='lat' dir='ltr'>ap.</span> <span class='ocrx_word' id='word_1_552' title='bbox 435 3391 573 3432; x_wconf 86' lang='lat' dir='ltr'>Niceph.</span> <span class='ocrx_word' id='word_1_553' title='bbox 595 3392 657 3426; x_wconf 88' lang='lat' dir='ltr'>lib.</span> <span class='ocrx_word' id='word_1_554' title='bbox 670 3401 707 3434; x_wconf 77' lang='grc' dir='ltr'>ιι,</span> <span class='ocrx_word' id='word_1_555' title='bbox 728 3405 758 3427; x_wconf 92' lang='lat' dir='ltr'>c.</span> <span class='ocrx_word' id='word_1_556' title='bbox 772 3393 826 3433; x_wconf 81' lang='lat'>25,</span> <span class='ocrx_word' id='word_1_557' title='bbox 844 3397 877 3427; x_wconf 84' lang='lat' dir='ltr'>et</span> <span class='ocrx_word' id='word_1_558' title='bbox 898 3393 1003 3427; x_wconf 85' lang='lat' dir='ltr'>Clem.</span> <span class='ocrx_word' id='word_1_559' title='bbox 1085 3389 1245 3424; x_wconf 68' lang='lat' dir='ltr'>jacobum</span> <span class='ocrx_word' id='word_1_560' title='bbox 1264 3394 1298 3424; x_wconf 82' lang='lat' dir='ltr'>et</span> <span class='ocrx_word' id='word_1_561' title='bbox 1309 3391 1484 3434; x_wconf 84' lang='lat' dir='ltr'>Joannem,</span> <span class='ocrx_word' id='word_1_562' title='bbox 1499 3391 1540 3426; x_wconf 85' lang='lat' dir='ltr'>ab</span> <span class='ocrx_word' id='word_1_563' title='bbox 1557 3391 1609 3425; x_wconf 83' lang='lat' dir='ltr'>his</span> <span class='ocrx_word' id='word_1_564' title='bbox 1628 3391 1748 3425; x_wconf 75' lang='lat' dir='ltr'>deinde</span> <span class='ocrx_word' id='word_1_565' title='bbox 1766 3391 1924 3432; x_wconf 66' lang='lat' dir='ltr'>reH‘lUOS·</span> 
     </span>
     <span class='ocr_line' id='line_1_53' title="bbox 110 3437 1002 3478; baseline 0.007 -8"><span class='ocrx_word' id='word_1_566' title='bbox 110 3437 265 3471; x_wconf 78' lang='lat' dir='ltr'>Alexand.</span> <span class='ocrx_word' id='word_1_567' title='bbox 287 3438 373 3478; x_wconf 75' lang='lat' dir='ltr'>apud</span> <span class='ocrx_word' id='word_1_568' title='bbox 395 3439 727 3478; x_wconf 79' lang='lat' dir='ltr'>Sophron.addentes</span> <span class='ocrx_word' id='word_1_569' title='bbox 741 3440 849 3475; x_wconf 85' lang='lat' dir='ltr'>solum</span> <span class='ocrx_word' id='word_1_570' title='bbox 865 3441 1002 3476; x_wconf 84' lang='lat' dir='ltr'>Petrum</span> 
     </span>
    </p>
   </div>
   <div class='ocr_carea' id='block_1_6' title="bbox 283 3498 1824 3537">
    <p class='ocr_par' dir='ltr' id='par_1_12' title="bbox 283 3498 1824 3537">
     <span class='ocr_line' id='line_1_54' title="bbox 283 3498 1824 3537; baseline -0.001 -4"><span class='ocrx_word' id='word_1_571' title='bbox 283 3501 339 3537; x_wconf 84' lang='lat' dir='ltr'>Vl.</span> <span class='ocrx_word' id='word_1_572' title='bbox 1786 3498 1824 3531; x_wconf 79' lang='lat'>11</span> 
     </span>
    </p>
   </div>
  </div>
 </body>
</html>
