2170 3808
211 243 295 285 276
844 236 1044 288 QUAEST.
1074 236 1257 285 XXXIII,
1284 236 1401 278 ART.
1432 239 1482 278 11.

212 328 307 368 tam
327 321 635 378 quantitatem
659 318 709 362 in
732 329 818 362 sua
836 317 1029 361 materia
1042 318 1118 371 (1).
1137 316 1223 360 Sed
1238 316 1287 360 in
1301 316 1451 374 primo
1465 317 1654 361 instanti
1674 315 1990 372 conceptionis
2003 329 2107 362 cor-

211 397 302 444 pus
320 382 484 428 Christi
509 393 604 426 non
626 379 791 426 habuit
810 384 987 424 tantam
1010 379 1318 436 quantitatem
1335 383 1558 437 quantam
1579 379 1755 424 habent
1777 390 1972 435 corpora
1994 377 2107 435 alio-

211 458 318 492 rum
332 444 575 490 hominum
591 443 780 501 quando
800 442 1066 487 animantur
1083 454 1096 486 :
1117 441 1323 499 alioquin
1344 441 1384 486 si
1402 441 1621 487 continue
1635 441 1801 487 fuisset
1813 438 2108 498 postmodum

212 509 586 563 augmentatum,
607 505 683 550 vel
702 505 837 549 citius
857 503 1025 549 fuisset
1047 509 1227 560 natum,
1253 502 1327 548 vel
1347 503 1395 547 in
1415 515 1501 547 sua
1519 503 1758 548 nativitate
1779 502 1945 548 fuisset
1961 500 2109 559 majo-

212 568 278 614 ris
300 567 573 625 quantitatis
594 566 737 626 quam
751 566 828 612 alii
842 566 1045 611 infantes
1066 580 1077 608 =
1100 577 1299 623 quorum
1314 565 1516 622 primum
1534 570 1607 611 est
1623 569 1786 610 contra
1800 563 2109 620 Augustinum
2134 610 2136 621 ἶ

212 632 292 686 (De
314 630 473 676 Trinit.
494 629 573 676 lib.
595 642 655 687 iv,
680 642 783 687 cap.
805 631 867 686 5),
887 628 970 673 ubi
989 627 1156 686 probat
1175 640 1283 673 eum
1303 627 1453 685 spatio
1469 639 1638 674 novem
1658 627 1894 673 mensium
1909 625 1958 669 in
1979 629 2108 672 utero

212 691 411 749 Virginis
436 691 609 748 fuisse3
634 690 896 736 secundum
918 694 1075 734 autem
1097 694 1170 734 est
1197 693 1370 733 contra·
1385 690 1583 734 Leonem
1607 701 1776 747 papam
1790 722 1802 744 ,
1826 686 1906 744 qui
1934 686 1984 731 in
2008 699 2109 733 ser-

212 766 350 800 mone
369 754 635 812 Epiphaniae
655 756 696 806 (4
718 753 769 797 in
791 751 895 798 eod.
911 751 1047 808 festO,
1073 764 1176 808 cap.
1205 754 1249 806 3,
1273 751 1332 796 ad
1350 751 1467 807 fin.),
1487 751 1598 797 dicit
1625 751 1748 809 quod
1771 749 1885 806 Magi
1917 748 2110 795 invene-

213 823 325 863 runt
348 829 547 874 puerum
565 819 723 878 Jesum
744 833 765 854 «
783 815 832 859 in
862 815 992 859 nullo
1022 814 1081 859 ab
1101 815 1319 859 humanae
1347 813 1554 859 infantiae
1580 813 1879 872 generalitate
1905 811 2111 857 dissimi-

213 880 304 925 lem
326 883 403 934 (2).
429 899 450 918 »
475 882 574 924 Non
599 890 712 936 ergo
738 890 910 935 corpus
933 876 1098 922 Christi
1133 877 1219 921 fuit
1253 876 1508 921 animatum
1531 877 1579 920 in
1609 876 1759 933 primo
1789 873 1982 919 instanti
2013 886 2110 919 suae

213 941 550 998 conceptionis.
926 951 930 955 ·

268 1009 310 1050 3.
341 1007 584 1061 Praeterea,
607 1002 894 1059 ubicumque
917 1005 989 1047 est
1014 1001 1145 1058 prius
1174 1005 1220 1046 et
1243 999 1496 1057 posterius,
1522 1003 1704 1057 oportet
1721 1012 1824 1044 esse
1847 999 1984 1057 plura
2009 998 2111 1044 ins-

214 1067 375 1112 tantia.
402 1065 491 1111 Sed
522 1065 786 1111 secundum
806 1063 1137 1121 Philosophum
1171 1066 1248 1119 (De
1280 1062 1579 1119 generatione
1610 1062 1910 1118 animalium,
1932 1060 2013 1107 lib.
2049 1074 2108 1120 11,

214 1141 315 1185 cap.
341 1131 384 1182 3,
405 1127 515 1173 circ.
544 1126 694 1185 princ.
715 1131 762 1173 et
789 1139 892 1184 cap.
920 1130 963 1183 4,
990 1127 1051 1173 ad
1071 1127 1172 1181 fin.)
1188 1160 1201 1182 ,
1226 1126 1273 1170 in
1304 1125 1606 1184 generatione
1627 1124 1828 1170 hominis
1859 1123 2112 1181 requiritur

213 1190 345 1248 prius
358 1195 406 1235 et
418 1189 670 1248 posterius,
685 1188 816 1246 prius
831 1188 956 1233 enim
980 1192 1053 1233 est
1069 1189 1245 1245 vivum,
1263 1191 1307 1233 et
1320 1191 1481 1245 postea
1500 1187 1697 1240 animal,
1711 1189 1759 1232 et
1775 1189 1936 1244 postea
1953 1185 2108 1230 homo.
2164 1241 2170 1244 γ

214 1255 333 1307 Ergo
347 1265 439 1296 non
458 1252 608 1308 potuit
625 1250 844 1296 animatio
855 1250 1018 1296 Christi
1033 1248 1191 1308 perfici
1207 1251 1255 1295 in
1270 1250 1420 1307 primo
1439 1250 1632 1295 instanti
1663 1261 1761 1294 suae
1775 1247 2107 1305 conceptionis.

270 1314 357 1359 Sed
376 1319 539 1358 contra
561 1318 633 1359 est
649 1313 774 1370 quod
793 1316 1109 1359 Damascenus
1127 1312 1239 1358 dicit
1256 1313 1396 1364 (Orth.
1417 1309 1498 1357 fid.
1520 1312 1602 1357 lib.
1624 1325 1686 1366 111,
1704 1324 1807 1368 cap.
1825 1314 1868 1368 2,
1888 1309 1917 1354 a
1934 1309 2076 1361 med.)
2094 1322 2107 1354 :

217 1395 238 1414 «
253 1376 399 1421 Simul
419 1388 545 1433 caro,
568 1375 710 1420 simul
730 1375 807 1420 Dei
831 1374 966 1420 Verbi
984 1387 1092 1419 caro
1111 1387 1125 1419 t
1147 1374 1287 1419 simul
1310 1387 1417 1419 caro
1437 1374 1640 1418 animata
1656 1372 1814 1417 anima
1832 1371 2044 1417 rationali
2065 1375 2111 1416 et

216 1438 533 1484 intellectuali.
562 1457 581 1477 »

261 1506 555 1547 CONCLUSIO.
579 1527 626 1534 -
644 1504 750 1545 Cum
767 1504 899 1544 Filius
918 1505 991 1544 Dei
1013 1508 1232 1555 conceptus
1252 1504 1374 1544 fuerit
1392 1504 1441 1544 de
1463 1504 1620 1556 Spiritu
1638 1506 1800 1552 sancto,
1818 1502 1878 1542 ita
1899 1505 1947 1541 ut
1964 1512 2112 1553 corpus

214 1563 421 1603 mediante
443 1562 586 1601 anima
606 1559 896 1611 assumpserit,
916 1571 1065 1611 corpus
1082 1560 1172 1611 ejus
1194 1560 1238 1599 in
1264 1559 1439 1599 instanti
1465 1570 1549 1599 suae
1578 1557 1856 1610 conceptionis
1876 1557 2113 1597 animatum
2167 1596 2170 1600 Α

214 1618 295 1658 fuit
315 1618 456 1658 anima
475 1615 681 1656 rationali.
1512 1621 1516 1637 ¹

270 1678 542 1736 Respondeo
563 1677 814 1723 dicendum
832 1676 958 1734 quod
976 1677 1036 1722 ad
1052 1678 1141 1721 hoc
1159 1675 1285 1733 quod
1299 1676 1539 1733 conceptio
1554 1676 1643 1733 ipsi
1660 1675 1772 1720 Filio
1791 1673 1870 1719 Dei
1887 1673 2112 1719 attribua-

214 1747 306 1799 tur,
329 1742 444 1786 utin
466 1739 686 1798 Symbolo
705 1739 983 1784 confitemur
1000 1738 1209 1783 dicentes
1230 1750 1241 1779 ε
1266 1740 1354 1795 Qui
1373 1741 1607 1793 conceptus
1627 1740 1695 1781 est
1715 1737 1772 1781 de
1787 1736 1963 1792 Spiritu
1980 1749 2112 1780 sanc-

213 1809 274 1862 to,
295 1816 489 1850 necesse
511 1807 583 1848 est
601 1802 756 1848 dicere
774 1801 898 1859 quod
919 1801 1074 1858 ipsum
1092 1813 1262 1857 corpus
1285 1800 1468 1858 Christi,
1489 1800 1602 1845 dum
1627 1798 1966 1857 conciperetur,
1988 1803 2114 1845 esset

214 1866 241 1910 a
262 1866 412 1911 Verbo
430 1865 509 1910 Dei
528 1867 842 1920 assumptum.
862 1865 1112 1908 ostensum
1131 1869 1202 1907 est
1216 1866 1374 1907 autem
1391 1874 1533 1918 supra
1553 1863 1735 1918 (quaest.
1757 1874 1818 1919 vi,
1835 1865 1923 1905 art.
1942 1863 1964 1906 1
1985 1866 2032 1906 et
2049 1863 2109 1919 Ξ),

213 1927 341 1986 quod
356 1927 557 1972 Verbum
573 1926 651 1971 Dei
669 1925 923 1982 assumpsit
936 1937 1124 1982 corpuS,
1140 1924 1373 1969 mediante
1385 1924 1563 1978 anima3
1580 1927 1628 1969 et
1641 1923 1862 1977 animam,
1879 1923 2112 1970 mediante

213 1989 396 2048 spiritu,
421 1988 468 2034 id
487 1992 575 2043 est,
597 1987 852 2032 intellectu.
876 1987 1005 2032 Unde
1027 1987 1233 2043 oportuit
1254 1985 1376 2042 qued
1403 1986 1448 2030 in
1470 1985 1621 2042 primo
1635 1984 1829 2029 instanti
1848 1987 2112 2043 conceptio·

213 2051 287 2096 nis
307 2063 479 2108 corpus
500 2050 668 2094 Christi
688 2054 813 2094 esset
833 2049 1092 2094 animatum
1122 2049 1281 2093 anima
1303 2047 1531 2092 rationali.

267 2113 338 2158 Ad
359 2116 560 2168 primum
580 2124 692 2167 ergo
714 2112 965 2158 dicendum
980 2145 993 2168 ,
1022 2110 1149 2168 quod
1178 2110 1458 2168 principium
1490 2108 1807 2166 inspirationis
1829 2108 2000 2153 animae
2029 2122 2111 2167 po-

215 2179 304 2220 test
325 2173 611 2218 considerari
633 2173 896 2230 dupliciter.
924 2175 1022 2218 Uno
1041 2173 1180 2217 modo
1209 2172 1470 2216 secundum
1497 2170 1846 2227 dispositionem
1869 2172 2077 2228 corporis
2097 2187 2110 2215 ε

213 2240 260 2281 et
277 2236 346 2281 sic
370 2248 464 2279 non
487 2235 547 2280 ab
571 2235 662 2280 alio
685 2235 913 2292 principio
932 2235 1157 2291 inspirata
1176 2240 1250 2278 est
1266 2234 1423 2278 anima
1448 2232 1629 2289 corpori
1649 2232 1814 2278 Christi
1843 2237 1891 2277 et
1912 2234 2112 2291 corpori-

212 2297 304 2342 bus
323 2297 523 2341 aliorum
545 2296 817 2354 hominum,
841 2296 962 2342 sicut
982 2296 1109 2342 enim
1129 2296 1285 2341 statim
1306 2297 1505 2340 formato
1525 2307 1718 2351 corpore
1737 2294 1928 2340 alterius
1957 2296 2110 2341 homi-

216 2359 287 2404 nis
306 2358 571 2404 infunditur
590 2358 763 2412 anima,
787 2359 850 2403 ita
872 2359 960 2403 fuit
979 2359 1027 2403 in
1047 2359 1244 2403 Christo.
1265 2359 1362 2404 Alio
1382 2358 1521 2403 modo
1539 2362 1694 2415 potest
1712 2357 1998 2403 considerari
2020 2358 2111 2403 d‘ic-
2168 2391 2170 2395 s

214 2426 314 2466 tum
336 2420 619 2478 principium
639 2420 793 2466 solum
812 2422 1073 2465 secundum
1101 2426 1288 2477 tempus
1310 2425 1393 2465 :et
1415 2420 1483 2464 sic
1504 2421 1614 2477 quia
1634 2420 1765 2477 prius
1787 2425 1994 2476 tempore
2013 2421 2111 2466 sor-

213 2487 392 2528 matum
421 2482 507 2527 fuit
530 2482 735 2540 perfecte
757 2495 927 2540 corpus
949 2483 1142 2539 Christi,
1164 2483 1293 2540 prius
1317 2489 1524 2539 tempore
1555 2482 1643 2526 fuit
1664 2481 1804 2527 etiam
1833 2482 2107 2529 animatum.

268 2546 335 2591 Ad
354 2547 600 2590 secundum
623 2545 874 2591 dicendum
890 2578 903 2602 ,
927 2544 1055 2602 qued
1084 2545 1238 2589 anima
1266 2545 1459 2602 requirit
1486 2544 1689 2590 debitam
1721 2545 2027 2602 quantitatem
2059 2546 2109 2591 in

213 2607 406 2653 materia
443 2607 518 2652 cui
548 2607 832 2664 infunditur3
865 2608 949 2652 sed
978 2607 1067 2652 ista
1100 2608 1337 2664 quantitas
1358 2606 1613 2665 quamdam
1645 2607 1937 2652 latitudinem
1951 2608 2106 2663 habet,

213 2670 323 2727 quia
342 2673 390 2715 et
410 2669 456 2713 in
478 2668 644 2727 majori
663 2674 711 2714 et
730 2669 779 2713 in
800 2668 970 2714 minori
988 2669 1250 2726 quantitate
1269 2669 1489 2714 salvatur.
1511 2669 1750 2723 Quantitas
1770 2674 1928 2713 autem
1945 2681 2109 2727 corpo·

211 2732 292 2790 ris,
319 2744 461 2788 quam
482 2731 622 2776 habet
641 2735 749 2776 cum
773 2732 921 2789 primo
942 2731 1029 2776 sibi
1050 2731 1311 2776 infunditur
1330 2731 1503 2788 anima,
1525 2732 1899 2788 proportionatur
1919 2732 2108 2789 quanti·
2158 2745 2165 2784 j

216 2794 294 2839 tati
320 2795 538 2850 perfectae
561 2794 622 2839 ad
644 2806 786 2851 quam
808 2807 892 2851 per
909 2798 1217 2849 augmentum
1246 2794 1508 2851 perveniet3
1534 2793 1598 2838 ita
1620 2794 1794 2838 scilicet
1809 2792 1936 2850 quod
1959 2794 2108 2854 majo-

211 2867 318 2900 rum
337 2854 580 2900 hominum
598 2868 793 2914 corpora
811 2856 1036 2914 maJ'orem
1052 2856 1358 2914 quantitatem
1377 2856 1551 2901 habent
1573 2856 1619 2900 in
1640 2856 1791 2913 prima
1807 2856 2104 2904 animatione.
2164 2886 2167 2887 ν

211 2918 421 2963 Christus
439 2923 597 2963 autem
617 2917 666 2962 in
688 2919 892 2976 perfecta
911 2924 1045 2965 aetate
1068 2919 1228 2964 habuit
1247 2919 1491 2965 decentem
1511 2924 1558 2964 et
1576 2918 1859 2964 mediocrem
1874 2920 2105 2977 quantita-

212 2982 324 3035 tem,
346 2980 423 3025 cui
446 2980 886 3038 proportionabatur
909 2981 1148 3040 quantitas
1169 2994 1312 3039 quam
1331 2995 1500 3039 corpus
1520 2981 1623 3039 eJus
1651 2981 1812 3026 hahuit
1829 2981 1878 3026 in
1900 2987 2106 3041 tempore

211 3051 307 3097 quo
330 3041 526 3085 aliorum
548 3042 790 3088 hominum
809 3056 1002 3101 corpora
1018 3044 1301 3098 animantur,
1317 3044 1544 3090 minorem
1566 3048 1722 3089 tamen
1738 3043 1899 3089 habuit
1911 3043 1960 3088 in
1975 3043 2106 3102 prin-

212 3102 333 3160 cipio
348 3115 448 3148 suae
461 3105 781 3162 conceptionis
794 3121 808 3163 ς
822 3107 906 3152 sed
922 3112 1074 3152 tamen
1095 3106 1174 3151 illa
1192 3119 1335 3164 parva
1355 3107 1593 3164 quantitas
1606 3119 1702 3151 non
1719 3111 1819 3151 erat
1834 3113 1929 3152 tam
1943 3119 2100 3166 parva,

211 3164 332 3210 utin
356 3177 411 3210 ea
434 3179 526 3210 non
557 3173 715 3224 posset
748 3169 987 3214 rationalis
1018 3171 1174 3213 anima
1204 3170 1502 3226 conservari,
1538 3170 1646 3214 cum
1680 3169 1727 3214 in
1749 3169 1828 3214 tali
1848 3170 2102 3227 quantitate

212 3227 521 3284 quorumdam
541 3242 791 3285 parvorum
813 3232 1055 3276 hominurn
1077 3245 1269 3289 corpora
1295 3232 1558 3277 animentur
1579 3233 1650 3286 (3).

236 3335 298 3391 ⁸(l)
311 3336 349 3371 Id
363 3343 426 3390 est,
443 3337 478 3370 iu
499 3339 640 3371 materia
660 3352 759 3380 quam
778 3341 950 3382 informat,
970 3347 1007 3377 ut
1025 3341 1117 3376 colli·
1242 3344 1286 3384 (5)
1307 3343 1428 3386 Quales
1454 3342 1505 3376 illi
1533 3354 1615 3383 quos
1648 3353 1766 3377 ‘nanos
1798 3342 2022 3384 appellamus,
2055 3341 2102 3376 ait

213 3388 308 3438 gitur
323 3396 360 3418 cx
378 3383 466 3419 libro
480 3394 493 3420 1
514 3385 644 3426 physic.
666 3393 747 3422 text.
764 3390 806 3423 56
818 3401 855 3423 ac
871 3390 1036 3432 deinceps.
1173 3416 1179 3422 .
1201 3391 1346 3432 Nicolai,
1365 3392 1462 3425 anon
1473 3389 1651 3424 crescendo
1667 3391 1772 3430 graece
1787 3390 1833 3424 ita
1842 3390 1970 3425 dictos:
1988 3388 2102 3429 quales

255 3431 298 3472 (2)
319 3432 368 3485 lta
396 3433 472 3467 Mss.
489 3437 522 3468 et
539 3434 623 3468 edit.
642 3435 793 3470 melioris
817 3444 902 3471 notae
928 3449 1003 3472 cum
1026 3445 1116 3472 textu
1201 3438 1304 3472 etiam
1336 3450 1419 3479 quos
1446 3440 1464 3472 ὲ
1489 3438 1604 3472 cubito
1635 3438 1733 3476 graeci
1777 3448 1940 3479 pygmaeos
1966 3441 2098 3476 vocant.

212 3478 247 3513 S·
264 3478 398 3514 Leonis·
414 3479 481 3520 Al„
497 3480 707 3516 ἀῗδΐΐέἔὶίηι-
1201 3487 1281 3529 quia
1304 3485 1411 3520 cubiti
1438 3486 1708 3526 magnitudinem
1727 3498 1796 3521 non
1822 3485 1996 3520 excedunt.
