2170 3808
155 202 242 245 342
829 196 1031 247 QUAEST.
1059 196 1169 248 XLI,
1199 196 1320 238 ART.
1345 197 1378 239 1.

157 281 426 339 inse-teret,
447 280 649 337 qualiter
674 276 845 324 diaboli
874 277 1156 321 tentationes
1176 277 1450 322 vincamus:
1474 277 1603 323 unde
1631 277 1921 333 Augustinus
1940 279 2050 328 dicit

158 345 248 399 (De
277 344 398 388 irin.
433 343 514 386 lib.
536 356 594 396 ιν,
621 353 723 397 cap.
751 342 823 396 13,
857 339 1084 396 aliquant.
1108 339 1132 381 a
1155 339 1340 396 princ),
1360 339 1484 396 quod
1520 357 1542 378 ιι
1570 340 1777 384 Christus
1799 340 2046 390 diabolose

157 405 428 450 tentandum
446 403 660 461 praebuit,
684 407 736 447 ut
750 403 810 447 ad
832 401 1125 459 superandas
1138 401 1415 446 tentationes
1431 401 1534 459 eJus
1548 402 1773 446 mediator
1795 408 1940 456 esset,
1953 414 2046 449 non

156 467 306 511 solum
326 478 410 523 per
424 465 724 522 adjtitorium,
747 467 911 508 verum
928 463 1070 508 etiam
1094 475 1177 520 per
1207 462 1488 519 exemplum.
1507 482 1528 503 »
1551 463 1741 517 Quarto,
1765 469 1818 507 ut
1838 463 1973 509 nobis
1995 465 2050 510 fl-

156 527 341 574 duciam
370 527 426 572 de
447 541 532 572 sua
557 527 872 572 misericordia
898 526 1172 582 largiretur3
1206 524 1334 569 unde
1355 524 1524 570 dicitur
1546 524 1789 581 (Hehr.1v‚
1817 528 1926 581 15):
1948 529 2048 571 Nom

155 589 367 633 habemus
382 591 638 646 pontificem
669 592 746 646 qui
759 603 848 633 non
863 591 1011 645 possit
1028 590 1228 644 compati
1251 588 1591 640 infirmitatibus
1614 591 1798 643 nostris,
1827 591 2048 633 tentatum

154 655 308 696 autem
331 665 413 709 per
430 666 498 695 om
506 655 584 695 nia
606 666 692 708 pro
709 651 1012 695 similitudine
1029 651 1195 706 absque
1209 653 1397 706 peccato
1420 653 1496 705 (1).

210 714 276 759 Ad
295 717 493 771 primum
516 726 627 770 ergo
647 713 912 769 dicendum,
934 712 1076 769 quod,
1092 712 1214 757 sicut
1231 711 1524 768 Augustinus
1536 711 1645 757 dicit
1657 713 1739 767 (De
1756 709 1940 756 civitate
1950 713 2048 772 Dei,
2109 761 2112 763 ,

160 774 236 820 tib.
264 790 322 832 ix,
343 789 445 834 cap.
465 780 538 831 21,
554 777 582 821 ἐι
603 777 788 833 princ),
813 793 833 813 «
856 774 1063 819 Christus
1077 775 1259 819 tantum
1280 774 1482 818 innotuit
1501 773 1806 832 daemonibu8‚
1821 774 2047 830 quantum

158 837 318 894 voluit,
349 851 440 882 non
468 851 551 894 per
570 837 618 883 id
647 836 774 895 quod
795 840 867 882 est
886 837 982 881 vita
1000 842 1191 892 aeterna,
1215 835 1295 880 sed
1328 849 1411 892 per
1428 837 1640 893 quaedam
1660 835 1934 893 temporalia
1950 848 2048 882 suae

155 899 341 944 virtutis
373 900 554 955 effecta,
574 919 594 938 υ
620 911 680 944 ex
715 898 888 955 quibus
919 899 1172 955 quamdam
1206 897 1523 954 conjecturam
1556 898 1789 943 habebant
1819 897 2047 944 Christum

156 973 261 1006 esse
280 962 442 1006 Filium
462 961 555 1006 Dei.
575 961 663 1006 Sed
679 962 789 1017 quia
806 964 970 1006 rursus
989 961 1036 1005 in
1065 974 1122 1007 eo
1141 961 1356 1018 quaedam
1376 961 1511 1017 signa
1528 960 1746 1005 humanae
1769 959 2048 1008 infirmitatis

156 1022 393 1079 videbant,
418 1036 510 1066 non
536 1035 619 1081 pro
635 1028 751 1067 cert(
794 1022 1140 1079 cognoscebant
1171 1035 1280 1068 enm
1307 1034 1412 1067 esse
1433 1022 1595 1066 Filium
1624 1022 1718 1077 Dei,
1739 1027 1784 1067 et
1805 1022 1910 1067 ideo
1939 1034 2046 1068 eum

158 1088 336 1129 tentare
368 1085 631 1130 voluerunt
667 1087 721 1130 Et
741 1085 830 1129 hoc
852 1085 1447 1142 significatu1·(Matth.1v),
1482 1083 1563 1128 ubi
1593 1083 1761 1128 dicitur
1778 1084 1904 1141 quod
1923 1088 2049 1142 post·

156 1160 294 1202 quam
327 1151 502 1207 esuriit,
533 1150 724 1191 accessit
755 1150 959 1191 tentator
981 1148 1192 1191 adeum:
1216 1147 1343 1204 quia,
1365 1151 1419 1191 ut
1446 1145 1645 1191 Hilarius
1674 1146 1786 1191 dicit
1811 1147 1915 1202 (loc.
1939 1159 2046 1220 sup.

156 1208 234 1253 cit.
237 1212 324 1265 ),ιι
305 1215 527 1255 «tentare
550 1203 783 1255 Christum
805 1209 1019 1254 diabolus
1049 1222 1142 1254 non
1167 1209 1332 1254 fuisset
1351 1221 1511 1264 ausus,
1535 1207 1625 1253 nisi
1646 1208 1693 1252 in
1721 1221 1781 1253 eo
1794 1221 1877 1266 per
1898 1210 2051 1255 esuri·

158 1270 297 1316 tionis
315 1269 647 1328 infirmiwtatem
667 1284 773 1329 quae
794 1277 906 1316 sunt
930 1272 1131 1316 hominis
1149 1274 1560 1328 recognosceret.»
1540 1273 1638 1314 »Et
1656 1271 1744 1314 hoc
1767 1271 1905 1315 etiam
1923 1275 2050 1328 patet

157 1346 216 1378 ex
237 1333 340 1390 ipso
359 1335 503 1379 modo
526 1335 752 1391 tentandi,
772 1335 881 1379 cum
911 1334 1050 1379 dixit:
1077 1337 1127 1378 Si
1158 1335 1305 1377 Filius
1331 1337 1415 1376 Dei
1431 1346 1494 1390 es,
1521 1333 1645 1390 quod
1668 1346 1909 1390 exponens
1936 1338 2046 1380 Am-

157 1395 341 1441 brosius
359 1397 469 1442 dicit
491 1400 504 1451 (
513 1400 647 1442 Lucae
662 1398 802 1451 1v)·
780 1396 940 1450 «Quid
967 1396 1057 1440 sihi
1084 1397 1184 1441 vult
1203 1396 1311 1440 talis
1327 1395 1557 1440 sermonis
1577 1400 1802 1440 exorsus?
1830 1395 1918 1440 nisi
1938 1396 2047 1454 quia

156 1464 440 1514 cognoverat
460 1459 538 1503 Dei
560 1459 723 1503 Filium
741 1470 850 1503 esse
872 1462 1145 1516 venturum,
1167 1458 1250 1503 sed
1277 1458 1464 1503 venisse
1492 1469 1576 1514 per
1595 1457 1717 1501 hanc
1733 1454 2045 1504 infirmitatem

156 1522 427 1578 corporibus
448 1534 541 1565 non
561 1520 770 1578 putabat.
790 1530 810 1559 ἰ

213 1584 277 1627 Ad
300 1584 543 1626 secundum
561 1583 625 1628 di(
626 1583 828 1634 endum,
851 1582 979 1640 quod
998 1583 1204 1627 Christus
1222 1551 1415 1626 venerat
1431 1580 1686 1627 dissolvere
1704 1593 1845 1637 opera
1859 1581 2046 1640 diaboii,

157 1657 249 1688 non
275 1645 552 1702 potestative
580 1645 779 1702 agendQ
805 1645 889 1690 sed
911 1644 1062 1702 magis
1080 1644 1139 1688 ab
1154 1655 1209 1688 eo
1226 1648 1272 1687 et
1292 1642 1399 1700 ejus
1410 1643 1632 1688 membris
1653 1641 1893 1700 patiend03
1909 1647 1963 1688 ut
1979 1644 2049 1690 sic

156 1706 403 1751 diabolum
417 1707 623 1751 vinceret
641 1706 839 1763 Justitia‚
856 1719 950 1751 non
970 1710 1224 1764 potestate·
1215 1740 1227 1761 ‚
1246 1705 1368 1750 sicut
1389 1705 1678 1762 Augustinus
1695 1705 1806 1749 dicit
1829 1707 1910 1758 (De
1923 1706 2045 1752 Trin.

156 1767 234 1822 lib.
257 1783 345 1824 xm,
371 1782 472 1826 cap.
498 1772 569 1825 13,
590 1769 638 1812 in
662 1770 849 1826 princ),
871 1769 997 1826 quod
1024 1786 1046 1807 ιι
1062 1767 1275 1814 diabolus
1307 1781 1399 1812 non
1431 1767 1636 1824 potentia
1654 1767 1748 1824 Dei,
1773 1767 1856 1812 sed
1868 1767 2048 1824 J'ustitia

157 1832 456 1888 superandus
475 1833 577 1876 suit.
598 1850 619 1869 ιι
657 1835 710 1876 Et
739 1832 844 1877 ideo
874 1831 998 1876 circa
1022 1831 1324 1876 tentationem
1355 1830 1518 1875 Christi
1547 1828 1937 1874 considerandum
1958 1838 2051 1890 est,
2101 1847 2106 1852 ·
2163 1816 2170 1822 γ’

155 1893 267 1950 quid
288 1893 474 1951 proprie
490 1894 733 1939 voluntate
743 1894 867 1951 fecit,
885 1899 931 1939 et
950 1894 1063 1951 quid
1080 1893 1107 1938 a
1125 1893 1311 1939 diaholo
1333 1905 1502 1950 passus
1518 1892 1622 1937 fuit.
1648 1891 1779 1945 Quod
1799 1892 1927 1938 enim
1952 1898 2052 1939 ten-

156 1956 288 2000 tatori
314 1969 365 2002 se
384 1957 586 2012 offerret,
613 1957 699 2001 fuit
719 1957 918 2014 propriae
936 1956 1217 2012 voluntatis,
1241 1956 1369 2001 unde
1387 1955 1554 2001 dicitur
1579 1954 1752 2010 (Matth.
1771 1957 1856 2008 iv):
1878 1959 2052 2001 Ductus

156 2021 221 2061 est
246 2022 374 2061 Jesus
399 2022 446 2061 in
475 2020 700 2062 desertum
722 2021 750 2062 ὰ
781 2022 972 2077 Spiritu,
1005 2022 1329 2063 attentaretur
1357 2019 1387 2060 ὰ
1417 2017 1628 2061 diabolo:
1654 2017 1779 2074 quod
1802 2018 2047 2074 Gregorius

72 2082 74 2085 ’
157 2079 298 2131 (hom.
323 2094 391 2123 xvi
414 2080 458 2124 in
483 2083 659 2135 Evang.
683 2081 710 2124 a
727 2080 892 2138 princ.)
914 2080 1268 2139 intelligendum
1299 2079 1410 2125 dicit
1427 2080 1486 2124 de
1506 2078 1674 2136 Spiritu
1697 2083 1873 2136 saneto,
1891 2085 1946 2124 ut
1961 2080 2051 2125 sci-

159 2142 263 2186 licet
290 2160 310 2180 ιι
332 2142 443 2187 illuc
465 2155 573 2187 eum
601 2143 796 2200 Spiritus
830 2156 947 2188 suus
970 2144 1177 2196 duceret,
1216 2142 1294 2187 ubi
1318 2154 1427 2186 eum
1457 2141 1516 2186 ad
1550 2141 1826 2186 tentandum
1855 2141 2050 2198 spiritus

157 2203 392 2260 malignus
415 2205 659 2249 inveniret.
680 2224 700 2244 υ
726 2205 813 2250 Sed
834 2205 864 2249 a
890 2205 1076 2250 diabolo
1106 2217 1276 2262 passus
1305 2208 1446 2248 estut
1467 2207 1784 2248 assumeretur
1802 2203 1878 2248 vel*
1905 2216 2047 2262 supra

156 2265 459 2322 pinnaculum
478 2267 655 2322 templi,
679 2266 753 2311 vel
775 2267 914 2311 etiam
934 2267 982 2311 in
1002 2274 1208 2311 montem
1234 2266 1467 2311 exceisum
1486 2265 1634 2310 valde.
1655 2268 1747 2310 Nec
1766 2270 1838 2310 est
1855 2266 2043 2325 mirum,

156 2331 209 2371 ut
229 2328 475 2383 Gregorius
494 2328 604 2372 dicit
635 2329 800 2385 (ἰωὰ),
827 2347 848 2366 ιι
873 2329 912 2373 si
946 2342 998 2374 se
1020 2329 1178 2374 abillo
1210 2328 1417 2384 permisit
1439 2327 1490 2372 in
1511 2333 1719 2372 montem
1738 2327 1863 2384 duci,
1885 2328 1966 2385 qni
1995 2342 2046 2376 se

156 2389 367 2445 permisit
391 2388 418 2433 a
437 2389 661 2434 membris
684 2389 834 2447 ipsius
850 2391 1075 2446 crucifigi.
1093 2409 1114 2430 ι»
1136 2390 1410 2445 Intelligitur
1422 2394 1577 2434 autem
1589 2389 1617 2432 a
1629 2388 1811 2434 diaholo
1828 2402 2052 2449 assump-
2135 2414 2137 2424 ‹

157 2454 250 2507 tus,
289 2463 382 2495 non
419 2451 552 2507 quasi
587 2464 644 2496 ex
668 2452 966 2506 necessitate;
1003 2452 1087 2496 sed
1120 2451 1246 2509 quia,
1275 2456 1328 2495 ut
1356 2452 1578 2507 Origenes
1606 2450 1716 2495 dicit
1737 2452 1911 2508 (Super
1937 2454 2043 2500 Luc.

158 2513 318 2559 homil.
355 2528 469 2570 xxxi,
498 2515 543 2558 in
566 2514 713 2571 princ.
723 2516 795 2581 ),ι
793 2514 1106 2572 ‹sequebatur
1138 2527 1246 2560 eum
1267 2514 1329 2560 ad
1358 2515 1677 2571 tentationem,
1711 2515 1848 2571 quasi
1873 2515 2049 2562 athleta

157 2578 327 2635 sponte
347 2577 665 2633 procedens.

211 2640 277 2686 Ad
311 2643 491 2683 tertiam
526 2638 800 2697 dicendum,
824 2638 966 2699 quod,
996 2640 1118 2684 sicut
1139 2638 1389 2696 Apostolus
1407 2638 1518 2684 dicit
1539 2638 1691 2693 (Hebr.
1717 2640 1776 2693 w)
1796 2654 1813 2682 ε
1836 2641 2048 2685 Christus

156 2704 205 2747 in
221 2702 423 2747 omnibus
451 2705 622 2746 temari
640 2702 784 2745 voluit
798 2702 968 2757 absque
979 2705 1181 2759 peccato,
1206 2701 1414 2746 Tentatio
1432 2706 1589 2746 autem
1610 2713 1718 2757 quae
1734 2705 1805 2746 est
1819 2701 1880 2746 ab
1895 2701 2048 2759 hoste,

155 2769 309 2822 potest
326 2775 435 2808 esse
451 2763 555 2808 sine
571 2768 778 2820 peccato,
796 2763 907 2820 quia
926 2763 979 2808 fit
992 2776 1075 2820 per
1088 2763 1237 2808 solam
1254 2763 1528 2808 exteriorem
1547 2763 1913 2820 suggestionem.
1928 2765 2049 2808 Ten-

157 2826 267 2871 tatio
286 2831 441 2870 autem
466 2838 573 2883 quae-
593 2830 666 2871 est
683 2826 712 2871 ὲ
732 2838 892 2882 carne,
909 2838 1003 2870 non
1026 2831 1180 2883 potest
1198 2838 1303 2871 esse
1325 2825 1428 2870 sine
1448 2830 1638 2882 peccato
1662 2827 1743 2880 (2);
1764 2825 1874 2882 quia
1890 2825 2049 2883 huius·-

155 2889 280 2934 modi
306 2888 502 2933 tentatio
525 2888 578 2932 fit
596 2901 679 2946 per
701 2888 1057 2934 delectationem
1078 2894 1124 2933 et
1146 2887 1604 2944 concupiscentiam:
1626 2893 1672 2932 et
1694 2888 1814 2932 sicut
1830 2887 2047 2945 Augusti-

155 2964 246 2995 nus
267 2951 378 2995 dicit
397 2954 488 3005 (De
505 2950 632 2996 civit.
657 2951 750 3007 Dei,
771 2951 850 2996 lib.
871 2964 956 3010 χοι,
980 2964 1082 3008 cap.
1103 2955 1147 3006 4,
1168 2957 1272 2995 ante
1291 2951 1448 3009 meti),
1472 2969 1495 2989 ιι
1508 2951 1789 2995 nonnullum
1805 2955 2046 3007 peccatum

155 3017 244 3065 est,
268 3013 454 3069 quando
470 3025 581 3057 caro
602 3012 893 3070 concupiscit
914 3013 1143 3059 adversus
1158 3011 1391 3070 spiritum.
1409 3031 1430 3052 »
1455 3015 1508 3057 Et
1528 3012 1636 3058 ideo
1649 3012 1857 3057 Christus
1879 3010 2046 3057 tentari

155 3073 302 3118 voluit
323 3074 382 3118 ab
405 3075 552 3131 hoste,
575 3075 660 3120 sed
684 3087 778 3120 non
799 3075 826 3119 a
847 3087 1004 3121 carne.

197 3199 242 3242 (t)
268 3198 523 3234 Observandum
556 3205 606 3235 est
635 3204 749 3235 tamen
779 3200 952 3236 Christum
989 3212 1057 3235 non
1144 3208 1217 3235 tum
1236 3204 1350 3235 tamen
1367 3199 1598 3242 praesupponit
1611 3202 1647 3233 et
1663 3199 1704 3233 ad
1720 3202 1898 3240 peccatum
1911 3198 2041 3239 excitat,

75 3265 93 3282 l
156 3246 298 3291 potuisse
319 3247 440 3281 tentari
461 3248 648 3283 tentatione
666 3249 814 3291 interna,
828 3250 886 3284 sed
903 3250 1035 3284 tantum
1048 3275 1058 3290 ,
1143 3261 1268 3290 perque
1287 3261 1361 3283 eam
1376 3248 1414 3282 fit
1431 3252 1551 3282 utnon
1574 3247 1727 3283 vivamus
1739 3246 1810 3280 sine
1828 3250 1974 3288 peccato,
1987 3248 2043 3280 aut

155 3300 192 3330 ut
208 3296 256 3330 ait
283 3295 468 3335 Gregorius
477 3323 486 3337 ‚
512 3308 574 3337 per
587 3297 835 3337 suggestionem
864 3303 1035 3332 externam
1047 3324 1057 3337 ‚
1144 3298 1182 3331 S.
1192 3297 1315 3331 Ductor
1325 3296 1449 3338 accipit
1458 3300 1635 3338 peccatum
1645 3306 1708 3337 pro
1723 3294 1840 3337 quavis
1854 3292 2043 3330 indecentia

155 3348 192 3379 ut
208 3349 298 3385 patet
317 3356 354 3378 ex
371 3356 519 3386 respons.
537 3344 578 3378 nd
599 3345 632 3379 5.
1144 3350 1179 3380 et
1196 3344 1463 3380 inordinatione.

194 3391 239 3433 (2)
258 3393 345 3435 Quia
372 3392 453 3427 licet
478 3391 549 3433 ipsa
575 3396 747 3433 peccatum
774 3404 842 3428 non
856 3393 916 3435 nit,
941 3404 1058 3435 pecct-
