<?xml version="1.0" encoding="UTF-8"?>
<!DOCTYPE html PUBLIC "-//W3C//DTD XHTML 1.0 Transitional//EN"
    "http://www.w3.org/TR/xhtml1/DTD/xhtml1-transitional.dtd">
<html xmlns="http://www.w3.org/1999/xhtml" xml:lang="en" lang="en">
 <head>
  <title>
</title>
<meta http-equiv="Content-Type" content="text/html;charset=utf-8" />
  <meta name='ocr-system' content='tesseract 3.04.00' />
  <meta name='ocr-capabilities' content='ocr_page ocr_carea ocr_par ocr_line ocrx_word'/>
</head>
<body>
  <div class='ocr_page' id='page_1' title='image "./summatheologica06thomuoft_0377.png"; bbox 0 0 2170 3808; ppageno 0'>
   <div class='ocr_carea' id='block_1_1' title="bbox 772 210 1977 266">
    <p class='ocr_par' dir='ltr' id='par_1_1' title="bbox 772 210 1977 266">
     <span class='ocr_line' id='line_1_1' title="bbox 772 210 1977 266; baseline -0.001 -12"><span class='ocrx_word' id='word_1_1' title='bbox 772 212 970 264; x_wconf 88' lang='lat' dir='ltr'><strong>QUAEST.</strong></span> <span class='ocrx_word' id='word_1_2' title='bbox 1000 212 1103 266; x_wconf 79' lang='lat' dir='ltr'>XLI,</span> <span class='ocrx_word' id='word_1_3' title='bbox 1133 212 1252 254; x_wconf 90' lang='lat' dir='ltr'><strong>ART.</strong></span> <span class='ocrx_word' id='word_1_4' title='bbox 1282 210 1315 253; x_wconf 90' lang='lat'><strong>1.</strong></span> <span class='ocrx_word' id='word_1_5' title='bbox 1903 211 1977 254; x_wconf 74' lang='lat'><strong>341</strong></span> 
     </span>
    </p>
   </div>
   <div class='ocr_carea' id='block_1_2' title="bbox 105 288 1985 900">
    <p class='ocr_par' dir='ltr' id='par_1_2' title="bbox 105 288 1985 658">
     <span class='ocr_line' id='line_1_2' title="bbox 105 288 1982 352; baseline -0.005 -9"><span class='ocrx_word' id='word_1_6' title='bbox 105 304 504 352; x_wconf 85' lang='lat' dir='ltr'><strong>quorumcumque</strong></span> <span class='ocrx_word' id='word_1_7' title='bbox 522 291 780 337; x_wconf 82' lang='lat' dir='ltr'><strong>secundum</strong></span> <span class='ocrx_word' id='word_1_8' title='bbox 797 303 930 336; x_wconf 88' lang='lat' dir='ltr'><strong>suam</strong></span> <span class='ocrx_word' id='word_1_9' title='bbox 947 295 1178 344; x_wconf 86' lang='lat' dir='ltr'><strong>naturam,</strong></span> <span class='ocrx_word' id='word_1_10' title='bbox 1197 289 1280 334; x_wconf 90' lang='lat' dir='ltr'><strong>sed</strong></span> <span class='ocrx_word' id='word_1_11' title='bbox 1297 289 1447 333; x_wconf 75' lang='lat' dir='ltr'><strong>solum</strong></span> <span class='ocrx_word' id='word_1_12' title='bbox 1461 289 1716 334; x_wconf 81' lang='lat' dir='ltr'><strong>secundum</strong></span> <span class='ocrx_word' id='word_1_13' title='bbox 1734 288 1982 345; x_wconf 89' lang='lat' dir='ltr'><strong>quamdam</strong></span> 
     </span>
     <span class='ocr_line' id='line_1_3' title="bbox 105 349 1980 414; baseline -0.005 -13"><span class='ocrx_word' id='word_1_14' title='bbox 105 355 491 414; x_wconf 89' lang='lat' dir='ltr'><strong>significationem</strong></span> <span class='ocrx_word' id='word_1_15' title='bbox 512 355 588 407; x_wconf 76' lang='lat'><strong>(1).</strong></span> <span class='ocrx_word' id='word_1_16' title='bbox 627 352 758 405; x_wconf 81' lang='lat' dir='ltr'><strong>Quod</strong></span> <span class='ocrx_word' id='word_1_17' title='bbox 783 357 950 397; x_wconf 80' lang='lat' dir='ltr'><strong>&#39;autem</strong></span> <span class='ocrx_word' id='word_1_18' title='bbox 983 352 1030 396; x_wconf 91' lang='lat' dir='ltr'><strong>in</strong></span> <span class='ocrx_word' id='word_1_19' title='bbox 1055 351 1158 406; x_wconf 87' lang='lat' dir='ltr'><strong>lege</strong></span> <span class='ocrx_word' id='word_1_20' title='bbox 1177 351 1366 406; x_wconf 89' lang='lat' dir='ltr'><strong>quidam</strong></span> <span class='ocrx_word' id='word_1_21' title='bbox 1387 350 1478 394; x_wconf 88' lang='lat' dir='ltr'><strong>cibi</strong></span> <span class='ocrx_word' id='word_1_22' title='bbox 1496 350 1715 395; x_wconf 82' lang='lat' dir='ltr'><strong>dicuntur</strong></span> <span class='ocrx_word' id='word_1_23' title='bbox 1737 349 1980 402; x_wconf 71' lang='lat' dir='ltr'><strong>immundi.</strong></span> 
     </span>
     <span class='ocr_line' id='line_1_4' title="bbox 106 411 1985 475; baseline -0.005 -12"><span class='ocrx_word' id='word_1_24' title='bbox 106 417 192 462; x_wconf 84' lang='lat' dir='ltr'><strong>hoc</strong></span> <span class='ocrx_word' id='word_1_25' title='bbox 214 424 285 463; x_wconf 90' lang='lat' dir='ltr'><strong>est</strong></span> <span class='ocrx_word' id='word_1_26' title='bbox 305 430 388 475; x_wconf 90' lang='lat' dir='ltr'><strong>per</strong></span> <span class='ocrx_word' id='word_1_27' title='bbox 403 415 650 474; x_wconf 87' lang='lat' dir='ltr'><strong>quamdam</strong></span> <span class='ocrx_word' id='word_1_28' title='bbox 664 414 1065 470; x_wconf 87' lang='lat' dir='ltr'><strong>significationem.</strong></span> <span class='ocrx_word' id='word_1_29' title='bbox 1088 412 1217 456; x_wconf 83' lang='lat' dir='ltr'><strong>Unde</strong></span> <span class='ocrx_word' id='word_1_30' title='bbox 1232 412 1519 467; x_wconf 83' lang='lat' dir='ltr'><strong>Augustinus</strong></span> <span class='ocrx_word' id='word_1_31' title='bbox 1533 411 1642 456; x_wconf 85' lang='lat' dir='ltr'><strong>dicit</strong></span> <span class='ocrx_word' id='word_1_32' title='bbox 1654 414 1666 464; x_wconf 78' lang='lat'><em>&lt;</em></span> <span class='ocrx_word' id='word_1_33' title='bbox 1672 414 1837 455; x_wconf 84' lang='lat' dir='ltr'><strong>Contra</strong></span> <span class='ocrx_word' id='word_1_34' title='bbox 1852 413 1985 454; x_wconf 82' lang='lat' dir='ltr'><strong>Faus-</strong></span> 
     </span>
     <span class='ocr_line' id='line_1_5' title="bbox 109 472 1985 538; baseline -0.004 -15"><span class='ocrx_word' id='word_1_35' title='bbox 109 483 221 538; x_wconf 82' lang='lat' dir='ltr'><strong>tum,</strong></span> <span class='ocrx_word' id='word_1_36' title='bbox 246 479 325 523; x_wconf 88' lang='lat' dir='ltr'><strong>lib.</strong></span> <span class='ocrx_word' id='word_1_37' title='bbox 348 492 407 534; x_wconf 77' lang='lat' dir='ltr'><strong>vr,</strong></span> <span class='ocrx_word' id='word_1_38' title='bbox 431 489 534 533; x_wconf 87' lang='lat' dir='ltr'><strong>cap.</strong></span> <span class='ocrx_word' id='word_1_39' title='bbox 554 480 597 531; x_wconf 83' lang='lat'><strong>7,</strong></span> <span class='ocrx_word' id='word_1_40' title='bbox 620 476 648 519; x_wconf 79' lang='lat' dir='ltr'><strong>a</strong></span> <span class='ocrx_word' id='word_1_41' title='bbox 670 476 861 531; x_wconf 88' lang='lat' dir='ltr'><strong>princ.):</strong></span> <span class='ocrx_word' id='word_1_42' title='bbox 888 492 908 513; x_wconf 87' lang='lat'>«</span> <span class='ocrx_word' id='word_1_43' title='bbox 929 474 972 519; x_wconf 90' lang='lat' dir='ltr'><strong>Si</strong></span> <span class='ocrx_word' id='word_1_44' title='bbox 996 474 1052 519; x_wconf 91' lang='lat' dir='ltr'><strong>de</strong></span> <span class='ocrx_word' id='word_1_45' title='bbox 1071 485 1212 529; x_wconf 89' lang='lat' dir='ltr'><strong>porco</strong></span> <span class='ocrx_word' id='word_1_46' title='bbox 1230 477 1277 516; x_wconf 92' lang='lat' dir='ltr'><strong>et</strong></span> <span class='ocrx_word' id='word_1_47' title='bbox 1296 484 1419 528; x_wconf 84' lang='lat' dir='ltr'><strong>agno</strong></span> <span class='ocrx_word' id='word_1_48' title='bbox 1435 472 1712 527; x_wconf 69' lang='lat' dir='ltr'><strong>requiratur,</strong></span> <span class='ocrx_word' id='word_1_49' title='bbox 1737 479 1985 528; x_wconf 89' lang='lat' dir='ltr'><strong>utrumque</strong></span> 
     </span>
     <span class='ocr_line' id='line_1_6' title="bbox 108 534 1983 593; baseline -0.004 -8"><span class='ocrx_word' id='word_1_50' title='bbox 108 542 272 585; x_wconf 74' lang='lat' dir='ltr'><strong>natura</strong></span> <span class='ocrx_word' id='word_1_51' title='bbox 295 539 521 585; x_wconf 90' lang='lat' dir='ltr'><strong>mundum</strong></span> <span class='ocrx_word' id='word_1_52' title='bbox 544 542 632 592; x_wconf 76' lang='lat' dir='ltr'><strong>est,</strong></span> <span class='ocrx_word' id='word_1_53' title='bbox 656 537 765 593; x_wconf 87' lang='lat' dir='ltr'><strong>quia</strong></span> <span class='ocrx_word' id='word_1_54' title='bbox 783 537 934 581; x_wconf 90' lang='lat' dir='ltr'><strong>omnis</strong></span> <span class='ocrx_word' id='word_1_55' title='bbox 953 541 1164 580; x_wconf 86' lang='lat' dir='ltr'><strong>creatura</strong></span> <span class='ocrx_word' id='word_1_56' title='bbox 1185 534 1261 578; x_wconf 88' lang='lat' dir='ltr'><strong>Dei</strong></span> <span class='ocrx_word' id='word_1_57' title='bbox 1295 536 1354 588; x_wconf 75' lang='lat'>(⁶2)</span> <span class='ocrx_word' id='word_1_58' title='bbox 1389 534 1512 578; x_wconf 88' lang='lat' dir='ltr'><strong>hona</strong></span> <span class='ocrx_word' id='word_1_59' title='bbox 1534 539 1628 589; x_wconf 83' lang='lat' dir='ltr'><strong>est3</strong></span> <span class='ocrx_word' id='word_1_60' title='bbox 1655 534 1855 589; x_wconf 77' lang='lat' dir='ltr'><strong>quadam</strong></span> <span class='ocrx_word' id='word_1_61' title='bbox 1875 534 1983 578; x_wconf 84' lang='lat' dir='ltr'><strong>vero</strong></span> 
     </span>
     <span class='ocr_line' id='line_1_7' title="bbox 107 594 1482 658; baseline -0.007 -12"><span class='ocrx_word' id='word_1_62' title='bbox 107 601 442 658; x_wconf 84' lang='lat' dir='ltr'><strong>significatione</strong></span> <span class='ocrx_word' id='word_1_63' title='bbox 464 610 614 654; x_wconf 87' lang='lat' dir='ltr'><strong>agnus</strong></span> <span class='ocrx_word' id='word_1_64' title='bbox 632 598 855 651; x_wconf 65' lang='lat' dir='ltr'><strong>mundus„</strong></span> <span class='ocrx_word' id='word_1_65' title='bbox 875 608 1046 654; x_wconf 87' lang='lat' dir='ltr'><strong>porcus</strong></span> <span class='ocrx_word' id='word_1_66' title='bbox 1068 594 1341 639; x_wconf 87' lang='lat' dir='ltr'><strong>immundus</strong></span> <span class='ocrx_word' id='word_1_67' title='bbox 1357 599 1443 638; x_wconf 90' lang='lat' dir='ltr'><strong>est.</strong></span> <span class='ocrx_word' id='word_1_68' title='bbox 1462 613 1482 631; x_wconf 75' lang='grc' dir='ltr'><strong>»ι</strong></span> 
     </span>
    </p>

    <p class='ocr_par' dir='ltr' id='par_1_3' title="bbox 105 654 1983 900">
     <span class='ocr_line' id='line_1_8' title="bbox 159 654 1983 714; baseline -0.004 -7"><span class='ocrx_word' id='word_1_69' title='bbox 159 662 226 707; x_wconf 85' lang='lat' dir='ltr'><strong>Ad</strong></span> <span class='ocrx_word' id='word_1_70' title='bbox 254 664 430 706; x_wconf 71' lang='lat' dir='ltr'><strong>tertium</strong></span> <span class='ocrx_word' id='word_1_71' title='bbox 464 658 727 713; x_wconf 77' lang='lat' dir='ltr'><strong>dicendum,</strong></span> <span class='ocrx_word' id='word_1_72' title='bbox 756 658 876 714; x_wconf 84' lang='lat' dir='ltr'><strong>quod</strong></span> <span class='ocrx_word' id='word_1_73' title='bbox 909 657 1048 702; x_wconf 86' lang='lat' dir='ltr'><strong>etiam</strong></span> <span class='ocrx_word' id='word_1_74' title='bbox 1077 655 1291 712; x_wconf 85' lang='lat' dir='ltr'><strong>discipuli</strong></span> <span class='ocrx_word' id='word_1_75' title='bbox 1321 654 1509 711; x_wconf 87' lang='lat' dir='ltr'><strong>quando</strong></span> <span class='ocrx_word' id='word_1_76' title='bbox 1545 654 1800 698; x_wconf 73' lang='lat' dir='ltr'><strong>esurientes</strong></span> <span class='ocrx_word' id='word_1_77' title='bbox 1832 654 1983 711; x_wconf 83' lang='lat' dir='ltr'><strong>spicas</strong></span> 
     </span>
     <span class='ocr_line' id='line_1_9' title="bbox 106 716 1983 778; baseline -0.004 -9"><span class='ocrx_word' id='word_1_78' title='bbox 106 723 298 769; x_wconf 85' lang='lat' dir='ltr'><strong>sabbato</strong></span> <span class='ocrx_word' id='word_1_79' title='bbox 319 722 565 778; x_wconf 77' lang='lat' dir='ltr'><strong>vellebant,</strong></span> <span class='ocrx_word' id='word_1_80' title='bbox 588 720 616 763; x_wconf 74' lang='lat' dir='ltr'><strong>a</strong></span> <span class='ocrx_word' id='word_1_81' title='bbox 637 720 1004 776; x_wconf 81' lang='lat' dir='ltr'><strong>transgressione</strong></span> <span class='ocrx_word' id='word_1_82' title='bbox 1019 718 1136 774; x_wconf 82' lang='lat' dir='ltr'><strong>legis</strong></span> <span class='ocrx_word' id='word_1_83' title='bbox 1151 721 1433 761; x_wconf 82' lang='lat' dir='ltr'><strong>excusantur</strong></span> <span class='ocrx_word' id='word_1_84' title='bbox 1455 720 1642 772; x_wconf 85' lang='lat' dir='ltr'><strong>propter</strong></span> <span class='ocrx_word' id='word_1_85' title='bbox 1662 716 1983 761; x_wconf 78' lang='lat' dir='ltr'><strong>necessitatem</strong></span> 
     </span>
     <span class='ocr_line' id='line_1_10' title="bbox 105 777 1982 840; baseline -0.003 -12"><span class='ocrx_word' id='word_1_86' title='bbox 105 783 269 840; x_wconf 82' lang='lat' dir='ltr'><strong>famis3</strong></span> <span class='ocrx_word' id='word_1_87' title='bbox 292 784 410 828; x_wconf 87' lang='lat' dir='ltr'><strong>sicut</strong></span> <span class='ocrx_word' id='word_1_88' title='bbox 443 786 490 827; x_wconf 84' lang='lat' dir='ltr'><strong>et</strong></span> <span class='ocrx_word' id='word_1_89' title='bbox 520 781 662 826; x_wconf 86' lang='lat' dir='ltr'><strong>David</strong></span> <span class='ocrx_word' id='word_1_90' title='bbox 684 793 777 825; x_wconf 89' lang='lat' dir='ltr'><strong>non</strong></span> <span class='ocrx_word' id='word_1_91' title='bbox 801 781 888 825; x_wconf 86' lang='lat' dir='ltr'><strong>fuit</strong></span> <span class='ocrx_word' id='word_1_92' title='bbox 911 785 1225 837; x_wconf 82' lang='lat' dir='ltr'><strong>transgressor</strong></span> <span class='ocrx_word' id='word_1_93' title='bbox 1256 779 1389 834; x_wconf 75' lang='lat' dir='ltr'><strong>legis,</strong></span> <span class='ocrx_word' id='word_1_94' title='bbox 1414 777 1602 834; x_wconf 90' lang='lat' dir='ltr'><strong>quando</strong></span> <span class='ocrx_word' id='word_1_95' title='bbox 1633 783 1818 833; x_wconf 89' lang='lat' dir='ltr'><strong>propter</strong></span> <span class='ocrx_word' id='word_1_96' title='bbox 1848 777 1982 822; x_wconf 79' lang='lat' dir='ltr'><strong>famis</strong></span> 
     </span>
     <span class='ocr_line' id='line_1_11' title="bbox 107 838 1734 900; baseline -0.004 -11"><span class='ocrx_word' id='word_1_97' title='bbox 107 846 427 891; x_wconf 84' lang='lat' dir='ltr'><strong>necessitatem</strong></span> <span class='ocrx_word' id='word_1_98' title='bbox 451 843 651 889; x_wconf 86' lang='lat' dir='ltr'><strong>comedit</strong></span> <span class='ocrx_word' id='word_1_99' title='bbox 670 846 856 887; x_wconf 86' lang='lat' dir='ltr'><strong>sanctos</strong></span> <span class='ocrx_word' id='word_1_100' title='bbox 878 855 1043 900; x_wconf 78' lang='lat' dir='ltr'><strong>panes,</strong></span> <span class='ocrx_word' id='word_1_101' title='bbox 1069 855 1187 899; x_wconf 92' lang='lat' dir='ltr'><strong>quos</strong></span> <span class='ocrx_word' id='word_1_102' title='bbox 1206 842 1247 886; x_wconf 90' lang='lat' dir='ltr'><strong>ei</strong></span> <span class='ocrx_word' id='word_1_103' title='bbox 1270 841 1408 886; x_wconf 87' lang='lat' dir='ltr'><strong>edere</strong></span> <span class='ocrx_word' id='word_1_104' title='bbox 1428 852 1524 884; x_wconf 92' lang='lat' dir='ltr'><strong>non</strong></span> <span class='ocrx_word' id='word_1_105' title='bbox 1552 838 1734 883; x_wconf 83' lang='lat' dir='ltr'><strong>licebat.</strong></span> 
     </span>
    </p>
   </div>
   <div class='ocr_carea' id='block_1_3' title="bbox 313 1076 1774 1128">
    <p class='ocr_par' dir='ltr' id='par_1_4' title="bbox 313 1076 1774 1128">
     <span class='ocr_line' id='line_1_12' title="bbox 313 1076 1774 1128; baseline -0.004 -10"><span class='ocrx_word' id='word_1_106' title='bbox 313 1083 371 1118; x_wconf 88' lang='lat' dir='ltr'><strong>DE</strong></span> <span class='ocrx_word' id='word_1_107' title='bbox 403 1080 702 1117; x_wconf 74' lang='lat' dir='ltr'><strong>TENTATIONE</strong></span> <span class='ocrx_word' id='word_1_108' title='bbox 735 1079 940 1128; x_wconf 73' lang='lat' dir='ltr'>CHRISTI,</span> <span class='ocrx_word' id='word_1_109' title='bbox 975 1078 1023 1114; x_wconf 89' lang='lat' dir='ltr'><strong>IN</strong></span> <span class='ocrx_word' id='word_1_110' title='bbox 1056 1077 1281 1119; x_wconf 84' lang='lat' dir='ltr'>QUATUOR</span> <span class='ocrx_word' id='word_1_111' title='bbox 1313 1076 1575 1112; x_wconf 76' lang='lat' dir='ltr'><strong>ARTICULOS</strong></span> <span class='ocrx_word' id='word_1_112' title='bbox 1606 1077 1774 1113; x_wconf 78' lang='lat' dir='ltr'><strong>mvlsA.</strong></span> 
     </span>
    </p>
   </div>
   <div class='ocr_carea' id='block_1_4' title="bbox 94 1164 1983 1332">
    <p class='ocr_par' dir='ltr' id='par_1_5' title="bbox 94 1164 1983 1332">
     <span class='ocr_line' id='line_1_13' title="bbox 153 1164 1980 1216; baseline -0.004 -4"><span class='ocrx_word' id='word_1_113' title='bbox 153 1171 303 1212; x_wconf 86' lang='lat' dir='ltr'><strong>Deinde</strong></span> <span class='ocrx_word' id='word_1_114' title='bbox 319 1170 660 1212; x_wconf 85' lang='lat' dir='ltr'><strong>considerandum</strong></span> <span class='ocrx_word' id='word_1_115' title='bbox 675 1173 735 1208; x_wconf 85' lang='lat' dir='ltr'><strong>est</strong></span> <span class='ocrx_word' id='word_1_116' title='bbox 748 1168 797 1207; x_wconf 86' lang='lat' dir='ltr'><strong>de</strong></span> <span class='ocrx_word' id='word_1_117' title='bbox 813 1167 1034 1207; x_wconf 82' lang='lat' dir='ltr'><strong>tentatione</strong></span> <span class='ocrx_word' id='word_1_118' title='bbox 1052 1165 1227 1214; x_wconf 87' lang='lat' dir='ltr'><strong>Christi;</strong></span> <span class='ocrx_word' id='word_1_119' title='bbox 1250 1167 1290 1205; x_wconf 83' lang='lat' dir='ltr'><strong>et</strong></span> <span class='ocrx_word' id='word_1_120' title='bbox 1306 1165 1410 1205; x_wconf 84' lang='lat' dir='ltr'><strong>circa</strong></span> <span class='ocrx_word' id='word_1_121' title='bbox 1426 1164 1503 1205; x_wconf 86' lang='lat' dir='ltr'><strong>hoc</strong></span> <span class='ocrx_word' id='word_1_122' title='bbox 1520 1168 1761 1216; x_wconf 83' lang='lat' dir='ltr'><strong>quaeruntur</strong></span> <span class='ocrx_word' id='word_1_123' title='bbox 1780 1168 1980 1216; x_wconf 85' lang='lat' dir='ltr'><strong>quatuor:</strong></span> 
     </span>
     <span class='ocr_line' id='line_1_14' title="bbox 110 1220 1983 1266; baseline -0.003 0"><span class='ocrx_word' id='word_1_124' title='bbox 110 1230 146 1266; x_wconf 79' lang='lat'><strong>1⁰</strong></span> <span class='ocrx_word' id='word_1_125' title='bbox 162 1226 309 1266; x_wconf 79' lang='lat' dir='ltr'><strong>Utrum</strong></span> <span class='ocrx_word' id='word_1_126' title='bbox 323 1226 445 1265; x_wconf 81' lang='lat' dir='ltr'><strong>fuerit</strong></span> <span class='ocrx_word' id='word_1_127' title='bbox 459 1224 703 1265; x_wconf 85' lang='lat' dir='ltr'><strong>conveniens</strong></span> <span class='ocrx_word' id='word_1_128' title='bbox 721 1222 930 1263; x_wconf 84' lang='lat' dir='ltr'><strong>Christum</strong></span> <span class='ocrx_word' id='word_1_129' title='bbox 949 1221 1113 1261; x_wconf 84' lang='lat' dir='ltr'><strong>tentari.</strong></span> <span class='ocrx_word' id='word_1_130' title='bbox 1130 1242 1178 1250; x_wconf 94' lang='lat'><strong>-—</strong></span> <span class='ocrx_word' id='word_1_131' title='bbox 1197 1227 1238 1260; x_wconf 84' lang='lat'><strong>20</strong></span> <span class='ocrx_word' id='word_1_132' title='bbox 1253 1221 1309 1261; x_wconf 87' lang='lat' dir='ltr'><strong>De</strong></span> <span class='ocrx_word' id='word_1_133' title='bbox 1323 1220 1411 1261; x_wconf 87' lang='lat' dir='ltr'><strong>loco</strong></span> <span class='ocrx_word' id='word_1_134' title='bbox 1426 1220 1678 1260; x_wconf 81' lang='lat' dir='ltr'><strong>tentationis.</strong></span> <span class='ocrx_word' id='word_1_135' title='bbox 1696 1242 1742 1250; x_wconf 97' lang='lat'>—</span> <span class='ocrx_word' id='word_1_136' title='bbox 1757 1226 1795 1260; x_wconf 80' lang='grc' dir='ltr'><strong>3υ</strong></span> <span class='ocrx_word' id='word_1_137' title='bbox 1815 1222 1870 1260; x_wconf 90' lang='lat' dir='ltr'><strong>De</strong></span> <span class='ocrx_word' id='word_1_138' title='bbox 1887 1224 1983 1261; x_wconf 89' lang='lat' dir='ltr'><strong>tem-</strong></span> 
     </span>
     <span class='ocr_line' id='line_1_15' title="bbox 94 1276 1041 1332; baseline -0.008 -9"><span class='ocrx_word' id='word_1_139' title='bbox 94 1291 218 1332; x_wconf 68' lang='lat' dir='ltr'><strong>pore.</strong></span> <span class='ocrx_word' id='word_1_140' title='bbox 238 1302 284 1310; x_wconf 97' lang='lat'>—</span> <span class='ocrx_word' id='word_1_141' title='bbox 303 1286 342 1320; x_wconf 78' lang='lat'><strong>4⁰</strong></span> <span class='ocrx_word' id='word_1_142' title='bbox 361 1282 416 1320; x_wconf 88' lang='lat' dir='ltr'><strong>De</strong></span> <span class='ocrx_word' id='word_1_143' title='bbox 430 1279 550 1318; x_wconf 89' lang='lat' dir='ltr'><strong>modo</strong></span> <span class='ocrx_word' id='word_1_144' title='bbox 568 1281 607 1317; x_wconf 85' lang='lat' dir='ltr'><strong>et</strong></span> <span class='ocrx_word' id='word_1_145' title='bbox 622 1278 765 1317; x_wconf 78' lang='lat' dir='ltr'><strong>ordine</strong></span> <span class='ocrx_word' id='word_1_146' title='bbox 783 1276 1041 1316; x_wconf 81' lang='lat' dir='ltr'><strong>tentationis.</strong></span> 
     </span>
    </p>
   </div>
   <div class='ocr_carea' id='block_1_5' title="bbox 62 1342 1983 3184">
    <p class='ocr_par' dir='ltr' id='par_1_6' title="bbox 284 1342 1806 1449">
     <span class='ocr_line' id='line_1_16' title="bbox 284 1342 1806 1388; baseline -0.003 -3"><span class='ocrx_word' id='word_1_147' title='bbox 284 1342 625 1388; x_wconf 82' lang='lat' dir='ltr'><strong>ARTICULUS</strong></span> <span class='ocrx_word' id='word_1_148' title='bbox 647 1343 684 1383; x_wconf 90' lang='lat'><strong>1.</strong></span> <span class='ocrx_word' id='word_1_149' title='bbox 708 1364 762 1372; x_wconf 93' lang='lat'><strong>—</strong></span> <span class='ocrx_word' id='word_1_150' title='bbox 790 1353 924 1383; x_wconf 71' lang='lat' dir='ltr'><strong>umen</strong></span> <span class='ocrx_word' id='word_1_151' title='bbox 944 1351 1198 1383; x_wconf 69' lang='lat' dir='ltr'><strong>couvamans</strong></span> <span class='ocrx_word' id='word_1_152' title='bbox 1218 1352 1367 1382; x_wconf 68' lang='lat' dir='ltr'><strong>runm‘r</strong></span> <span class='ocrx_word' id='word_1_153' title='bbox 1385 1350 1592 1383; x_wconf 75' lang='lat' dir='ltr'><strong>cnmswu</strong></span> <span class='ocrx_word' id='word_1_154' title='bbox 1616 1350 1806 1381; x_wconf 64' lang='lat' dir='ltr'><strong>Tamum.</strong></span> 
     </span>
     <span class='ocr_line' id='line_1_17' title="bbox 658 1406 1434 1449; baseline -0.004 -6"><span class='ocrx_word' id='word_1_155' title='bbox 658 1408 706 1443; x_wconf 83' lang='lat' dir='ltr'><strong>De</strong></span> <span class='ocrx_word' id='word_1_156' title='bbox 724 1408 776 1442; x_wconf 88' lang='lat' dir='ltr'><strong>his</strong></span> <span class='ocrx_word' id='word_1_157' title='bbox 796 1408 896 1443; x_wconf 81' lang='lat' dir='ltr'><strong>etiam</strong></span> <span class='ocrx_word' id='word_1_158' title='bbox 915 1407 1037 1448; x_wconf 84' lang='lat' dir='ltr'><strong>Opusc.</strong></span> <span class='ocrx_word' id='word_1_159' title='bbox 1053 1415 1108 1448; x_wconf 74' lang='lat' dir='ltr'><strong>LX,</strong></span> <span class='ocrx_word' id='word_1_160' title='bbox 1126 1418 1199 1449; x_wconf 76' lang='lat' dir='ltr'><strong>cap.</strong></span> <span class='ocrx_word' id='word_1_161' title='bbox 1214 1407 1250 1442; x_wconf 70' lang='lat' dir='ltr'><strong>n</strong></span> <span class='ocrx_word' id='word_1_162' title='bbox 1269 1407 1304 1441; x_wconf 87' lang='lat' dir='ltr'><strong>in</strong></span> <span class='ocrx_word' id='word_1_163' title='bbox 1324 1406 1434 1448; x_wconf 82' lang='lat' dir='ltr'><strong>princ.</strong></span> 
     </span>
    </p>

    <p class='ocr_par' dir='ltr' id='par_1_7' title="bbox 62 1461 1983 1768">
     <span class='ocr_line' id='line_1_18' title="bbox 156 1461 1983 1522; baseline -0.004 -11"><span class='ocrx_word' id='word_1_164' title='bbox 156 1465 222 1512; x_wconf 85' lang='lat' dir='ltr'><strong>Ad</strong></span> <span class='ocrx_word' id='word_1_165' title='bbox 238 1465 440 1522; x_wconf 90' lang='lat' dir='ltr'><strong>primum</strong></span> <span class='ocrx_word' id='word_1_166' title='bbox 460 1462 526 1509; x_wconf 90' lang='lat' dir='ltr'><strong>sic</strong></span> <span class='ocrx_word' id='word_1_167' title='bbox 546 1463 825 1520; x_wconf 86' lang='lat' dir='ltr'><strong>proceditur.</strong></span> <span class='ocrx_word' id='word_1_168' title='bbox 851 1465 893 1507; x_wconf 82' lang='lat'><strong>1.</strong></span> <span class='ocrx_word' id='word_1_169' title='bbox 917 1462 1106 1507; x_wconf 88' lang='lat' dir='ltr'><strong>Videtur</strong></span> <span class='ocrx_word' id='word_1_170' title='bbox 1127 1462 1253 1519; x_wconf 75' lang='lat' dir='ltr'><strong>qued</strong></span> <span class='ocrx_word' id='word_1_171' title='bbox 1267 1462 1497 1506; x_wconf 88' lang='lat' dir='ltr'><strong>Christum</strong></span> <span class='ocrx_word' id='word_1_172' title='bbox 1517 1461 1683 1506; x_wconf 86' lang='lat' dir='ltr'><strong>tentari</strong></span> <span class='ocrx_word' id='word_1_173' title='bbox 1708 1472 1802 1504; x_wconf 92' lang='lat' dir='ltr'><strong>non</strong></span> <span class='ocrx_word' id='word_1_174' title='bbox 1821 1471 1983 1504; x_wconf 89' lang='lat' dir='ltr'><strong>conve-</strong></span> 
     </span>
     <span class='ocr_line' id='line_1_19' title="bbox 106 1522 1981 1581; baseline -0.004 -9"><span class='ocrx_word' id='word_1_175' title='bbox 106 1526 280 1572; x_wconf 88' lang='lat' dir='ltr'><strong>niebat.</strong></span> <span class='ocrx_word' id='word_1_176' title='bbox 296 1529 486 1572; x_wconf 88' lang='lat' dir='ltr'><strong>Tentare</strong></span> <span class='ocrx_word' id='word_1_177' title='bbox 503 1526 628 1570; x_wconf 87' lang='lat' dir='ltr'><strong>enim</strong></span> <span class='ocrx_word' id='word_1_178' title='bbox 644 1530 714 1570; x_wconf 90' lang='lat' dir='ltr'><strong>est</strong></span> <span class='ocrx_word' id='word_1_179' title='bbox 732 1524 1100 1581; x_wconf 83' lang='lat' dir='ltr'><strong>experimentum</strong></span> <span class='ocrx_word' id='word_1_180' title='bbox 1121 1536 1306 1569; x_wconf 89' lang='lat' dir='ltr'><strong>sumere</strong></span> <span class='ocrx_word' id='word_1_181' title='bbox 1325 1539 1335 1568; x_wconf 91' lang='lat'>:</span> <span class='ocrx_word' id='word_1_182' title='bbox 1354 1524 1481 1580; x_wconf 90' lang='lat' dir='ltr'><strong>quod</strong></span> <span class='ocrx_word' id='word_1_183' title='bbox 1499 1523 1687 1580; x_wconf 89' lang='lat' dir='ltr'><strong>quidem</strong></span> <span class='ocrx_word' id='word_1_184' title='bbox 1711 1535 1803 1566; x_wconf 91' lang='lat' dir='ltr'><strong>non</strong></span> <span class='ocrx_word' id='word_1_185' title='bbox 1821 1522 1872 1566; x_wconf 87' lang='lat' dir='ltr'><strong>fit</strong></span> <span class='ocrx_word' id='word_1_186' title='bbox 1893 1522 1981 1566; x_wconf 88' lang='lat' dir='ltr'><strong>nisi</strong></span> 
     </span>
     <span class='ocr_line' id='line_1_20' title="bbox 104 1584 1983 1643; baseline -0.003 -9"><span class='ocrx_word' id='word_1_187' title='bbox 104 1588 162 1634; x_wconf 90' lang='lat' dir='ltr'><strong>de</strong></span> <span class='ocrx_word' id='word_1_188' title='bbox 180 1601 230 1632; x_wconf 88' lang='lat' dir='ltr'><strong>re</strong></span> <span class='ocrx_word' id='word_1_189' title='bbox 247 1588 418 1643; x_wconf 87' lang='lat' dir='ltr'><strong>ignota.</strong></span> <span class='ocrx_word' id='word_1_190' title='bbox 448 1587 534 1631; x_wconf 87' lang='lat' dir='ltr'><strong>Sed</strong></span> <span class='ocrx_word' id='word_1_191' title='bbox 560 1588 708 1631; x_wconf 88' lang='lat' dir='ltr'><strong>virtus</strong></span> <span class='ocrx_word' id='word_1_192' title='bbox 730 1586 893 1631; x_wconf 88' lang='lat' dir='ltr'><strong>Christi</strong></span> <span class='ocrx_word' id='word_1_193' title='bbox 919 1591 1019 1631; x_wconf 87' lang='lat' dir='ltr'><strong>erat</strong></span> <span class='ocrx_word' id='word_1_194' title='bbox 1037 1591 1146 1630; x_wconf 90' lang='lat' dir='ltr'><strong>nota</strong></span> <span class='ocrx_word' id='word_1_195' title='bbox 1167 1587 1303 1631; x_wconf 87' lang='lat' dir='ltr'><strong>etiam</strong></span> <span class='ocrx_word' id='word_1_196' title='bbox 1327 1585 1618 1631; x_wconf 81' lang='lat' dir='ltr'><strong>daemonibus</strong></span> <span class='ocrx_word' id='word_1_197' title='bbox 1639 1600 1650 1628; x_wconf 88' lang='lat'>:</span> <span class='ocrx_word' id='word_1_198' title='bbox 1675 1585 1840 1629; x_wconf 85' lang='lat' dir='ltr'><strong>dicitur</strong></span> <span class='ocrx_word' id='word_1_199' title='bbox 1861 1584 1983 1628; x_wconf 90' lang='lat' dir='ltr'><strong>enim</strong></span> 
     </span>
     <span class='ocr_line' id='line_1_21' title="bbox 62 1648 1982 1707; baseline -0.002 -13"><span class='ocrx_word' id='word_1_200' title='bbox 62 1656 64 1661; x_wconf 81' lang='grc'>’</span> <span class='ocrx_word' id='word_1_201' title='bbox 103 1651 225 1705; x_wconf 89' lang='lat' dir='ltr'><strong>(Luc.</strong></span> <span class='ocrx_word' id='word_1_202' title='bbox 250 1664 304 1707; x_wconf 76' lang='lat' dir='ltr'><strong>tv,</strong></span> <span class='ocrx_word' id='word_1_203' title='bbox 332 1653 421 1707; x_wconf 76' lang='lat'><strong>41),</strong></span> <span class='ocrx_word' id='word_1_204' title='bbox 445 1649 570 1706; x_wconf 80' lang='lat' dir='ltr'><strong>quod</strong></span> <span class='ocrx_word' id='word_1_205' title='bbox 592 1663 681 1694; x_wconf 78' lang='lat' dir='ltr'><strong>mm</strong></span> <span class='ocrx_word' id='word_1_206' title='bbox 710 1650 884 1693; x_wconf 75' lang='lat' dir='ltr'><strong>sinebat</strong></span> <span class='ocrx_word' id='word_1_207' title='bbox 916 1650 1137 1693; x_wconf 70' lang='lat' dir='ltr'><strong>daemones</strong></span> <span class='ocrx_word' id='word_1_208' title='bbox 1164 1650 1284 1705; x_wconf 76' lang='lat' dir='ltr'><strong>loqui</strong></span> <span class='ocrx_word' id='word_1_209' title='bbox 1312 1651 1386 1702; x_wconf 88' lang='lat'><strong>(3),</strong></span> <span class='ocrx_word' id='word_1_210' title='bbox 1413 1652 1523 1705; x_wconf 76' lang='lat' dir='ltr'><strong>quia</strong></span> <span class='ocrx_word' id='word_1_211' title='bbox 1543 1648 1740 1691; x_wconf 76' lang='lat' dir='ltr'><strong>sciebant</strong></span> <span class='ocrx_word' id='word_1_212' title='bbox 1769 1659 1867 1691; x_wconf 81' lang='lat' dir='ltr'><strong>eum</strong></span> <span class='ocrx_word' id='word_1_213' title='bbox 1890 1660 1982 1690; x_wconf 83' lang='lat' dir='ltr'><strong>esse</strong></span> 
     </span>
     <span class='ocr_line' id='line_1_22' title="bbox 107 1710 1629 1768; baseline -0.001 -12"><span class='ocrx_word' id='word_1_214' title='bbox 107 1713 357 1756; x_wconf 79' lang='lat' dir='ltr'><strong>Christum.</strong></span> <span class='ocrx_word' id='word_1_215' title='bbox 380 1714 498 1767; x_wconf 86' lang='lat' dir='ltr'><strong>Ergo</strong></span> <span class='ocrx_word' id='word_1_216' title='bbox 518 1711 700 1756; x_wconf 86' lang='lat' dir='ltr'><strong>videtur</strong></span> <span class='ocrx_word' id='word_1_217' title='bbox 721 1712 841 1768; x_wconf 80' lang='lat' dir='ltr'><strong>quod</strong></span> <span class='ocrx_word' id='word_1_218' title='bbox 867 1724 961 1756; x_wconf 91' lang='lat' dir='ltr'><strong>non</strong></span> <span class='ocrx_word' id='word_1_219' title='bbox 985 1711 1196 1756; x_wconf 80' lang='lat' dir='ltr'><strong>debuerit</strong></span> <span class='ocrx_word' id='word_1_220' title='bbox 1218 1712 1426 1755; x_wconf 78' lang='lat' dir='ltr'><strong>Chr1stus</strong></span> <span class='ocrx_word' id='word_1_221' title='bbox 1448 1710 1629 1755; x_wconf 88' lang='lat' dir='ltr'><strong>tentari.</strong></span> 
     </span>
    </p>

    <p class='ocr_par' dir='ltr' id='par_1_8' title="bbox 62 1770 1982 2013">
     <span class='ocr_line' id='line_1_23' title="bbox 160 1770 1981 1829; baseline -0.003 -11"><span class='ocrx_word' id='word_1_222' title='bbox 160 1775 202 1818; x_wconf 77' lang='lat'><strong>2.</strong></span> <span class='ocrx_word' id='word_1_223' title='bbox 229 1775 464 1828; x_wconf 83' lang='lat' dir='ltr'><strong>Praeterea,</strong></span> <span class='ocrx_word' id='word_1_224' title='bbox 489 1773 694 1817; x_wconf 90' lang='lat' dir='ltr'><strong>Christus</strong></span> <span class='ocrx_word' id='word_1_225' title='bbox 713 1773 772 1818; x_wconf 89' lang='lat' dir='ltr'><strong>ad</strong></span> <span class='ocrx_word' id='word_1_226' title='bbox 789 1774 876 1818; x_wconf 86' lang='lat' dir='ltr'><strong>hoc</strong></span> <span class='ocrx_word' id='word_1_227' title='bbox 893 1778 1084 1816; x_wconf 86' lang='lat' dir='ltr'><strong>venerat</strong></span> <span class='ocrx_word' id='word_1_228' title='bbox 1101 1777 1154 1816; x_wconf 93' lang='lat' dir='ltr'><strong>ut</strong></span> <span class='ocrx_word' id='word_1_229' title='bbox 1170 1784 1308 1829; x_wconf 88' lang='lat' dir='ltr'><strong>opera</strong></span> <span class='ocrx_word' id='word_1_230' title='bbox 1328 1771 1496 1817; x_wconf 88' lang='lat' dir='ltr'><strong>diaboli</strong></span> <span class='ocrx_word' id='word_1_231' title='bbox 1515 1770 1802 1826; x_wconf 70' lang='lat' dir='ltr'><strong>dissolveret,</strong></span> <span class='ocrx_word' id='word_1_232' title='bbox 1821 1782 1981 1814; x_wconf 88' lang='lat' dir='ltr'><strong>secun-</strong></span> 
     </span>
     <span class='ocr_line' id='line_1_24' title="bbox 105 1833 1982 1890; baseline -0.001 -10"><span class='ocrx_word' id='word_1_233' title='bbox 105 1834 216 1880; x_wconf 70' lang='lat' dir='ltr'><strong>dum</strong></span> <span class='ocrx_word' id='word_1_234' title='bbox 244 1833 358 1878; x_wconf 80' lang='lat' dir='ltr'><strong>illud</strong></span> <span class='ocrx_word' id='word_1_235' title='bbox 381 1835 428 1886; x_wconf 92' lang='grc' dir='ltr'><strong>(Ι.</strong></span> <span class='ocrx_word' id='word_1_236' title='bbox 453 1836 582 1877; x_wconf 79' lang='lat' dir='ltr'><strong>Joan.</strong></span> <span class='ocrx_word' id='word_1_237' title='bbox 604 1847 665 1889; x_wconf 74' lang='grc' dir='ltr'><strong>ιιι,</strong></span> <span class='ocrx_word' id='word_1_238' title='bbox 696 1836 775 1887; x_wconf 85' lang='lat'><strong>8):</strong></span> <span class='ocrx_word' id='word_1_239' title='bbox 801 1837 856 1876; x_wconf 78' lang='lat' dir='ltr'><strong>In</strong></span> <span class='ocrx_word' id='word_1_240' title='bbox 882 1835 966 1877; x_wconf 78' lang='lat' dir='ltr'><strong>hoc</strong></span> <span class='ocrx_word' id='word_1_241' title='bbox 985 1837 1205 1889; x_wconf 72' lang='lat' dir='ltr'><strong>apparuit</strong></span> <span class='ocrx_word' id='word_1_242' title='bbox 1233 1835 1380 1877; x_wconf 75' lang='lat' dir='ltr'><strong>Filius</strong></span> <span class='ocrx_word' id='word_1_243' title='bbox 1402 1836 1499 1888; x_wconf 73' lang='lat' dir='ltr'><strong>Dei,</strong></span> <span class='ocrx_word' id='word_1_244' title='bbox 1524 1837 1575 1878; x_wconf 76' lang='lat' dir='ltr'><strong>ut</strong></span> <span class='ocrx_word' id='word_1_245' title='bbox 1597 1835 1816 1878; x_wconf 73' lang='lat' dir='ltr'><strong>dissolvat</strong></span> <span class='ocrx_word' id='word_1_246' title='bbox 1843 1848 1982 1890; x_wconf 83' lang='lat' dir='ltr'><strong>opera</strong></span> 
     </span>
     <span class='ocr_line' id='line_1_25' title="bbox 62 1893 1981 1951; baseline 0.001 -13"><span class='ocrx_word' id='word_1_247' title='bbox 62 1896 65 1898; x_wconf 77' lang='grc'><strong>’</strong></span> <span class='ocrx_word' id='word_1_248' title='bbox 106 1895 295 1939; x_wconf 80' lang='lat' dir='ltr'><strong>diaboli.</strong></span> <span class='ocrx_word' id='word_1_249' title='bbox 324 1894 411 1938; x_wconf 91' lang='lat' dir='ltr'><strong>Sed</strong></span> <span class='ocrx_word' id='word_1_250' title='bbox 438 1905 531 1938; x_wconf 92' lang='lat' dir='ltr'><strong>non</strong></span> <span class='ocrx_word' id='word_1_251' title='bbox 550 1898 622 1937; x_wconf 86' lang='lat' dir='ltr'><strong>est</strong></span> <span class='ocrx_word' id='word_1_252' title='bbox 645 1893 854 1949; x_wconf 80' lang='lat' dir='ltr'><strong>eJ‘usdem</strong></span> <span class='ocrx_word' id='word_1_253' title='bbox 871 1894 1125 1938; x_wconf 79' lang='lat' dir='ltr'><strong>dissolvere</strong></span> <span class='ocrx_word' id='word_1_254' title='bbox 1146 1907 1287 1950; x_wconf 90' lang='lat' dir='ltr'><strong>opera</strong></span> <span class='ocrx_word' id='word_1_255' title='bbox 1321 1894 1534 1951; x_wconf 77' lang='lat' dir='ltr'><strong>alicujus,</strong></span> <span class='ocrx_word' id='word_1_256' title='bbox 1558 1898 1606 1939; x_wconf 87' lang='lat' dir='ltr'><strong>et</strong></span> <span class='ocrx_word' id='word_1_257' title='bbox 1623 1907 1678 1939; x_wconf 89' lang='lat' dir='ltr'><strong>ea</strong></span> <span class='ocrx_word' id='word_1_258' title='bbox 1704 1895 1797 1951; x_wconf 86' lang='lat' dir='ltr'><strong>pati</strong></span> <span class='ocrx_word' id='word_1_259' title='bbox 1822 1908 1833 1939; x_wconf 74' lang='grc' dir='ltr'>ε</span> <span class='ocrx_word' id='word_1_260' title='bbox 1861 1895 1981 1940; x_wconf 83' lang='lat' dir='ltr'><strong>etita</strong></span> 
     </span>
     <span class='ocr_line' id='line_1_26' title="bbox 105 1954 1979 2013; baseline -0.001 -13"><span class='ocrx_word' id='word_1_261' title='bbox 105 1956 288 2002; x_wconf 88' lang='lat' dir='ltr'><strong>videtur</strong></span> <span class='ocrx_word' id='word_1_262' title='bbox 311 1955 647 2000; x_wconf 85' lang='lat' dir='ltr'><strong>inconveniens</strong></span> <span class='ocrx_word' id='word_1_263' title='bbox 666 1956 811 2000; x_wconf 84' lang='lat' dir='ltr'><strong>fuisse</strong></span> <span class='ocrx_word' id='word_1_264' title='bbox 834 1954 959 2011; x_wconf 84' lang='lat' dir='ltr'><strong>quod</strong></span> <span class='ocrx_word' id='word_1_265' title='bbox 981 1956 1186 2000; x_wconf 86' lang='lat' dir='ltr'><strong>Christus</strong></span> <span class='ocrx_word' id='word_1_266' title='bbox 1208 1960 1444 2013; x_wconf 89' lang='lat' dir='ltr'><strong>pateretur</strong></span> <span class='ocrx_word' id='word_1_267' title='bbox 1465 1968 1515 2000; x_wconf 92' lang='lat' dir='ltr'><strong>se</strong></span> <span class='ocrx_word' id='word_1_268' title='bbox 1542 1956 1704 2001; x_wconf 88' lang='lat' dir='ltr'><strong>tentari</strong></span> <span class='ocrx_word' id='word_1_269' title='bbox 1734 1956 1760 2000; x_wconf 76' lang='lat' dir='ltr'><strong>a</strong></span> <span class='ocrx_word' id='word_1_270' title='bbox 1783 1956 1979 2001; x_wconf 86' lang='lat' dir='ltr'><strong>diabolo.</strong></span> 
     </span>
    </p>

    <p class='ocr_par' dir='ltr' id='par_1_9' title="bbox 104 2017 1980 2188">
     <span class='ocr_line' id='line_1_27' title="bbox 159 2017 1980 2077; baseline -0.001 -14"><span class='ocrx_word' id='word_1_271' title='bbox 159 2021 200 2064; x_wconf 83' lang='lat'><strong>3.</strong></span> <span class='ocrx_word' id='word_1_272' title='bbox 224 2021 444 2063; x_wconf 84' lang='lat' dir='ltr'><strong>Praeterea</strong></span> <span class='ocrx_word' id='word_1_273' title='bbox 457 2052 469 2074; x_wconf 83' lang='lat'>‚</span> <span class='ocrx_word' id='word_1_274' title='bbox 490 2018 657 2074; x_wconf 84' lang='lat' dir='ltr'><strong>triplex</strong></span> <span class='ocrx_word' id='word_1_275' title='bbox 674 2022 745 2062; x_wconf 89' lang='lat' dir='ltr'><strong>est</strong></span> <span class='ocrx_word' id='word_1_276' title='bbox 768 2018 971 2074; x_wconf 78' lang='lat' dir='ltr'><strong>tentat10‚</strong></span> <span class='ocrx_word' id='word_1_277' title='bbox 990 2017 1210 2063; x_wconf 79' lang='lat' dir='ltr'><strong>sciliceta</strong></span> <span class='ocrx_word' id='word_1_278' title='bbox 1228 2031 1381 2075; x_wconf 87' lang='lat' dir='ltr'><strong>carne,</strong></span> <span class='ocrx_word' id='word_1_279' title='bbox 1406 2017 1434 2061; x_wconf 77' lang='lat' dir='ltr'><strong>a</strong></span> <span class='ocrx_word' id='word_1_280' title='bbox 1457 2018 1649 2077; x_wconf 76' lang='lat' dir='ltr'><strong>mundo,</strong></span> <span class='ocrx_word' id='word_1_281' title='bbox 1671 2023 1717 2062; x_wconf 86' lang='lat' dir='ltr'><strong>et</strong></span> <span class='ocrx_word' id='word_1_282' title='bbox 1736 2017 1762 2061; x_wconf 73' lang='lat' dir='ltr'><strong>a</strong></span> <span class='ocrx_word' id='word_1_283' title='bbox 1782 2018 1980 2062; x_wconf 85' lang='lat' dir='ltr'><strong>diabolo.</strong></span> 
     </span>
     <span class='ocr_line' id='line_1_28' title="bbox 104 2078 1979 2137; baseline -0.002 -11"><span class='ocrx_word' id='word_1_284' title='bbox 104 2081 191 2126; x_wconf 88' lang='lat' dir='ltr'><strong>Sed</strong></span> <span class='ocrx_word' id='word_1_285' title='bbox 211 2080 416 2124; x_wconf 87' lang='lat' dir='ltr'><strong>Christus</strong></span> <span class='ocrx_word' id='word_1_286' title='bbox 441 2092 535 2123; x_wconf 93' lang='lat' dir='ltr'><strong>non</strong></span> <span class='ocrx_word' id='word_1_287' title='bbox 555 2079 641 2123; x_wconf 85' lang='lat' dir='ltr'><strong>fuit</strong></span> <span class='ocrx_word' id='word_1_288' title='bbox 659 2084 863 2124; x_wconf 91' lang='lat' dir='ltr'><strong>tentatus</strong></span> <span class='ocrx_word' id='word_1_289' title='bbox 884 2093 970 2125; x_wconf 88' lang='lat' dir='ltr'><strong>nec</strong></span> <span class='ocrx_word' id='word_1_290' title='bbox 993 2079 1020 2124; x_wconf 78' lang='lat' dir='ltr'><strong>a</strong></span> <span class='ocrx_word' id='word_1_291' title='bbox 1042 2091 1197 2137; x_wconf 86' lang='lat' dir='ltr'><strong>carne,</strong></span> <span class='ocrx_word' id='word_1_292' title='bbox 1219 2092 1305 2124; x_wconf 88' lang='lat' dir='ltr'><strong>nec</strong></span> <span class='ocrx_word' id='word_1_293' title='bbox 1324 2078 1353 2123; x_wconf 73' lang='lat' dir='ltr'><strong>a</strong></span> <span class='ocrx_word' id='word_1_294' title='bbox 1372 2079 1571 2133; x_wconf 89' lang='lat' dir='ltr'><strong>mundo.</strong></span> <span class='ocrx_word' id='word_1_295' title='bbox 1594 2082 1712 2136; x_wconf 84' lang='lat' dir='ltr'><strong>Ergo</strong></span> <span class='ocrx_word' id='word_1_296' title='bbox 1737 2092 1822 2124; x_wconf 87' lang='lat' dir='ltr'><strong>nee</strong></span> <span class='ocrx_word' id='word_1_297' title='bbox 1843 2080 1979 2124; x_wconf 85' lang='lat' dir='ltr'><strong>etiam</strong></span> 
     </span>
     <span class='ocr_line' id='line_1_29' title="bbox 106 2140 1326 2188; baseline -0.003 0"><span class='ocrx_word' id='word_1_298' title='bbox 106 2142 262 2188; x_wconf 86' lang='lat' dir='ltr'><strong>debuit</strong></span> <span class='ocrx_word' id='word_1_299' title='bbox 282 2141 447 2186; x_wconf 88' lang='lat' dir='ltr'><strong>tentari</strong></span> <span class='ocrx_word' id='word_1_300' title='bbox 467 2140 494 2184; x_wconf 78' lang='lat' dir='ltr'><strong>a</strong></span> <span class='ocrx_word' id='word_1_301' title='bbox 514 2141 714 2186; x_wconf 83' lang='lat' dir='ltr'><strong>diaholo.</strong></span> <span class='ocrx_word' id='word_1_302' title='bbox 1321 2146 1326 2151; x_wconf 85' lang='grc'><em>’</em></span> 
     </span>
    </p>

    <p class='ocr_par' dir='ltr' id='par_1_10' title="bbox 107 2202 1981 2320">
     <span class='ocr_line' id='line_1_30' title="bbox 162 2202 1981 2261; baseline -0.001 -13"><span class='ocrx_word' id='word_1_303' title='bbox 162 2203 248 2248; x_wconf 90' lang='lat' dir='ltr'><strong>Sed</strong></span> <span class='ocrx_word' id='word_1_304' title='bbox 262 2207 421 2246; x_wconf 81' lang='lat' dir='ltr'><strong>contra</strong></span> <span class='ocrx_word' id='word_1_305' title='bbox 443 2206 514 2247; x_wconf 91' lang='lat' dir='ltr'><strong>est</strong></span> <span class='ocrx_word' id='word_1_306' title='bbox 533 2203 658 2259; x_wconf 87' lang='lat' dir='ltr'><strong>quod</strong></span> <span class='ocrx_word' id='word_1_307' title='bbox 676 2202 844 2247; x_wconf 87' lang='lat' dir='ltr'><strong>dicitur</strong></span> <span class='ocrx_word' id='word_1_308' title='bbox 862 2205 875 2257; x_wconf 93' lang='lat'>(</span> <span class='ocrx_word' id='word_1_309' title='bbox 886 2204 1040 2247; x_wconf 86' lang='lat' dir='ltr'><strong>Matth.</strong></span> <span class='ocrx_word' id='word_1_310' title='bbox 1071 2216 1130 2261; x_wconf 82' lang='lat' dir='ltr'><strong>lv,</strong></span> <span class='ocrx_word' id='word_1_311' title='bbox 1157 2205 1178 2247; x_wconf 85' lang='lat'><strong>1</strong></span> <span class='ocrx_word' id='word_1_312' title='bbox 1198 2203 1242 2258; x_wconf 87' lang='lat'><strong>):</strong></span> <span class='ocrx_word' id='word_1_313' title='bbox 1267 2206 1441 2247; x_wconf 81' lang='lat' dir='ltr'><strong>Ductus</strong></span> <span class='ocrx_word' id='word_1_314' title='bbox 1463 2206 1529 2247; x_wconf 84' lang='lat' dir='ltr'><strong>est</strong></span> <span class='ocrx_word' id='word_1_315' title='bbox 1556 2206 1683 2247; x_wconf 79' lang='lat' dir='ltr'><strong>Iesus</strong></span> <span class='ocrx_word' id='word_1_316' title='bbox 1700 2204 1731 2247; x_wconf 86' lang='grc' dir='ltr'><em>ὰ</em></span> <span class='ocrx_word' id='word_1_317' title='bbox 1751 2205 1915 2259; x_wconf 73' lang='lat' dir='ltr'><strong>spiritu</strong></span> <span class='ocrx_word' id='word_1_318' title='bbox 1934 2206 1981 2246; x_wconf 81' lang='lat' dir='ltr'><strong>in</strong></span> 
     </span>
     <span class='ocr_line' id='line_1_31' title="bbox 107 2265 946 2320; baseline 0 -11"><span class='ocrx_word' id='word_1_319' title='bbox 107 2266 346 2320; x_wconf 81' lang='lat' dir='ltr'><strong>desertum,</strong></span> <span class='ocrx_word' id='word_1_320' title='bbox 364 2268 413 2308; x_wconf 80' lang='lat' dir='ltr'><strong>ut</strong></span> <span class='ocrx_word' id='word_1_321' title='bbox 429 2268 679 2308; x_wconf 78' lang='lat' dir='ltr'><strong>tentaretur</strong></span> <span class='ocrx_word' id='word_1_322' title='bbox 699 2266 728 2307; x_wconf 88' lang='grc' dir='ltr'><em>ὰ</em></span> <span class='ocrx_word' id='word_1_323' title='bbox 747 2265 946 2309; x_wconf 82' lang='lat' dir='ltr'><strong>diabolo.</strong></span> 
     </span>
    </p>

    <p class='ocr_par' dir='ltr' id='par_1_11' title="bbox 105 2331 1979 2438">
     <span class='ocr_line' id='line_1_32' title="bbox 152 2331 1979 2384; baseline 0 -11"><span class='ocrx_word' id='word_1_324' title='bbox 152 2333 436 2383; x_wconf 84' lang='lat' dir='ltr'><strong>CONCLUSIO.</strong></span> <span class='ocrx_word' id='word_1_325' title='bbox 460 2354 504 2362; x_wconf 86' lang='lat'>—</span> <span class='ocrx_word' id='word_1_326' title='bbox 521 2332 722 2381; x_wconf 88' lang='lat' dir='ltr'><strong>Christus,</strong></span> <span class='ocrx_word' id='word_1_327' title='bbox 741 2336 788 2372; x_wconf 88' lang='lat' dir='ltr'><strong>ut</strong></span> <span class='ocrx_word' id='word_1_328' title='bbox 804 2332 922 2373; x_wconf 90' lang='lat' dir='ltr'><strong>nobis</strong></span> <span class='ocrx_word' id='word_1_329' title='bbox 940 2336 1078 2373; x_wconf 84' lang='lat' dir='ltr'><strong>contra</strong></span> <span class='ocrx_word' id='word_1_330' title='bbox 1095 2333 1338 2374; x_wconf 84' lang='lat' dir='ltr'><strong>tentationes</strong></span> <span class='ocrx_word' id='word_1_331' title='bbox 1352 2331 1586 2384; x_wconf 87' lang='lat' dir='ltr'><strong>exemplum</strong></span> <span class='ocrx_word' id='word_1_332' title='bbox 1601 2335 1640 2372; x_wconf 81' lang='lat' dir='ltr'><strong>et</strong></span> <span class='ocrx_word' id='word_1_333' title='bbox 1658 2331 1863 2372; x_wconf 83' lang='lat' dir='ltr'><strong>auxilium</strong></span> <span class='ocrx_word' id='word_1_334' title='bbox 1877 2344 1979 2384; x_wconf 83' lang='lat' dir='ltr'><strong>prae·</strong></span> 
     </span>
     <span class='ocr_line' id='line_1_33' title="bbox 105 2386 1618 2438; baseline -0.001 -11"><span class='ocrx_word' id='word_1_335' title='bbox 105 2390 241 2436; x_wconf 73' lang='lat' dir='ltr'><strong>staret,</strong></span> <span class='ocrx_word' id='word_1_336' title='bbox 259 2391 298 2426; x_wconf 87' lang='lat' dir='ltr'><strong>et</strong></span> <span class='ocrx_word' id='word_1_337' title='bbox 316 2386 490 2438; x_wconf 87' lang='lat' dir='ltr'><strong>qualiter</strong></span> <span class='ocrx_word' id='word_1_338' title='bbox 511 2397 577 2427; x_wconf 85' lang='lat' dir='ltr'><strong>eas</strong></span> <span class='ocrx_word' id='word_1_339' title='bbox 592 2398 777 2438; x_wconf 82' lang='lat' dir='ltr'><strong>superare</strong></span> <span class='ocrx_word' id='word_1_340' title='bbox 794 2386 1034 2436; x_wconf 83' lang='lat' dir='ltr'><strong>valeremus,</strong></span> <span class='ocrx_word' id='word_1_341' title='bbox 1052 2387 1282 2437; x_wconf 86' lang='lat' dir='ltr'><strong>instrueret,</strong></span> <span class='ocrx_word' id='word_1_342' title='bbox 1304 2388 1452 2427; x_wconf 88' lang='lat' dir='ltr'><strong>tentari</strong></span> <span class='ocrx_word' id='word_1_343' title='bbox 1473 2388 1618 2428; x_wconf 89' lang='lat' dir='ltr'><strong>voluit.</strong></span> 
     </span>
    </p>

    <p class='ocr_par' dir='ltr' id='par_1_12' title="bbox 105 2448 1980 3184">
     <span class='ocr_line' id='line_1_34' title="bbox 157 2448 1980 2507; baseline 0.001 -13"><span class='ocrx_word' id='word_1_344' title='bbox 157 2449 425 2505; x_wconf 88' lang='lat' dir='ltr'><strong>Respondeo</strong></span> <span class='ocrx_word' id='word_1_345' title='bbox 445 2448 691 2494; x_wconf 88' lang='lat' dir='ltr'><strong>dicendum</strong></span> <span class='ocrx_word' id='word_1_346' title='bbox 714 2449 839 2505; x_wconf 82' lang='lat' dir='ltr'><strong>quod</strong></span> <span class='ocrx_word' id='word_1_347' title='bbox 858 2450 1064 2494; x_wconf 88' lang='lat' dir='ltr'><strong>Christus</strong></span> <span class='ocrx_word' id='word_1_348' title='bbox 1088 2451 1254 2495; x_wconf 89' lang='lat' dir='ltr'><strong>tentari</strong></span> <span class='ocrx_word' id='word_1_349' title='bbox 1270 2450 1432 2495; x_wconf 89' lang='lat' dir='ltr'><strong>voluit.</strong></span> <span class='ocrx_word' id='word_1_350' title='bbox 1453 2450 1603 2494; x_wconf 81' lang='lat' dir='ltr'><strong>Primo</strong></span> <span class='ocrx_word' id='word_1_351' title='bbox 1621 2450 1809 2507; x_wconf 88' lang='lat' dir='ltr'><strong>quidem</strong></span> <span class='ocrx_word' id='word_1_352' title='bbox 1830 2456 1880 2494; x_wconf 89' lang='lat' dir='ltr'><strong>ut</strong></span> <span class='ocrx_word' id='word_1_353' title='bbox 1896 2463 1980 2495; x_wconf 89' lang='lat' dir='ltr'><strong>no-</strong></span> 
     </span>
     <span class='ocr_line' id='line_1_35' title="bbox 105 2510 1980 2569; baseline 0 -13"><span class='ocrx_word' id='word_1_354' title='bbox 105 2510 178 2556; x_wconf 82' lang='lat' dir='ltr'><strong>bis</strong></span> <span class='ocrx_word' id='word_1_355' title='bbox 199 2515 361 2555; x_wconf 83' lang='lat' dir='ltr'><strong>contra</strong></span> <span class='ocrx_word' id='word_1_356' title='bbox 383 2511 659 2556; x_wconf 83' lang='lat' dir='ltr'><strong>tentationes</strong></span> <span class='ocrx_word' id='word_1_357' title='bbox 680 2511 905 2555; x_wconf 84' lang='lat' dir='ltr'><strong>auxilium</strong></span> <span class='ocrx_word' id='word_1_358' title='bbox 926 2512 1093 2568; x_wconf 83' lang='lat' dir='ltr'><strong>serret3</strong></span> <span class='ocrx_word' id='word_1_359' title='bbox 1118 2512 1245 2558; x_wconf 89' lang='lat' dir='ltr'><strong>unde</strong></span> <span class='ocrx_word' id='word_1_360' title='bbox 1267 2513 1512 2569; x_wconf 82' lang='lat' dir='ltr'><strong>Gregorius</strong></span> <span class='ocrx_word' id='word_1_361' title='bbox 1532 2512 1642 2557; x_wconf 86' lang='lat' dir='ltr'><strong>dicit</strong></span> <span class='ocrx_word' id='word_1_362' title='bbox 1666 2512 1729 2566; x_wconf 89' lang='lat' dir='ltr'><strong>(in</strong></span> <span class='ocrx_word' id='word_1_363' title='bbox 1761 2513 1885 2556; x_wconf 88' lang='lat' dir='ltr'><strong>hom.</strong></span> <span class='ocrx_word' id='word_1_364' title='bbox 1911 2526 1980 2557; x_wconf 75' lang='lat' dir='ltr'><strong>xvi</strong></span> 
     </span>
     <span class='ocr_line' id='line_1_36' title="bbox 106 2571 1980 2631; baseline 0.001 -14"><span class='ocrx_word' id='word_1_365' title='bbox 106 2571 154 2617; x_wconf 84' lang='lat' dir='ltr'><strong>in</strong></span> <span class='ocrx_word' id='word_1_366' title='bbox 174 2572 411 2628; x_wconf 84' lang='lat' dir='ltr'><strong>Evangel.‚</strong></span> <span class='ocrx_word' id='word_1_367' title='bbox 431 2575 458 2616; x_wconf 78' lang='lat' dir='ltr'><strong>a</strong></span> <span class='ocrx_word' id='word_1_368' title='bbox 477 2572 679 2628; x_wconf 86' lang='lat' dir='ltr'><strong>princ.):</strong></span> <span class='ocrx_word' id='word_1_369' title='bbox 708 2590 727 2611; x_wconf 78' lang='grc' dir='ltr'>α</span> <span class='ocrx_word' id='word_1_370' title='bbox 754 2576 852 2617; x_wconf 92' lang='lat' dir='ltr'><strong>Non</strong></span> <span class='ocrx_word' id='word_1_371' title='bbox 877 2580 976 2618; x_wconf 87' lang='lat' dir='ltr'><strong>erat</strong></span> <span class='ocrx_word' id='word_1_372' title='bbox 997 2574 1242 2629; x_wconf 89' lang='lat' dir='ltr'><strong>indignum</strong></span> <span class='ocrx_word' id='word_1_373' title='bbox 1261 2574 1550 2631; x_wconf 85' lang='lat' dir='ltr'><strong>Redemptori</strong></span> <span class='ocrx_word' id='word_1_374' title='bbox 1570 2578 1728 2618; x_wconf 88' lang='lat' dir='ltr'><strong>nostro</strong></span> <span class='ocrx_word' id='word_1_375' title='bbox 1746 2573 1870 2630; x_wconf 81' lang='lat' dir='ltr'><strong>quod</strong></span> <span class='ocrx_word' id='word_1_376' title='bbox 1886 2579 1980 2619; x_wconf 86' lang='lat' dir='ltr'><strong>ten-</strong></span> 
     </span>
     <span class='ocr_line' id='line_1_37' title="bbox 106 2633 1979 2692; baseline 0.002 -14"><span class='ocrx_word' id='word_1_377' title='bbox 106 2634 192 2678; x_wconf 86' lang='lat' dir='ltr'><strong>tari</strong></span> <span class='ocrx_word' id='word_1_378' title='bbox 209 2634 371 2685; x_wconf 70' lang='lat' dir='ltr'><strong>voluit,</strong></span> <span class='ocrx_word' id='word_1_379' title='bbox 395 2633 474 2690; x_wconf 90' lang='lat' dir='ltr'><strong>qui</strong></span> <span class='ocrx_word' id='word_1_380' title='bbox 490 2639 681 2679; x_wconf 86' lang='lat' dir='ltr'><strong>venerat</strong></span> <span class='ocrx_word' id='word_1_381' title='bbox 698 2634 862 2679; x_wconf 89' lang='lat' dir='ltr'><strong>occidi.</strong></span> <span class='ocrx_word' id='word_1_382' title='bbox 888 2636 1070 2679; x_wconf 80' lang='lat' dir='ltr'><strong>Justum</strong></span> <span class='ocrx_word' id='word_1_383' title='bbox 1091 2635 1263 2692; x_wconf 85' lang='lat' dir='ltr'><strong>quippe</strong></span> <span class='ocrx_word' id='word_1_384' title='bbox 1285 2640 1385 2679; x_wconf 87' lang='lat' dir='ltr'><strong>erat</strong></span> <span class='ocrx_word' id='word_1_385' title='bbox 1411 2640 1463 2679; x_wconf 87' lang='lat' dir='ltr'><strong>ut</strong></span> <span class='ocrx_word' id='word_1_386' title='bbox 1480 2635 1548 2679; x_wconf 89' lang='lat' dir='ltr'><strong>sic</strong></span> <span class='ocrx_word' id='word_1_387' title='bbox 1573 2636 1849 2680; x_wconf 84' lang='lat' dir='ltr'><strong>tentationes</strong></span> <span class='ocrx_word' id='word_1_388' title='bbox 1870 2649 1979 2681; x_wconf 90' lang='lat' dir='ltr'><strong>nos-</strong></span> 
     </span>
     <span class='ocr_line' id='line_1_38' title="bbox 106 2694 1980 2751; baseline 0.002 -12"><span class='ocrx_word' id='word_1_389' title='bbox 106 2698 199 2740; x_wconf 82' lang='lat' dir='ltr'><strong>tras</strong></span> <span class='ocrx_word' id='word_1_390' title='bbox 213 2695 311 2739; x_wconf 91' lang='lat' dir='ltr'><strong>suis</strong></span> <span class='ocrx_word' id='word_1_391' title='bbox 334 2694 664 2740; x_wconf 87' lang='lat' dir='ltr'><strong>tentationibus</strong></span> <span class='ocrx_word' id='word_1_392' title='bbox 683 2696 908 2751; x_wconf 80' lang='lat' dir='ltr'><strong>vinc-eret,</strong></span> <span class='ocrx_word' id='word_1_393' title='bbox 929 2696 1050 2741; x_wconf 90' lang='lat' dir='ltr'><strong>sicut</strong></span> <span class='ocrx_word' id='word_1_394' title='bbox 1067 2702 1262 2741; x_wconf 89' lang='lat' dir='ltr'><strong>mortem</strong></span> <span class='ocrx_word' id='word_1_395' title='bbox 1293 2701 1498 2741; x_wconf 88' lang='lat' dir='ltr'><strong>nostram</strong></span> <span class='ocrx_word' id='word_1_396' title='bbox 1519 2701 1711 2742; x_wconf 85' lang='lat' dir='ltr'><strong>venerat</strong></span> <span class='ocrx_word' id='word_1_397' title='bbox 1728 2700 1814 2742; x_wconf 78' lang='lat' dir='ltr'><strong>sua</strong></span> <span class='ocrx_word' id='word_1_398' title='bbox 1833 2704 1980 2743; x_wconf 87' lang='lat' dir='ltr'><strong>morte</strong></span> 
     </span>
     <span class='ocr_line' id='line_1_39' title="bbox 108 2756 1977 2815; baseline 0.003 -16"><span class='ocrx_word' id='word_1_399' title='bbox 108 2767 339 2812; x_wconf 86' lang='lat' dir='ltr'><strong>superare.</strong></span> <span class='ocrx_word' id='word_1_400' title='bbox 360 2775 382 2795; x_wconf 71' lang='lat' dir='ltr'><strong>a»</strong></span> <span class='ocrx_word' id='word_1_401' title='bbox 408 2756 633 2813; x_wconf 80' lang='lat' dir='ltr'><strong>Secundo,</strong></span> <span class='ocrx_word' id='word_1_402' title='bbox 652 2761 839 2814; x_wconf 89' lang='lat' dir='ltr'><strong>propter</strong></span> <span class='ocrx_word' id='word_1_403' title='bbox 871 2763 1078 2803; x_wconf 87' lang='lat' dir='ltr'><strong>nostram</strong></span> <span class='ocrx_word' id='word_1_404' title='bbox 1101 2758 1345 2815; x_wconf 80' lang='lat' dir='ltr'><strong>cautelam,</strong></span> <span class='ocrx_word' id='word_1_405' title='bbox 1368 2763 1421 2803; x_wconf 91' lang='lat' dir='ltr'><strong>ut</strong></span> <span class='ocrx_word' id='word_1_406' title='bbox 1444 2758 1602 2804; x_wconf 91' lang='lat' dir='ltr'><strong>nullus</strong></span> <span class='ocrx_word' id='word_1_407' title='bbox 1622 2758 1977 2814; x_wconf 77' lang='lat' dir='ltr'><strong>quantumcum-</strong></span> 
     </span>
     <span class='ocr_line' id='line_1_40' title="bbox 107 2818 1978 2876; baseline 0.003 -17"><span class='ocrx_word' id='word_1_408' title='bbox 107 2828 199 2872; x_wconf 90' lang='lat' dir='ltr'><strong>que</strong></span> <span class='ocrx_word' id='word_1_409' title='bbox 217 2821 420 2872; x_wconf 87' lang='lat' dir='ltr'><strong>sanctus,</strong></span> <span class='ocrx_word' id='word_1_410' title='bbox 448 2829 498 2862; x_wconf 90' lang='lat' dir='ltr'><strong>se</strong></span> <span class='ocrx_word' id='word_1_411' title='bbox 513 2818 709 2862; x_wconf 87' lang='lat' dir='ltr'><strong>aestimet</strong></span> <span class='ocrx_word' id='word_1_412' title='bbox 735 2831 951 2863; x_wconf 87' lang='lat' dir='ltr'><strong>securum</strong></span> <span class='ocrx_word' id='word_1_413' title='bbox 972 2824 1018 2863; x_wconf 89' lang='lat' dir='ltr'><strong>et</strong></span> <span class='ocrx_word' id='word_1_414' title='bbox 1039 2820 1294 2864; x_wconf 86' lang='lat' dir='ltr'><strong>immunem</strong></span> <span class='ocrx_word' id='word_1_415' title='bbox 1320 2818 1348 2862; x_wconf 73' lang='lat' dir='ltr'><strong>a</strong></span> <span class='ocrx_word' id='word_1_416' title='bbox 1376 2819 1642 2864; x_wconf 90' lang='lat' dir='ltr'><strong>tentatione.</strong></span> <span class='ocrx_word' id='word_1_417' title='bbox 1665 2818 1792 2864; x_wconf 89' lang='lat' dir='ltr'><strong>Unde</strong></span> <span class='ocrx_word' id='word_1_418' title='bbox 1815 2824 1860 2863; x_wconf 93' lang='lat' dir='ltr'><strong>et</strong></span> <span class='ocrx_word' id='word_1_419' title='bbox 1878 2827 1978 2876; x_wconf 85' lang='lat' dir='ltr'><strong>post</strong></span> 
     </span>
     <span class='ocr_line' id='line_1_41' title="bbox 106 2876 1978 2940; baseline 0.003 -19"><span class='ocrx_word' id='word_1_420' title='bbox 106 2876 389 2934; x_wconf 87' lang='lat' dir='ltr'><strong>baptismum</strong></span> <span class='ocrx_word' id='word_1_421' title='bbox 413 2879 580 2922; x_wconf 87' lang='lat' dir='ltr'><strong>tentari</strong></span> <span class='ocrx_word' id='word_1_422' title='bbox 598 2879 744 2924; x_wconf 82' lang='lat' dir='ltr'><strong>voluit</strong></span> <span class='ocrx_word' id='word_1_423' title='bbox 761 2880 894 2937; x_wconf 83' lang='lat' dir='ltr'><strong>quia,</strong></span> <span class='ocrx_word' id='word_1_424' title='bbox 916 2880 1037 2925; x_wconf 90' lang='lat' dir='ltr'><strong>sicut</strong></span> <span class='ocrx_word' id='word_1_425' title='bbox 1058 2881 1256 2925; x_wconf 87' lang='lat' dir='ltr'><strong>Hilarius</strong></span> <span class='ocrx_word' id='word_1_426' title='bbox 1274 2880 1384 2924; x_wconf 90' lang='lat' dir='ltr'><strong>dicit</strong></span> <span class='ocrx_word' id='word_1_427' title='bbox 1403 2881 1560 2937; x_wconf 88' lang='lat' dir='ltr'><strong>(super</strong></span> <span class='ocrx_word' id='word_1_428' title='bbox 1580 2880 1733 2925; x_wconf 85' lang='lat' dir='ltr'><strong>Matth.</strong></span> <span class='ocrx_word' id='word_1_429' title='bbox 1757 2892 1861 2925; x_wconf 86' lang='lat' dir='ltr'><strong>can.</strong></span> <span class='ocrx_word' id='word_1_430' title='bbox 1886 2884 1927 2940; x_wconf 80' lang='lat'><strong>3,</strong></span> <span class='ocrx_word' id='word_1_431' title='bbox 1952 2883 1978 2926; x_wconf 74' lang='lat' dir='ltr'><strong>a</strong></span> 
     </span>
     <span class='ocr_line' id='line_1_42' title="bbox 107 2937 1975 2999; baseline 0.003 -17"><span class='ocrx_word' id='word_1_432' title='bbox 107 2939 291 2994; x_wconf 85' lang='lat' dir='ltr'><strong>princ.),</strong></span> <span class='ocrx_word' id='word_1_433' title='bbox 317 2955 336 2974; x_wconf 68' lang='grc' dir='ltr'><em>υ</em></span> <span class='ocrx_word' id='word_1_434' title='bbox 358 2937 404 2981; x_wconf 91' lang='lat' dir='ltr'><strong>in</strong></span> <span class='ocrx_word' id='word_1_435' title='bbox 428 2939 724 2984; x_wconf 86' lang='lat' dir='ltr'><strong>sanctificatis</strong></span> <span class='ocrx_word' id='word_1_436' title='bbox 763 2939 897 2985; x_wconf 90' lang='lat' dir='ltr'><strong>nobis</strong></span> <span class='ocrx_word' id='word_1_437' title='bbox 929 2942 1132 2986; x_wconf 77' lang='lat' dir='ltr'><strong>maxime</strong></span> <span class='ocrx_word' id='word_1_438' title='bbox 1167 2941 1336 2986; x_wconf 88' lang='lat' dir='ltr'><strong>diaboli</strong></span> <span class='ocrx_word' id='word_1_439' title='bbox 1374 2946 1659 2986; x_wconf 88' lang='lat' dir='ltr'><strong>tentamenta</strong></span> <span class='ocrx_word' id='word_1_440' title='bbox 1690 2948 1975 2999; x_wconf 77' lang='lat' dir='ltr'><strong>grassantur,</strong></span> 
     </span>
     <span class='ocr_line' id='line_1_43' title="bbox 107 2999 1974 3061; baseline 0.003 -18"><span class='ocrx_word' id='word_1_441' title='bbox 107 3000 214 3055; x_wconf 86' lang='lat' dir='ltr'><strong>quia</strong></span> <span class='ocrx_word' id='word_1_442' title='bbox 237 2999 428 3044; x_wconf 83' lang='lat' dir='ltr'><strong>victoria</strong></span> <span class='ocrx_word' id='word_1_443' title='bbox 451 3000 599 3055; x_wconf 89' lang='lat' dir='ltr'><strong>magis</strong></span> <span class='ocrx_word' id='word_1_444' title='bbox 630 3004 701 3045; x_wconf 91' lang='lat' dir='ltr'><strong>est</strong></span> <span class='ocrx_word' id='word_1_445' title='bbox 729 3001 772 3046; x_wconf 88' lang='lat' dir='ltr'><strong>ei</strong></span> <span class='ocrx_word' id='word_1_446' title='bbox 790 3008 1007 3060; x_wconf 86' lang='lat' dir='ltr'><strong>exoptata</strong></span> <span class='ocrx_word' id='word_1_447' title='bbox 1029 3004 1087 3049; x_wconf 88' lang='lat' dir='ltr'><strong>de</strong></span> <span class='ocrx_word' id='word_1_448' title='bbox 1114 3003 1305 3048; x_wconf 85' lang='lat' dir='ltr'><strong>sanctis.</strong></span> <span class='ocrx_word' id='word_1_449' title='bbox 1331 3021 1351 3042; x_wconf 88' lang='lat'>»</span> <span class='ocrx_word' id='word_1_450' title='bbox 1389 3004 1515 3048; x_wconf 89' lang='lat' dir='ltr'><strong>Unde</strong></span> <span class='ocrx_word' id='word_1_451' title='bbox 1539 3004 1683 3058; x_wconf 85' lang='lat' dir='ltr'><strong>(Eccli</strong></span> <span class='ocrx_word' id='word_1_452' title='bbox 1720 3006 1830 3061; x_wconf 82' lang='lat'><strong>11‚‘1)</strong></span> <span class='ocrx_word' id='word_1_453' title='bbox 1861 3005 1974 3050; x_wconf 92' lang='lat' dir='ltr'><strong>dici-</strong></span> 
     </span>
     <span class='ocr_line' id='line_1_44' title="bbox 108 3061 1977 3123; baseline 0.004 -20"><span class='ocrx_word' id='word_1_454' title='bbox 108 3066 183 3105; x_wconf 88' lang='lat' dir='ltr'><strong>tur</strong></span> <span class='ocrx_word' id='word_1_455' title='bbox 203 3076 215 3105; x_wconf 72' lang='grc' dir='ltr'>ι</span> <span class='ocrx_word' id='word_1_456' title='bbox 240 3061 353 3116; x_wconf 77' lang='lat' dir='ltr'><strong>Fili,</strong></span> <span class='ocrx_word' id='word_1_457' title='bbox 374 3061 588 3105; x_wconf 80' lang='lat' dir='ltr'><strong>accedens</strong></span> <span class='ocrx_word' id='word_1_458' title='bbox 606 3062 670 3105; x_wconf 85' lang='lat' dir='ltr'><strong>ad</strong></span> <span class='ocrx_word' id='word_1_459' title='bbox 693 3066 949 3108; x_wconf 76' lang='lat' dir='ltr'><strong>servitutem</strong></span> <span class='ocrx_word' id='word_1_460' title='bbox 972 3068 1071 3123; x_wconf 61' lang='lat' dir='ltr'><strong>Dei„</strong></span> <span class='ocrx_word' id='word_1_461' title='bbox 1087 3070 1226 3109; x_wconf 80' lang='lat' dir='ltr'><strong>stain</strong></span> <span class='ocrx_word' id='word_1_462' title='bbox 1243 3066 1431 3120; x_wconf 56' lang='lat' dir='ltr'><strong>‚iustitia</strong></span> <span class='ocrx_word' id='word_1_463' title='bbox 1452 3068 1495 3108; x_wconf 83' lang='lat' dir='ltr'><strong>et</strong></span> <span class='ocrx_word' id='word_1_464' title='bbox 1510 3068 1685 3121; x_wconf 65' lang='lat' dir='ltr'><strong>timore,</strong></span> <span class='ocrx_word' id='word_1_465' title='bbox 1703 3069 1746 3109; x_wconf 75' lang='lat' dir='ltr'><strong>et</strong></span> <span class='ocrx_word' id='word_1_466' title='bbox 1762 3078 1977 3122; x_wconf 82' lang='lat' dir='ltr'><strong>praepara</strong></span> 
     </span>
     <span class='ocr_line' id='line_1_45' title="bbox 105 3123 1976 3184; baseline 0.004 -19"><span class='ocrx_word' id='word_1_467' title='bbox 105 3125 302 3165; x_wconf 77' lang='lat' dir='ltr'><strong>animam</strong></span> <span class='ocrx_word' id='word_1_468' title='bbox 322 3126 446 3166; x_wconf 84' lang='lat' dir='ltr'><strong>tuam</strong></span> <span class='ocrx_word' id='word_1_469' title='bbox 466 3123 529 3166; x_wconf 82' lang='lat' dir='ltr'><strong>ad</strong></span> <span class='ocrx_word' id='word_1_470' title='bbox 551 3125 854 3169; x_wconf 74' lang='lat' dir='ltr'><strong>tentationem.</strong></span> <span class='ocrx_word' id='word_1_471' title='bbox 886 3127 1048 3184; x_wconf 85' lang='lat' dir='ltr'><strong>Tertio,</strong></span> <span class='ocrx_word' id='word_1_472' title='bbox 1079 3131 1266 3183; x_wconf 88' lang='lat' dir='ltr'><strong>propter</strong></span> <span class='ocrx_word' id='word_1_473' title='bbox 1301 3126 1579 3183; x_wconf 78' lang='lat' dir='ltr'><strong>exemplum,</strong></span> <span class='ocrx_word' id='word_1_474' title='bbox 1614 3131 1666 3172; x_wconf 88' lang='lat' dir='ltr'><strong>ut</strong></span> <span class='ocrx_word' id='word_1_475' title='bbox 1697 3127 1872 3173; x_wconf 83' lang='lat' dir='ltr'><strong>scilicet</strong></span> <span class='ocrx_word' id='word_1_476' title='bbox 1893 3141 1976 3173; x_wconf 92' lang='lat' dir='ltr'><strong>nos</strong></span> 
     </span>
    </p>
   </div>
   <div class='ocr_carea' id='block_1_6' title="bbox 105 3246 1975 3436">
    <p class='ocr_par' dir='ltr' id='par_1_13' title="bbox 105 3246 1975 3436">
     <span class='ocr_line' id='line_1_46' title="bbox 147 3246 1975 3295; baseline 0.005 -17"><span class='ocrx_word' id='word_1_477' title='bbox 147 3246 192 3287; x_wconf 75' lang='lat' dir='ltr'><strong>(l)</strong></span> <span class='ocrx_word' id='word_1_478' title='bbox 214 3246 293 3288; x_wconf 73' lang='lat' dir='ltr'><strong>Qum</strong></span> <span class='ocrx_word' id='word_1_479' title='bbox 307 3247 492 3286; x_wconf 84' lang='lat' dir='ltr'><strong>sequuntur</strong></span> <span class='ocrx_word' id='word_1_480' title='bbox 509 3257 613 3287; x_wconf 78' lang='lat' dir='ltr'><strong>usque</strong></span> <span class='ocrx_word' id='word_1_481' title='bbox 629 3246 670 3281; x_wconf 77' lang='lat' dir='ltr'><strong>ad</strong></span> <span class='ocrx_word' id='word_1_482' title='bbox 686 3246 840 3289; x_wconf 84' lang='lat' dir='ltr'><strong>verbum,</strong></span> <span class='ocrx_word' id='word_1_483' title='bbox 859 3249 997 3290; x_wconf 74' lang='lat' dir='ltr'><strong>siqnifi-</strong></span> <span class='ocrx_word' id='word_1_484' title='bbox 1083 3254 1157 3290; x_wconf 75' lang='lat' dir='ltr'><strong>tur,</strong></span> <span class='ocrx_word' id='word_1_485' title='bbox 1169 3250 1297 3284; x_wconf 57' lang='lat' dir='ltr'><strong>utram</strong></span> <span class='ocrx_word' id='word_1_486' title='bbox 1309 3254 1448 3284; x_wconf 78' lang='lat' dir='ltr'><strong>natura</strong></span> <span class='ocrx_word' id='word_1_487' title='bbox 1464 3250 1624 3286; x_wconf 75' lang='lat' dir='ltr'><strong>mundus</strong></span> <span class='ocrx_word' id='word_1_488' title='bbox 1634 3254 1699 3292; x_wconf 72' lang='lat' dir='ltr'><strong>eet,</strong></span> <span class='ocrx_word' id='word_1_489' title='bbox 1711 3253 1867 3287; x_wconf 69' lang='lat' dir='ltr'><strong>dtcimuz</strong></span> <span class='ocrx_word' id='word_1_490' title='bbox 1882 3253 1975 3295; x_wconf 70' lang='lat' dir='ltr'><strong>quod</strong></span> 
     </span>
     <span class='ocr_line' id='line_1_47' title="bbox 105 3293 1569 3341; baseline 0.003 -12"><span class='ocrx_word' id='word_1_491' title='bbox 105 3295 296 3333; x_wconf 66' lang='lat' dir='ltr'><strong>tationem,</strong></span> <span class='ocrx_word' id='word_1_492' title='bbox 321 3305 354 3327; x_wconf 80' lang='lat' dir='ltr'><strong>se</strong></span> <span class='ocrx_word' id='word_1_493' title='bbox 369 3293 530 3335; x_wconf 79' lang='lat' dir='ltr'><strong>Theologi</strong></span> <span class='ocrx_word' id='word_1_494' title='bbox 555 3294 721 3329; x_wconf 83' lang='lat' dir='ltr'><strong>addidisse</strong></span> <span class='ocrx_word' id='word_1_495' title='bbox 735 3294 869 3338; x_wconf 77' lang='lat' dir='ltr'><strong>dicunt3</strong></span> <span class='ocrx_word' id='word_1_496' title='bbox 885 3301 918 3330; x_wconf 82' lang='lat' dir='ltr'><strong>at</strong></span> <span class='ocrx_word' id='word_1_497' title='bbox 942 3297 998 3338; x_wconf 84' lang='lat' dir='ltr'><strong>ip-</strong></span> <span class='ocrx_word' id='word_1_498' title='bbox 1082 3299 1198 3332; x_wconf 80' lang='lat' dir='ltr'><strong>omnis</strong></span> <span class='ocrx_word' id='word_1_499' title='bbox 1218 3302 1391 3334; x_wconf 72' lang='lat' dir='ltr'><strong>creatura</strong></span> <span class='ocrx_word' id='word_1_500' title='bbox 1409 3300 1488 3341; x_wconf 81' lang='lat' dir='ltr'><strong>Dei,</strong></span> <span class='ocrx_word' id='word_1_501' title='bbox 1505 3304 1569 3334; x_wconf 82' lang='lat' dir='ltr'><strong>etc.</strong></span> 
     </span>
     <span class='ocr_line' id='line_1_48' title="bbox 105 3340 1974 3387; baseline 0.004 -12"><span class='ocrx_word' id='word_1_502' title='bbox 105 3340 234 3375; x_wconf 75' lang='lat' dir='ltr'><strong>sissima</strong></span> <span class='ocrx_word' id='word_1_503' title='bbox 250 3341 351 3375; x_wconf 82' lang='lat' dir='ltr'><strong>verba</strong></span> <span class='ocrx_word' id='word_1_504' title='bbox 373 3348 452 3375; x_wconf 78' lang='lat' dir='ltr'><strong>sunt</strong></span> <span class='ocrx_word' id='word_1_505' title='bbox 467 3342 500 3375; x_wconf 86' lang='lat' dir='ltr'><strong>in</strong></span> <span class='ocrx_word' id='word_1_506' title='bbox 518 3343 597 3377; x_wconf 87' lang='lat' dir='ltr'><strong>Mss.</strong></span> <span class='ocrx_word' id='word_1_507' title='bbox 616 3343 733 3378; x_wconf 74' lang='lat' dir='ltr'><strong>Alcen.</strong></span> <span class='ocrx_word' id='word_1_508' title='bbox 753 3348 786 3377; x_wconf 90' lang='lat' dir='ltr'><strong>et</strong></span> <span class='ocrx_word' id='word_1_509' title='bbox 802 3343 884 3378; x_wconf 83' lang='lat' dir='ltr'><strong>edit.</strong></span> <span class='ocrx_word' id='word_1_510' title='bbox 899 3343 998 3379; x_wconf 87' lang='lat' dir='ltr'><strong>Rom.</strong></span> <span class='ocrx_word' id='word_1_511' title='bbox 1121 3346 1165 3386; x_wconf 86' lang='lat'><strong>(5)</strong></span> <span class='ocrx_word' id='word_1_512' title='bbox 1180 3345 1307 3387; x_wconf 80' lang='lat' dir='ltr'><strong>Nempe</strong></span> <span class='ocrx_word' id='word_1_513' title='bbox 1325 3348 1398 3381; x_wconf 80' lang='lat' dir='ltr'><strong>cum</strong></span> <span class='ocrx_word' id='word_1_514' title='bbox 1411 3347 1451 3381; x_wconf 81' lang='lat' dir='ltr'><strong>ab</strong></span> <span class='ocrx_word' id='word_1_515' title='bbox 1469 3346 1607 3386; x_wconf 83' lang='lat' dir='ltr'><strong>obsessis</strong></span> <span class='ocrx_word' id='word_1_516' title='bbox 1624 3351 1778 3382; x_wconf 73' lang='lat' dir='ltr'><strong>exeuntes</strong></span> <span class='ocrx_word' id='word_1_517' title='bbox 1795 3349 1974 3383; x_wconf 68' lang='lat' dir='ltr'><strong>clamarent</strong></span> 
     </span>
     <span class='ocr_line' id='line_1_49' title="bbox 145 3389 1970 3436; baseline 0.005 -14"><span class='ocrx_word' id='word_1_518' title='bbox 145 3389 186 3429; x_wconf 80' lang='lat'><strong>(2)</strong></span> <span class='ocrx_word' id='word_1_519' title='bbox 203 3390 254 3423; x_wconf 85' lang='lat' dir='ltr'><strong>Ita</strong></span> <span class='ocrx_word' id='word_1_520' title='bbox 270 3389 482 3423; x_wconf 81' lang='lat' dir='ltr'><strong>restituimus</strong></span> <span class='ocrx_word' id='word_1_521' title='bbox 496 3402 572 3424; x_wconf 88' lang='lat' dir='ltr'><strong>cum</strong></span> <span class='ocrx_word' id='word_1_522' title='bbox 587 3392 661 3426; x_wconf 86' lang='lat' dir='ltr'><strong>cod.</strong></span> <span class='ocrx_word' id='word_1_523' title='bbox 681 3391 798 3425; x_wconf 70' lang='lat' dir='ltr'><strong>Alcen.</strong></span> <span class='ocrx_word' id='word_1_524' title='bbox 817 3396 850 3426; x_wconf 83' lang='lat' dir='ltr'><strong>et</strong></span> <span class='ocrx_word' id='word_1_525' title='bbox 868 3392 998 3431; x_wconf 77' lang='lat' dir='ltr'><strong>Augus·</strong></span> <span class='ocrx_word' id='word_1_526' title='bbox 1082 3392 1114 3426; x_wconf 83' lang='lat' dir='ltr'><strong>vi</strong></span> <span class='ocrx_word' id='word_1_527' title='bbox 1131 3393 1243 3429; x_wconf 71' lang='lat' dir='ltr'><strong>divina</strong></span> <span class='ocrx_word' id='word_1_528' title='bbox 1262 3394 1421 3436; x_wconf 85' lang='lat' dir='ltr'><strong>compulsi</strong></span> <span class='ocrx_word' id='word_1_529' title='bbox 1439 3407 1448 3429; x_wconf 73' lang='grc' dir='ltr'>ε</span> <span class='ocrx_word' id='word_1_530' title='bbox 1466 3395 1519 3430; x_wconf 75' lang='lat' dir='ltr'><strong>Tu</strong></span> <span class='ocrx_word' id='word_1_531' title='bbox 1531 3405 1566 3429; x_wconf 71' lang='lat' dir='ltr'><strong>es</strong></span> <span class='ocrx_word' id='word_1_532' title='bbox 1577 3395 1704 3430; x_wconf 70' lang='lat' dir='ltr'><strong>Filia-s</strong></span> <span class='ocrx_word' id='word_1_533' title='bbox 1719 3397 1786 3431; x_wconf 81' lang='lat' dir='ltr'><strong>Dei</strong></span> <span class='ocrx_word' id='word_1_534' title='bbox 1803 3400 1898 3435; x_wconf 76' lang='lat' dir='ltr'><strong>(vers,</strong></span> <span class='ocrx_word' id='word_1_535' title='bbox 1910 3396 1970 3436; x_wconf 69' lang='grc'><strong>41).</strong></span> 
     </span>
    </p>
   </div>
   <div class='ocr_carea' id='block_1_7' title="bbox 107 3435 998 3483">
    <p class='ocr_par' dir='ltr' id='par_1_14' title="bbox 107 3435 998 3483">
     <span class='ocr_line' id='line_1_50' title="bbox 107 3435 998 3483; baseline 0.006 -14"><span class='ocrx_word' id='word_1_536' title='bbox 107 3435 169 3471; x_wconf 82' lang='lat' dir='ltr'><strong>tini</strong></span> <span class='ocrx_word' id='word_1_537' title='bbox 185 3440 288 3472; x_wconf 78' lang='lat' dir='ltr'><strong>textu.</strong></span> <span class='ocrx_word' id='word_1_538' title='bbox 303 3437 356 3473; x_wconf 86' lang='lat' dir='ltr'><strong>Al.</strong></span> <span class='ocrx_word' id='word_1_539' title='bbox 383 3449 391 3471; x_wconf 75' lang='grc' dir='ltr'><strong>ε</strong></span> <span class='ocrx_word' id='word_1_540' title='bbox 413 3438 458 3472; x_wconf 81' lang='lat' dir='ltr'><strong>Si</strong></span> <span class='ocrx_word' id='word_1_541' title='bbox 473 3439 514 3473; x_wconf 77' lang='lat' dir='ltr'><strong>de</strong></span> <span class='ocrx_word' id='word_1_542' title='bbox 535 3449 646 3481; x_wconf 75' lang='lat' dir='ltr'><strong>porco</strong></span> <span class='ocrx_word' id='word_1_543' title='bbox 663 3444 695 3474; x_wconf 76' lang='lat' dir='ltr'><strong>et</strong></span> <span class='ocrx_word' id='word_1_544' title='bbox 713 3449 806 3481; x_wconf 71' lang='lat' dir='ltr'><strong>aquo</strong></span> <span class='ocrx_word' id='word_1_545' title='bbox 827 3441 998 3483; x_wconf 79' lang='lat' dir='ltr'><strong>requira-</strong></span> 
     </span>
    </p>
   </div>
  </div>
 </body>
</html>
