2170 3808
190 305 221 347 4
901 295 1101 351 QUAEST‘.
1131 297 1167 351 1,
1196 298 1315 341 ART.
1346 297 1395 340 11.

188 385 530 442 reparationem
551 380 743 426 humani
764 379 948 437 generis
965 378 1164 423 Verbum
1186 377 1261 423 Dei
1285 375 1534 422 incarnari.
1550 375 1698 421 Verbo
1714 374 1838 419 enim
1857 370 1958 427 Dei,
1983 375 2088 444 oiim

191 446 252 491 sit
281 449 402 491 Deus
430 445 679 502 perfectus,
705 446 759 487 ut
784 443 832 486 in
859 442 1006 498 primo
1034 441 1243 485 habitum
1269 445 1341 484 est
1366 442 1549 495 <quaest.
1577 451 1637 491 ιν,
1665 442 1751 481 art.
1776 440 1796 481 1
1823 440 1869 480 et
1895 438 1955 492 Ξ),
1977 434 2090 479 nlhll

189 507 373 552 virtutis
394 519 475 563 per
499 516 688 549 carnem
713 508 1001 560 assumptam
1026 502 1240 546 accrevit.
1269 501 1311 546 Si
1339 512 1451 556 ergo
1471 497 1670 543 Verbum
1696 498 1776 543 Dei
1799 497 2090 541 incarnatum

188 570 442 615 humanam
467 572 682 611 naturam
712 564 965 623 reparavit,
990 565 1128 609 etiam
1154 564 1333 620 absque
1355 560 1510 607 carnis
1535 560 1854 617 assumptione
1876 571 1980 603 eam
2005 569 2087 614 po·

243 644 255 674 1
329 643 345 659 ³
380 641 528 674 arare.
756 656 769 667 ⁸

186 635 561 746 *mirissaetereffi
581 690 641 736 ad
668 689 1008 746 reparationem
1033 688 1251 731 humanae
1275 689 1470 739 naturae,
1495 695 1601 741 quae
1622 695 1706 740 per
1726 687 1969 740 peccatum
1992 681 2086 726 col-

189 753 318 811 lapsa
340 759 461 810 erat,
486 753 601 797 nihil
625 752 752 797 aliud
773 750 946 807 requiri
970 749 1213 794 videbatur
1231 747 1372 805 quam
1392 745 1518 802 quod
1539 747 1677 790 homo
1700 745 1984 789 satisfaceret
2006 756 2090 799 pro

187 820 395 870 peccato.
419 815 506 860 Sed
525 816 662 858 homo
686 815 762 870 (1),
779 817 832 857 ut
845 812 1043 864 videtur,
1062 810 1328 855 satisfacere
1343 807 1492 865 potuit
1514 820 1598 865 pro
1617 811 1806 864 peccato
1824 821 1835 850 t
1854 819 1947 850 non
1967 806 2090 851 enim

187 878 309 921 Deus
331 877 390 921 ab
411 875 600 920 homine
626 874 734 932 plus
758 873 995 930 requirere
1020 872 1159 917 debet
1181 871 1322 928 quam
1351 868 1521 927 possit3
1543 873 1590 914 et
1611 869 1717 914 cnm
1739 868 1927 925 pronior
1951 867 2012 912 sit
2030 868 2089 913 ad

187 938 503 983 miserendum
524 937 664 994 quam
685 937 743 981 ad
766 935 1071 992 puniendum,
1089 934 1211 979 sicut
1229 932 1405 978 homini
1429 932 1624 988 imputat
1646 931 1704 976 ad
1722 942 1909 987 poenam
1933 935 2089 974 actum

187 1001 388 1058 peccati,
410 1001 475 1044 ita
504 1000 734 1055 imputare
760 998 897 1043 debet
924 998 982 1042 ad
1005 996 1221 1041 meritum
1253 999 1408 1040 actum
1434 993 1733 1038 contrarium.
1754 995 1851 1036 Non
1873 1004 1986 1048 ergo
2003 991 2090 1037 fuit

188 1062 508 1107 necessarium
530 1061 590 1106 ad
610 1060 950 1117 reparationem
974 1059 1190 1103 humanae
1214 1063 1389 1101 naturae
1406 1055 1603 1100 Verbum
1629 1054 1708 1099 Dei
1726 1054 1975 1099 incarnari.

241 1126 286 1169 3.
316 1127 557 1179 Praeterea,
575 1122 634 1167 ad
654 1122 851 1167 salutem
869 1121 1071 1166 hominis
1090 1119 1322 1177 praecipue
1340 1118 1539 1176 pertinet
1553 1121 1605 1161 ut
1626 1120 1770 1161 Deum
1792 1121 2085 1162 revereatur:

187 1186 311 1231 unde
340 1186 508 1230 dicitur
529 1184 731 1239 (Malach.
753 1198 788 1240 ι,
815 1186 857 1238 6)
876 1198 887 1228 :
905 1186 955 1227 Si
976 1196 1055 1239 eqo
1078 1187 1233 1239 Pater,
1259 1183 1334 1225 ubi
1358 1182 1502 1225 honor
1522 1179 1674 1223 meus?
1695 1181 1735 1221 si
1758 1183 1988 1234 Dominus,
2013 1179 2088 1222 ubi

186 1249 324 1291 timor
344 1247 496 1291 meus?
519 1247 607 1291 Sed
638 1258 697 1290 ex
723 1246 812 1289 hoc
835 1245 938 1302 ipso
960 1245 1172 1289 homines
1193 1247 1336 1289 Deum
1364 1242 1515 1299 magis
1536 1245 1806 1286 reverentur
1824 1241 1947 1298 quod
1978 1252 2086 1286 eum

185 1310 483 1355 considerant
519 1321 660 1365 super
687 1307 845 1352 omnia
874 1307 1106 1352 elevatum
1142 1310 1189 1351 et
1215 1307 1273 1351 ab
1304 1306 1546 1351 hominum
1575 1304 1793 1349 sensibus
1821 1309 2084 1349 remotum:

185 1372 310 1417 unde
330 1372 512 1425 (Psalm.
533 1385 631 1426 exn,
645 1373 688 1424 4)
706 1369 874 1414 dicitur
887 1383 900 1413 ε
913 1369 1132 1412 Excelsus
1150 1382 1288 1425 super
1301 1381 1451 1411 omnes
1467 1370 1618 1424 qentes
1637 1370 1872 1421 Domum,
1892 1371 1937 1409 et
1952 1376 2086 1422 supe-1*

184 1434 315 1478 coelos
334 1435 486 1491 qlorz’a
503 1434 598 1489 ejacs
607 1447 624 1489 ,·
644 1436 690 1476 et
709 1437 870 1489 postea
887 1431 1103 1476 subditur
1119 1434 1254 1488 :Quis
1269 1434 1383 1474 sicut
1399 1433 1613 1473 Dominus
1630 1434 1750 1472 Deus
1764 1429 1946 1472 noster?
1961 1428 2084 1486 quod

184 1495 244 1540 ad
264 1495 571 1540 reverentiam
593 1493 807 1550 pertinet.
829 1495 948 1550 Ergo
970 1493 1157 1538 videtur
1179 1506 1273 1538 non
1297 1492 1546 1538 convenire
1567 1491 1783 1535 humanae
1803 1491 1938 1535 saluti
1960 1490 2084 1548 quod

183 1560 305 1602 Deus
329 1558 464 1602 nobis
488 1556 653 1601 similis
671 1556 804 1600 fieret
825 1567 908 1612 per
930 1555 1083 1600 carnis
1104 1556 1488 1613 assumptionem.

238 1620 327 1664 Sed
350 1625 524 1675 contra,
551 1618 666 1663 illud
691 1631 774 1675 per
797 1618 924 1675 quod
955 1618 1212 1663 humanum
1236 1631 1384 1675 genus
1412 1618 1637 1663 liberatur
1661 1616 1688 1660 a
1712 1615 1988 1673 perditione,
2015 1621 2086 1661 est

183 1682 497 1726 necessarium
524 1681 582 1725 ad
611 1681 865 1724 humanam
891 1679 1105 1725 salutem.
1132 1680 1219 1725 Sed
1249 1680 1526 1738 mysterium
1551 1679 1720 1724 divinae
1749 1678 2085 1723 incarnationis

182 1746 255 1787 est
272 1743 562 1800 hujusmodi,
587 1741 847 1787 secundum
867 1740 984 1787 illud
1003 1744 1148 1796 (Joan.
1166 1756 1235 1798 ιιι,
1256 1745 1326 1797 16)
1341 1756 1354 1786 :
1369 1745 1445 1786 Sic
1467 1746 1585 1784 Deus
1608 1741 1774 1783 dilexit
1791 1742 2012 1784 mundum
2033 1750 2084 1784 ut

183 1804 347 1847 Filium
366 1817 495 1847 suum
514 1805 791 1860 uniyenitum
811 1804 948 1846 daret
954 1818 970 1857 ;
986 1807 1036 1846 ut
1055 1807 1198 1846 omnis
1215 1806 1290 1858 qui
1303 1804 1451 1847 credit
1468 1805 1516 1845 in
1530 1805 1694 1858 ipsum,
1711 1815 1800 1844 non
1813 1805 1985 1857 pereat,
2005 1802 2085 1845 sed

182 1866 350 1909 habeat
369 1869 511 1909 vitam
528 1869 761 1909 aeternam.
779 1866 899 1921 Ergo
921 1866 1239 1910 necessarium
1263 1865 1351 1909 fuit
1368 1866 1428 1910 ad
1448 1865 1702 1909 humanam
1725 1863 1924 1908 salutem
1943 1866 2083 1908 Deum

188 1927 438 1971 incarnari.

227 1995 520 2035 CONCLUSIO.
550 2015 600 2024 -
625 1993 765 2034 Potuit
783 1995 890 2034 Deus
913 2004 960 2034 ex
974 1993 1184 2035 infinitate
1201 2006 1288 2034 suae
1302 1995 1458 2034 divinae
1477 1993 1686 2046 potentiae.
1705 1993 1788 2032 alio
1803 1993 1930 2045 quam
1946 1994 2085 2033 Incar-

181 2049 363 2089 nationis
389 2060 521 2099 opere,
542 2048 779 2089 humanum
807 2060 936 2099 genus
959 2060 1168 2100 reparare:
1196 2049 1264 2089 sed
1291 2053 1339 2089 ut
1368 2050 1492 2089 homo
1522 2047 1686 2088 facilins
1715 2052 1755 2087 et
1782 2047 1934 2087 melius
1964 2059 2082 2088 suam

179 2108 490 2154 consequeretur
504 2104 696 2151 salutem,
718 2103 794 2143 hoc
816 2107 1090 2144 necessarium
1110 2105 1190 2144 fuit
1212 2109 1261 2143 ut
1281 2104 1458 2145 Verbum
1478 2105 1566 2156 ejus
1584 2114 1675 2143 caro
1694 2103 1821 2141 fieret.

234 2166 507 2221 Respondeo
526 2165 777 2210 dicendum
799 2165 926 2221 quod
945 2166 1002 2210 ad
1024 2163 1164 2210 finem
1189 2166 1391 2222 aliquem
1413 2165 1584 2210 dicitur
1602 2163 1775 2221 aliquid
1797 2176 1902 2209 esse
1921 2177 2081 2211 neces-

180 2228 356 2273 sarium
378 2227 641 2283 dupliciter.
673 2229 774 2271 Uno
792 2228 957 2283 modo,
979 2228 1082 2272 sine
1102 2240 1195 2284 quo
1225 2227 1401 2284 aliquid
1428 2239 1533 2272 esse
1558 2239 1651 2270 non
1675 2230 1849 2283 potest3
1871 2227 1991 2271 sicut
2013 2228 2082 2272 ci-

180 2287 269 2334 bus
283 2293 356 2333 est
370 2289 664 2333 necessarius
680 2289 738 2333 ad
753 2289 1154 2334 conservationem
1170 2291 1389 2334 humanae
1404 2289 1536 2334 vitae:
1576 2288 1666 2332 alio
1680 2288 1817 2333 modo
1831 2321 1843 2345 ‚
1858 2301 1942 2344 per
1957 2291 2079 2346 quod

179 2351 347 2396 melius
364 2354 410 2395 et
432 2350 785 2395 convenientius
813 2352 1084 2407 pervenitur
1105 2352 1165 2396 ad
1181 2352 1347 2407 finem3
1373 2351 1495 2396 sicut
1518 2362 1669 2407 equus
1690 2351 1986 2396 necessarius
2009 2357 2081 2397 est

179 2413 239 2458 ad
253 2412 356 2457 iter.
381 2412 533 2456 Primo
551 2412 690 2457 modo
711 2415 855 2457 Deum
879 2413 1113 2457 incarnari
1149 2426 1240 2458 non
1275 2414 1363 2458 fuit
1389 2412 1709 2458 necessarium
1741 2413 1800 2457 ad
1828 2416 2080 2469 reparatio-

178 2487 288 2520 nem
309 2475 526 2519 humanae
549 2478 745 2519 naturae.
769 2477 890 2520 Deus
913 2475 1038 2520 enim
1058 2488 1141 2532 per
1162 2488 1296 2520 suam
1320 2476 1687 2533 omnipotentem
1705 2475 1925 2520 virtutem
1945 2482 2079 2533 pote-

178 2540 251 2580 rat
285 2536 538 2580 humanam
571 2540 786 2580 naturam
826 2537 985 2581 multis
1019 2537 1122 2581 aliis
1158 2537 1310 2582 modis
1341 2550 1558 2594 reparare
1587 2539 1662 2592 (⁶2).
1687 2537 1899 2582 Secundo
1922 2544 2078 2584 autem

177 2597 317 2642 modo
339 2597 655 2642 necessarium
674 2597 762 2641 fuit
779 2601 925 2643 Deum
947 2599 1181 2643 incarnari
1201 2599 1259 2643 ad
1282 2600 1500 2643 humanae
1515 2603 1695 2642 naturae
1717 2600 2076 2655 reparationem.

178 2659 309 2705 Unde
330 2660 615 2715 Augustinus
637 2659 748 2704 dicit
771 2662 847 2715 (De
867 2661 1026 2705 Trinit.
1050 2661 1131 2706 lib.
1157 2675 1246 2716 xm,
1273 2674 1375 2718 cap.
1397 2664 1467 2716 10„
1489 2672 1656 2717 parum
1674 2660 1701 2703 a
1725 2662 1891 2716 princ.)
1911 2676 1924 2707 :
1954 2681 1974 2702 α
1990 2666 2078 2710 Ve-

176 2723 281 2765 rum
301 2721 440 2766 etiam
460 2721 779 2780 ostendamus,
806 2734 901 2767 non
922 2722 1065 2768 alium
1086 2724 1276 2769 modum
1296 2724 1565 2781 possibilem
1584 2726 1677 2767 Deo
1698 2724 1917 2784 defuisse,
1941 2725 2078 2783 cujUs

177 2784 393 2839 potestati
411 2783 569 2827 omnia
591 2784 831 2840 aequaliter
849 2785 1110 2842 subjacent3
1135 2785 1218 2831 sed
1235 2786 1460 2831 sanandae
1481 2785 1681 2830 miseriae
1709 2791 1881 2831 nostrae
1904 2800 2077 2834 conve-

178 2845 454 2890 nientiorem
477 2845 620 2891 alium
641 2847 832 2891 modum
854 2848 948 2892 noh
973 2848 1135 2894 fuisse.
1162 2867 1183 2888 ι»
1206 2851 1258 2893 Et
1287 2849 1375 2892 hoc
1400 2848 1589 2905 quidem
1620 2849 1904 2893 considerari
1925 2855 2077 2906 potest

177 2909 406 2964 quantum
440 2908 499 2953 ad
535 2909 876 2965 promotionem
911 2910 1116 2956 hominis
1139 2911 1187 2955 in
1218 2911 1412 2956 bonum.
1438 2910 1587 2955 Primo
1626 2910 1815 2968 quidem
1848 2917 2074 2968 quantum

177 2969 238 3015 ad
268 2970 424 3027 fidem,
453 2983 559 3028 quae
590 2972 742 3028 magis
765 2973 1046 3019 certificatur
1077 2986 1137 3019 ex
1166 2975 1255 3031 hoc
1285 2974 1410 3031 qued
1433 2973 1520 3030 ipsi
1552 2975 1642 3017 Deo
1664 2973 1872 3030 loquenti
1894 2975 2073 3021 credit:

176 3058 278 3094 fuisse
292 3058 494 3101 simpliciter
508 3063 543 3095 et
561 3060 713 3096 absolute
728 3062 965 3105 necessariam,
983 3066 1019 3097 ut
1037 3063 1085 3099 ita
1171 3067 1231 3099 tur
1259 3077 1267 3098 ε
1299 3065 1359 3099 Ita
1392 3063 1504 3098 eciam
1528 3063 1677 3098 videtur
1699 3064 1797 3109 quod
1819 3065 1852 3099 ei
1874 3065 2076 3108 imputaret

175 3106 329 3141 sentiunt
358 3107 518 3142 Athanas.
550 3111 653 3146 (cont.
686 3109 746 3145 Ar.
769 3115 857 3145 orat.
886 3112 951 3153 ιιι),
983 3112 1082 3151 Greg.
1170 3112 1220 3146 ad
1238 3111 1455 3147 deletionem
1470 3111 1613 3155 peccati
1628 3115 1752 3146 actum
1767 3115 2012 3148 contrarium.

177 3154 333 3190 Nazianz.
351 3154 450 3197 (orat.
469 3157 529 3197 ιι),
554 3155 658 3197 cyril.
682 3156 843 3194 Alexand.
868 3162 970 3196 (cont.
997 3159 1086 3202 apol·
1211 3159 1252 3202 (2)
1277 3161 1314 3194 S.
1333 3159 1507 3195 Anselmus
1534 3158 1735 3194 sententiam
1762 3159 1968 3194 centrarium
1995 3172 2075 3196 aase-

175 3201 335 3243 linarist.)
348 3228 357 3243 ‚
379 3201 585 3238 Theodoret.
603 3204 718 3245 (serm.
745 3213 782 3239 vl
798 3210 888 3241 cont.
914 3207 1058 3245 Groecos)
1074 3235 1083 3248 .
1170 3208 1277 3243 ruisse
1294 3208 1440 3249 videtur,
1461 3213 1495 3243 et
1512 3207 1540 3242 si
1563 3206 1700 3242 Patavio
1715 3206 1817 3241 fldem
1842 3207 2074 3252 adhibeamus,

176 3250 243 3284 Leo
265 3249 380 3291 (serm.
400 3259 427 3284 n
454 3251 499 3284 De
518 3250 647 3290 nativ.),
672 3252 773 3292 Greg.
788 3253 877 3293 Mag.
896 3254 997 3296 (Mor.
1020 3253 1081 3290 lib.
1170 3258 1287 3291 revera
1309 3255 1424 3291 docuit
1447 3255 1717 3290 incarnationem
1743 3266 1811 3289 esse
1836 3254 1990 3291 absoluto
2015 3269 2075 3292 ne·

177 3306 317 3340 x1‚cap.
345 3297 412 3339 26),
441 3299 539 3333 loen.
560 3299 711 3334 Damaso.
735 3299 808 3341 (lib.
837 3309 891 3342 111,
917 3313 989 3342 cap.
1018 3303 1082 3345 48),
1171 3305 1346 3339 cessariam
1377 3305 1505 3341 (Patav.
1534 3304 1582 3337 De
1617 3302 1749 3338 incarn.
1770 3302 1830 3338 lib.
1853 3313 1893 3345 n,
1923 3316 1995 3347 cap.
2020 3307 2074 3348 ⁴5,

177 3344 339 3380 Ber-nard.
352 3346 459 3386 (epist.
478 3347 571 3386 cxc).
1168 3359 1207 3385 n·
1225 3353 1271 3394 5),
1287 3352 1346 3387 sed
1361 3353 1395 3388 S.
1415 3353 1650 3387 Bonaventura
1667 3354 1702 3385 et
1723 3350 1908 3387 Alexander
1924 3353 2076 3389 Halensis

217 3392 261 3434 (4)
281 3392 334 3427 Ita
362 3393 440 3428 Mss.
464 3398 499 3428 et
524 3393 606 3428 edit.
633 3394 770 3437 passim.
797 3395 835 3429 In
861 3396 935 3430 cod.
963 3397 1078 3432 Alcan.
1166 3400 1376 3435 contendunt
1394 3397 1659 3434 illustrissimum
1675 3397 1847 3434 doctorem
1859 3398 2076 3437 solummodo

176 3438 298 3496 desunt
314 3441 487 3481 sequentia
507 3453 515 3475 z
536 3441 609 3476 Sed
629 3443 735 3478 homo
748 3468 758 3483 ,
774 3446 813 3477 ut
839 3443 997 3484 videtur,
1018 3455 1079 3479 aa·
1166 3447 1398 3483 necessitatem
1423 3445 1673 3487 hypotheticam
1702 3446 1875 3482 admisisse
1892 3473 1901 3490 ‚
1930 3452 1965 3482 et
1988 3448 2075 3484 hane

175 3487 344 3529 disfacere
358 3489 481 3532 potuit
501 3499 570 3533 pro
592 3495 763 3535 pet-cutm
779 3495 814 3526 et
837 3503 912 3525 mox
929 3493 976 3527 sic
993 3493 1077 3533 legi·
1164 3495 1370 3530 sententiam
1387 3494 1534 3529 Billuart
1549 3497 1583 3528 et
1604 3493 1663 3527 alii
1682 3493 1832 3536 theologi
1846 3499 1886 3531 ut
1904 3495 2074 3531 verisimi-

1163 3542 1283 3577 liorem
1301 3546 1429 3578 tenent.
