2170 3808
155 221 240 266 516
815 217 1016 272 ouAEsr.
1048 218 1152 272 Lxl,
1182 218 1302 260 Aur.
1329 217 1398 262 1v.

157 314 262 347 esse
278 301 434 359 aliqua
453 301 757 345 sacramenta.
778 298 1000 343 Veniente
1024 299 1148 342 enim
1168 299 1378 355 veritate,
1402 298 1539 343 debet
1571 311 1754 344 cessare
1778 298 1944 355 figura.
1966 299 2054 345 Sed

156 365 317 420 qratia
339 366 383 407 et
400 363 569 406 veritas
584 373 670 417 per
690 363 842 404 Iesum
867 362 1101 405 Christum
1121 363 1251 415 sacta
1267 363 1352 417 est,
1365 365 1419 405 ut
1432 360 1598 406 dieitur
1612 363 1758 415 (Joan.
1779 375 1811 419 1,
1835 363 1922 416 17).
1939 362 2055 408 Cum

156 424 300 481 igitur
330 427 621 469 sacramenta
663 421 759 467 sint
794 423 1001 468 veritatis
1041 423 1192 480 signa,
1231 423 1330 467 sive
1364 423 1543 479 figurae,
1581 422 1765 470 videtur
1799 422 1924 480 quod
1949 427 2057 480 post

159 485 325 531 Christi
344 483 613 542 passionem
635 489 928 530 sacramenta
946 497 1051 531 esse
1070 498 1164 529 non
1183 484 1444 530 debuerint.

213 550 256 592 2.
276 549 518 603 Praeterea,
532 550 825 592 sacramenta
843 546 890 591 in
910 546 1189 604 quibusdam
1209 546 1454 591 elementis
1470 546 1749 604 consistunt,
1772 551 1826 592 ut
1843 559 1903 592 ex
1913 558 2057 603 supra

159 607 296 655 dictis
318 612 448 666 patet
467 611 649 667 (quaest.
673 621 813 667 praec.
835 611 922 654 art.
939 612 967 654 4
981 614 1028 654 et
1047 612 1106 663 5).
1131 609 1217 654 Sed
1238 608 1485 665 Apostolus
1498 608 1610 654 dicit
1631 609 1744 664 (Gal.
1764 622 1823 666 iv,
1844 611 1883 662 3)
1901 622 1914 654 :
1940 610 2057 654 Ciam

158 682 350 713 essemus
377 670 583 728 parvuli,
622 671 701 715 sub
739 671 970 715 elementis
1008 672 1166 715 mundi
1201 684 1383 714 eramus
1411 672 1675 728 serviente33
1710 682 1840 716 nunc
1879 674 2053 729 autem,

156 730 380 789 temporis
401 731 693 790 plenitudine
705 732 937 789 veniente,
951 732 1048 790 jam
1070 746 1163 777 non
1186 745 1351 778 sumus
1373 731 1570 789 parvuli.
1593 735 1713 798 Ergo
1728 732 1913 778 videtur
1930 731 2058 790 quod

157 805 255 838 non
280 794 536 841 debeamus
558 799 650 842 Deo
675 794 851 842 servire
887 795 977 840 sub
1005 795 1250 841 elementis
1272 796 1413 853 hujus
1433 795 1615 854 mundi,
1638 795 2056 853 corporalibussa-

160 856 409 903 oramentis
427 857 619 904 utend0.

214 921 258 964 3.
293 921 538 975 Praeterea,
561 919 690 977 apud
723 922 868 964 Deum
885 932 977 964 non
999 923 1065 964 est
1094 923 1431 977 transmutatio,
1457 933 1539 965 nec
1561 920 1889 965 vicissitudinis
1909 916 2047 964 obum

160 981 326 1039 bratio,
342 985 396 1027 ut
414 981 584 1027 dicitur
603 980 771 1037 (Jacobi
789 995 821 1039 1,
852 984 940 1037 17).
963 981 1049 1027 Sed
1072 982 1160 1027 hoc
1190 982 1373 1027 videtur
1394 981 1452 1027 ad
1474 981 1726 1039 quamdam
1748 981 2056 1027 mutationem
2095 1031 2097 1035 Α

159 1041 332 1088 divinae
358 1043 615 1089 voluntatis
648 1043 879 1101 pertinere
901 1044 1027 1102 quod
1047 1044 1138 1088 alia
1159 1050 1451 1090 sacramenta
1485 1056 1613 1090 nunc
1634 1043 1903 1089 hominibus
1923 1043 2058 1089 exhi-

156 1103 268 1149 beat
312 1104 370 1150 ad
409 1102 826 1151 sanctificationem
856 1111 1063 1164 tempore
1100 1108 1276 1163 gratiae,
1307 1112 1354 1152 et
1381 1107 1469 1151 alia
1507 1110 1620 1152 ante
1654 1105 1903 1151 Christum.
1937 1107 2057 1162 Ergo

157 1165 345 1219 videtur
367 1167 494 1226 quod
511 1172 617 1226 post
630 1168 861 1214 Christum
881 1182 972 1214 non
995 1170 1242 1215 debuerint
1266 1170 1358 1215 alia
1377 1172 1669 1214 sacramenta
1689 1167 1887 1213 institui.

217 1228 306 1274 Sed
328 1233 492 1274 contra
512 1236 584 1276 est
598 1231 724 1289 quod
737 1232 1028 1288 Augustinus
1047 1232 1157 1277 dicit
1174 1235 1356 1286 (Contra
1376 1235 1614 1288 Faustum,
1635 1230 1717 1276 lib.
1737 1243 1824 1288 xix,
1842 1242 1945 1287 cap.
1967 1231 2056 1289 13),

161 1289 288 1347 quod
302 1308 323 1329 «
340 1298 635 1337 sacramenta
649 1293 820 1338 veteris
839 1293 955 1350 legis
978 1299 1090 1339 sunt
1103 1294 1269 1352 ablata,
1291 1294 1401 1352 quia
1415 1294 1632 1351 impleta3
1653 1296 1700 1338 et
1720 1291 1810 1337 alia
1832 1296 1945 1337 sunt
1962 1292 2059 1338 ins-

159 1351 315 1409 tituta,
339 1353 512 1400 virtute
531 1354 725 1413 majora,
742 1354 939 1400 utilitate
953 1355 1162 1411 meliora,
1178 1360 1282 1401 actu
1306 1355 1531 1412 faciliora,
1554 1365 1752 1401 numero
1770 1354 2007 1412 pauciora.
2033 1372 2055 1395 n

208 1420 499 1463 CONCLUSIO.
524 1445 575 1452 -
594 1423 701 1463 cum
723 1424 830 1464 sicut
850 1424 987 1464 Patres
1009 1435 1079 1475 per
1099 1423 1226 1464 fidem
1249 1423 1401 1466 Christi
1421 1423 1588 1465 venturi
1614 1421 1765 1463 salvati
1794 1424 1914 1472 sunt,
1937 1420 1996 1462 ita
2020 1425 2061 1463 et

161 1481 238 1517 nos
261 1487 332 1528 per
354 1476 481 1518 fidem
503 1477 659 1519 Christi
682 1480 722 1519 et
748 1478 836 1519 nati
867 1483 908 1519 et
931 1480 1040 1531 passi
1069 1480 1299 1528 salvemur,
1325 1482 1468 1531 praeter
1490 1478 1636 1520 veteris
1659 1477 1762 1529 legis
1783 1480 2059 1529 sacramenta,

157 1530 312 1582 quibus
337 1531 489 1572 Christi
521 1533 721 1585 mysteria
752 1534 892 1574 futura
926 1535 1346 1586 praenunciabantur,
1367 1534 1549 1586 opo'rtuit
1574 1532 1659 1574 alia
1686 1533 1879 1585 quaedam
1906 1543 1993 1573 esse
2011 1531 2059 1574 in

157 1597 267 1627 nova
288 1586 375 1637 lege
395 1592 645 1638 sacamenta‚
664 1585 816 1640 quibus
830 1589 1162 1640 significarentur
1180 1601 1240 1638 ea,
1260 1600 1351 1640 quae
1371 1591 1662 1641 praecesserunt
1680 1589 1726 1627 in
1749 1587 1925 1628 Christo.

214 1649 490 1704 Respondeo
514 1650 764 1697 dicendum
784 1651 927 1711 quod,
949 1653 1071 1696 sicut
1089 1652 1267 1709 antiqui
1306 1658 1461 1710 patres
1489 1651 1655 1697 salvati
1689 1655 1799 1696 sunt
1817 1662 1901 1707 per
1921 1649 2062 1695 fidem

156 1709 325 1755 Christi
345 1712 548 1769 venturi,
569 1711 634 1758 ita
667 1717 715 1758 et
744 1725 833 1759 nos
864 1714 1102 1759 salvamur
1125 1727 1209 1770 per
1236 1713 1372 1759 iidem
1397 1713 1560 1758 Christi
1584 1713 1682 1771 jam
1717 1711 1814 1756 nati
1837 1715 1886 1757 et
1916 1711 2058 1768 passi.

157 1774 276 1817 Sunt
297 1778 456 1819 autem
481 1781 776 1821 sacramenta
793 1777 1006 1833 quaedam
1031 1776 1165 1833 signa
1186 1777 1489 1833 protestantia
1512 1776 1653 1821 fidem
1671 1776 1766 1832 qua
1780 1773 2063 1832 Justificatur

155 1832 312 1880 homo,
339 1837 528 1893 Oportet
543 1842 700 1883 autem
719 1838 823 1883 aliis
837 1839 986 1895 signis
1005 1838 1252 1894 significari
1276 1840 1448 1897 futura,
1471 1836 1704 1895 praeterita
1727 1841 1775 1883 et
1794 1836 2057 1893 praesentia.

153 1897 214 1941 Ut
232 1896 361 1943 enim
396 1899 689 1956 Augustinus
711 1900 825 1946 dicit
852 1904 1037 1952 (Contra
1060 1904 1296 1957 Faustum,
1319 1901 1399 1946 lib.
1429 1915 1516 1959 xix,
1546 1914 1646 1957 cap.
1672 1902 1745 1958 16,
1768 1903 1878 1945 ante
1898 1898 2059 1956 med.),

159 1975 182 1998 ι(
198 1959 365 2005 eadem
383 1972 461 2006 res
477 1961 612 2007 aliter
632 1964 940 2009 annuntiatur
958 1964 1186 2018 facienda,
1212 1964 1343 2008 aliter
1362 1965 1508 2020 facta,
1525 1962 1647 2008 sicut
1660 1962 1762 2019 ipsa
1775 1961 1935 2019 verba,
1953 1975 2061 2019 pas-

154 2034 289 2066 surus
314 2026 361 2067 et
393 2036 558 2080 passus
589 2037 684 2071 non
715 2025 928 2072 similiter
961 2032 1147 2071 sonant.
1176 2046 1195 2063 »
1218 2029 1270 2070 Et
1304 2025 1409 2071 ideo
1436 2028 1617 2082 oportet
1638 2023 1853 2082 quaedam
1873 2022 1964 2068 alia
1987 2036 2061 2069 sa-

155 2088 401 2130 cramenta
433 2098 539 2131 esse
575 2087 624 2131 in
658 2100 782 2132 nova
812 2089 935 2145 lege,
970 2088 1143 2146 quibus
1165 2088 1487 2145 significentur
1506 2100 1561 2132 ea
1589 2099 1694 2145 quae
1720 2095 2064 2143 praecesserunt

154 2145 206 2190 in
243 2147 445 2206 Christo,
480 2153 651 2204 praeter
696 2154 989 2195 sacramenta
1024 2151 1195 2196 veteris
1228 2150 1347 2205 legis
1364 2182 1377 2206 ,
1419 2148 1593 2207 quibus
1624 2147 2063 2206 praenuntiabantur

155 2209 330 2254 futura.

213 2270 280 2316 Ad
299 2275 500 2328 primum
521 2285 634 2330 ergo
666 2274 934 2331 dicendum,
956 2275 1098 2332 qued,
1123 2275 1246 2319 sicut
1270 2275 1519 2331 Blonysius
1540 2273 1652 2320 dicit
1674 2273 1812 2328 (Eccl.
1831 2273 2059 2320 hierarch.

156 2345 260 2389 cap.
282 2337 324 2390 5,
342 2333 567 2392 aliquant.
591 2335 619 2380 a
634 2337 818 2393 princ.),
843 2342 994 2382 status
1017 2350 1152 2382 novae
1175 2338 1293 2394 legis
1317 2338 1501 2382 medius
1516 2342 1588 2382 est
1605 2337 1728 2382 inter
1742 2341 1916 2382 statum
1931 2340 2063 2382 vete-

155 2394 222 2439 ris
237 2394 373 2453 legis,
394 2396 532 2454 quus
556 2397 720 2454 figurae
751 2398 1005 2455 implentur
1035 2399 1080 2442 in
1115 2412 1235 2442 nova
1270 2399 1388 2456 lege,
1406 2404 1452 2444 et
1472 2399 1593 2444 inter
1617 2402 1792 2443 statum
1811 2397 1986 2454 gloriae,
2011 2398 2060 2442 in

157 2467 252 2512 qua
280 2457 436 2501 omnis
467 2458 601 2505 nude
626 2464 672 2504 et
700 2458 904 2515 perfecte
939 2460 1315 2504 manifestabitur
1340 2461 1540 2516 veritas3
1570 2463 1619 2506 et
1650 2458 1754 2504 ideo
1787 2463 1902 2504 tunc
1930 2457 2061 2504 nulla

157 2521 296 2562 erunt
318 2524 642 2576 sacramenta3
680 2533 808 2566 nunc
838 2525 1012 2573 autem,
1034 2521 1257 2576 quamdiu
1292 2534 1376 2575 per
1403 2520 1632 2577 speculum
1663 2523 1707 2563 et
1741 2522 1791 2563 in
1824 2523 2061 2576 aem‘qmate

157 2578 503 2640 cognoscimus,
523 2586 575 2626 ut
589 2581 759 2626 dicitur
779 2585 828 2636 (1.
850 2585 949 2626 Cor.
967 2584 1074 2636 xm),
1091 2588 1269 2639 oportet
1294 2594 1379 2626 nos
1398 2595 1480 2639 per
1494 2581 1651 2639 aliqua
1668 2581 1910 2626 sensibilia
1924 2582 2060 2640 signa

158 2638 207 2684 in
224 2640 482 2698 spiritualia
511 2642 745 2699 devenire,
763 2644 887 2702 quod
911 2645 1112 2701 pertinet
1131 2645 1189 2689 ad
1213 2645 1433 2689 rationem
1452 2650 1869 2689 sacramentorum.

212 2703 282 2748 Ad
298 2706 541 2749 secundum
563 2706 833 2767 dicendum,
853 2707 978 2764 quod
1000 2714 1292 2752 sacramenta
1312 2707 1483 2752 veteris
1502 2707 1620 2763 legis
1635 2707 1880 2764 Apostolus
1896 2706 2057 2761 (Galat.

158 2765 215 2820 ιν)
241 2771 380 2811 vocat
402 2780 543 2823 eqena
574 2772 617 2813 et
645 2772 831 2825 infirma
864 2770 1101 2825 elementa,
1133 2771 1241 2826 quia
1280 2770 1475 2826 gratiam
1506 2782 1593 2815 nec
1620 2769 1940 2828 continebant,
1971 2782 2062 2815 nec

159 2827 429 2873 causabant.
451 2831 506 2874 Et
526 2828 632 2875 ideo
660 2836 848 2876 utentes
871 2830 962 2875 illis
994 2831 1298 2876 sacramentis
1323 2832 1434 2876 dicit
1450 2831 1698 2889 Apostolus
1713 2832 1802 2876 sub
1819 2831 2061 2878 elementis

159 2890 323 2937 mundi
344 2892 434 2935 Deo
461 2895 678 2947 servisse,
703 2894 812 2951 quia
842 2893 1020 2940 scilicet
1045 2896 1155 2938 nihil
1195 2894 1319 2939 aliud
1342 2900 1475 2940 erant
1507 2894 1648 2953 quam
1670 2894 1898 2940 elementa
1918 2894 2063 2950 hujus

159 2952 339 2997 mundi.
360 2955 524 2999 Nostra
543 2960 700 3000 autem
720 2961 1013 3002 sacramenta
1035 2958 1230 3014 gratiam
1250 2957 1494 3002 continent
1516 2961 1563 3002 et
1590 2960 1786 3001 causant
1802 2959 1880 3014 (1),
1895 2960 1942 3002 et
1955 2956 2060 3002 ideo

160 3025 257 3057 non
273 3020 345 3059 est
360 3016 418 3060 de
437 3015 505 3062 eis
526 3018 692 3063 similis
719 3019 853 3064 ratio.
1667 3064 1669 3066 ,

218 3074 285 3120 Ad
295 3079 477 3121 tertium
493 3078 761 3137 dicendum,
782 3080 924 3137 quod,
940 3081 1061 3125 sicut
1076 3081 1407 3138 paterfamilias
1427 3093 1520 3125 non
1536 3093 1595 3126 ex
1609 3081 1698 3126 hoc
1712 3080 1884 3125 hahere
1898 3092 2061 3126 mons-

161 3140 311 3207 tratur
339 3139 613 3185 mutabilem
640 3142 949 3200 voluntatem,
969 3143 1092 3200 quod
1110 3144 1296 3188 diversa
1314 3148 1542 3201 praecepta
1561 3142 1753 3188 familiae
1775 3155 1873 3188 suae
1892 3155 2060 3200 propo-

160 3203 231 3243 nit
252 3211 337 3255 pro
370 3205 633 3257 temporum
660 3203 898 3261 varietate,
920 3218 1014 3248 non
1051 3205 1210 3249 eadem
1236 3205 1511 3262 praecipiens
1541 3205 1693 3249 hieme
1721 3208 1767 3248 et
1803 3208 1978 3261 aestate,
1996 3204 2060 3248 ita

161 3272 258 3305 non
288 3263 550 3308 ostenditur
566 3265 721 3322 aliqua
744 3267 940 3311 mutatio
972 3280 1076 3312 esse
1106 3268 1228 3311 circa
1257 3271 1399 3312 Deum
1433 3280 1492 3313 ex
1518 3269 1606 3312 hoc
1636 3264 1762 3324 quod
1797 3266 1886 3311 alia
1911 3278 2060 3311 sacra·

204 3377 250 3419 (l)
267 3377 355 3413 Hinc
373 3379 517 3420 synodus
530 3380 731 3416 Tridentina
748 3382 840 3423 (sesS.
860 3391 925 3425 vn,
940 3395 1014 3417 can.
1036 3385 1070 3424 6)
1153 3383 1359 3424 veljustitiae
1378 3388 1413 3419 et
1430 3387 1527 3419 notas
1548 3382 1709 3425 quasdam
1724 3381 1943 3424 professionis
1956 3382 2058 3420 chris·

161 3425 376 3460 anathemate
391 3427 472 3461 ierit
490 3440 566 3461 eum
580 3429 636 3469 qui
652 3429 774 3463 dixerit
785 3436 992 3466 sacramenta
1000 3443 1068 3465 esse
1156 3432 1267 3467 tianae.

163 3475 294 3508 tantum
314 3475 408 3516 signa
430 3482 565 3511 externa
584 3483 716 3519 accepta
741 3490 802 3519 per
819 3478 924 3513 fidem
951 3480 1068 3520 gratim
