2170 3808
737 183 943 236 QUAEST.
966 182 1036 235 xl,
1058 182 1181 226 ΛΒΤ.
1209 182 1228 224 1
1258 181 1325 225 ΕΤ
1345 181 1400 224 11.
1931 182 2014 223 ¹09

190 270 257 317 Ad
279 268 504 314 secundum
524 265 787 314 dicendum.
810 264 936 322 quod
958 263 1115 309 anima
1145 264 1350 308 humana
1367 263 1418 307 in
1440 265 1565 308 statu
1587 261 1727 317 hujus
1744 260 1869 313 vitae,
1892 260 2007 316 quia

137 331 478 390 quodammodo
500 332 570 374 est
591 328 649 372 ad
666 338 837 382 corpus
859 326 1078 382 obligata,
1103 330 1153 369 ut
1165 325 1268 369 sine
1285 326 1609 380 phantasmate
1624 323 1887 378 intelligere
1905 333 2003 366 non

140 395 305 452 possit,
321 403 416 437 non
428 393 580 447 potest
599 389 858 444 intelligere
875 386 1162 433 substantias
1180 390 1432 440 separatas.
1451 386 1540 431 Sed
1553 390 1660 440 post
1676 389 1851 428 statum
1869 382 2010 438 huJ'us

142 458 244 502 vitae
278 454 434 501 anima
467 456 678 507 separata
704 451 873 507 poterit
913 449 1178 506 aliqualiter
1216 448 1508 492 substantias
1542 452 1782 502 separatas
1814 457 1897 501 per
1935 455 2011 490 se-

141 522 291 574 ipsam
309 518 365 572 (l)
389 518 749 570 cognoscere,ut
777 513 826 556 in
852 511 1002 567 prima
1027 515 1154 565 parte
1181 509 1356 553 dictum
1386 513 1458 553 est
1476 510 1656 565 (quaest.
1673 511 2003 561 Lxmx,art.l

141 588 187 627 et
207 584 280 637 2):
311 585 357 624 et
376 579 464 623 hoc
487 575 715 632 praecipue
739 574 1038 619 manifestum
1051 576 1122 616 est
1145 571 1269 616 circa
1310 571 1493 615 animas
1514 571 1772 615 beatorum.
1801 569 2011 614 Christus

142 649 295 689 autem
331 643 435 685 ante
470 638 739 694 passionem
761 647 857 681 non
879 635 1033 680 solum
1055 634 1141 678 fuit
1154 633 1317 686 viator,
1343 632 1426 677 sed
1443 633 1583 676 etiam
1611 634 2010 687 comprehensam

143 706 264 751 unde
286 702 441 747 anima
475 699 576 756 ejus
609 702 788 754 poterat
821 707 1106 753 cognoscere
1139 694 1428 740 substantias
1453 698 1692 749 separatas
1714 706 1796 750 per
1817 695 2008 740 modum

142 778 236 825 quo
255 762 496 820 cognoscit
518 761 675 806 anima
697 763 924 815 separata.

198 828 264 874 Ad
284 827 451 870 tertium
472 823 734 875 dicendum,
760 821 884 878 quod
907 819 1115 876 cognitio
1139 818 1450 875 singularium
1485 829 1581 863 non
1605 818 1804 874 pertinet
1826 818 1884 862 ad
1907 830 2012 874 per-

147 892 392 939 fectionem
409 886 575 930 animae
592 883 910 928 intellectivsae
928 881 1160 926 ecundhm
1178 881 1496 937 cognitionem
1512 881 1867 935 speculativam
1878 884 2014 937 perti-

147 959 226 1000 net
245 957 399 996 tamen
422 948 480 993 ad
510 947 841 1003 perfectionem
863 944 965 1001 eJus
989 943 1246 989 secundum
1273 943 1591 998 cognitionem
1615 944 1883 998 practicam,
1908 956 2012 1000 quae

146 1027 242 1062 non
260 1010 494 1068 perficitur
514 1009 688 1065 absque
711 1006 977 1063 cognitione
1001 1004 1328 1060 singularium,
1353 1003 1399 1047 in
1427 1004 1597 1060 quihus
1621 1010 1692 1048 est
1711 1005 1937 1059 operatiO,
1962 1012 2014 1052 ut

146 1077 315 1123 dicitur
343 1072 504 1128 (Ethic.
531 1071 612 1115 lib.
639 1081 706 1123 Ἦ,
738 1081 838 1124 cap.
863 1073 907 1121 7,
930 1068 1040 1111 circ.
1066 1066 1181 1121 fin.).
1209 1067 1336 1110 Unde
1361 1066 1418 1110 ad
1445 1066 1737 1121 prudentiam
1763 1068 2015 1123 requiritur

147 1137 371 1185 memoria
385 1133 737 1190 praeteritorum,
758 1129 963 1186 cognitio
980 1128 1279 1183 praesentium
1298 1132 1343 1172 et
1359 1128 1649 1183 providentia
1667 1130 1943 1184 futurorum,
1963 1138 2015 1178 ut

147 1201 325 1246 Tullius
346 1196 456 1242 dicit
477 1195 525 1239 in
547 1205 635 1239 sua
649 1194 833 1237 Rhetor.
861 1191 958 1248 (lib.
979 1203 1013 1235 11
1034 1194 1097 1235 De
1118 1191 1309 1244 invent„
1336 1191 1446 1246 aliq.
1472 1195 1578 1234 ante
1596 1191 1711 1246 fin.).
1738 1192 1856 1244 Quia
1871 1193 2014 1250 Igitur

147 1263 358 1307 Christus
374 1256 534 1302 habuit
545 1254 879 1311 plenitudinem
894 1253 1149 1308 prudentiae
1167 1252 1425 1296 secundnm
1444 1253 1619 1296 donum
1636 1254 1840 1306 consilii,
1854 1267 2015 1302 conse-

147 1338 173 1380 q
182 1335 297 1368 uens
317 1324 386 1366 est
400 1318 523 1375 quad
535 1317 806 1374 cognoverit
818 1315 977 1360 omnia
989 1315 1249 1370 singularia
1260 1315 1523 1370 praesentia,
1536 1316 1767 1369 praeterita
1781 1321 1826 1360 et
1843 1318 2012 1364 sutura.

143 1386 588 1430 An'rlcunus
615 1384 691 1424 11.
714 1400 762 1408 -
788 1387 931 1418 mmm
961 1386 1162 1416 cmusrus
1195 1387 1276 1415 uAc
1310 1387 1506 1416 scu-:nrm
1543 1386 1614 1417 οτι
1648 1387 1881 1427 rorantur,
1910 1390 2013 1420 colv-

718 1442 941 1472 ven‘rssNno
965 1442 1013 1471 sn
1032 1443 1087 1472 Ao
1115 1441 1432 1472 rnANTASMATA.

144 1499 196 1532 De
212 1498 267 1529 hin
289 1496 393 1527 etiam
414 1494 514 1529 intra,
533 1494 588 1523 art
609 1493 640 1528 4.
660 1492 696 1523 et
713 1492 836 1529 quaest.
868 1498 996 1527 xxxnr,
1016 1491 1082 1520 art.
1104 1491 1123 1519 2
1146 1491 1189 1520 ad
1221 1491 1252 1525 3,
1272 1491 1306 1520 et
1325 1490 1419 1520 Sciit.
1443 1498 1498 1526 111,
1520 1490 1600 1520 dist.
1626 1492 1675 1527 14,
1697 1493 1819 1530 quoest.
1840 1501 1867 1530 1,
1887 1496 1954 1525 art.
1977 1495 2009 1534 3,

531 1541 649 1578 quaest.
672 1548 699 1571 11
721 1541 754 1570 et
773 1547 814 1570 ιιι
832 1546 926 1576 corp.
946 1541 980 1569 et
1001 1539 1053 1568 De
1070 1546 1140 1568 ver.
1162 1539 1282 1575 quaest.
1304 1546 1366 1575 xx,
1388 1539 1454 1568 art.
1478 1539 1497 1568 3
1516 1539 1560 1568 ad
1583 1539 1614 1569 1.

199 1592 265 1638 Ad
287 1588 542 1636 secundum
566 1588 634 1632 sic
652 1587 932 1642 proceditur.
960 1590 998 1630 l.
1022 1586 1210 1630 Videtur
1232 1585 1353 1641 quod
1381 1585 1538 1630 anima
1559 1586 1726 1632 Christi
1744 1599 1839 1633 non
1859 1595 2017 1644 potue-

149 1654 208 1700 rit
236 1652 495 1706 intelligere
532 1649 788 1694 secundum
811 1649 930 1693 hanc
967 1648 1226 1700 scientiam,
1251 1647 1343 1691 nisi
1380 1649 1691 1693 convertendo
1715 1662 1766 1694 se
1789 1651 1845 1695 ad
1870 1653 2017 1707 phan-

153 1719 370 1760 tasmata:
384 1712 507 1768 quia,
520 1714 571 1755 ut
583 1711 751 1755 dicitur
767 1711 846 1765 (De
867 1710 1037 1763 anima,
1056 1710 1135 1753 lib.
1155 1721 1224 1762 111,
1249 1709 1422 1764 implic.
1438 1714 1546 1753 text.
1568 1715 1633 1764 18,
1651 1715 1698 1754 31
1718 1716 1761 1755 et
1778 1713 1863 1767 39),
1877 1715 2014 1769 phan-

153 1780 347 1821 tasmata
369 1776 692 1828 comparantur
704 1772 760 1816 ad
773 1773 975 1816 animam
991 1771 1317 1815 intellectivam
1334 1772 1600 1823 humanam,
1616 1774 1738 1817 sicut
1753 1775 1936 1820 colores
1954 1777 2012 1821 ad

154 1839 321 1882 visum.
347 1834 434 1879 Sed
455 1833 661 1889 potentia
678 1833 825 1878 visiva
844 1833 1010 1877 Christi
1030 1845 1124 1877 non
1142 1834 1289 1888 potuit
1311 1835 1434 1877 exire
1456 1834 1505 1877 in
1520 1840 1690 1887 actum,
1716 1836 1807 1880 uisi
1826 1849 2016 1883 conver-

155 1899 292 1944 tendo
316 1909 367 1942 se
389 1896 446 1940 ad
469 1896 666 1940 colores.
692 1898 808 1951 Ergo
832 1896 969 1939 etiam
990 1907 1138 1951 neque
1162 1896 1318 1939 anima
1343 1897 1621 1940 intellectiva
1643 1899 1743 1952 ejus
1765 1900 1916 1953 potuit
1939 1901 2015 1944 ali=

151 1961 263 2017 quid
286 1957 542 2012 intelligere
565 1957 657 2001 nisi
681 1957 989 2001 convertendo
1011 1968 1061 2001 se
1083 1957 1139 2001 ad
1167 1958 1504 2011 phantasmata.

205 2026 247 2066 2.
271 2023 510 2070 Praeterea,
528 2019 683 2063 anima
703 2018 870 2063 Christi
893 2024 963 2063 est
988 2019 1194 2074 ejusdem
1218 2023 1393 2063 naturae
1418 2031 1522 2063 cum
1545 2020 1790 2066 animabus
1815 2025 2017 2078 nostris3

152 2082 357 2138 alioquin
376 2081 474 2135 ipse
494 2091 588 2123 non
604 2084 728 2124 esset
742 2080 947 2136 eJusdem
963 2081 1133 2134 speciei
1150 2080 1410 2133 nobiscum,
1437 2087 1598 2125 contra
1618 2082 1663 2126 id
1686 2084 1810 2138 quod
1827 2090 2011 2139 Aposto-

154 2149 225 2191 lus
261 2142 371 2188 dicit
397 2141 608 2196 (Philipp.
633 2153 684 2194 11,
707 2142 767 2195 7),
791 2141 916 2198 quod
948 2146 1008 2184 est
1045 2144 1091 2184 in
1125 2144 1448 2185 similitudinem
1478 2145 1692 2187 hominum
1731 2147 1890 2196 factus,
1929 2148 2014 2192 Sed

153 2208 307 2253 anima
328 2209 487 2248 nostra
509 2214 603 2248 non
617 2208 767 2258 potest
786 2203 1061 2259 intelligere,
1081 2204 1173 2249 nisi
1196 2205 1507 2249 convertendo
1528 2217 1578 2250 se
1597 2206 1654 2250 ad
1669 2207 2015 2261 phantasmata·

157 2275 271 2325 Ergo
293 2267 430 2310 etiam
453 2276 601 2320 neque
625 2265 781 2309 anima
805 2264 989 2309 Christi.

202 2342 244 2384 3.
268 2336 515 2386 Praeterea:
529 2342 697 2377 sensus
718 2332 811 2375 dati
834 2335 944 2375 sunt
967 2329 1147 2373 homini
1170 2331 1221 2372 ut
1236 2328 1780 2372 deserviantintellectui.
1803 2330 1830 2371 S
1873 2329 2013 2382 igitur

150 2402 306 2448 anima
331 2394 497 2440 Christi
514 2393 771 2449 intelligere
786 2392 935 2448 potuit
957 2391 1132 2447 absque
1156 2389 1461 2434 conversione
1479 2390 1536 2433 ad
1555 2389 1893 2444 phantasmata,
1910 2404 2014 2447 quae

153 2475 232 2520 per
253 2467 421 2505 sensus
443 2454 746 2510 accipiuntur,
772 2457 1042 2509 sequeretur
1065 2451 1188 2507 quod
1205 2462 1374 2496 sensus
1391 2451 1561 2495 frustra
1576 2451 1776 2495 fuissent
1792 2453 1841 2495 in
1858 2455 2016 2499 anima

153 2521 336 2574 Christi,
360 2518 483 2575 quod
517 2521 589 2561 est
622 2516 970 2561 inconveniens.
995 2515 1183 2558 Videtur
1210 2514 1352 2570 igitur
1381 2513 1503 2570 quod
1531 2514 1689 2557 anima
1715 2515 1882 2559 Christi
1917 2527 2010 2561 non

153 2582 352 2642 potuerit
373 2579 644 2634 intelligere,
669 2579 761 2623 nisi
784 2576 1093 2622 convertendo
1118 2587 1168 2620 se
1191 2577 1248 2620 ad
1272 2577 1611 2630 phantasmata.

204 2644 290 2691 Sed
308 2646 451 2686 contra
473 2646 543 2684 est
565 2639 688 2696 quod
710 2640 866 2684 anima
891 2638 1057 2682 Christi
1082 2638 1300 2692 cognovit
1323 2638 1534 2693 quaedam
1561 2649 1662 2693 quae
1686 2650 1768 2692 per
1789 2641 2013 2693 phantas-

154 2710 275 2752 mata
297 2702 516 2759 cognosci
543 2712 634 2746 non
656 2706 868 2757 possunt,
893 2700 1071 2745 scilicet
1094 2700 1382 2744 substantias
1404 2703 1641 2754 separatas
1662 2698 1735 2756 (2).
1756 2700 1910 2744 Potuit
1932 2699 2010 2755 igi-

157 2774 229 2812 tur
249 2765 521 2820 intelligere,
544 2774 639 2807 non
655 2763 965 2808 convertendo
988 2773 1038 2806 sc
1062 2762 1119 2805 ad
1145 2762 1486 2816 phantasmata.

204 2827 479 2869 CONCLUSIO.
523 2847 574 2854 —
602 2827 696 2864 Ciim
731 2827 908 2865 Christus
939 2826 1054 2864 fuerit
1088 2826 1210 2862 viator
1243 2831 1283 2862 et
1314 2826 1650 2872 comprehensor,
1698 2836 1765 2873 per
1809 2826 2015 2864 scientiam

157 2882 318 2921 inditam
338 2880 461 2927 potuit
483 2879 698 2927 intelligere
720 2880 838 2917 etiam
860 2879 944 2916 sine
967 2878 1222 2915 conversione
1246 2875 1293 2913 ad
1317 2877 1602 2923 phantasmata.
2000 2878 2002 2881 ’

214 2934 486 2990 Respondeo
513 2934 756 2978 dicendum
779 2934 903 2991 quod
926 2934 1135 2978 Christus
1156 2933 1205 2976 in
1219 2936 1340 2976 statu
1365 2937 1469 2976 ante
1487 2933 1756 2987 passionem
1774 2933 1862 2977 fuit
1875 2933 2018 2978 simul

161 2999 308 3043 viator
322 2999 366 3039 et
383 2994 755 3050 comprehensor,
774 3000 824 3041 ut
840 2996 960 3039 infra
977 2995 1127 3051 magis
1141 2994 1313 3049 patebit
1329 2993 1509 3049 (quaest.
1526 3004 1607 3048 xv,
1627 3000 1710 3039 art.
1735 2996 1801 3052 10)
1822 3009 1832 3049 ;
1853 2999 1896 3039 et
1910 3007 2020 3050 prae-

159 3058 291 3115 cipue
308 3056 491 3114 quidem
511 3056 796 3101 conditiones
812 3058 1001 3102 viatoris
1020 3057 1179 3101 hahuit
1196 3067 1251 3099 ex
1269 3060 1396 3109 parte
1415 3056 1623 3111 corporis
1643 3056 1718 3112 (3),
1738 3057 2016 3113 inquantum

200 3150 251 3190 (1)
266 3152 341 3181 Non
358 3149 433 3178 vult
447 3153 562 3181 tamen
582 3150 614 3180 S.
637 3151 762 3180 Doctor
781 3151 961 3179 excludere
979 3158 1054 3186 spe·
1157 3148 1207 3189 (2)
1224 3150 1294 3179 Hoc
1324 3153 1375 3180 est
1394 3148 1415 3179 Ξι
1433 3151 1632 3187 corporibus
1650 3152 1783 3181 alienas
1809 3149 1947 3181 omnino
1981 3157 2021 3178 ac

160 3203 230 3231 cies
247 3197 496 3235 intelligibiles.
510 3198 550 3227 ut
566 3205 609 3228 ex
622 3199 710 3234 part.
729 3197 757 3233 I,
773 3199 892 3233 quaest.
905 3206 1053 3234 Lxxxxx,
1116 3199 1276 3232 remotas,
1297 3199 1413 3235 quales
1432 3199 1556 3235 angeli,
1578 3200 1707 3236 passim
1724 3201 1773 3229 sic
1793 3201 1916 3228 vocati.

160 3246 255 3276 art.2
269 3246 310 3273 ad
327 3245 359 3278 2.
379 3243 412 3272 et
426 3243 627 3279 hUj·quae8t·
645 3245 709 3273 art·
727 3244 746 3272 2
762 3244 805 3272 *ld
821 3244 851 3277 l,
869 3246 980 3279 putet}
997 3244 1056 3273 sed
1161 3246 1206 3284 (3)
1228 3248 1358 3284 Quippe
1394 3245 1470 3276 cum
1489 3254 1547 3277 eas
1564 3255 1698 3284 quoque
1728 3248 1842 3282 aliquo
1861 3246 1960 3275 modo
1981 3252 2025 3276 ex

163 3294 313 3324 ostendit
331 3290 419 3328 quod
438 3297 494 3319 eas
506 3292 681 3329 cognoscit
712 3298 772 3328 per
788 3291 916 3327 species
936 3292 1002 3320 sibi
1023 3293 1056 3321 et
1118 3297 1214 3332 parte
1234 3296 1355 3325 animae
1367 3295 1536 3332 habuerit,
1558 3297 1637 3332 quia
1649 3296 1800 3325 merendi
1816 3302 1922 3331 capa-*2
1943 3292 2022 3324 ruit.

165 3343 236 3372 illis
255 3341 418 3377 proprias,
433 3345 497 3367 non
511 3341 623 3369 autom
642 3346 700 3375 per
712 3339 840 3375 spectes
856 3346 969 3368 rerum
984 3346 1058 3369 sen-

164 3390 330 3419 sibilium.
