2170 3808
187 190 269 232 346
843 187 1040 238 QUAEST.
1071 187 1181 242 XLI,
1213 188 1333 231 ART.
1364 189 1433 233 lv.

187 270 395 314 Christus
417 268 712 313 subvenisset
739 268 966 324 corporali
994 268 1106 312 fami
1136 269 1451 314 convertendo
1482 269 1660 327 lapides
1689 268 1737 314 in
1766 281 1962 331 panem,
1984 285 2080 319 non

187 336 447 389 peccassem
473 332 593 375 sicut
615 343 707 375 non
737 332 970 388 peccavit,
990 334 1098 375 cum
1124 342 1272 387 panes
1289 332 1611 389 multiplicavit
1634 334 1708 387 (l),
1731 332 1856 389 quod
1877 345 1973 378 non
1996 335 2082 381 fuit

188 394 345 438 minus
368 394 662 450 miraculum,
679 398 733 438 ut
761 393 907 438 turbae
925 393 1146 438 esurienti
1167 392 1450 438 subveniret.
1471 396 1589 451 Ergo
1603 394 1786 439 videtur
1805 394 1931 451 quod
1953 396 2079 441 nulla

190 454 326 499 fuerit
350 454 427 497 illa
450 456 659 499 tentatio.

243 518 286 559 Ξ.
318 518 557 569 Praeterea,
578 517 735 561 nullus
749 529 1001 574 persuasor
1011 517 1342 561 convenienter
1356 518 1521 562 suadet
1537 517 1821 562 contrarium
1836 517 1941 573 ejus
1956 519 2082 575 quod

189 579 404 624 intendit.
428 581 514 625 Sed
535 580 749 624 diabolus
769 584 980 624 statuens
997 579 1229 624 Christum
1252 592 1394 636 supra
1410 581 1711 638 pinnaculum
1733 580 1914 636 templi,
1932 580 2081 626 inten-

189 640 327 684 debat
346 654 453 685 eum
474 643 533 686 de
556 642 790 699 superbia,
808 654 892 686 seu
906 654 1027 685 vana
1050 643 1195 699 gloria
1218 646 1412 686 tentare.
1438 644 1558 700 Ergo
1576 641 1960 687 inconvenienter
1974 654 2081 700 per-

188 704 355 748 suadet
377 705 435 759 ci,
458 710 510 748 ut
532 717 583 748 se
607 705 760 749 mittat
783 703 1018 758 deorsum,
1044 705 1168 761 quod
1187 709 1260 749 est
1281 705 1563 750 contrarium
1585 705 1831 762 superbiae.
1849 703 1925 749 vel
1948 717 2082 752 vanae

189 765 365 822 gloriae
384 750 489 827 quae
512 779 697 823 semper
718 766 883 823 quaerit
905 767 1174 812 ascendere.

243 831 285 873 3.
319 831 557 885 Praeterea,
582 841 680 873 una
704 829 897 873 tentatio
918 829 1204 874 conveniens
1222 834 1294 874 est
1325 832 1379 874 ut
1403 829 1462 874 sit
1491 831 1549 874 de
1575 834 1673 874 uno
1693 834 1899 886 peccato.
1922 829 2045 874 Sed'
2033 842 2080 875 m

190 891 444 937 tentatione
468 904 574 947 qnae
595 891 682 936 fuit
711 892 757 935 in
789 899 961 948 monte,
988 892 1081 936 duo
1103 898 1294 949 peccata
1316 892 1562 948 persuasit
1582 892 1757 935 scilicet
1781 891 2078 947 cupiditatem

189 958 236 998 et
257 953 581 998 idololatriam.
611 955 709 998 Non
730 965 842 1009 ergo
861 966 982 997 conv
984 954 1147 999 eniens
1166 953 1351 998 videtur
1369 953 1515 998 fuisse
1537 954 1805 998 tentationis
1823 955 2007 999 modus.

243 1019 287 1060 4.
322 1018 563 1070 Praeterea,
587 1016 866 1061 tentationes
891 1016 951 1061 ad
978 1023 1171 1073 peccata
1197 1015 1489 1061 ordinantur.
1515 1016 1603 1060 Sed
1630 1021 1807 1072 septem
1838 1020 1948 1060 sunt
1971 1014 2082 1062 vitia
2160 1020 2170 1053 ἑ

189 1078 418 1135 capitalia,
439 1084 491 1122 nt
514 1080 560 1123 in
587 1079 793 1124 secunda
814 1084 945 1135 parte
964 1080 1172 1124 habitum
1194 1084 1266 1124 est
1285 1081 1322 1134 (1
1350 1082 1393 1137 2,
1413 1084 1577 1135 quaest.
1598 1092 1766 1134 Lxxxlv,
1791 1083 1878 1123 art.
1898 1081 1965 1135 4);
1988 1091 2080 1124 non
2159 1112 2170 1128 ,⁷

190 1146 345 1185 autem
367 1143 564 1186 tentavit
586 1142 674 1186 nisi
701 1142 759 1187 de
779 1143 943 1198 tribus,
964 1143 1141 1187 scilicet
1161 1142 1287 1198 gula,
1310 1144 1435 1186 vana
1454 1141 1601 1199 gloria
1622 1145 1669 1186 et
1696 1141 1965 1199 cupiditate.
1984 1144 2082 1187 Non

183 1215 301 1260 ergo
321 1204 504 1248 videtur
523 1205 764 1249 sufficiens
785 1205 1051 1249 tentationis
1073 1205 1241 1249 modus
1263 1204 1425 1249 fuisse.
2158 1240 2161 1255 5

245 1269 287 1311 5.
319 1269 557 1320 Praeterea,
579 1272 684 1325 post
705 1267 943 1311 victoriam
967 1268 1177 1311 omnium
1201 1267 1419 1311 vitiorum
1441 1269 1653 1311 remanet
1680 1266 1858 1311 homini
1888 1267 2081 1312 tentatio

189 1330 420 1385 superbiae
434 1330 508 1374 vel
529 1342 662 1374 vanae
683 1328 856 1386 gloriae,
874 1329 985 1386 quia
1001 1346 1021 1367 α
1043 1328 1262 1386 superbia
1282 1330 1421 1373 etiam
1437 1327 1573 1373 bonis
1585 1328 1803 1385 operibus
1818 1328 2076 1386 insidiatur,
2160 1329 2170 1354 ²·

188 1395 241 1438 ut
264 1397 474 1447 pereant,
498 1411 518 1431 ι»
542 1391 664 1436 sicut
684 1391 795 1436 dicit
810 1391 1098 1448 Augustinus
1119 1391 1269 1448 (epist.
1293 1395 1394 1445 211,
1410 1390 1471 1434 al.
1490 1393 1588 1447 109,
1607 1395 1717 1435 ante
1733 1393 1892 1446 med.).
1913 1394 2081 1437 Incon-
2163 1376 2170 1444 Ξ

189 1454 432 1498 venienter
453 1466 565 1509 ergo
588 1453 826 1498 Matthaeus
844 1453 1056 1497 ultimam
1079 1453 1212 1510 ponit
1230 1453 1534 1498 tentationem
1556 1453 1816 1509 cupiditatis
1834 1454 1882 1498 in
1907 1459 2078 1511 monte,
2157 1452 2170 1463 '‘

188 1516 389 1560 mediam
419 1522 574 1559 antem
601 1515 757 1559 inanis
783 1515 943 1571 gloriae
966 1515 1016 1560 in
1044 1515 1234 1573 templo,
1257 1514 1513 1573 prae-sertim
1539 1518 1648 1560 cum
1671 1517 1818 1560 Lucas
1841 1516 2027 1561 ordinet
2053 1515 2080 1562 e

187 1590 559 1698 bogfgrissterea,
583 1639 895 1698 Hieronymus
916 1640 1028 1685 dicit
1051 1642 1215 1697 <Super
1241 1639 1413 1697 matth„
1435 1651 1539 1697 sup.
1560 1638 1676 1684 illud
1694 1652 1797 1697 cap.
1821 1641 1865 1696 4)
1882 1651 1896 1684 ε
1911 1643 2012 1686 Non
2031 1643 2081 1686 in

187 1703 283 1747 solo
300 1716 435 1760 pane,
458 1701 583 1760 quod
606 1719 627 1740 «
644 1703 934 1759 propositum
954 1703 1117 1748 Christi
1137 1703 1224 1747 fuit
1243 1702 1480 1748 diabolum
1493 1702 1752 1747 humilitate
1764 1702 1968 1760 vincere,
1986 1715 2080 1750 non
2154 1735 2156 1738 ψ

187 1770 474 1822 potestate>
502 1766 621 1821 Ergo
649 1777 742 1808 non
771 1764 1018 1822 imperiose
1046 1770 1094 1810 et
1114 1765 1411 1824 obiurgando
1434 1777 1544 1810 eum
1566 1765 1789 1822 repellere
1808 1764 1984 1824 debuit,
2007 1766 2082 1812 di·
2155 1744 2170 1791 ³*

188 1839 332 1872 cens·
351 1828 479 1870 Vade
499 1828 638 1882 retro,
659 1829 855 1870 Satana.
2162 1830 2166 1838 '

242 1893 284 1935 7.
316 1892 372 1933 Ρ1
373 1895 483 1933 aete}
486 1901 554 1937 ea
576 1890 779 1933 narratio
802 1889 1038 1947 Evangelii
1063 1889 1251 1935 videtur
1268 1881 1439 1935 falsum
1462 1889 1728 1935 continere·
1746 1902 1839 1934 non
1868 1890 1994 1935 enim
2011 1890 2080 1937 vi-

187 1952 323 1998 detur
353 1951 578 2009 possibile
605 1951 731 2009 quod
754 1953 962 1997 Christus
992 1965 1136 2010 supra
1163 1953 1467 2011 pinnaculum
1497 1952 1656 2009 templi
1685 1953 1825 1996 statui
1854 1953 2077 2012 potuerit,
2158 1984 2170 2014 :3

186 2014 298 2072 quin
333 2015 393 2058 ab
415 2014 518 2058 aliis
540 2013 805 2059 videretur:
824 2027 978 2072 neque
1000 2014 1168 2072 aliquis
1189 2028 1326 2060 mons
1355 2019 1449 2059 tam
1473 2014 1596 2059 altus
1621 2014 1950 2070 iuvenum-„ut
1970 2015 2079 2062 inde
2140 2071 2142 2074 v
2154 2016 2170 2074 ,ξ

186 2081 312 2122 totus
341 2077 547 2121 mundus
572 2076 739 2133 inspici
764 2077 935 2134 possit,
958 2081 1011 2122 ut
1040 2079 1108 2122 sic
1129 2090 1187 2123 ex
1209 2090 1265 2122 eo
1293 2077 1529 2135 potuerint
1557 2077 1733 2121 Christo
1755 2078 1913 2121 omnia
1934 2090 2079 2136 regna
2152 2075 2170 2122 ,”

186 2139 349 2183 mundi
369 2137 566 2182 ostendi.
587 2138 974 2184 inconvenienter
990 2150 1103 2195 ergo
1121 2139 1306 2184 videtur
1326 2139 1557 2195 descripta
1575 2138 1738 2182 Christi
1757 2140 1965 2185 tentatio.
2157 2136 2170 2166 'l‘

242 2201 328 2245 Sed
353 2205 513 2244 contra
533 2205 604 2245 est
621 2213 768 2245 sacrae
787 2200 1033 2258 Scripturas
1050 2201 1302 2246 auctoritas
1321 2202 1489 2254 (Matth.
1510 2215 1570 2256 ιν,
1589 2205 1636 2245 et
1656 2203 1765 2244 Luc.
1786 2205 1843 2251 iv)
1862 2203 1940 2257 (Ξ).

235 2269 527 2308 CONCLUSIO.
547 2291 597 2296 —
617 2269 884 2309 convenienti
908 2268 1052 2310 ordine
1068 2270 1121 2310 ab
1138 2269 1400 2321 evangelistis
1420 2268 1621 2321 descripta
1633 2272 1695 2309 est
1713 2268 1880 2309 Domini
1902 2270 2013 2311 trina
2033 2271 2077 2318 {n

186 2324 793 2444 ᾶθῗξὲῖεορξὲἑῗὲαᾶίοθηάωη
822 2387 948 2443 quod
972 2388 1169 2432 tentatio
1194 2400 1300 2445 quae
1332 2392 1404 2433 est
1431 2388 1493 2432 ab
1518 2388 1669 2439 hoste,
1698 2387 1750 2432 fit
1781 2400 1866 2444 per
1886 2390 2078 2436 modum

186 2449 514 2505 suggestionis,
538 2453 591 2493 ut
612 2449 857 2505 Gregorius
876 2450 987 2494 dicit
1016 2452 1157 2503 (hom.
1175 2465 1245 2494 xv1
1271 2451 1320 2495 in
1342 2454 1541 2521 Evang.,
1564 2449 1712 2521 paulo·
1733 2462 1761 2493 a
1778 2451 1962 2521 princ.).
1978 2455 2078 2499 Non
2157 2461 2170 2512 χ,

186 2517 340 2558 autem
362 2511 527 2555 eodem
547 2511 685 2555 modo
704 2516 854 2583 potest
873 2511 1044 2568 aliquid
1062 2513 1281 2558 omnibus
1299 2513 1511 2570 suggeri3
1533 2512 1614 2557 sed
1632 2512 1886 2570 unicuique
1903 2527 2080 2572 sugge-

185 2574 301 2619 ritur
325 2573 502 2630 aliquid
527 2585 586 2617 ex
607 2573 680 2617 his
708 2569 831 2618 circa
857 2586 963 2630 quae
991 2580 1062 2619 est
1086 2575 1280 2620 affectus
1303 2578 1376 2630 (3).
1403 2578 1457 2620 Et
1482 2573 1586 2619 ideo
1608 2574 1822 2619 diabolus
1842 2576 2079 2623 hominem
2140 2584 2167 2634 (ι’,

185 2635 474 2692 spiritualem
502 2647 596 2678 non
621 2634 778 2679 statim
805 2639 952 2680 tentat
977 2635 1036 2680 de
1060 2637 1282 2708 gravibus
1299 2636 1518 2694 peccatis,
1540 2635 1624 2681 sed
1648 2636 1910 2693 paulatim*
1891 2650 1919 2681 a
1938 2637 2078 2684 levio·
2155 2660 2162 2698 χ,

186 2698 316 2742 ribus
340 2697 516 2755 incipit,
536 2702 591 2742 ut
608 2698 904 2754 postmodum
925 2699 983 2743 ad
1007 2699 1220 2756 graviora
1240 2700 1478 2756 perducat.
1500 2699 1629 2744 Unde
1648 2699 1893 2755 Gregorius
1909 2701 2076 2754 (Moral.
2140 2705 2156 2745 ,Β

185 2758 265 2804 lib.
287 2774 408 2814 xxx1,
432 2773 533 2817 cap.
559 2763 631 2817 17,
654 2772 774 2805 vers.
799 2760 880 2804 fin
885 2763 915 2816 ),
938 2773 1180 2818 exponens
1209 2762 1325 2806 illud
1353 2761 1645 2818 (Job,xxx1x:
1663 2764 1831 2805 Procul
1855 2763 2078 2808 odoratur
2151 2763 2163 2778 ‘¹

185 2821 371 2878 bellum,
397 2823 764 2865 exhortationem
784 2823 951 2865 ducum
978 2826 1065 2867 et
1049 2824 1282 2867 ululatum
1301 2826 1560 2880 exercitas),
1586 2823 1724 2868 dicit:
1748 2826 1916 2869 «Bene
1936 2824 2078 2872 duces

185 2883 419 2928 exhortari
450 2884 561 2928 dicti
590 2889 722 2940 sunt,
747 2885 982 2930 exercitus
1008 2885 1214 2945 ululare,
1241 2886 1352 2943 quia
1380 2886 1530 2958 prima
1558 2885 1674 2930 vitia
1703 2886 1911 2942 deceptae
1932 2886 2077 2933 menti
2133 2892 2135 2894 ’

186 2946 319 3002 quasi
355 2944 443 2989 sub
474 2945 676 3001 quadam
710 2945 891 2990 ratione
920 2959 973 2991 se
1003 2947 1242 3005 inserunt,
1274 2948 1358 2993 sed
1388 2949 1635 2992 innumera
1662 2960 1768 3004 quae
1798 2954 2075 3005 sequuntur,

186 3006 299 3051 dum
320 3007 443 3050 hanc
464 3007 522 3051 ad
541 3018 728 3051 omnem
749 3006 975 3052 insaniam
997 3009 1290 3067 pertrahunt,
1308 3009 1440 3066 quasi
1461 3009 1641 3054 bestiali
1662 3010 1866 3055 clamore
1882 3012 2075 3056 confun-

186 3070 320 3115 dunt.
345 3089 364 3110 »
386 3095 443 3102 —
460 3073 513 3115 Et
538 3070 626 3115 hoc
651 3070 774 3115 idem
798 3071 1011 3116 diabolus
1036 3073 1303 3118 observavit
1331 3074 1379 3118 in
1409 3075 1663 3119 tentatione
1688 3074 1823 3129 primi
1849 3075 2074 3120 hominis:

187 3144 297 3177 nam
326 3132 477 3189 primo
499 3132 762 3178 sollicitavit
789 3140 995 3179 mentem
1026 3135 1162 3192 primi
1192 3137 1393 3181 hominis
1416 3136 1474 3182 de
1495 3136 1608 3192 ligni
1630 3136 1758 3180 vetiti
1781 3150 1889 3193 esu,
1918 3138 2074 3183 dicens

224 3258 270 3301 Η)
297 3258 376 3294 Sive
400 3270 505 3299 (tuum
532 3270 570 3292 ex
592 3258 742 3300 quinquo
768 3259 912 3300 panibus
940 3259 1089 3302 quinque
1173 3266 1207 3295 et
1223 3260 1312 3301 apud
1326 3260 1409 3296 Luc.
1424 3260 1509 3295 item
1527 3269 1562 3295 lv
1578 3261 1739 3297 describit
1755 3262 1856 3297 salvis
1875 3262 2074 3305 quibusdum

183 3305 291 3340 millia
304 3304 481 3340 hominum
499 3306 631 3340 satiavit
648 3307 753 3340 dean.
770 3314 790 3340 v
811 3312 846 3341 et
860 3308 984 3342 Matth.
1001 3309 1086 3351 nv),
1173 3311 1306 3344 tantum
1325 3320 1399 3350 qum
1428 3307 1651 3343 substantiam
1680 3307 1886 3342 narrationis
1916 3319 1986 3343 non
2008 3307 2072 3341 im-

183 3355 252 3391 sive
267 3367 371 3395 quum
387 3353 658 3394 quatum-*millia
680 3364 718 3387 ex
734 3354 877 3394 panibus
892 3356 994 3390 etiam
1009 3368 1087 3398 sep-
1172 3362 1318 3392 mutant.

184 3406 251 3436 tem
272 3403 365 3443 pavit
380 3403 495 3440 (Marc.
514 3411 577 3435 Vlil
593 3407 625 3435 et
636 3401 759 3436 Muttb·
774 3403 842 3443 XV).
1215 3408 1256 3447 (5)
1267 3405 1440 3445 Adiectivfi
1452 3416 1522 3439 non
1537 3404 1745 3439 substantiva
1760 3415 1852 3446 voce,
1867 3403 1904 3438 id
1917 3403 2075 3439 aetcirva
2118 3446 2123 3448 ¹

222 3451 268 3487 (2)
285 3453 365 3487 Ouae
380 3450 443 3485 hoc
461 3451 581 3485 ordine
598 3450 693 3484 illam
708 3450 798 3491 apud
815 3450 938 3485 Matth.
956 3463 1029 3493 cap.
1049 3461 1086 3487 Π
1171 3465 1252 3497 qwoe
1271 3455 1443 3498 afficitur.
