2170 3808
673 222 871 274 QUAEST.
901 222 1044 275 XLVI,
1074 222 1192 263 ART.
1222 221 1291 264 lv.
1847 221 1929 264 383

52 318 147 365 111ae
164 317 259 350 non
277 309 389 351 sunt
405 301 672 356 metuenda,
694 314 792 345 non
814 306 1039 347 metuere.
1064 302 1183 346 Sunt
1202 303 1359 345 autem
1374 299 1588 345 homines
1611 299 1691 357 qui
1714 300 1928 357 quamvis

51 371 236 412 mortem
254 367 404 424 ipsam
421 377 517 410 non
540 364 750 418 timeant,
778 375 931 420 genus
952 367 1108 408 tamen
1127 362 1290 406 mortis
1307 363 1599 407 horrescunt.
1619 363 1676 406 Ut
1697 372 1809 418 ergo
1828 360 1930 407 nul.

53 430 140 474 'um
162 439 313 485 genus
339 426 502 473 mortis
531 425 655 471 recte
681 425 856 470 viventi
874 424 1049 469 homini
1076 422 1385 468 metuendum
1407 428 1548 479 esset,
1571 422 1697 468 illius
1725 421 1928 470 hominis

42 502 179 537 cruce
207 488 547 536 ostendendum
567 487 671 532 fuit.
694 487 813 532 Nihil
834 487 960 533 enim
982 490 1083 531 erat
1110 485 1232 530 inter
1259 485 1416 530 omnia
1448 497 1620 543 genera
1652 485 1817 530 mortis
1849 484 1928 531 illo

43 561 213 609 genere
233 548 537 597 execrabilius
565 553 614 593 et
641 547 994 593 formidabilius,
1021 564 1042 586 ι»
1070 545 1281 591 Secundo
1297 578 1311 602 ,
1333 545 1444 603 quia
1473 546 1561 591 hoc
1585 558 1736 604 genus
1763 547 1928 593 mortis

43 612 244 658 ‚maxime
272 610 556 657 conveniens
588 614 689 655 erat
715 607 1019 654 satisfactioni
1050 620 1136 665 pro
1165 610 1357 665 peccato
1387 607 1526 664 primi
1553 608 1781 665 parentiS,
1801 609 1928 666 quod

48 672 129 719 i'uit
146 686 205 719 ex
219 686 275 720 eo
290 672 415 731 quod
437 677 598 718 contra
614 672 889 717 mandatum
907 670 986 714 Dei
1005 681 1197 727 pomum
1214 668 1331 725 ligni
1353 669 1484 713 vetiti
1509 669 1724 727 sumpsit.
1747 672 1802 714 Et
1821 669 1929 716 111οὀ

42 735 325 780 conveniens
342 733 429 779 fuit
446 733 571 791 quod
589 733 795 778 Christus
821 732 881 777 ad
899 729 1282 776 satisfaciendum
1301 742 1386 787 pro
1405 730 1485 775 illo
1506 734 1699 788 peccato
1719 730 1928 787 seipsum

41 801 274 853 ‘pateretur
294 796 423 853 ligno
443 794 586 851 affigi,
607 795 742 852 quasi
762 794 1014 840 restituens
1036 792 1164 851 quod
1188 793 1333 838 Adam
1359 793 1644 849 sustulerat,
1666 793 1926 838 secundum

40 856 302 913 ·1'llud(Psal.
322 870 466 912 txvm,
482 861 552 912 53:
574 860 778 914 Qaaenon
793 858 946 913 rapui,
968 858 1074 899 tunc
1091 855 1377 898 exsolvebam
1395 857 1473 908 (1).
1493 855 1623 900 Unde
1640 854 1928 912 Augustinus

43 916 155 963 dicit
176 918 226 963 in
245 917 445 976 quodam
466 930 683 964 sermone
712 918 771 963 de
789 917 1009 975 passione
1033 915 1220 973 (implic.
1256 928 1398 960 serm.
1431 918 1508 961 101
1542 916 1600 962 (10
1628 918 1785 973 Temp.
1818 921 1926 961 ante

42 979 182 1032 med.)
204 994 214 1022 :
244 998 263 1018 «c
281 979 566 1037 Contempsit
586 979 730 1024 Adam
749 982 1032 1036 praeceptum
1045 1010 1058 1034 ,
1078 977 1309 1034 accipiens
1331 989 1390 1022 ex
1409 977 1576 1023 arbore
1600 989 1814 1035 pomum,
1844 976 1928 1023 sed

43 1040 263 1098 quicquid
281 1042 424 1088 Adam
438 1041 655 1099 perdidit,
671 1041 878 1086 Christus
900 1041 948 1084 in
966 1052 1106 1085 cruce
1122 1039 1318 1084 invenit.
1335 1058 1356 1078 2»
1380 1039 1530 1085 Tertia
1546 1040 1666 1084 ratio
1686 1044 1774 1095 est,
1797 1039 1924 1097 quia,

42 1105 96 1145 ut
106 1102 460 1160 chrysostomus
473 1103 585 1148 dicit
599 1104 647 1147 in
661 1114 876 1148 sermone
892 1101 950 1147 de
961 1101 1178 1146 Passione
1195 1105 1292 1153 (seu
1303 1101 1427 1145 horn.
1442 1103 1504 1145 De
1520 1113 1658 1146 cruce
1669 1105 1716 1146 et
1729 1100 1924 1158 latrone,

41 1162 265 1220 aliquant.
285 1166 313 1210 a
330 1165 515 1223 princ.),
536 1182 558 1203 «
581 1165 630 1209 in
649 1165 836 1210 excelso
853 1164 981 1220 ligno
1002 1168 1048 1208 et
1066 1173 1161 1207 non
1177 1162 1268 1206 sub
1286 1166 1407 1207 tecto
1421 1174 1591 1219 passus
1613 1167 1700 1219 est,
1717 1167 1771 1208 ut
1787 1162 1927 1208 etiam

41 1223 190 1280 ipsius
205 1227 324 1272 aeris
346 1232 512 1272 natura
524 1225 793 1271 mundetur.
807 1225 893 1270 Sed
908 1230 955 1270 et
966 1224 1067 1281 ipsa
1082 1228 1205 1269 terra
1213 1222 1364 1269 simile
1379 1223 1659 1269 heneficium
1681 1224 1926 1278 sentiebat,

42 1285 327 1333 decurrentis
348 1288 407 1334 de
435 1288 578 1333 latere
599 1286 844 1344 sanguinis
865 1286 1115 1332 stillatione
1132 1285 1374 1330 mundata.
1398 1305 1419 1326 υ
1439 1289 1493 1331 Ε1
1507 1299 1649 1344 super
1665 1285 1778 1331 illud
1794 1289 1924 1333 Joan.

39 1358 115 1391 m:
140 1351 329 1405 Oportet
343 1350 552 1398 exaltari
568 1349 713 1405 filium
724 1350 936 1405 hominis,
969 1348 1081 1393 dicit
1105 1348 1476 1405 Theophylactus
1508 1351 1572 1403 (et
1595 1348 1811 1393 Athanas.
1841 1349 1925 1396 lib.

39 1410 102 1453 De
122 1410 339 1466 passione
357 1417 407 1457 et
427 1423 567 1456 cruce
586 1411 781 1468 Domini,
805 1411 833 1454 a
851 1410 996 1464 med.)
1021 1423 1033 1455 ε
1054 1427 1075 1448 «
1107 1410 1308 1455 Exaltari
1329 1410 1547 1467 audiens,
1570 1411 1925 1468 suspensionem

39 1468 274 1530 intelligas
291 1472 341 1517 in
359 1473 522 1530 altum,
543 1477 596 1518 ut
619 1472 935 1518 sanctificaret
952 1483 1125 1528 aerem,
1145 1473 1227 1530 qui
1249 1472 1621 1518 sanctificaverat
1640 1477 1812 1518 terram
1832 1486 1927 1519 am·

40 1529 246 1578 bulando
268 1533 317 1579 in
339 1547 410 1580 ea.
433 1553 453 1574 »
481 1536 652 1588 Quarta
672 1535 789 1578 ratio
811 1538 910 1592 est,
932 1535 1043 1592 quia
1063 1546 1147 1591 per
1177 1534 1266 1580 1100
1292 1534 1417 1592 (111οᾱ
1438 1535 1486 1578 111
1510 1535 1602 1579 alto
1623 1534 1838 1592 moritur,
1857 1548 1927 1581 as-

41 1605 236 1639 censum
254 1595 388 1641 nobis
418 1600 550 1654 parat
568 1597 617 1640 in
640 1596 836 1650 coelum,
861 1601 916 1641 ut
933 1597 1292 1653 Chrysostomus
1313 1596 1426 1640 dicit
1455 1596 1521 1650 (id
1548 1596 1688 1642 habet
1716 1609 1923 1654 express.

42 1655 279 1713 Athanas.,
301 1658 390 1703 loc.
426 1658 504 1704 cit.
534 1664 620 1703 art.
645 1669 785 1715 praec.
809 1658 869 1703 ad
889 1660 950 1711 2).
971 1660 1027 1702 Et
1048 1658 1158 1703 inde
1176 1663 1248 1703 est
1272 1657 1397 1715 quod
1417 1658 1518 1714 ipse
1546 1658 1656 1703 dicit
1678 1658 1824 1715 (Joan.
1848 1672 1924 1715 xu,

42 1719 112 1768 32)
132 1730 145 1761 ε
169 1721 267 1775 qu
285 1723 326 1763 si
347 1721 579 1764 exaltatus
610 1722 740 1775 suero
766 1722 797 1764 ὰ
819 1724 976 1777 terra,
995 1723 1147 1763 omnia
1172 1721 1360 1764 traham
1392 1722 1456 1764 ad
1485 1722 1724 1776 meipsum.
1757 1720 1927 1774 Quinta

42 1778 160 1824 ratio
178 1785 265 1837 est,
285 1781 395 1838 quia
411 1782 499 1826 hoc
519 1782 741 1838 competit
764 1781 1015 1828 universali
1039 1782 1282 1827 salvationi
1304 1781 1449 1827 totius
1467 1782 1648 1827 mundi.
1673 1782 1802 1828 Unde
1823 1785 1926 1829 Gre-

43 1852 144 1898 gor.
176 1842 376 1900 Nyssen.
397 1843 509 1888 dicit
535 1845 674 1899 (serm
698 1847 721 1888 1
747 1845 809 1889 De
832 1849 1081 1890 resurrect.
1114 1857 1242 1890 verS.
1270 1844 1351 1889 fin.
1384 1849 1431 1889 et
1450 1847 1663 1890 Damasc.
1689 1845 1816 1890 Orth.
1844 1845 1925 1891 fid.

42 1901 130 1948 lib.
147 1915 208 1959 iv,
229 1916 333 1962 cap.
356 1908 426 1963 12,
448 1905 557 1950 circ.
579 1904 722 1962 med.‚
755 1909 802 1950 et
831 1907 1029 1962 August.
1053 1905 1188 1963 epist.
1218 1909 1317 1960 140,
1351 1906 1412 1951 al.
1446 1909 1546 1963 120,
1569 1919 1673 1963 cap.
1696 1909 1781 1959 26),
1803 1908 1927 1964 quod

46 1980 68 2002 α
90 1963 241 2022 figura
254 1966 406 2011 crucis
429 1967 458 2011 a
471 1967 628 2012 medio
645 1971 862 2012 contactu
879 1968 940 2025 (2)
959 1967 1009 2011 in
1029 1971 1230 2025 quatuor
1257 1973 1466 2013 extrema
1490 1967 1675 2025 partita,
1696 1969 1929 2025 significat

42 2025 261 2071 virtutem
274 2032 322 2072 et
336 2027 673 2085 providentiam
689 2027 792 2085 ejus
809 2027 955 2086 quiin
973 2041 1031 2073 ea
1046 2028 1286 2086 pependit,
1304 2028 1479 2085 ubique
1496 2028 1732 2074 diffusam.
1753 2049 1773 2069 »
1793 2030 1927 2088 Chry-

43 2091 276 2134 sostomus
296 2090 436 2135 etiam
456 2090 568 2136 dicit
596 2090 702 2143 (1100
723 2089 863 2134 etiam
896 2088 1038 2134 habet
1065 2090 1251 2145 Athan.,
1281 2090 1369 2135 100.
1405 2090 1484 2134 011.
1512 2094 1599 2134 art.
1631 2103 1769 2147 praec.
1801 2090 1861 2136 ad
1883 2093 1926 2146 2)

43 2148 167 2206 quod
186 2149 236 2195 in
253 2161 391 2195 cruce
416 2167 437 2188 α
458 2149 680 2207 expansis
698 2149 917 2195 manibus
931 2150 1143 2206 moritur,
1158 2155 1211 2196 ut
1232 2150 1375 2195 altera
1391 2163 1536 2196 manu
1556 2155 1762 2197 veterem
1780 2164 1926 2209 popu-

44 2208 159 2267 lum,
183 2211 327 2256 altera
350 2222 431 2256 eos
457 2213 538 2268 qui
565 2223 621 2256 ex
646 2210 867 2269 gentibus
889 2215 1028 2268 sunt,
1055 2212 1223 2256 trahat.
1252 2231 1273 2250 n
1298 2215 1433 2257 Sexta
1461 2211 1578 2257 ratio
1601 2216 1694 2267 est,
1713 2213 1824 2270 quia
1845 2225 1927 2269 pcr

44 2270 133 2316 hoc
152 2283 302 2329 genus
318 2273 479 2318 mortis
501 2273 699 2318 diversae
716 2273 916 2318 virtutes
931 2272 1251 2329 designantur.
1274 2273 1403 2318 Unde
1427 2273 1714 2335 Augustinus
1735 2273 1846 2319 dicit
1862 2275 1926 2328 (in

44 2331 125 2378 lib.
145 2335 207 2379 De
232 2334 380 2391 gratia
400 2335 570 2379 veteris
592 2339 640 2380 et
669 2335 779 2380 novi
797 2335 1103 2392 Testamenti,
1127 2335 1303 2381 scilicet
1322 2335 1567 2392 epist.'140
1582 2369 1593 2386 ,
1618 2335 1678 2380 al.
1703 2338 1803 2393 420,
1822 2349 1922 2397 cap.

44 2397 99 2440 26
118 2394 146 2440 a
165 2390 326 2453 med).
345 2413 366 2434 κ
385 2398 483 2441 Non
506 2397 680 2443 frustra
704 2397 795 2442 tale
815 2409 966 2454 genus
983 2397 1147 2443 mortis
1165 2397 1322 2455 elegit,
1345 2402 1397 2442 ut
1417 2398 1692 2454 latitudinis,
1714 2403 1760 2443 et
1777 2396 1928 2443 altitu-

44 2456 183 2514 dinis,
202 2462 249 2503 et
269 2457 575 2513 longitudinis
604 2462 651 2504 et
671 2458 1026 2516 profunditatiS‚
1060 2459 1120 2505 de
1146 2459 1319 2516 quibus
1342 2459 1586 2517 Apostolus
1614 2459 1822 2516 loquitur
1847 2463 1924 2520 (3),

44 2518 262 2575 magister
279 2519 510 2564 existeret.
536 2521 650 2564 Nam
668 2520 864 2565 latitudo
883 2533 991 2578 quae
1019 2525 1090 2566 est
1118 2521 1169 2564 in
1199 2533 1256 2565 eo
1278 2521 1436 2577 lign0,
1461 2520 1588 2577 quod
1609 2524 1926 2566 transversum

45 2578 243 2636 desuper
263 2580 434 2637 figitur,
457 2580 546 2625 hoc
563 2580 621 2625 ad
640 2581 764 2626 bona
783 2593 924 2638 opera
942 2581 1158 2638 pertinet,
1179 2581 1290 2638 quia
1309 2582 1374 2626 ibi
1396 2581 1714 2626 extenduntur
1737 2594 1922 2627 manus.

45 2641 300 2698 Longitudo
321 2642 370 2686 in
388 2654 445 2686 eo
461 2642 586 2699 quod
605 2642 667 2686 ab
686 2643 788 2700 ipso
806 2643 936 2700 ligno
956 2655 1109 2700 usque
1130 2643 1190 2688 ad
1212 2648 1383 2688 terram
1405 2644 1711 2699 conspicuum
1736 2648 1808 2688 est
1829 2658 1842 2688 ε
1862 2644 1926 2689 ihi

0 2743 2 2745 ,
48 2701 171 2746 0111111
191 2703 531 2759 quodammodo
562 2708 729 2762 statur,
752 2705 801 2751 id
818 2711 891 2750 est
923 2705 1187 2762 persistitur
1208 2710 1256 2750 et
1289 2709 1614 2762 perseveratur
1630 2720 1644 2759 ς
1660 2705 1786 2762 (111οᾶ
1821 2704 1925 2750 lon-

49 2762 303 2819 ganimitati
320 2765 551 2810 tribuitur.
573 2765 777 2812 Altitudo
794 2768 935 2812 estin
957 2780 1014 2812 ea
1043 2767 1160 2824 ligni
1180 2771 1311 2824 parte
1332 2778 1437 2824 quae
1462 2766 1521 2811 ab
1539 2766 1617 2810 illa
1643 2778 1752 2823 quae
1772 2771 1925 2813 trans-

6 2855 7 2858 ,
47 2834 234 2869 versum
250 2824 420 2880 figitur,
439 2825 626 2870 sursum
639 2828 804 2872 versus
821 2827 1115 2885 relinquitur,
1131 2828 1221 2872 hoc
1239 2831 1311 2872 est
1333 2827 1393 2872 ad
1411 2832 1552 2884 caput
1571 2827 1795 2883 crucifixi,
1818 2828 1927 2886 quia

47 2883 169 2932 hene
189 2885 473 2942 sperantium
499 2898 702 2943 superna
730 2890 989 2946 expectatio
1019 2894 1104 2934 est.
1128 2892 1227 2933 Jam
1249 2888 1359 2933 vero
1387 2888 1502 2933 illud
1532 2901 1591 2933 ex
1623 2888 1768 2946 ligno,
1800 2890 1925 2948 quod

47 2946 194 2992 fixum
213 2947 487 3002 occultatur,
506 2947 633 2993 unde
649 2953 798 2994 totum
815 2951 931 2996 illud
949 2951 1151 3007 exurgit,
1178 2949 1540 3007 profunditatem
1565 2950 1796 3006 significat
1820 2963 1924 3008 gra-

48 3009 177 3054 tuitae
194 3008 366 3065 gratiae.
386 3027 407 3048 »
431 3010 505 3064 Et,
526 3008 646 3055 sicut
665 3011 954 3066 Augustinus
972 3015 1130 3070 (Super
1153 3015 1282 3057 Joan.
1304 3016 1434 3056 tract.
1463 3015 1546 3057 119
1566 3013 1733 3068 parum
1753 3012 1781 3056 a
1803 3014 1925 3070 prin-

47 3069 157 3126 cip.)
175 3069 302 3125 0101ῐῆ
330 3086 350 3106 «
369 3069 550 3126 lignum
567 3103 580 3125 ,
603 3070 652 3114 in
677 3082 771 3127 quo
790 3069 883 3116 fixa
904 3079 1036 3118 erant
1057 3072 1267 3118 membra
1285 3073 1519 3128 patientis,
1545 3073 1683 3124 etiam
1707 3074 1924 3120 cathedra

90 3207 134 3249 (l)
164 3206 215 3242 Ad
237 3205 273 3240 id
293 3210 421 3247 spectat
443 3205 527 3240 illud
558 3206 713 3241 Ecclesiae
737 3218 746 3241 ι
773 3208 818 3242 Ut
843 3209 941 3244 unde
1069 3210 1111 3250 (2)
1138 3210 1187 3243 Ita
1213 3222 1288 3242 cum
1317 3210 1392 3243 Mss.
1421 3209 1503 3243 editi
1527 3210 1660 3250 passim.
1689 3209 1759 3250 Al„
1789 3212 1924 3251 tractu,

48 3264 144 3290 mors
160 3253 368 3292 oriebatur,
387 3253 474 3289 inde
494 3255 571 3287 vita
592 3258 815 3297 rems-geret,
828 3259 860 3289 ct
879 3257 942 3299 qui
1024 3257 1116 3298 quod
1133 3257 1207 3291 vult
1222 3257 1354 3291 Gareia.

48 3302 91 3337 in
121 3302 222 3344 ligno
264 3301 425 3335 vincebat
466 3302 509 3335 in
552 3301 655 3343 liano
695 3311 836 3346 quoque
862 3305 941 3337 vin·
1066 3304 1110 3344 (5)
1135 3305 1231 3338 Juxta
1256 3304 1340 3338 illud
1370 3304 1518 3345 Apostoli
1543 3304 1674 3348 (Ephes.
1694 3314 1748 3344 111,
1772 3307 1850 3340 1811
1880 3304 1925 3339 m

49 3347 208 3390 veretur,
227 3349 309 3383 item
326 3352 360 3382 et
384 3348 561 3383 medelam
581 3349 697 3391 terret
720 3350 806 3383 inde
817 3376 827 3391 ,
856 3350 941 3384 hos·
1022 3352 1176 3394 possitis
1188 3352 1494 3394 comprehendere
1509 3363 1589 3386 cum
1604 3353 1772 3387 omnibus
1785 3351 1924 3387 sanctis

50 3396 96 3431 tis
114 3396 212 3432 unde
230 3397 389 3431 loeserat.
1025 3407 1105 3440 quoe
1120 3399 1166 3432 sit
1185 3399 1344 3434 latitudo
1360 3400 1608 3443 eteonqitudo,
1626 3404 1691 3435 aut
1700 3401 1931 3440 sublimitas„

1025 3448 1058 3479 et
1079 3445 1322 3488 profundum.
