2170 3808
245 271 327 313 570
790 265 991 315 QUAEST.
1022 264 1161 316 LXVl,
1193 264 1311 306 ΛΒΤ.
1342 263 1430 305 Vm
1459 264 1523 305 ET
1552 265 1622 306 IX.

242 349 400 392 siones
430 350 648 403 repetens
676 344 820 389 verba
842 345 1022 399 formae,
1041 348 1272 400 peccaret,
1294 346 1524 398 quantum
1545 344 1593 386 in
1614 354 1665 386 se
1685 346 1772 397 est,
1793 341 1971 398 pluries
1997 339 2154 396 bapti-v

243 421 370 454 zanS.

493 484 837 525 ARTICULUS
866 484 950 525 lx.
976 505 1033 513 —
1057 460 1201 525 urium
1230 491 1456 524 5111151165
1474 491 1612 524 rossrr
1634 492 1799 522 1161111111
1818 480 1896 534 (1).

243 558 292 592 De
314 557 369 592 his
388 557 491 591 etiam
508 556 1031 598 sent.1v,dist.6.quaest.n,
1051 553 2006 597 611.4,11111651111116.1,61611111.36111.1111.Π.61η1.59
2029 559 2092 588 tn.
2111 564 2149 590 et

298 617 371 647 cap.
386 605 511 638 70617
515 605 545 645 Ι,
561 608 596 638 et
611 605 709 638 Joan.
726 613 779 645 111-
800 604 866 638 col.
882 605 916 646 4,
934 603 1105 645 etEphes.
1122 611 1178 644 Π,
1200 603 1280 637 lect.
1292 602 1325 641 2,
1345 600 1409 636 col.
1433 602 1467 643 4,
1483 606 1523 637 ut
1537 606 1571 637 et
1586 614 1701 644 supra,
1720 609 1835 644 quaest.
1860 610 1962 642 ιΧ111,
1976 602 2093 636 6115.

299 666 365 710 Ad
390 678 565 709 nonum
586 666 652 709 sic
671 666 955 721 proceditur.
979 670 1019 710 1.
1045 665 1236 709 Videtur
1255 663 1383 722 quod
1403 663 1667 721 baptismus
1679 664 1827 721 possit
1843 663 2018 708 iterari.
2039 664 2099 707 Ba

243 728 410 772 tismus
447 728 572 772 enim
599 727 784 772 videtur
813 726 1057 771 institutus
1084 726 1142 771 ad
1178 725 1467 770 ablutionem
1494 731 1809 782 peccatorum.
1842 725 1930 770 Sed
1960 710 2120 781 peccat

243 791 486 836 iterantur.
519 793 640 846 Ergo
673 790 823 834 multo
848 789 999 846 magis
1026 789 1290 846 baptismus
1321 788 1462 833 debet
1487 788 1663 846 iterari,
1684 789 1794 846 quia
1832 786 2118 832 misericordi

241 853 406 898 Christi
431 852 721 897 transcendit
735 851 940 897 hominis
957 851 1161 908 culpam.

299 918 341 959 2.
369 918 609 970 Praeterea,
633 917 836 959 Joannes
868 915 1073 970 Baptista
1113 913 1350 970 praecipue
1380 912 1470 958 fuit
1506 911 1535 957 a
1563 912 1740 958 Christo
1774 911 2131 959 commendatus

243 989 350 1021 611111
383 977 441 1020 (16
473 988 530 1020 eo
552 976 727 1020 dictum
754 976 815 1020 sit
843 975 1094 1032 (Matth.x1,
1114 977 1223 1024 11)·
1255 978 1381 1018 lut-er
1408 982 1541 1018 natos
1562 975 1806 1019 mulierum
1828 988 1918 1017 non
1946 976 2130 1016 surrexi

241 1039 393 1093 major
413 1041 588 1080 Ioanne
610 1040 835 1094 Baptista.
860 1037 946 1081 Sed
969 1036 1188 1093 baptizati
1225 1035 1253 1079 a
1288 1038 1464 1081 Joanne
1501 1036 1671 1080 iterum
1703 1034 2131 1093 baptizabantur-,u
2145 1030 2151 1037 ’

242 1099 444 1143 habetur
467 1102 580 1143 (Act.
606 1102 709 1154 xix),
729 1099 811 1143 ubi
831 1099 1001 1143 dicitur
1022 1098 1149 1155 quod
1166 1098 1337 1142 Paulus
1356 1097 1623 1154 baptizabat
1641 1110 1722 1142 eos
1741 1097 1820 1154 qui
1841 1100 1979 1141 erant
1996 1093 2152 1150 bapti-

242 1162 329 1206 zati
348 1161 580 1219 baptismo
600 1162 809 1208 loannis.
823 1165 942 1219 Ergo
953 1162 1102 1206 multo
1118 1161 1284 1206 fortius
1299 1161 1363 1205 illi
1385 1162 1464 1218 qui
1481 1165 1593 1205 sunt
1610 1160 1829 1217 baptizati
1848 1161 1907 1205 ab
1923 1157 2152 1203 haereticis

240 1224 315 1268 vel
339 1224 677 1281 peccatoribus,
700 1229 811 1269 sunt
831 1224 1159 1281 rebaptizandi.
2155 1231 2160 1266 ;

298 1290 340 1331 3.
367 1289 608 1342 Praeterea,
634 1286 681 1330 in
702 1288 887 1331 Nicaeno
908 1300 1040 1331 conc.
1062 1299 1168 1330 6611.
1200 1288 1271 1339 19,
1292 1290 1520 1331 statutum
1541 1290 1628 1340 est,
1657 1302 1677 1320 «
1699 1284 1738 1328 si
1760 1283 1866 1341 quis
1889 1281 2161 1337 confugerit.-

243 1346 299 1393 ad
336 1349 590 1392 Ecclesiam
625 1349 899 1393 catholicam
931 1350 989 1394 de
1017 1348 1312 1392 Paulianistis
1342 1352 1388 1392 et
1421 1346 1744 1404 cataphrygis,
1771 1344 2046 1402 rebaptizari
2070 1355 2159 1389 665-

242 1411 434 1455 omnino
459 1410 646 1455 debere.
669 1429 689 1449 »
717 1410 907 1456 Videtur
929 1415 1084 1455 autem
1111 1423 1214 1455 esse
1234 1410 1398 1455 eadem
1424 1409 1541 1454 ratio
1563 1409 1620 1453 de
1639 1408 1744 1452 aliis
1766 1406 2012 1452 haereticis.
2031 1407 2153 1463 Ergo

241 1472 460 1529 baptizati
479 1472 538 1516 ab
557 1472 786 1517 haereticis
805 1472 977 1520 debent
991 1472 1283 1543 rebaptizari:

295 1537 338 1579 4.
365 1536 603 1587 Praeterea,
635 1533 897 1588 baptismus
938 1538 1010 1578 est
1047 1533 1343 1578 necessarius
1365 1533 1423 1577 ad
1444 1532 1660 1578 salutem.
1682 1532 1771 1577 Sed
1787 1532 1846 1577 de
1867 1529 2152 1588 quibusdam

240 1594 481 1651 baptizatis
497 1594 750 1651 aliquando
768 1595 1010 1641 dubitatur
1027 1607 1087 1638 an
1109 1594 1203 1639 sint
1222 1593 1455 1651 baptizati.
1474 1596 1593 1651 Ergo
1607 1580 1793 1639 videtur
1811 1592 1938 1650 quod
1952 1591 2170 1637 debeant*

240 1656 407 1701 iterum
429 1650 2170 1713 baptizari.

295 1721 338 1764 5.
365 1717 915 1777 Praeterea,Eucha1·1stia
946 1722 1017 1763 est
1049 1718 1302 1775 perfectius
1324 1722 1670 1763 sacramentum
1701 1717 1841 1774 quam
1870 1715 2162 1775 baptismus,

240 1786 293 1826 ut
315 1794 459 1838 supra
493 1781 669 1826 dictum
689 1785 761 1826 est
783 1783 879 1838 (qu.
902 1794 1043 1838 praec.
1067 1785 1153 1825 art.
1179 1783 1236 1834 3).
1266 1781 1353 1826 Sed
1375 1786 1722 1826 sacramentum
1741 1779 2044 1824 Eucharistiae
2061 1779 2152 1825 ite-

239 1847 386 1888 ratur.
402 1847 522 1900 Ergo
536 1843 724 1889 videtur
739 1843 865 1900 quod
890 1843 1038 1888 multo
1061 1843 1213 1900 magis
1233 1842 1495 1900 baptismus
1515 1842 1664 1900 possit
1685 1841 1857 1887 iterari.

297 1905 385 1950 Sed
399 1910 564 1949 contra
582 1910 655 1950 est
672 1906 798 1962 quod
816 1905 986 1950 dicitur
1003 1906 1188 1963 (Ephes.
1210 1908 1358 1965 1v,5)z
1381 1909 1482 1949 Una
1498 1906 1630 1962 fides,
1655 1918 1794 1948 unum
1819 1904 2065 1960 baptisma.

288 1981 583 2021 CONCLUSIO.
612 2003 659 2010 -
686 1982 791 2021 Cum
813 1980 1046 2031 baptismus
1074 1981 1127 2021 sit
1145 1980 1337 2033 quaedam
1356 1982 1509 2021 animae
1527 1979 1760 2044 spiritualis
1781 1979 2047 2030 regeneratio,
2066 1981 2151 2030 qua

239 2036 552 2086 configuramur
569 2036 694 2076 morti
715 2036 916 2086 Christi,
904 2048 949 2076 111
974 2035 1202 2100 remedium
1218 2036 1434 2086 originalis
1451 2035 1643 2077 criminis
1664 2033 1877 2082 adhibita,
1895 2032 2012 2074 nullo
2028 1953 2170 2146 modo*

240 2090 381 2132 iterari
400 2095 547 2143 potest.

282 2155 559 2210 Respondeo
579 2153 832 2199 dicendum
855 2153 980 2210 quod
1003 2153 1263 2210 baptismus
1288 2153 1445 2199 iterari
1461 2166 1557 2198 non
1575 2157 1761 2210 potest:
1791 2151 1942 2209 primo
1960 2151 2169 2209 quidem,

242 2215 351 2272 quia
374 2215 635 2272 baptismus
658 2220 729 2259 est
747 2215 963 2272 quaedam
983 2215 1240 2272 spiritualis
1267 2215 1575 2272 regeneratio,
1603 2219 1742 2271 prout
1775 2213 1951 2257 scilicet
1982 2213 2170 2272 aliquis

242 2278 438 2321 moritur
458 2277 603 2322 veteri
626 2277 752 2334 vitae,
774 2282 821 2322 et
838 2277 1003 2334 incipit
1020 2289 1190 2321 novam
1223 2277 1366 2321 vitam
1386 2289 1554 2334 agere3
1579 2276 1707 2321 unde
1733 2275 1903 2320 dicitur
1917 2277 2061 2330 (Joan.
2085 2288 2170 2540 nni

242 2342 284 2393 5)
311 2355 320 2383 :
347 2342 446 2382 Nisi
468 2343 566 2395 quis
582 2343 770 2382 renatus
789 2341 932 2392 suerit
951 2352 1009 2382 eae
1028 2352 1150 2395 aqua
1169 2342 1214 2382 et
1231 2342 1408 2395 Spiritu
1424 2343 1598 2394 sancto,
1620 2352 1712 2382 uon
1733 2341 1881 2395 potest
1894 2339 2086 2381 introire
2101 2340 2151 2382 in

241 2415 430 2457 reynum
452 2405 550 2445 Dei.
579 2401 724 2445 Unius
742 2408 900 2445 autem
923 2414 1017 2445 non
1038 2409 1110 2445 est
1140 2402 1228 2445 nisi
1250 2414 1345 2446 una
1377 2401 1633 2457 generatio.
1667 2402 1721 2445 Et
1741 2399 1846 2445 11166
1868 2411 1964 2444 11611
1996 2403 2152 2457 potest

241 2463 505 2519 baptismus
522 2462 696 2518 iterari,
712 2462 834 2506 sicut
853 2475 940 2506 nec
959 2463 1162 2506 carnalis
1186 2465 1424 2519 generatio
1439 2467 1515 2518 (2).
1539 2462 1667 2507 Unde
1685 2461 1978 2518 Augustinus
1993 2464 2152 2518 (super

241 2524 359 2568 illud
376 2526 507 2567 Joan.
528 2537 578 2566 vx
592 2525 820 2579 Numquid
841 2527 986 2579 potest
1010 2523 1142 2567 homo
1161 2525 1210 2567 in
1231 2529 1432 2568 ventrem
1450 2528 1613 2567 matris
1635 2535 1730 2568 suae
1750 2523 1916 2566 iterato
1937 2525 2147 2579 introire,
2166 2551 2170 2574 3

243 2591 288 2629 et
307 2587 489 2628 renasci
497 2585 535 2639 ἲ)
554 2584 665 2629 dicit
678 2590 827 2640 (tract.
845 2589 892 2629 11
914 2585 961 2628 in
977 2587 1109 2629 Joan.
1124 2590 1234 2629 ante
1249 2585 1419 2640 med.):
1440 2603 1460 2623 «
1478 2586 1551 2630 Sic
1566 2589 1619 2630 tu
1636 2585 1842 2640 intellige
1859 2584 2150 2629 nativitatem
2168 2580 2170 2582 ’

244 2647 456 2705 spiritns,
497 2647 734 2704 quomodo
774 2647 999 2691 intellexit
1035 2647 1315 2692 Nicodemus
1354 2647 1644 2692 nativitatem
1676 2647 1832 2691 carnis
1863 2662 1874 2690 z
1916 2644 2170 2717 quomodo,

242 2710 367 2755 enim
391 2716 557 2754 uterus
576 2721 670 2753 non
688 2713 842 2766 potest
859 2709 1021 2766 repeti,
1037 2708 1106 2753 sic
1117 2721 1205 2753 nec
1227 2709 1547 2766 baptismus.»
1570 2709 1784 2754 Secundo
1806 2708 1917 2765 quia
1934 2707 1981 2752 in
2001 2713 2165 2754 morte*

242 2772 405 2818 Christi
430 2772 734 2830 baptizamur,
756 2783 841 2828 per
869 2783 1011 2828 quam
1031 2771 1258 2816 morimur
1275 2776 1483 2829 peccato,
1517 2775 1565 2817 et
1581 2771 1877 2828 resurgimus
1900 2770 1949 2815 in
1973 2770 2150 2815 novita-

243 2839 338 2879 tem
356 2834 480 2878 vitae.
506 2834 714 2878 Christus
743 2838 898 2878 autem
931 2833 1073 2878 semel
1109 2837 1291 2878 tantum
1319 2838 1534 2879 mortuus
1562 2838 1648 2878 est.
1680 2835 1735 2878 Et
1755 2832 1860 2877 ideo
1890 2831 2156 2888 baptismus

244 2896 401 2941 iterari
422 2909 515 2941 non
540 2896 694 2942 debet.
730 2899 919 2952 Propter
940 2897 1068 2953 quod
1093 2896 1244 2950 (Hebr.
1271 2910 1331 2952 w,
1362 2899 1403 2952 6)
1441 2900 1606 2941 contra
1624 2895 1854 2952 quosdam
1874 2893 2139 2951 rebaptizat

245 2959 454 3004 volentes
475 2959 646 3003 dicitur
667 2971 678 3002 :
703 2959 875 3002 Rursus
900 2960 1210 3014 crucifiqeutes
1231 2959 1522 3016 sibimetipsis
1542 2959 1716 3002 Filium
1746 2960 1854 3012 Dei,·
1880 2955 1961 3000 uhi
1991 2956 2096 3001 Glos
2148 3004 2154 3010 „

249 3021 364 3075 (ord.
389 3034 495 3078 sup.
521 3020 636 3065 illud
657 3035 668 3064 ε
691 3024 915 3064 Renovare·
949 3022 1122 3075 rursus)
1151 3020 1263 3065 dicit
1286 3036 1298 3063 ε
1338 3039 1359 3059 «ι
1380 3024 1479 3065 Una
1509 3020 1671 3065 Christi
1700 3031 1826 3064 mors
1851 3030 1998 3062 unum
2031 3018 2157 3076 baffi

246 3081 382 3126 tisma
404 3082 710 3127 consecravit.
735 3100 755 3121 »
783 3082 930 3129 Tertio
953 3081 1063 3139 quia
1091 3081 1353 3138 baptismus
1374 3082 1598 3140 imprimit
1623 3082 1938 3126 characterem
1964 3080 2045 3137 qui
2078 3080 2156 3125 est

281 3226 329 3267 w
344 3225 582 3268 marcionistae,
602 3229 685 3261 teste
697 3225 733 3259 S.
759 3225 949 3267 Epipnano,
965 3224 1082 3260 haeresi
1100 3224 1154 3266 42,
1240 3224 1306 3260 fide
1325 3229 1376 3260 est
1402 3225 1607 3267 baptismum
1629 3223 1741 3261 valide
1759 3227 1955 3264 susceptum
1970 3234 2040 3258 non
2055 3215 2170 3265 posto‘

247 3278 298 3310 ter
315 3273 533 3315 baptizabant
548 3273 651 3307 semel
667 3273 701 3306 in
718 3272 913 3313 infantia‚et
923 3273 976 3307 bis
991 3274 1027 3308 in
1038 3273 1156 3307 adulta
1239 3274 1411 3309 reiterari.

245 3325 343 3356 aetute
381 3321 422 3355 ad
460 3321 688 3354 imitationem
724 3320 849 3354 Clu-isti
891 3322 948 3362 qui
988 3321 1154 3362 baptismo
1281 3322 1325 3363 (2)
1345 3322 1390 3356 Si
1412 3320 1494 3365 quis
1514 3321 1657 3356 dixerit
1671 3330 1799 3356 verum
1829 3322 1862 3354 et
1880 3319 1953 3354 rit&
1973 3318 2170 3354 collatum

245 3369 384 3404 loannis
408 3372 440 3402 et
460 3380 521 3402 suo
545 3369 708 3409 sanguine
736 3368 804 3403 fuit
833 3368 1035 3410 baptizatus.
1064 3372 1150 3404 Anu·
1240 3370 1465 3414 baptismum
1497 3367 1715 3404 iterandum
1747 3378 1822 3403 esse
1850 3367 1915 3401 illi
1943 3366 2010 3410 qui
2043 3364 2168 3410 apud

187 3450 190 3454 ,
247 3416 397 3456 baptistae
421 3423 479 3450 xvl
502 3416 612 3450 saeculi
629 3415 885 3457 rebaptizabant
906 3417 1092 3458 baptizatos
1114 3417 1150 3452 in
1236 3418 1409 3460 infideles
1425 3416 1687 3460 fidemChristi
1698 3417 1898 3459 neqaverit,
1913 3416 1994 3449 cum
2011 3413 2060 3446 ad
2071 3421 2146 3456 ρω-

248 3463 399 3502 infantia,
421 3467 455 3497 et
471 3465 607 3504 quidam
629 3473 670 3498 ex
690 3463 759 3497 illis
780 3475 837 3498 eos
852 3465 908 3506 qui
927 3470 1002 3507 post
1018 3476 1150 3506 suscep·
1236 3467 1435 3500 nitentium
1468 3465 1723 3500 convertitur·
1713 3491 1723 3511 ,
1762 3464 1960 3499 anathema
1992 3461 2044 3496 sit
2078 3461 2144 3503 (Do

247 3516 318 3546 tum
337 3511 441 3546 semel
461 3510 669 3553 baptismum
690 3512 708 3546 11
725 3510 792 3546 fide
820 3511 996 3548 deficiunt.
1020 3514 1085 3549 Sed
1109 3514 1150 3548 de
1236 3513 1329 3556 bapt.
1345 3525 1423 3549 5655.
1440 3520 1503 3554 vu,
1520 3523 1596 3547 can.
1616 3511 1679 3554 44).
