2170 3808
729 186 926 236 QUAEST.
958 185 1096 242 LXVI,
1126 186 1245 228 ART.
1275 185 1327 228 V.
1897 183 1976 225 563

167 270 503 313 ARTICULUS
533 269 591 310 V
621 290 677 298 --
705 280 841 309 uranii
863 278 956 310 nAEc
976 280 1040 310 sn*
1061 278 1316 310 convnmsns
1344 278 1482 308 roam
1510 276 1696 307 urrisun
1723 276 1735 306 z
1760 274 1839 305 sco
1857 275 1909 305 'tn

337 341 509 372 ΒΑΡτιΖο
539 341 579 370 m
608 341 761 371 notum:
785 341 944 382 rums,
968 341 1022 370 m
1053 341 1168 383 rimi,
1193 341 1245 370 ΕΤ
1266 339 1449 370 spmrrns
1479 338 1622 369 samen
1650 326 1724 379 (1).

93 395 1034 482 Dehisetiaminfra,quast.1.xxx1v,art.5clorp.{t
1059 395 1162 477 Selent5.
1178 403 1228 436 lv,
1250 394 1331 429 dist.
1350 395 1384 436 5,
1400 398 1468 429 art.
1483 395 1518 435 6,
1535 397 1651 435 quaest.
1674 401 1700 434 1,
1715 392 1747 434 8,
1766 391 1844 426 etl.
1860 392 1937 426 Cor.
1951 399 1976 434 1,

908 447 960 478 ect
1047 454 1085 476 co

146 500 213 547 Ad
235 501 448 557 quintum
483 498 551 543 sic
581 498 859 554 proceditur.
882 501 925 542 1.
948 497 1135 541 Videtur
1170 495 1294 552 quod
1326 496 1426 540 haec
1466 508 1561 539 non
1599 495 1660 545 sit
1693 494 1977 539 conveniens

91 562 240 606 forma
256 558 501 632 baptismi:
525 561 621 614 qu
640 562 681 601 te
697 559 908 613 baptizo·
891 571 940 600 zn
961 559 1138 600 nomine
1154 558 1326 611 Patris,
1344 559 1387 599 et
1399 556 1527 612 Filii,
1545 559 1587 599 et
1604 557 1802 611 Spiritus
1811 558 1973 600 sancti.

91 626 229 669 Actus
258 623 379 667 enim
400 620 549 676 magis
570 620 709 664 debet
730 618 917 664 attribui
934 618 1178 676 principali
1212 618 1366 674 agenti
1387 617 1528 674 quam
1559 616 1786 661 ministro.
1822 617 1939 662 Sed
1927 630 1975 662 m

91 690 381 729 sacramento
400 682 610 727 minister
632 681 726 737 agit
756 685 809 725 ut
840 680 1218 736 instrumentum,
1242 685 1295 722 ut
1325 691 1467 735 supra
1489 678 1665 723 dictum
1690 683 1761 722 est
1793 681 1974 735 (qnaest.

89 759 205 802 uiv,
227 750 312 789 art
329 748 402 800 1),
429 744 680 800 principale
709 747 864 787 autem
887 754 1032 798 agens
1065 742 1110 786 in
1132 741 1365 797 baptismo
1382 745 1453 784 est
1474 740 1696 795 Chr1stus,
1717 740 1976 784 secundum

90 806 204 851 illud
222 809 366 861 (Joan.
388 820 417 859 1,
438 808 529 858 33):
554 807 700 860 Super
714 818 842 860 quem
858 805 1024 847 videris
1046 805 1269 859 Spiritum
1289 802 1627 846 descendentem
1651 805 1693 844 et
1703 806 1973 858 manentem,

89 868 164 912 hic
193 872 254 911 est
283 871 358 923 qni
391 869 611 922 bapti-zat.
634 865 1017 909 inconvenienter
1051 876 1162 920 ergo
1186 864 1397 907 minister
1425 862 1566 906 dicit:
1597 865 1693 918 qu
1716 865 1758 905 te
1779 863 1977 931 baptizo,

89 929 343 986 praesertim
367 928 476 983 quia
498 927 545 969 in
572 927 659 969 hoc
679 926 804 982 quod
830 925 1012 979 dicitur,
1043 925 1239 981 baptizo,
1255 923 1531 979 intelligitur
1549 936 1666 979 eqo.-
1698 928 1744 966 et
1763 922 1831 967 sic
1848 923 1973 968 vide-

90 994 166 1033 tur
179 989 412 1045 superflue
431 987 613 1044 apponi.

146 1052 189 1095 2.
217 1053 455 1104 Praeterea,
479 1061 568 1092 non
600 1052 783 1105 oportet
804 1047 929 1104 quod
948 1045 1025 1091 ille
1053 1046 1134 1102 qui
1156 1046 1360 1103 aliquem
1396 1050 1552 1090 actum
1572 1049 1772 1101 exeicet,
1793 1044 1851 1089 de
1869 1049 1973 1089 actu

89 1112 291 1156 exercito
311 1112 446 1155 iaciat
465 1111 766 1165 mentionem,
787 1110 909 1153 sicut
941 1108 1018 1152 ille
1052 1108 1130 1163 qui
1166 1109 1315 1164 docet,
1338 1119 1433 1151 non
1452 1111 1634 1164 oportet
1655 1106 1780 1163 quod
1817 1106 1975 1151 dicat·

89 1177 185 1230 qu
206 1186 284 1216 vos
321 1174 470 1216 doceo.
490 1171 712 1216 Dominus
748 1176 906 1214 autem
940 1169 1083 1214 simul
1122 1141 1315 1214 tradidit
1328 1173 1614 1225 praeceptum
1647 1168 1913 1225 baptizandi
1930 1173 1978 1213 et

88 1235 302 1280 docendi.
326 1235 485 1279 dicens
513 1233 680 1288 (Matth.
714 1232 798 1276 ult.
823 1232 930 1286 19):
973 1234 1143 1274 Euntes
1166 1232 1318 1274 docete
1350 1244 1500 1274 omnes
1533 1233 1701 1287 qentes,
1739 1236 1827 1276 etc.
1858 1233 1974 1286 Ergo

89 1307 184 1339 non
204 1301 382 1352 oportet
401 1294 561 1350 quod'
549 1306 597 1337 111
619 1294 766 1337 forma
787 1291 1006 1348 baptismi
1025 1292 1104 1336 fiat
1121 1292 1295 1336 mentio
1318 1292 1376 1336 de
1396 1297 1503 1336 actu
1520 1290 1753 1348 baptismi.

144 1359 188 1402 3.
206 1358 445 1410 Praeterea,
464 1354 540 1398 ille
559 1355 638 1410 qui
667 1353 941 1410 baptizatur,
963 1353 1244 1410 quandoque
1266 1365 1360 1397 non
1387 1352 1604 1408 intelligit
1622 1352 1780 1408 verba,
1800 1352 1915 1409 puta
1937 1354 1973 1397 si

88 1416 149 1461 sit
169 1416 342 1461 surdus
364 1419 446 1459 aut
462 1426 594 1471 puer.
612 1417 799 1459 Fiustra
824 1418 981 1459 autem
1018 1414 1076 1459 ad
1105 1414 1246 1459 talem
1284 1425 1436 1458 sermo
1465 1413 1698 1470 dirigitur,
1716 1413 1977 1458 secundum

15 1497 20 1501 ·
88 1476 203 1522 illud
227 1477 381 1532 (Eccli.
412 1477 629 1538 xxx11,6):
670 1476 753 1518 Ubi
777 1488 865 1518 non
897 1477 964 1517 est
994 1475 1200 1534 auditus,
1228 1488 1318 1518 non
1345 1475 1550 1529 effundas
1574 1487 1839 1518 sermonem.
1859 1477 1914 1518 Ei
1918 1487 1978 1531 go

89 1524 472 1583 inconvenienter
489 1536 692 1580 dicitur:
716 1541 813 1593 qu
834 1540 875 1579 te
894 1537 1091 1593 baptizo,
1121 1548 1336 1581 sermone
1359 1536 1533 1580 directo
1555 1536 1614 1580 ad
1634 1547 1743 1580 eum
1766 1537 1844 1592 qui
1861 1536 1977 1594 bap-

89 1599 270 1645 tizatur.

143 1666 187 1707 4.
210 1664 448 1718 Praeterea,
467 1659 696 1716 contingit
721 1659 859 1703 simul
877 1659 1037 1715 plures
1054 1658 1289 1716 baptizari,
1323 1663 1371 1703 et
1388 1659 1416 1702 a
1444 1658 1673 1715 pluribus,
1693 1658 1814 1702 sicut
1836 1671 1989 1715 apos->

90 1723 167 1768 toli
187 1723 535 1780 baptizaverunt
564 1724 661 1766 una
682 1721 756 1765 die
780 1721 867 1765 tria
888 1721 1047 1779 millia,
1068 1727 1114 1765 et
1132 1722 1221 1765 alia
1239 1721 1314 1765 die
1338 1721 1545 1777 quinque
1562 1720 1719 1775 millia,
1740 1725 1792 1764 ut
1811 1721 1979 1767 dicitur

89 1787 203 1839 (Act.
240 1798 269 1828 11
303 1790 349 1829 et
371 1786 448 1838 ιν).
469 1785 566 1827 Non
608 1794 719 1838 ergo
757 1782 895 1827 debet
916 1782 1064 1827 forma
1084 1783 1301 1840 baptismi
1333 1783 1628 1828 determinari
1666 1783 1714 1826 in
1752 1782 1976 1839 singulari

91 1859 302 1902 numero,
336 1850 390 1891 ut
430 1845 611 1890 dicatur
636 1859 649 1889 z
672 1849 768 1901 qu
809 1847 851 1888 te
894 1845 1088 1901 baptizo,
1123 1845 1207 1890 sed
1243 1847 1396 1901 potest
1435 1843 1556 1888 dici:
1581 1847 1674 1888 Nos
1705 1856 1783 1887 vos
1825 1846 1978 1902 bapti-

90 1922 262 1954 zamus.

145 1974 189 2016 5.
220 1974 458 2024 Praeterea,
486 1968 746 2024 baptismus
767 1968 987 2013 virtutem
1015 1968 1202 2014 habeta
1228 1968 1445 2025 passione
1468 1967 1648 2012 Christi.
1674 1968 1761 2012 Sed
1781 1980 1865 2026 per
1880 1969 1975 2015 for-

60 2041 215 2077 mam
237 2031 495 2088 baptismus
516 2027 844 2074 sanctificatur.
870 2033 989 2087 Ergo
1010 2031 1194 2076 videtur
1216 2030 1341 2087 quod
1375 2029 1424 2074 in
1459 2030 1607 2074 forma
1639 2029 1855 2086 baptismi
1892 2031 1976 2076 de·

91 2094 198 2140 beat
215 2091 315 2139 fieri
334 2092 508 2136 mentio
531 2091 589 2136 de
606 2090 824 2149 passione
840 2092 1020 2136 Christi.

146 2158 189 2200 6.
210 2158 450 2210 Praeterea,
472 2165 643 2197 nomen
662 2151 876 2209 designat
891 2153 1219 2210 proprietatem
1241 2153 1308 2198 rei
1328 2154 1404 2207 (⁰2).
1428 2152 1517 2197 Sed
1538 2156 1632 2196 tres
1651 2156 1762 2196 sunt
1775 2154 1977 2210 proprie·

93 2223 210 2262 tates
234 2216 502 2274 personales
541 2215 803 2260 divinarum
845 2227 1166 2272 personarum,
1186 2221 1239 2260 ut
1276 2216 1324 2259 in
1361 2214 1510 2272 prima
1529 2218 1658 2271 parte
1687 2214 1863 2259 dictum
1904 2221 1977 2261 est

93 2279 275 2335 (quaest.
305 2291 433 2332 xxxn,
470 2281 558 2322 art.
581 2279 640 2331 3).
661 2279 760 2320 Non
790 2288 906 2333 ergo
925 2277 1063 2323 debet
1084 2277 1174 2322 dici
1195 2292 1206 2322 ε
1230 2280 1287 2321 In
1321 2279 1499 2320 nomine
1519 2278 1689 2331 Patris,
1711 2279 1755 2320 et
1774 2277 1905 2334 Filii,
1931 2281 1976 2322 et

91 2343 290 2396 Spiritus
305 2341 469 2395 sancti,
493 2339 578 2383 sed
603 2352 613 2380 :
639 2342 695 2382 In
709 2339 974 2383 nominibus.

146 2404 191 2445 7.
213 2403 451 2454 Praeterea,
473 2411 674 2455 persona
706 2399 852 2444 Patris
882 2411 977 2444 non
999 2399 1151 2445 solum
1185 2399 1476 2457 significatur
1503 2398 1694 2444 nomine
1710 2399 1871 2458 Patris,
1891 2402 1975 2447 sed

91 2461 230 2506 etiam
251 2460 441 2505 nomine
458 2459 744 2504 innascibilis
767 2464 815 2505 et
842 2461 1094 2518 genitoris,
1121 2461 1262 2505 Filius
1302 2460 1439 2504 etiam
1471 2460 1760 2516 significatur
1787 2463 1975 2507 nomine

92 2524 225 2568 Verbi
259 2528 305 2568 et
340 2522 583 2578 imaginis,
619 2527 666 2567 et
693 2522 860 2580 geniti3
894 2523 1091 2579 Spiritus
1132 2523 1270 2568 etiam
1311 2526 1503 2567 sanctus
1539 2526 1692 2579 potest
1722 2523 1973 2579 significari

95 2587 281 2631 nomine
300 2585 406 2630 doni
434 2590 480 2629 et
504 2585 674 2629 amoris
703 2585 1012 2642 procedentis.
1042 2588 1160 2641 Ergo
1177 2585 1361 2630 videtur
1383 2584 1508 2641 quod
1527 2585 1666 2629 etiam
1682 2584 1756 2628 his
1772 2585 1976 2630 nomini-

99 2647 185 2693 bus
200 2647 373 2691 utendo
391 2646 654 2702 perficiatur
667 2647 943 2704 baptismus,

151 2708 239 2754 Sed
261 2712 421 2751 contra
436 2711 506 2752 est
524 2707 649 2764 quod
665 2709 888 2753 Dominus
910 2709 1020 2754 dicit
1040 2708 1207 2764 (Matth.
1230 2707 1318 2751 ult.
1341 2709 1412 2762 19)
1433 2719 1446 2748 :
1467 2709 1635 2750 Euntes
1653 2707 1806 2751 docete
1824 2720 1974 2753 omnes

95 2773 262 2829 gentes,
287 2770 568 2826 baptizantes
590 2770 663 2812 eos
679 2773 729 2812 in
744 2773 920 2814 nomine
939 2773 1108 2827 Patris,
1129 2774 1173 2814 et
1188 2770 1316 2826 Filii,
1332 2773 1376 2813 et
1397 2771 1597 2825 Spiritas
1611 2771 1771 2812 sancti.

145 2837 431 2880 CONCLUSIO.
448 2858 494 2866 —
510 2837 602 2876 Haec
622 2839 682 2877 est
705 2837 949 2879 conveniens
972 2838 1167 2889 baptismi
1188 2837 1320 2877 forma
1346 2850 1359 2878 z
1382 2836 1465 2887 Ego
1489 2839 1528 2876 te
1548 2835 1711 2887 baptizo
1737 2836 1782 2875 in
1805 2837 1973 2878 nomine

95 2893 242 2942 Patris,
255 2896 294 2932 et
311 2892 422 2940 Filii,
441 2894 480 2930 et
504 2891 682 2942 Spirittis
699 2894 849 2943 sancti,
873 2894 971 2934 cum
986 2895 1032 2934 in
1061 2905 1107 2934 ea
1134 2892 1331 2945 baptismi
1360 2902 1498 2940 causa,
1519 2894 1612 2931 tum
1636 2892 1852 2943 praecipua,
1880 2895 1973 2934 tum

96 2945 424 2988 instrumentalis
441 2946 727 2986 convenienter
743 2948 1008 2999 exprimatur.

151 3009 422 3066 Respondeo
454 3007 702 3052 dicendum
732 3008 857 3066 qued
886 3011 1147 3067 baptismus
1164 3021 1248 3067 per
1266 3021 1401 3054 suam
1437 3009 1632 3052 formam
1654 3012 1969 3067 consecratur,

88 3071 354 3116 secundum
375 3071 491 3114 illud
519 3071 697 3126 (Ephes.
722 3084 766 3127 v,
782 3074 852 3127 <26)
874 3075 1127 3118 :Mundans
1142 3086 1243 3116 eam
1262 3073 1451 3116 lavacro
1465 3083 1589 3127 aquae
1606 3073 1655 3113 in
1678 3071 1809 3114 verbo
1832 3075 1936 3116 vitae
1955 3087 1971 3114 .-

137 3173 181 3216 ({>
202 3173 299 3208 Circa
322 3173 466 3206 formam
486 3171 644 3213 baptismi
662 3176 861 3208 erraverunt
877 3174 990 3215 plures
1074 3174 1284 3215 descendit,
1299 3178 1364 3209 ete.
1377 3188 1386 3215 ;
1400 3174 1436 3208 5·
1454 3172 1631 3207 manichaei
1650 3171 1730 3206 dicti
1754 3172 1972 3214 cataphryges

95 3221 247 3256 haeretici
272 3233 283 3255 τ
313 3221 352 3255 40
389 3220 531 3263 Quidam
568 3220 786 3261 baptizabant
814 3221 851 3255 in
879 3227 991 3258 morte
1073 3222 1132 3263 qui
1150 3221 1367 3262 baptizabant
1381 3222 1630 3260 inPatrem,et
1643 3221 1799 3261 Filium,
1819 3223 1853 3255 el
1866 3221 1971 3255 Mon·

97 3268 234 3310 Christi,
258 3271 297 3303 ut
311 3273 440 3302 constat
453 3280 491 3302 ex
513 3279 587 3302 can.
609 3269 652 3302 1⁴9
663 3268 718 3304 vel
735 3269 778 3302 50
792 3280 908 3303 eorum
933 3271 990 3311 qui
1076 3273 1202 3304 tanum
1216 3280 1279 3303 seu
1293 3269 1524 3308 Priscillam,
1542 3271 1575 3302 et
1588 3267 1635 3302 sic
1649 3267 1723 3304 alii.

97 3316 258 3351 dicuntur
267 3315 470 3359 Apostoli-:ig
488 3316 526 3350 2·
541 3316 684 3356 gnostici
700 3316 757 3358 qui
776 3316 991 3359 baptizabant
1117 3317 1159 3355 ‹2›
1174 3317 1212 3351 Id
1228 3322 1277 3351 est
1284 3317 1455 3358 propriam
1467 3316 1515 3352 rei
1529 3316 1713 3356 notionem,
1727 3314 1968 3356 conditionem,

96 3365 136 3398 in
163 3366 308 3398 nomine
338 3364 455 3406 iynoti
485 3364 606 3405 patris
641 3364 913 3404 universorum,
948 3366 991 3398 in
1086 3365 1266 3399 mtitatem.

97 3412 245 3446 veritate
260 3413 377 3446 matre
396 3411 560 3446 omnium
572 3436 583 3452 ,
609 3411 651 3446 tn
672 3420 711 3446 eo
729 3412 793 3454 qui
809 3412 851 3446 in
865 3411 990 3446 Jemm
