2170 3808
195 237 253 280 34
812 234 1010 286 QUAEST.
1040 234 1110 287 111,
1142 234 1261 277 ART.
1291 234 1310 276 1
1337 235 1404 277 ΕΤ
1431 235 1482 278 11.

198 314 316 355 actus
334 319 375 356 et
394 316 596 356 terminus
610 315 718 367 (quae
736 325 919 366 personae
938 316 1209 366 conveniunt)
1219 315 1492 363 denotantur3
1511 323 1763 366 consequens
1774 316 1835 354 est
1846 323 2027 364 personae
2046 313 2107 354 di-

198 368 311 409 vinae
334 370 613 423 propriissime
637 369 855 409 convenire
868 380 1089 410 assumere.

253 434 528 491 Respondeo
548 432 799 478 dicendum
823 432 948 490 quod
969 433 1016 477 in
1037 432 1182 478 verbo
1203 431 1538 489 assumptionis
1557 431 1652 477 duo
1673 431 2008 488 importantur,
2037 429 2106 473 vi-

198 492 366 540 delicet
394 494 673 552 principium
697 497 830 539 actus
852 498 899 540 et
927 493 1185 539 terminus:
1203 494 1373 540 dicitur
1394 492 1522 539 enim
1543 505 1789 549 assumere,
1814 490 1949 548 quasi
1972 490 2032 536 ad
2053 501 2107 537 se

198 567 402 602 sumere.
427 556 573 613 Hujus
596 560 753 601 autem
777 556 1059 614 sumptionis
1082 569 1283 615 persona
1307 560 1378 601 est
1399 559 1446 600 et
1472 554 1753 614 principIum
1783 558 1829 599 et
1856 553 2101 598 terminus.

197 619 482 676 Principium
505 619 711 676 quidem,
735 619 844 677 quia
866 632 1079 677 personae
1098 619 1284 677 proprie
1306 617 1525 675 competit
1545 629 1713 674 agere:
1731 615 2001 674 hujusmodi
2022 627 2105 660 au-

198 684 294 726 tem
310 681 514 738 sumptio
528 681 684 726 carnis
698 693 781 738 per
794 682 1025 726 actionem
1045 681 1251 726 divinam
1270 680 1393 725 facta
1407 683 1494 724 est.
1514 679 1728 725 Similiter
1743 679 1882 724 etiam
1903 689 2106 735 persona

198 746 271 787 est
288 742 432 800 hujus
450 742 731 800 sumptionis
749 743 999 799 terminus3
1023 742 1150 800 quia,
1167 743 1289 788 sicut
1311 746 1453 799 ‘supra
1472 741 1649 787 dictum
1665 746 1736 787 est
1758 744 1941 798 (quaest.
1961 751 2102 797 praec.

197 807 284 849 art.
303 808 324 849 1
345 810 392 850 et
411 808 472 860 2),
488 806 603 849 unio
618 804 740 850 facta
761 808 832 850 est
854 805 901 849 in
921 817 1139 862 persona,
1161 817 1258 849 non
1278 804 1327 848 in
1348 808 1532 848 natura.
1548 806 1603 848 Et
1620 803 1688 848 sic
1704 807 1831 861 patet
1850 802 1975 860 quod
1992 813 2106 859 pro-

197 864 431 923 priissime
453 867 673 924 competit
696 879 908 924 pcrsonae
927 879 1166 912 assumere
1187 871 1420 910 naturam.

254 928 323 974 Ad
351 932 553 985 primum
577 941 689 986 ergo
719 929 993 986 dicendum,
1024 929 1150 987 quod
1170 932 1278 974 cum
1300 940 1502 986 persona
1522 927 1679 974 divina
1698 927 1760 973 sit
1779 925 1984 984 infinita,
2007 937 2105 971 non

196 994 355 1047 ‚potest
371 991 413 1036 ei
433 992 531 1036 fieri
550 991 739 1037 additio.
757 992 887 1038 Unde
905 990 1103 1050 Cyrillus
1122 991 1233 1037 dicit
1250 991 1315 1045 (in
1338 990 1474 1047 epist.
1493 990 1708 1048 synodali
1728 990 1896 1049 Ephes.
1917 988 2103 1046 concil.‚

198 1064 305 1108 quae
327 1052 623 1098 inscribitur:
639 1054 848 1111 cyrillus
866 1057 910 1098 et
926 1055 1135 1112 synodus
1153 1067 1211 1097 ex
1229 1055 1437 1110 AEqypti,
1459 1055 1548 1098 etc.
1573 1064 1679 1097 can.
1701 1056 1746 1107 5,
1769 1057 1815 1098 et
1834 1050 2032 1096 habetur
2053 1049 2104 1094 in

199 1129 255 1159 co
271 1128 404 1161 conc.
419 1116 544 1173 quod
561 1120 632 1162 est
651 1117 868 1175 generale
881 1119 961 1173 111,
977 1123 1096 1175 part.
1110 1121 1131 1161 1
1142 1151 1154 1173 ,
1175 1129 1277 1174 cap.
1296 1119 1395 1170 26):
1414 1133 1434 1154 «
1450 1117 1551 1160 Non
1568 1115 1828 1161 secundum
1849 1112 2105 1170 appositio-

198 1189 306 1223 nem
337 1179 682 1235 conjunctionis
707 1179 1013 1236 intelligimus
1037 1179 1254 1234 modumg
1278 1198 1298 1218 n
1321 1178 1443 1223 sicut
1467 1178 1606 1223 etiam
1632 1178 1681 1222 in
1704 1177 1877 1222 unione
1901 1175 2105 1221 hominis

199 1239 259 1285 ad
286 1242 454 1296 Deum,
479 1253 585 1297 quae
607 1245 680 1286 est
708 1248 793 1298 per
816 1242 1015 1298 gratiam
1043 1240 1321 1299 adoptionis,
1345 1252 1441 1284 non
1474 1239 1661 1285 additur
1682 1239 1857 1297 aliquid
1883 1241 1996 1295 De03
2021 1235 2106 1282 sed

197 1300 314 1346 illud
329 1301 455 1358 quod
470 1302 681 1348 divinum
696 1307 785 1357 est,
801 1302 1052 1360 apponitur
1068 1302 1247 1347 homini
1263 1301 1415 1347 :unde
1434 1314 1531 1346 non
1552 1304 1688 1357 DeUS,
1705 1301 1789 1347 sed
1809 1301 1950 1345 homo
1963 1297 2105 1356 perfi-

197 1362 333 1408 citur.

252 1425 322 1471 Ad
350 1428 594 1471 secundum
622 1427 902 1487 dicendum,
932 1427 1060 1485 qudd
1091 1439 1293 1485 persona
1323 1426 1492 1472 dicitur
1521 1423 1997 1480 incommunicatum,
2026 1423 2104 1468 in-

196 1495 427 1545 quantum
443 1502 536 1534 non
558 1494 713 1546 potest
730 1490 788 1535 de
807 1489 1021 1547 pluribus
1036 1489 1290 1547 suppositis
1305 1487 1548 1547 praedicari
1562 1502 1574 1532 :
1589 1487 1700 1532 nihil
1719 1492 1875 1533 tamen
1892 1485 2105 1544 prohibet

197 1549 334 1607 plura
355 1551 414 1596 de
437 1563 640 1608 persona
668 1551 925 1608 praedicari.
953 1551 1082 1597 Unde
1110 1565 1205 1596 non
1231 1556 1304 1597 est
1335 1555 1497 1596 contra
1527 1550 1757 1595 rationem
1790 1560 2002 1608 personae
2035 1548 2105 1594 sic

198 1612 556 1671 communicari,
581 1618 635 1658 ut
664 1613 890 1658 subsistat
917 1613 963 1658 in
994 1613 1209 1671 pluribus
1231 1613 1437 1667 naturis:
1470 1612 1580 1670 quia
1602 1612 1742 1657 etiam
1773 1611 1822 1656 in
1851 1622 2103 1668 personam

197 1678 399 1718 creatam
418 1680 615 1732 possunt
635 1675 795 1732 plures
810 1681 988 1721 naturae
1008 1688 1285 1721 concurrere
1301 1675 1670 1732 accidentaliter3
1693 1675 1815 1720 sicut
1832 1674 1882 1719 in
1900 1685 2105 1731 persona

197 1736 340 1782 unius
367 1738 570 1783 hominis
598 1739 839 1784 invenitur
861 1739 1100 1797 quantitas
1131 1746 1178 1784 et
1205 1739 1423 1796 qualitas.
1447 1741 1542 1784 Hoc
1573 1743 1730 1784 autem
1760 1742 1832 1783 est
1861 1737 2104 1795 proprium

198 1797 368 1845 divinae
389 1813 601 1858 personae
618 1809 808 1858 propter
823 1801 865 1859 ej
872 1815 926 1846 us
951 1801 1227 1846 infinitatem
1247 1802 1324 1857 (1),
1340 1805 1395 1846 ut
1406 1801 1487 1845 fiat
1505 1801 1554 1845 in
1571 1813 1625 1846 ea
1639 1811 1899 1846 concursus
1914 1802 2104 1844 natura-

197 1871 324 1918 rum,
351 1874 444 1906 non
468 1862 657 1919 quidem
681 1863 1046 1922 accidentaliter,
1064 1863 1148 1908 sed
1169 1863 1431 1909 secundum
1453 1861 1823 1908 subsistentiam.

251 1922 321 1967 Ad
353 1926 535 1966 tertium
568 1923 844 1976 dicendum,
869 1925 1018 1981 quud,
1041 1925 1163 1969 sicut
1190 1937 1333 1981 supra
1355 1924 1530 1969 dictum
1552 1927 1624 1970 est
1645 1925 1829 1980 (quaest.
1853 1936 1908 1980 ιι,
1931 1925 2019 1967 art.
2041 1923 2102 1979 1),

197 1988 366 2029 natura
387 1985 594 2030 humana
616 1998 712 2031 non
736 1987 978 2031 constituit
1000 1999 1251 2044 personam
1273 1986 1479 2031 divinam
1503 1985 1796 2042 simpliciter;
1821 1984 1907 2030 sed
1927 1983 2103 2029 consti-

197 2045 283 2091 tuit
306 2058 433 2104 eam,
458 2049 720 2094 secundum
744 2048 870 2106 qudd
888 2049 1213 2094 denominatur
1232 2048 1260 2094 a
1279 2049 1359 2094 tali
1382 2053 1565 2094 natura.
1586 2051 1684 2092 Ndn
1705 2047 1830 2092 enim
1851 2059 1911 2092 ex
1933 2051 2102 2091 natura

194 2108 402 2153 humana
424 2110 564 2154 habet
584 2109 724 2155 Filius
743 2111 822 2155 Dei
855 2111 980 2168 qued
1013 2112 1073 2156 sit
1103 2111 1390 2168 simpliciter,
1409 2111 1518 2156 cum
1541 2109 1681 2155 fuerit
1704 2109 1764 2154 ab
1794 2112 1993 2164 aeternoz,
2017 2109 2100 2154 sed

194 2169 348 2214 solum
364 2172 489 2227 qued
503 2172 562 2215 sit
581 2173 737 2216 homo.
752 2172 841 2218 Sed
858 2173 1119 2218 secundum
1135 2178 1352 2218 naturam
1367 2172 1574 2218 divinam
1588 2171 1887 2217 constituitur
1900 2181 2101 2227 persona

195 2230 352 2277 divina
365 2233 650 2290 simpliciter.
666 2234 796 2280 Unde
811 2247 1009 2291 persona
1021 2236 1179 2281 divina
1194 2248 1288 2281 non
1303 2234 1471 2281 dicitur
1482 2246 1722 2280 assumere
1737 2233 1946 2279 divinam
1960 2237 2101 2278 natu-

193 2305 319 2349 ram,
341 2294 426 2339 sed
449 2295 718 2340 humanam.

372 2367 719 2410 ARTICULUS
747 2369 808 2410 11.
826 2392 879 2398 —
902 2381 1038 2410 uranu
1060 2381 1212 2411 mvmAE
1234 2380 1410 2412 uArunAE
1433 2379 1667 2412 couvsuurr
1690 2378 1919 2411 assumens.

695 2435 745 2470 De
761 2434 815 2470 his
828 2435 936 2471 etiam
950 2437 1046 2473 Sent.
1068 2446 1123 2478 m.
1138 2437 1217 2473 dist.
1233 2439 1267 2480 5,
1283 2441 1400 2480 quaest.
1420 2445 1460 2479 11,
1480 2440 1546 2473 art.
1564 2437 1598 2472 2.

249 2495 318 2542 Ad
335 2496 596 2541 secundum
616 2496 684 2540 sic
701 2497 983 2554 proceditur.
1000 2501 1043 2542 1.
1062 2498 1251 2544 Videtur
1268 2499 1394 2556 quod
1416 2503 1596 2544 naturae
1614 2497 1784 2543 divinae
1806 2509 1904 2542 non
1923 2508 2099 2542 conve-

193 2557 294 2602 niat
315 2569 569 2603 assumere.
595 2558 725 2615 Quia,
747 2559 869 2604 sicut
892 2559 1069 2605 dictum
1094 2566 1167 2604 est
1188 2562 1288 2615 (art.
1308 2563 1485 2619 praec.),
1508 2573 1749 2606 assumere
1775 2559 1943 2605 dicitur
1960 2558 2098 2616 quasi

193 2619 256 2664 ad
275 2630 326 2664 se
355 2631 558 2664 sumere.
586 2620 673 2665 Sed
700 2625 867 2666 natura
896 2621 1053 2666 divina
1076 2635 1170 2666 non
1196 2623 1395 2680 sumpsit
1421 2623 1480 2668 ad
1502 2636 1554 2668 se
1578 2623 1832 2667 humanam
1854 2624 2095 2679 naturam3

193 2681 304 2738 quia
327 2693 420 2725 non
441 2685 513 2726 est
534 2681 656 2726 facta
677 2681 790 2726 unio
812 2682 860 2726 in
885 2686 1067 2740 natura,
1087 2684 1171 2729 sed
1201 2684 1251 2728 in
1276 2697 1493 2742 persona,
1514 2684 1637 2730 sicut
1663 2697 1806 2741 supra
1826 2683 2002 2728 dictum
2025 2686 2098 2727 est

195 2742 378 2800 (quaest.
394 2756 447 2801 11,
468 2745 590 2787 art.1
614 2746 662 2787 et
681 2744 738 2799 3).
755 2746 875 2801 Ergo
893 2748 1070 2790 naturae
1084 2745 1252 2791 divinae
1269 2759 1362 2791 non
1380 2746 1600 2804 competit
1619 2757 1859 2791 assumere
1878 2748 2096 2789 naturam

192 2804 464 2849 humanam.

248 2869 291 2911 2.
321 2868 561 2921 Praeterea,
582 2870 752 2911 natura
768 2866 924 2912 divina
941 2868 1205 2914 communis
1219 2874 1290 2914 est
1306 2869 1458 2915 tribus
1475 2870 1705 2927 personis.
1723 2869 1766 2913 Si
1785 2864 1898 2925 ergo
1915 2874 2097 2915 naturae

193 2928 411 2973 convenit
435 2939 699 2984 assumere,
724 2929 942 2986 sequitur,
956 2930 1082 2988 quod
1104 2932 1352 2976 conveniat
1377 2932 1526 2977 tribus
1548 2931 1788 2989 personis:
1806 2936 1853 2976 et
1876 2931 1941 2977 ita
1962 2933 2097 2976 Pater

193 2991 446 3047 assumpsit
468 2995 683 3035 naturam
706 2991 985 3050 humanam,
1010 2993 1131 3038 sicut
1154 2994 1383 3051 etFilius3
1407 2994 1534 3053 quod
1557 3000 1629 3040 est
1651 3005 1898 3039 erroneum
1922 2996 1997 3049 (2).

248 3054 292 3098 3.
322 3055 569 3110 Praeterea,
595 3066 834 3100 assumere
864 3059 935 3100 est
961 3067 1117 3113 agere.
1138 3060 1285 3113 Agere
1315 3062 1471 3103 autem
1499 3056 1719 3103 convenit
1745 3067 1973 3114 personae,
1998 3066 2094 3102 non

191 3118 390 3170 naturae,
411 3127 515 3171 quae
537 3116 687 3171 magis
705 3113 998 3174 significatur
1017 3123 1072 3163 ut
1090 3119 1373 3178 principium
1395 3132 1489 3178 quo
1510 3131 1655 3176 agens
1676 3119 1789 3178 agit.
1811 3121 1932 3175 Ergo
1955 3129 2095 3163 assu-

193 3187 322 3222 mere
343 3188 439 3220 non
461 3177 681 3222 convenit
703 3183 896 3225 naturae.

235 3300 280 3344 (l)
306 3301 533 3337 Personalitas
559 3302 658 3337 finita
677 3314 771 3337 suam
798 3303 899 3339 habet
924 3305 1101 3342 limitatio·
1187 3307 1328 3343 alterius
1344 3310 1475 3342 naturae
1490 3311 1524 3343 et
1538 3307 1674 3349 speciei.
1687 3307 1799 3342 Aliter
1814 3307 1895 3342 verb
1909 3304 2093 3341 dicendum

193 3361 272 3385 nem
290 3354 325 3385 et
345 3350 489 3402 speci-em
505 3351 524 3384 a
548 3354 671 3385 natura
689 3355 784 3391 cujus
798 3356 847 3386 est
871 3354 1101 3395 complemen·
1185 3360 1236 3389 est
1255 3355 1296 3390 de
1309 3354 1526 3390 subsistentia
1542 3355 1656 3389 divina
1684 3353 1898 3396 quaeratione
1911 3352 2094 3389 infinitatis

193 3402 268 3434 tum
287 3401 321 3432 et
339 3401 526 3437 terminus,
546 3401 581 3431 et
602 3397 652 3432 ita
679 3404 844 3439 repugnat
866 3400 955 3440 quod
982 3401 1100 3437 eadem
1186 3403 1281 3438 nullo
1297 3415 1418 3445 genere
1433 3407 1467 3438 et
1481 3403 1574 3437 uuila
1596 3403 1706 3445 specie
1724 3403 1907 3438 clauditur.

193 3456 314 3480 manus
334 3447 495 3480 terminet
514 3444 615 3480 aliam
637 3451 806 3488 naturam,
831 3447 913 3481 alias
930 3447 1020 3483 forte
1043 3460 1099 3484 ea·
1227 3452 1272 3495 (2)
1301 3453 1375 3486 Imb
1402 3456 1435 3486 et
1463 3451 1661 3487 haereticum
1687 3463 1825 3494 prorsus
1850 3463 1889 3487 ac
1917 3450 1952 3485 in
1976 3447 2092 3485 Sabe}-

190 3492 272 3529 dom
302 3498 342 3528 ut
369 3493 585 3536 supponitur,
614 3497 649 3529 et
677 3504 747 3529 non
779 3494 867 3529 foret
899 3496 977 3537 quia
1013 3501 1099 3533 esset
1185 3499 1285 3535 lianis
1298 3499 1574 3535 condemnatum.
