2170 3808
225 162 311 207 406
865 156 1065 209 QUAEsr.
1086 155 1244 210 xmt,
1268 156 1388 199 ΛΒΤ.
1411 157 1478 201 vt.

228 242 459 289 Christum
482 253 576 285 non
610 238 749 283 fuerit
771 236 1115 308 gravissimum.
1139 238 1238 280 Non
1268 237 1392 281 enim
1421 237 1492 282 est
1521 238 1848 295 gravissimum
1876 242 2117 296 peccatum

227 305 356 364 quod
369 302 719 350 excusationem
740 300 893 345 habet.
915 299 1007 344 Sed
1033 299 1134 355 ipse
1162 298 1384 344 Dominus
1408 301 1652 344 excusavit
1673 304 1914 356 peccatum
1934 300 2117 345 crucifi-

229 367 438 425 gentium
454 377 561 409 eum
579 363 740 409 dicens
757 365 906 417 (Lucae
920 375 1015 419 xm,
1037 363 1138 416 34):
1156 363 1311 416 Pater
1344 364 1521 418 iqmsce
1546 363 1645 405 illis
1666 361 1762 418 (1):
1789 364 1896 417 quia
1915 365 2116 405 nesciunt

229 429 340 486 quid
350 430 544 483 faciunt.
563 428 661 471 Non
685 437 797 481 ergo
819 428 1063 482 peccatum
1083 435 1246 468 eorum
1263 422 1353 467 fuit
1374 424 1719 479 gravissimum.

283 493 325 535 2.
358 492 598 543 Praeterea
621 487 842 532 Dominus
862 487 975 533 dicit
1008 486 1153 531 Pilato
1181 488 1326 540 (Joan.
1357 499 1440 544 xix,
1472 489 1551 541 2):
1574 490 1660 543 Qui
1685 485 1885 529 tradidit
1918 498 1988 528 me
2017 484 2114 544 tibi,

227 553 377 607 mayus
398 554 630 608 peccatum
649 550 802 594 habet.
820 551 923 606 lpse
950 552 1108 594 autem
1125 547 1296 591 Pilatus
1310 546 1419 591 fecit
1435 547 1665 592 Christum
1679 546 1886 602 crucifigi
1907 558 1992 604 per
2003 559 2119 593 suos

227 613 482 658 ministros.
518 615 638 669 Ergo
668 612 851 657 videtur
873 611 1018 656 fuisse
1047 610 1203 667 majus
1232 613 1474 666 peccatum
1498 611 1627 655 Judae
1659 608 1920 667 proditoris
1929 612 2118 666 peccato

228 675 602 731 crucifigentium
623 674 872 718 Christum.

283 740 327 783 3.
350 741 592 791 Praeterea,
620 735 879 780 secundum
901 732 1230 791 Philosophum
1256 733 1420 788 (Ethic.
1443 733 1525 779 lib.
1541 748 1587 790 v,
1602 746 1707 791 cap.
1729 735 1790 790 9),
1818 750 1838 771 «ε
1862 732 2022 778 nullus
2038 745 2119 790 pa-

227 799 341 844 titur
361 799 589 857 injustum
612 797 776 842 volens
797 798 879 852 (2);
906 814 926 835 »
955 799 1006 840 et
1028 794 1269 853 sicutipse
1298 795 1468 840 ibidem
1486 795 1616 851 dicit,
1637 814 1657 834 «
1674 796 1803 841 nullo
1824 795 2027 853 patiente
2045 796 2120 840 in-

225 861 422 918 justum,
451 861 608 906 nullus
637 859 748 903 facit
781 858 1026 917 injustum.
1045 877 1066 898 a»
1090 861 1211 914 Ergo
1237 858 1414 902 volenti
1436 858 1596 903 nullus
1621 859 1731 904 facit
1755 858 2001 915 injustum.
2031 857 2120 904 Sed

229 923 436 968 Christus
455 920 719 967 voluntarie
738 926 809 966 est
822 931 1009 977 passae,
1029 923 1082 964 ut
1107 932 1249 976 supra
1267 919 1479 965 habitum
1496 925 1569 965 est
1592 923 1695 974 (art.
1708 924 1729 965 1
1752 919 1850 978 huj.
1872 924 2038 977 quaest.
2059 919 2120 964 ad

228 986 271 1040 3,
292 989 339 1029 et
358 990 445 1028 art.
469 987 527 1028 2).
544 985 641 1028 Non
666 993 778 1039 ergo
803 983 1030 1040 injustum
1052 981 1265 1027 fecerunt
1279 982 1577 1027 crucifixores
1593 982 1788 1027 Christi:
1812 985 1860 1026 et
1876 981 1942 1025 ita
1960 993 2120 1026 eorum
2162 996 2164 999 ·

227 1051 471 1103 peccatum
490 1059 584 1090 non
604 1045 693 1089 fnit
715 1045 1059 1103 gravissimum.
2168 1045 2170 1049 '

284 1108 370 1153 Sed
400 1111 564 1152 contra
590 1112 665 1153 est
682 1108 808 1165 quod
830 1120 973 1164 super
993 1107 1110 1152 illud
1124 1106 1318 1151 Matthaei
1338 1119 1472 1151 xxm:
1491 1110 1553 1150 Et
1572 1119 1647 1151 vos
1666 1107 1846 1164 implete
1865 1118 2122 1150 mensuram

225 1174 417 1227 patrum
438 1175 702 1228 vestrorum,
723 1170 835 1216 dicit
866 1171 1223 1228 Chrysostomus
1243 1170 1379 1223 (alius
1398 1172 1561 1213 auctor
1582 1169 1707 1213 hom.
1732 1183 1815 1212 va
1839 1168 1886 1213 in
1916 1170 2003 1225 Op.
2032 1168 2123 1213 im·
2164 1212 2167 1220 ,

227 1231 344 1287 perf.
369 1232 396 1276 a
422 1234 563 1288 med.)
588 1249 599 1278 :
629 1252 649 1270 «r
675 1233 989 1286 Quantumad
1015 1233 1261 1277 veritatem
1301 1236 1605 1277 excesserunt
1633 1242 1903 1277 mensuram
1937 1234 2122 1288 patrum

227 1303 453 1338 suorum·
472 1295 536 1339 illi
560 1294 685 1339 enim
701 1295 973 1339 occiderunt
991 1295 1219 1351 homines,
1240 1294 1315 1338 isti
1337 1295 1480 1338 Deum
1500 1294 1851 1339 crucifixerunt
1877 1311 1899 1334 ι

276 1369 571 1415 CONCLUSIO.
591 1392 638 1400 --
669 1372 885 1412 Peccatum
913 1370 1150 1422 principum
1178 1369 1416 1410 Judaeorum
1443 1368 1776 1420 crucifigentium
1800 1369 2012 1410 Christum
2042 1369 2123 1410 tuit

227 1424 522 1474 gravissimum
540 1437 589 1465 ex
601 1437 677 1466 suo
694 1436 852 1476 genere,
872 1427 914 1465 et
930 1423 1160 1465 voluntatis
1177 1424 1350 1465 illorum
1370 1425 1561 1464 malitia·
1583 1425 1763 1464 aliorum
1779 1424 1872 1465 vero
1885 1424 1908 1464 J
1913 1423 2123 1465 udaeorum

227 1479 371 1520 minus
393 1480 471 1520 fuit
495 1492 543 1520 ex
568 1481 866 1521 circumtantia
886 1479 1147 1532 ignorantiae,
1177 1491 1418 1532 quanquam
1437 1480 1563 1519 etiam
1585 1491 1635 1519 ex
1667 1491 1742 1520 suo
1763 1490 1905 1530 genere
1927 1478 2122 1530 gravissi·-

228 1545 364 1584 mum,
385 1536 608 1585 gentilium
629 1535 723 1575 vero
737 1537 870 1586 magis
888 1535 967 1575 fuit
982 1534 1218 1576 excusabile
1229 1547 1279 1576 ex
1300 1534 1539 1585 ignorantia
1554 1534 1658 1585 legis
1679 1538 1719 1575 et
1736 1536 2046 1586 scripturarum.

284 1603 556 1660 Respondeo
572 1603 826 1650 dicendum
845 1603 986 1660 quod,
1008 1603 1132 1649 sicut
1152 1603 1330 1649 dictum
1353 1608 1423 1648 est
1451 1606 1554 1658 (art.
1587 1605 1764 1660 praem),
1787 1602 2022 1660 princip&
2045 1605 2122 1650 Ju-

229 1664 436 1710 daeorum
470 1669 791 1721 cognoverunt
812 1666 1044 1710 Christum
1068 1669 1150 1711 :et
1184 1664 1224 1710 si
1261 1665 1418 1721 aliqua
1446 1665 1710 1720 ignorantia
1730 1664 1818 1709 fuit
1848 1664 1898 1710 in
1926 1665 2014 1724 cite,
2037 1666 2124 1712 fuit

228 1726 491 1783 ignorantia
514 1728 745 1786 affectata,
769 1740 874 1785 quae
897 1740 978 1773 eos
996 1740 1093 1773 non
1107 1731 1292 1784 poterat
1312 1740 1555 1773 excusare.
1575 1731 1632 1773 Et
1653 1726 1757 1772 ideo
1773 1731 2018 1784 peccatum
2039 1741 2123 1774 eo-

228 1801 334 1833 rum
354 1790 441 1834 fuit
459 1791 806 1849 gravissimum,
827 1794 928 1835 tum
944 1803 1007 1835 ex
1036 1803 1208 1847 genere
1226 1790 1424 1848 peccati,
1444 1795 1543 1835 tum
1562 1803 1623 1835 ex
1650 1790 1827 1835 malitia
1850 1791 2121 1839 voluntatis.

228 1849 426 1897 Minores
445 1857 602 1898 autem
616 1855 639 1897 J
642 1853 763 1899 udaei
786 1852 1061 1910 gravissime
1080 1857 1395 1910 peccaverunt
1412 1856 1640 1910 quantum
1659 1853 1721 1898 ad
1736 1864 1887 1910 genus
1908 1855 2085 1911 peccati
2102 1868 2120 1902 x

228 1912 278 1956 in
310 1913 471 1970 ¹aliquo
508 1919 662 1959 tamen
685 1915 1032 1961 diminuebatur
1051 1927 1211 1960 eorum
1245 1919 1489 1972 peccatum
1511 1918 1701 1971 propter
1716 1927 1881 1961 eorum
1899 1915 2124 1972 ignoran-
2165 1955 2167 1957 ,

228 1974 356 2020 tiam.
381 1977 510 2022 Unde
544 1990 685 2035 super
722 1977 837 2023 illud
856 1980 965 2023 Luc.
985 1992 1113 2024 xxm:
1134 1981 1347 2023 Nesciunt
1379 1978 1488 2034 quid
1507 1980 1700 2034 faciunt,
1719 1977 1830 2023 dicit
1859 1977 1997 2035 Beda,
2018 1990 2120 2036 cap.

229 2039 283 2082 94
301 2038 350 2082 in
372 2041 481 2084 Luc.
506 2055 518 2083 z
544 2043 662 2085 «Pro
680 2040 772 2085 illis
790 2045 924 2098 rogat
944 2040 1312 2097 quitnescierunt
1332 2040 1443 2097 quid
1465 2041 1671 2085 facerent
1688 2040 1831 2084 zelam
1855 2041 2124 2086 Dethaben-

228 2103 310 2157 tes,
330 2101 509 2144 sednon
528 2103 773 2146 secundum
793 2106 1047 2148 scientiam,
1069 2102 1209 2147 Multo
1230 2106 1387 2147 autem
1408 2102 1559 2159 magis
1577 2102 1665 2148 fuit
1682 2102 1948 2147 excusabile
1964 2115 2124 2160 peeca-

227 2166 328 2206 tum
345 2163 613 2269 l{elutlgium
636 2177 719 2222 per
737 2176 939 2222 quorum
971 2177 1142 2211 manus
1164 2165 1417 2210 crucifixus
1448 2169 1535 2225 est,
1557 2184 1583 2205 2·
1614 2164 1695 2222 qui
1728 2165 1847 2222 legis
1878 2164 2121 2211 scientiam

229 2234 321 2267 non
377 2237 404 2267 a
438 2236 464 2268 e
498 2237 559 2268 an

283 2284 350 2330 Ad
382 2289 581 2341 primum
613 2299 724 2344 ergo
758 2287 1025 2345 dicendum,
1054 2288 1179 2345 quod
1212 2289 1452 2332 excusatio
1482 2289 1560 2333 illa
1592 2287 1771 2333 Domini
1799 2301 1894 2333 non
1925 2289 2123 2335 refertur

227 2346 288 2392 ad
305 2346 539 2406 principes
552 2348 836 2408 ludaeorum,
855 2350 940 2396 sed
961 2350 1019 2394 ad
1035 2350 1245 2395 minores
1260 2351 1319 2396 de
1341 2351 1514 2407 populo
1526 2352 1606 2407 (3)7
1629 2350 1750 2395 sicut
1773 2350 1949 2396 dietum
1970 2354 2044 2396 est
2055 2351 2121 2407 (in
2159 2348 2170 2399 fl

228 2419 357 2516 0021&
378 2412 633 2516 ἶὲἒῖιίηάαυι
654 2472 922 2529 dicendum
951 2473 1075 2531 quod
1101 2473 1244 2518 ludas
1267 2474 1456 2519 tradidit
1485 2473 1714 2520 Christum
1737 2485 1833 2518 non
1854 2473 2014 2530 Pilato,
2039 2475 2122 2521 sed
2158 2435 2166 2525 3

229 2532 517 2590 principibus
533 2535 842 2594 sacerdotum,
863 2536 944 2593 qui
960 2536 1251 2582 tradiderunt
1262 2548 1371 2581 eum
1383 2536 1544 2594 Pilat0‚
1565 2536 1825 2582 secundum
1841 2536 1957 2583 illud
1975 2538 2120 2594 (Joan.
2161 2535 2163 2537 ’

147 2643 152 2646 ,
228 2608 346 2649 xvm,
369 2598 475 2651 35)·
512 2599 629 2641 Gens
657 2601 738 2641 tua
766 2601 810 2642 et
839 2600 1073 2655 pontifices
1107 2601 1175 2642 tui
1203 2599 1497 2643 tradiderunt
1526 2601 1570 2642 te
1604 2599 1732 2643 mihi.
1762 2600 1934 2643 Horum
1966 2602 2122 2645 tamen
2145 2586 2170 2649 i

229 2657 438 2702 omnium
463 2663 708 2715 peccatum
745 2659 833 2705 fuit
865 2660 1019 2718 maius
1043 2672 1185 2717 quam
1207 2660 1357 2717 Pilati,
1378 2660 1460 2718 qui
1484 2661 1648 2706 timore
1680 2660 1871 2706 Caesaris
1891 2661 2122 2706 Christum
2146 2663 2170 2701 ι’

229 2719 417 2776 occidit3
441 2725 488 2765 et
509 2722 648 2766 etiam
660 2722 806 2779 quam
821 2727 1064 2780 peccatum
1093 2723 1310 2780 militum,
1329 2723 1407 2780 qui
1428 2723 1486 2768 de
1507 2723 1729 2768 mandato
1748 2722 1960 2780 praesidis
1978 2723 2122 2768 Chris·
2159 2720 2163 2751 ·'

228 2784 329 2825 tum
350 2782 700 2840 crucifixerunt
722 2796 816 2828 non
837 2796 897 2830 ex
919 2784 1173 2843 cupiditate
1196 2785 1317 2829 sicut
1339 2784 1498 2841 sudas,
1519 2797 1609 2830 nec
1641 2796 1699 2829 ex
1730 2784 1903 2829 invidia
1921 2789 1968 2829 et
1997 2784 2163 2841 odio,
2155 2793 2170 2804 “·

227 2841 351 2887 sicut
364 2844 597 2902 principes
623 2846 937 2892 sacerdotum.
2150 2861 2163 2905 ξ

282 2904 351 2950 Ad
373 2909 561 2949 tertium
591 2902 859 2966 dicendum,
881 2907 1007 2965 quod
1039 2907 1248 2953 Christus
1270 2906 1416 2951 voluit
1444 2905 1635 2964 quidem
1668 2917 1801 2951 suam
1836 2906 2119 2965 passionem,
2143 2889 2165 2954 i

228 2965 349 3012 sicut
370 2972 415 3012 et
427 2971 548 3014 Deus
566 2981 668 3014 eam
684 2970 856 3024 voluit3
877 2969 1084 3040 iniquam
1109 2975 1263 3015 tamen
1295 2968 1526 3014 actionem
1552 2968 1818 3013 Judaeorum
1846 2980 1941 3013 non
1960 2968 2116 3014 voluit.
2138 2976 2159 3015 e

227 3028 282 3071 Et
308 3027 411 3072 ideo
437 3029 666 3075 occisores
695 3031 860 3076 Christi
894 3031 954 3076 ab
983 3030 1210 3088 injustitia
1241 3043 1335 3075 non
1357 3036 1660 3074 excusantur.
1683 3031 1736 3073 Et
1770 3033 1926 3074 tamen
1944 3029 2020 3075 ille
2041 3028 2162 3087 quia

228 3090 396 3135 occidit
410 3092 674 3137 hominem
663 3094 880 3152 injuriam
895 3094 1005 3138 facit
1023 3107 1118 3139 non
1142 3094 1295 3139 solum
1318 3093 1496 3139 homini
1513 3093 1679 3150 occiso,
1699 3091 1785 3137 sed
1806 3092 1945 3137 etiam
1966 3096 2058 3138 Deo
2075 3095 2157 3138 et.²

271 3213 313 3255 (⁴)
340 3211 404 3247 Vel
427 3214 516 3255 quod
532 3214 622 3250 idem
639 3218 711 3250 ezst
733 3217 864 3259 Pater,
879 3216 1021 3252 dimitte
1048 3216 1132 3252 illis
1218 3214 1360 3252 oravisse
1373 3220 1442 3252 tam
1458 3229 1520 3259 pro
1538 3227 1598 3257 pec
1582 3219 1689 3250 cicant
1680 3214 1755 3249 'bus
1774 3226 1837 3250 exi
1826 3213 1933 3249 invidi
1923 3226 1966 3255 1‚a
1978 3212 2117 3256 malitia,
2159 3202 2162 3207 ⁸

228 3262 321 3305 (Luc.
338 3270 439 3298 xxm
453 3264 553 3303 54),e
555 3276 671 3304 xgroec
673 3277 706 3306 o,
725 3264 784 3309 ἇιφ
785 3279 836 3303 <a
815 3269 934 3303 αὐτοῖς.
1216 3265 1294 3300 odio
1311 3266 1410 3307 quim
1425 3276 1487 3306 pro
1503 3261 1722 3305 peccantibus
1748 3273 1786 3297 ex
1811 3261 2024 3304 ignora-min
2049 3264 2158 3299 tam-Q

270 3308 314 3351 (2)
330 3308 371 3342 Hi
361 3320 417 3343 mc
433 3309 487 3344 for
490 3315 601 3345 matur
627 3311 744 3353 vulgar
726 3325 763 3347 re
778 3318 849 3354 juri
838 3314 866 3348 is
887 3314 1018 3349 axioma
1044 3339 1053 3348 .
1075 3323 1132 3349 υο-
1216 3325 1277 3355 pro
1296 3318 1405 3353 major
1388 3312 1483 3348 ribus
1500 3312 1655 3354 quamr
1614 3323 1655 3352 pr
1656 3322 1676 3345 o
1689 3309 1983 3353 m1·1n0ribns,uno
2000 3307 2104 3345 verbo
2150 3316 2158 3345 t

229 3357 321 3392 lenti
333 3367 409 3392 non
429 3358 496 3399 fit
481 3359 538 3401 τη]
542 3360 642 3393 uria.
1214 3373 1277 3403 pro
1291 3361 1450 3397 ommibus
1467 3359 1536 3395 suis
1549 3359 1836 3401 persecutoribus.

271 3405 312 3446 (5)
337 3405 549 3441 probabilius
567 3411 635 3441 tam
604 3418 681 3441 men
703 3411 752 3443 est
771 3408 942 3444 Christum
968 3409 1005 3445 in
1028 3421 1129 3444 cruce
