2170 3808
182 252 264 294 434
865 244 1065 296 QUAEST.
1098 242 1394 296 L1,ART.11.

184 332 250 376 rei
285 331 472 385 signum
494 332 613 373 est.»
652 325 833 385 Myrrha
850 326 974 370 enim
1008 331 1051 368 et
1081 324 1206 368 aloes
1239 327 1426 380 propter
1446 326 1520 369 5111
1541 322 1896 368 amaritudinem
1921 322 2065 382 sigui-

184 393 327 437 ficant
361 388 709 446 poenitentiam,
760 400 843 445 per
883 399 1025 444 quam
1066 384 1233 442 aliquis
1271 385 1320 429 in
1359 385 1511 443 seipso
1553 386 1782 431 Christum
1826 389 2067 430 conservat

186 453 363 509 absque
403 450 695 507 corruptione
738 449 940 507 peccati3
983 447 1097 494 odor
1135 450 1291 492 autem
1331 452 1588 492 aromatum
1629 446 1859 504 significat
1897 447 2065 491 bonam

184 517 374 560 famam.

240 574 307 619 Ad
320 563 504 617 tei-tium
515 571 783 626 dicendum,
800 570 924 629 qued
938 571 1126 628 myrrha
1141 572 1187 614 et
1202 568 1328 612 aloes
1347 568 1684 614 adhibebantur
1698 568 1877 626 corpori
1889 568 2067 626 Christi,
2099 536 2105 581 ἱ

184 642 238 681 111
259 635 467 680 immune
488 634 516 678 a
531 634 825 690 corruptione
840 631 1114 687 salvaretur,
1138 629 1263 687 quod
1287 629 1528 675 videbatur
1556 632 1614 677 ad
1635 630 1884 689 quamdam
1907 641 2070 675 neces-

186 698 373 742 sitatem
390 696 657 754 pertinere:
682 694 809 739 unde
827 693 964 738 datur
988 693 1122 737 nobis
1145 691 1411 747 exemplum
1433 693 1557 750 quod
1581 693 1703 739 licite
1716 703 1966 750 possumus
1985 691 2071 736 ali-

186 759 358 816 quibus
384 757 599 815 pretiosis
622 756 689 801 uti
724 754 1059 800 medicinaliter
1078 767 1161 811 pro
1182 753 1456 798 necessitate
1484 755 1627 800 nostri
1649 754 1855 812 corporis
1882 765 2072 799 conser-

185 820 363 866 vandi:
406 819 489 865 sed
519 817 745 863 involutio
773 816 979 873 corporis
998 815 1258 876 pertinebat
1279 815 1339 860 ad
1357 815 1502 861 solam
1535 816 1787 875 quamdam
1814 815 2073 862 decentiam

185 881 464 938 honestatis3
478 886 526 925 et
541 880 589 924 in
616 878 785 925 talibus
807 878 1097 935 simplicibus
1115 877 1340 922 debemus
1358 889 1462 922 esse
1478 878 1698 923 contenti
1713 881 1797 924 Per
1815 879 1903 923 1100
1917 881 2071 923 tamen

187 942 555 1001 significabatur,
571 945 625 986 ut
646 941 955 998 Hieronymus
970 940 1081 985 dlclt
1089 939 1153 994 (1n
1172 939 1299 984 hunc
1317 939 1407 983 loc.
1429 941 1582 985 Matth.
1587 943 1619 998 ),
1641 940 1766 998 quod
1787 958 1807 979 «
1820 939 1928 985 ille
1915 951 1962 984 m
1981 939 2067 984 sin·

187 1005 308 1050 done
326 1004 503 1050 munda
520 1003 715 1048 involvit
734 1005 908 1060 Jesum,
930 1002 1009 1060 qui
1027 1006 1181 1046 mente
1210 1002 1327 1058 pura
1348 1013 1456 1046 eum
1476 1003 1782 1060 susceperit.»
1806 1004 1859 1046 Et
1876 1000 2000 1058 hinc,
2021 1005 2071 1047 111

185 1065 307 1111 Beda
328 1065 439 1111 dicit
465 1077 606 1122 super
634 1068 766 1109 Marc.
793 1065 911 1121 (cap.
936 1067 991 1109 44
1021 1062 1281 1108 secundum
1305 1062 1407 1120 eJus
1428 1062 1671 1122 ordinem),
1698 1063 1945 1109 «Ecclesiae
1972 1073 2073 1108 mos

186 1126 389 1172 obtinuit
407 1131 460 1172 ut
483 1123 766 1172 sacrificium
781 1125 938 1170 altaris
958 1137 1052 1169 non
1076 1123 1125 1168 in
1148 1124 1313 1181 serico,
1340 1136 1494 1181 neque
1511 1124 1560 1169 in
1577 1137 1731 1182 panno
1745 1125 1907 1182 tincto,
1929 1123 2075 1171 sedin

186 1188 282 1293 lin?
302 1192 486 1234 terreno
522 1188 798 1244 celebretur,
816 1187 937 1234 sicut
975 1199 1144 1244 corpus
1166 1186 1345 1231 Domini
1377 1191 1448 1231 est
1484 1187 1532 1230 in
1565 1187 1760 1233 sindone
1800 1186 1978 1232 munda
1999 1197 2074 1232 se-

186 1261 250 1306 pu
271 1254 413 1294 tum.»

241 1311 308 1356 Ad
329 1315 543 1368 quartum
564 1310 830 1362 dicendum,
855 1309 981 1368 quod
1003 1309 1211 1354 Christus
1245 1309 1464 1365 sepelitur
1486 1309 1534 1353 in
1559 1311 1708 1367 horto,
1729 1310 1790 1355 ad
1806 1310 2075 1366 significan-

187 1374 299 1424 dum
323 1374 449 1431 quod
473 1386 556 1431 per
587 1378 784 1418 mortem
805 1376 850 1418 et
874 1371 1163 1429 sepulturam
1180 1371 1326 1428 ipsius
1345 1371 1596 1416 liberamur
1623 1372 1650 1415 a
1671 1376 1818 1416 morte
1840 1383 1981 1429 quam
2002 1372 2076 1416 in-

187 1436 420 1481 currimus
440 1447 524 1493 per
541 1441 785 1493 peccatum
817 1433 925 1479 Adae
957 1433 1006 1477 in
1041 1434 1172 1477 horto
1208 1432 1410 1490 paradisi
1442 1433 1756 1478 commissum.
1791 1434 1899 1479 Ideo
1920 1437 2075 1478 autem
2149 1425 2159 1430 ⁴'

188 1497 396 1542 Salvator
418 1497 465 1542 in
486 1497 637 1542 aliena
670 1496 861 1552 ponitur
881 1495 1139 1553 sepultura,
1165 1499 1218 1539 ut
1238 1495 1527 1551 Augustinus
1550 1495 1661 1540 dicit
1682 1496 1731 1539 in
1755 1497 1959 1553 quodam
1979 1509 2077 1542 ser-

188 1571 326 1604 mone
345 1561 423 1613 (De
444 1558 657 1616 sepulcro
669 1555 866 1611 Domini,
887 1555 914 1600 a
935 1556 1095 1614 med),
1114 1573 1135 1595 «
1149 1556 1258 1613 quia
1273 1569 1358 1613 pro
1376 1557 1573 1601 aliorum
1595 1558 1879 1602 moriebatur
1898 1559 2076 1615 salute;

188 1621 455 1678 sepulcrum
467 1626 625 1666 autem
637 1619 799 1663 mortis
812 1623 883 1663 est
894 1618 1228 1663 habitaculum.
1242 1637 1263 1658 »
1276 1620 1361 1664 Per
1378 1619 1466 1664 hoc
1480 1619 1620 1664 etiam
1634 1619 1917 1666 considerari
1927 1625 2080 1678 potest

187 1682 474 1740 paupertatis
494 1681 782 1727 abundantia
802 1692 887 1738 pro
908 1680 1046 1724 nobis
1077 1683 1324 1737 susceptae.
1347 1682 1460 1725 Nam
1482 1680 1563 1738 qui
1581 1680 1773 1726 domum
1801 1681 1849 1725 in
1869 1682 1966 1727 vita
1983 1695 2079 1728 non

188 1743 367 1801 habuit,
390 1748 495 1802 post
512 1749 708 1789 mortem
727 1754 914 1800 quoque
934 1743 981 1786 in
1002 1742 1154 1788 alieno
1182 1743 1396 1800 sepulcro
1419 1742 1702 1800 reconditur,
1718 1747 1765 1789 et
1779 1744 1936 1789 nudus
1957 1745 2079 1791 exis-

188 1811 295 1852 tens
319 1819 347 1851 a
367 1806 536 1864 Joseph
548 1806 827 1863 cooperitur.
852 1807 900 1848 ln
920 1817 1041 1850 novo
1062 1809 1216 1849 autem
1235 1805 1424 1862 ponitur
1439 1809 1762 1863 monumento,
1783 1810 1838 1851 ut
1853 1806 2080 1867 Hierony-

188 1880 297 1914 mus
314 1868 425 1914 dicit
439 1868 504 1924 (in
526 1867 653 1912 hunc
671 1867 759 1911 loc.
780 1866 933 1911 Matth.
939 1869 972 1923 ),
996 1884 1017 1906 α
1028 1879 1087 1912 110
1117 1870 1224 1924 post
1245 1868 1653 1924 resurrectionem,
1671 1868 1853 1914 caeteris
1878 1869 2079 1927 corpori·
2125 1872 2132 1876 '

188 1930 280 1976 bus
317 1929 682 1982 remanentibUS,
706 1928 965 1973 surrexisse
989 1928 1109 1973 alius
1127 1928 1438 1984 fingeretur.»
1463 1931 1618 1974 Potest
1642 1932 1799 1975 autem
1827 1933 1874 1976 et
1905 1943 2079 1976 novum

190 1992 459 2049 sepulcrum
480 1992 629 2036 Mariae
649 1990 924 2047 virginalem
962 1995 1150 2037 uterum
1173 1990 1509 2036 demonstrare.
1552 1993 1636 2036 Per
1665 1991 1754 2036 hoc
1775 1991 1916 2037 etiam
1944 1993 2081 2039 datur

190 2055 385 2111 intelligi
411 2054 536 2112 quod
561 2066 644 2111 per
661 2053 824 2097 Christi
845 2053 1131 2110 sepulturam
1156 2064 1323 2097 omnes
1341 2053 1636 2111 innovamur,
1657 2058 1805 2099 morte
1823 2059 2078 2112 etcorrup-

192 2117 316 2162 tione
338 2117 590 2163 destructa.
623 2117 671 2159 ln
707 2120 1010 2159 monumento
1042 2119 1199 2159 autem
1239 2114 1396 2159 exciso
1418 2115 1465 2157 in
1491 2120 1621 2172 petra
1655 2116 1872 2161 conditus
1908 2122 1996 2173 est,
2030 2124 2079 2162 ut

191 2179 500 2236 Hieronymus
519 2177 630 2223 dicit
648 2179 774 2234 (sup.
792 2176 907 2222 illud
923 2177 1078 2221 Matth.
1100 2190 1242 2221 xxvn:
1276 2177 1388 2220 Jube
1403 2190 1508 2234 erqo
1523 2179 1762 2234 custodiri,
1778 2178 1905 2235 etc.),
1933 2192 2023 2224 «ne
2042 2179 2078 2224 si

191 2241 351 2287 multis
366 2240 599 2296 lapidibus
616 2239 896 2284 aedificatum
910 2239 1091 2294 fuisset,
1112 2238 1279 2283 tumuli
1298 2239 1617 2284 fundamentis
1645 2239 1876 2296 suffossis,
1897 2239 2080 2286 ablatus

192 2304 316 2349 furto
339 2303 620 2349 diceretur.»
646 2302 771 2346 Unde
792 2306 835 2346 et
858 2313 1024 2346 saxum
1058 2312 1300 2358 magnum,
1329 2301 1455 2358 quod
1473 2302 1737 2358 appositum
1760 2302 1863 2359 fuit,
1879 2303 2080 2349 ostendit

193 2365 358 2423 quod
349 2375 475 2408 ‹non
503 2363 680 2419 absque
701 2363 874 2407 auxilio
891 2363 1200 2419 plurimorum
1223 2362 1490 2419 sepulcrum
1524 2363 1749 2419 potuisset
1768 2364 2007 2409 reserari.›
2009 2365 2079 2410 »Si

193 2428 332 2473 etiam
347 2425 557 2483 sepultus
570 2424 759 2469 fuisset'
749 2437 796 2468 1n
814 2429 949 2479 terra,
963 2424 1116 2469 dicere
1135 2428 1372 2481 poterant:
1398 2442 1418 2462 «ι
1433 2425 1731 2470 suffoderunt
1751 2431 1937 2484 terram,
1952 2432 1998 2472 et
2019 2428 2080 2472 fu·

194 2490 280 2535 rati
292 2494 406 2536 sunt
424 2500 549 2545 eum,
568 2506 588 2527 υ
607 2488 728 2533 510111
747 2487 1034 2544 Augustinus
1054 2487 1179 2532 dicit.
1194 2486 1486 2543 significatur
1497 2492 1655 2532 autem
1674 2488 1964 2546 mysticeper
1973 2491 2078 2550 hoc,

194 2557 248 2599 ut
262 2550 401 2597 Hilar.
416 2550 651 2604 dicit(can.
669 2549 756 2594 ult.
778 2549 825 2593 in
843 2549 999 2593 Matth
1013 2548 1070 2594 ad
1084 2548 1165 2592 fin.
1171 2550 1201 2604 ),
1214 2547 1339 2605 quod
1354 2565 1374 2586 «ι
1395 2561 1478 2605 per
1491 2549 1807 2606 apostolorum
1821 2550 2079 2600 doctrinam

195 2615 244 2660 in
257 2618 421 2672 pectus
434 2611 616 2659 duritiae
631 2611 816 2668 gentilis
831 2611 1035 2668 quodam
1047 2610 1269 2656 doctrinae
1284 2621 1424 2682 opere
1432 2611 1640 2656 excisum
1649 2613 1856 2659 Christus
1866 2614 2079 2673 infertur,

195 2677 311 2723 rude
346 2675 522 2722 scilicet
554 2686 610 2718 ac
649 2685 843 2730 novum,
886 2679 932 2718 et
963 2673 1091 2718 nullo
1130 2677 1264 2718 antea
1305 2672 1521 2728 ingressu
1560 2674 1711 2719 timori
1751 2675 1828 2720 Dei
1852 2676 2078 2733 pervium.
2127 2667 2151 2724 “.

195 2741 249 2785 Et
265 2738 376 2797 quia
394 2736 508 2782 1111111
535 2739 702 2793 praeter
727 2748 836 2780 eum
869 2739 1048 2792 oportet
1072 2735 1121 2779 in
1143 2739 1329 2793 pectora
1353 2739 1511 2780 nostra
1532 2740 1788 2794 penetrare,
1811 2737 1930 2795 lapis
1963 2739 2082 2786 ostio

196 2796 509 2848 advolvitur.»
552 2801 621 2855 Et,
647 2797 767 2843 sicut
802 2797 1023 2855 Origenes
1044 2797 1156 2843 dicit
1194 2800 1345 2853 (tract
1366 2799 1422 2843 35
1448 2797 1496 2842 in
1526 2799 1680 2844 Matth.
1716 2799 1773 2843 ad
1806 2799 1886 2844 fin.
1891 2801 1924 2858 )‚
1952 2813 2079 2846 «non

195 2862 384 2909 fortuito
436 2862 661 2919 scriptum
714 2864 800 2916 est,
846 2859 971 2918 quod
1024 2859 1188 2917 Ioseph
1235 2859 1422 2904 involvit
1467 2873 1629 2917 corpus
1674 2861 1851 2906 Christi
1893 2863 2083 2908 sindone

2132 2394 2163 2469 Ξ
2155 2466 2163 2489 -i

2132 2487 2170 2582 kl}-

2128 2554 2170 2716 i

2127 2745 2155 2794 1

2121 2807 2152 2843 ἶ

2121 2862 2150 2904 5

197 2925 386 2979 munda,
421 2927 465 2968 et
491 2926 643 2980 posuit
662 2927 711 2967 in
730 2924 1011 2967 monumento
1035 2935 1164 2977 novo,
1184 2926 1231 2967 et
1255 2921 1379 2980 quod
1404 2922 1602 2966 advolvit
1624 2922 1824 2980 lapidem
1842 2936 2080 2983 maquum,
2116 2924 2153 2967 {sl

197 2990 308 3046 quia
327 2987 499 3044 omnia,
527 3000 632 3045 quae
666 2991 778 3032 sunt
797 2987 919 3031 circa
943 2997 1114 3044 corpus
1146 2987 1270 3042 Iesu,
1290 2985 1465 3030 munda
1496 2990 1620 3042 sunt,
1644 2990 1690 3031 et
1710 2998 1846 3044 nova,
1871 2991 1919 3032 et
1942 2987 2077 3034 valde
2118 2982 2156 3029 3²⁴

1661 3071 1678 3078 x
2132 3047 2154 3087 11

197 3063 369 3107 magna
389 3051 495 3105 (1).»

239 3161 283 3202 (l)
305 3160 481 3199 {lucusque
498 3159 539 3193 D.
556 3158 713 3201 Thomas,
727 3159 906 3201 Nicolaitis,
925 3171 964 3194 ex
977 3170 1043 3199 quo
1061 3158 1097 3193 in
1183 3163 1224 3193 ut
1244 3158 1491 3202 praetenderet
1508 3160 1549 3192 in
1564 3158 1781 3192 nationibus
1795 3159 1914 3194 virtus
1931 3158 2081 3195 christi.
2131 3120 2155 3190 ἓ

200 3212 326 3244 textum
357 3207 391 3240 in
416 3207 657 3248 posterioribus
684 3208 843 3249 exemplis
858 3207 1011 3248 transiit,
1031 3208 1098 3244 haec
1185 3206 1686 3248 Caipulcherrimeadmotws
1695 3207 2080 3251 estlapismepateret.

200 3257 295 3292 addit
313 3267 322 3291 :
351 3257 528 3300 Denique,
554 3260 596 3291 αι
624 3257 838 3293 Ambrosius
864 3258 955 3291 dicit
985 3267 1100 3300 super
1185 3255 1415 3298 Quicumque
1427 3254 1580 3290 enimin
1593 3265 1630 3289 se
1640 3254 1727 3289 bene
1739 3255 1947 3290 humaverit
1959 3254 2082 3291 Chris-

201 3306 299 3344 Luc„
322 3315 402 3346 cap.
421 3303 476 3345 25,
503 3314 586 3348 sup.
610 3305 708 3339 illud
731 3317 743 3340 .-
771 3305 812 3340 Et
837 3317 912 3341 ecce
931 3305 995 3347 vir,
1021 3309 1099 3346 etc„
1185 3307 1273 3345 mm,
1299 3304 1499 3347 diligenter
1520 3301 1715 3342 custodiat,
1749 3312 1794 3338 ne
1824 3305 1913 3342 eum?
1926 3303 2079 3346 perdat.
2136 3308 2137 3311 ’

206 3368 217 3386 a
262 3354 349 3388 bene
374 3351 545 3387 Christus
572 3353 615 3387 in
651 3358 882 3389 monumento
922 3353 1099 3388 conditur
1182 3362 1269 3386 neve
1294 3351 1462 3395 perfidiae
1489 3351 1538 3384 ad
1558 3349 1669 3384 illum
1694 3350 1744 3385 sit
1760 3351 1962 3394 inqressus.
1999 3360 2012 3377 ⁵
2041 3350 2081 3385 Et
2123 3365 2128 3370 ·

201 3402 307 3444 justi.
326 3405 367 3435 ut
382 3401 595 3445 injustitiae
613 3402 837 3436 habitatione
853 3403 1096 3447 conquiescat.
1184 3412 1261 3435 mox
1285 3412 1294 3435 t
1321 3413 1337 3434 ι
1357 3400 1458 3433 Bene
1481 3401 1522 3432 in
1545 3403 1654 3442 petra
1681 3400 1862 3441 eoecisum,
1879 3400 1946 3433 hoc
1969 3405 2021 3434 esc
2041 3399 2083 3434 t'n
2120 3422 2121 3427 ,

202 3451 360 3484 Mon-um«
376 3455 476 3484 ntum
495 3450 592 3484 enim
620 3449 685 3484 hoc
704 3450 744 3483 in
771 3450 925 3484 duritt'oe
949 3451 1096 3493 qenais-‘s
1183 3449 1274 3491 fidei
1291 3449 1532 3488 firmamento,
1553 3446 1595 3480 de
1618 3457 1689 3491 qua
1708 3447 1785 3481 veri
1802 3446 1982 3482 Israelita
1999 3446 2079 3481 dul·
2104 3468 2107 3471 ‹
2152 3462 2158 3468 ·

203 3503 308 3542 petra
330 3498 400 3532 sibi
423 3499 544 3541 justus
568 3498 704 3532 excidit
727 3498 952 3542 penetrabili
977 3498 1095 3538 verbo,
1183 3497 1342 3531 cedinem
1353 3496 1473 3529 mellis
1490 3500 1521 3529 et
1538 3495 1871 3538 oleumspirituale
1883 3497 2078 3530 suaeerunt.
