2170 3808
624 152 823 205 QUAEST.
850 153 995 207 LXIV,
1019 151 1137 196 ART.
1166 151 1204 195 ΙΙ
1231 151 1295 194 ΕΤ
1323 151 1391 195 111.
1868 150 1952 192 537

81 248 110 277 n
138 246 332 290 persona
369 234 555 288 Christi,
578 233 624 277 id
647 237 733 292 est,
757 245 811 277 ac
833 232 871 277 si
894 233 993 290 ipse
1021 233 1228 278 Christus
1260 232 1494 277 donasset.
1525 228 1598 276 Sic
1630 240 1742 287 ergo
1770 227 1952 274 videtur

77 295 187 353 1uod
228 295 426 354 apostoli
466 299 512 341 et
558 306 718 339 eorum
761 307 1058 341 successores
1099 296 1280 352 possint
1319 306 1441 338 nova
1483 294 1774 338 sacramenta
1816 290 1953 336 insti-

76 369 206 403 suere.

117 419 206 465 Sed
222 421 388 464 contra
417 422 489 463 est
516 417 639 474 qued
672 417 749 462 ille
783 418 980 463 instituit
1004 418 1180 475 aliquid
1202 418 1283 474 qui
1306 418 1384 463 dat
1413 417 1455 462 ei
1485 416 1629 462 robur
1645 421 1693 463 et
1713 416 1948 472 virtutem,

73 481 181 525 3icut
211 486 343 538 patet
361 480 420 526 de
438 479 782 524 institutoribus
803 480 977 538 legum.
999 479 1087 525 Sed
1123 480 1274 524 virtus
1292 478 1569 524 sacramenti
1588 483 1660 525 est
1677 478 1705 524 a
1722 478 1823 524 solo
1840 479 1946 534 Deo,

76 546 113 585 rt
129 545 255 599 patet
272 554 330 586 ex
348 540 578 599 praedictis
596 542 696 594 (art.
722 553 858 598 praec.
875 548 922 587 et
942 545 1107 599 quaest.
1127 554 1231 600 un,
1255 544 1343 585 art.
1365 543 1387 585 1
1407 545 1453 586 et
1469 542 1530 596 5).
1553 542 1674 596 Ergo
1687 541 1817 586 solus
1829 542 1950 585 Deus

67 607 212 660 potest
224 603 471 648 instituere
492 608 846 665 sacramentum.

105 671 399 712 CONCLUSIO.
414 693 463 700 -
480 671 584 710 Gum
613 671 744 711 virtus
761 673 1008 712 sacramenti
1031 671 1087 713 sit
1110 672 1135 712 a
1154 670 1241 712 solo
1268 671 1366 720 Deo,
1377 670 1490 710 solus
1513 669 1586 710 ille
1603 673 1949 712 sacramentorum

64 724 274 766 institutor
293 728 365 766 est.

111 787 387 844 Respondeo
409 785 658 832 dicendum
691 787 832 845 quod,
860 787 982 833 sicut
1001 801 1061 833 ex
1098 800 1239 845 supra
1278 786 1413 833 dictis
1433 790 1561 844 patet
1596 786 1762 844 (ibid),
1790 799 1948 832 sacra-

61 852 217 898 menta
242 848 656 894 instrumentaliter
677 854 929 908 operantur
962 850 1022 895 ad
1056 849 1318 908 spirituales
1349 849 1558 894 effectus.
1581 850 1947 894 lustramentum

60 913 215 957 autem
236 910 377 956 hahet
401 911 613 957 virtutem
649 909 677 955 a
708 911 952 970 principali
985 917 1169 970 agente.
1193 915 1346 969 Agens
1368 915 1525 956 autem
1554 913 1771 968 respectu
1792 922 1946 955 sacra·

59 972 203 1017 menti
233 976 303 1018 est
321 972 510 1030 duplex,
530 972 706 1018 scilicet
740 973 990 1020 instituens
1021 978 1383 1030 sacramentum,
1419 976 1464 1018 et
1499 976 1638 1017 utens
1656 976 1947 1018 sacramento

59 1031 289 1089 instituto,
303 1032 576 1090 applicando
597 1033 772 1080 scilicet
793 1034 947 1092 ipsum
961 1035 1021 1081 ad
1038 1035 1356 1081 inducendum
1376 1033 1609 1079 effectum.
1620 1032 1774 1078 Virtus
1791 1036 1944 1079 autem

60 1095 342 1140 sacramenti
364 1107 460 1140 non
481 1100 754 1153 potestesse
770 1095 828 1140 ab
846 1108 903 1141 eo
924 1096 1005 1154 qui
1028 1097 1177 1141 utitur
1194 1100 1504 1152 sacramento,
1526 1094 1636 1152 quia
1655 1107 1747 1139 non
1781 1106 1946 1153 opera-

58 1159 134 1201 tur
152 1155 243 1203 nisi
270 1169 353 1214 per
375 1157 566 1203 modum
595 1156 854 1202 ministerii.
885 1158 1010 1202 Unde
1037 1158 1318 1214 relinquitur
1339 1156 1466 1214 quod
1492 1156 1642 1201 virtus
1668 1156 1946 1203 sacramenti

58 1217 118 1262 sit
138 1218 199 1264 ab
219 1230 277 1264 eo
309 1218 389 1277 qui
424 1218 627 1264 instituit
646 1222 1006 1263 sacramentum.
1031 1220 1145 1264 Cum
1176 1219 1318 1276 igitur
1341 1219 1492 1263 virtus
1514 1218 1791 1264 sacramenti
1826 1218 1888 1264 sit
1918 1219 1946 1263 a

56 1279 156 1324 solo
176 1283 285 1337 Deo,
321 1291 614 1337 consequens
646 1284 718 1325 est
753 1279 878 1337 qued
916 1280 1046 1326 solus
1073 1284 1193 1326 Deus
1224 1281 1285 1326 sit
1321 1284 1721 1329 sacramentorum
1761 1279 1946 1325 institu-

57 1342 129 1386 tor
146 1343 221 1396 (1).

109 1401 175 1447 Ad
193 1405 398 1458 primum
418 1414 530 1461 ergo
558 1402 825 1459 dicendum,
843 1403 969 1461 qued
994 1403 1073 1449 illa
1091 1417 1197 1462 quae
1219 1408 1425 1464 aguntur
1446 1405 1495 1449 in
1519 1404 1840 1460 sacramentis,
1863 1416 1947 1461 per

54 1463 269 1509 homines
293 1463 521 1519 instituta,
546 1476 640 1508 non
661 1469 772 1509 sunt
799 1464 857 1510 (16
894 1465 1171 1511 necessitate
1191 1466 1486 1523 sacramenti,
1519 1465 1601 1511 sed
1624 1465 1859 1522 pertinent
1886 1465 1945 1511 ad

55 1525 307 1582 quamdam
325 1522 677 1581 solemnitatem,
698 1537 802 1582 quae
822 1525 1066 1571 adhibetur
1086 1527 1389 1571 sacramentis
1411 1527 1471 1572 ad
1492 1526 1785 1572 excitandam
1808 1526 1945 1571 devo-

55 1586 229 1631 tionem
250 1591 299 1631 et
321 1587 622 1631 reverentiam
643 1586 691 1630 in
708 1587 781 1632 his
799 1587 878 1644 qui
894 1593 1186 1633 sacramenta
1211 1588 1497 1646 suscipiunt,
1515 1601 1572 1634 ea
1588 1588 1700 1634 vero
1714 1600 1820 1646 quae
1835 1593 1946 1633 sunt

55 1647 114 1693 de
135 1647 413 1694 necessitate
435 1648 730 1706 sacramenti,
751 1649 810 1693 ab
835 1649 936 1707 ipso
956 1649 1132 1695 Christo
1165 1651 1377 1695 instituta
1395 1656 1520 1707 sunt,
1542 1650 1623 1707 qui
1659 1654 1731 1696 est
1764 1654 1883 1694 Deus
1901 1655 1946 1695 et

36 1709 208 1755 chomo.
225 1711 279 1754 Et
290 1709 399 1754 licet
410 1721 505 1754 non
525 1709 621 1754 sint
638 1710 795 1755 omnia
813 1711 981 1756 tradita
994 1712 1042 1756 in
1059 1713 1323 1769 scripturis,
1339 1713 1478 1758 habet
1499 1718 1657 1757 tamen
1672 1724 1727 1757 ea
1741 1712 1945 1758 Ecclesia

53 1784 114 1817 ex
142 1770 356 1816 familiari
378 1771 694 1829 apostolorum
725 1772 970 1818 traditione
993 1775 1066 1831 (2),
1101 1774 1223 1819 sicut
1263 1775 1510 1831 Apostolus
1545 1774 1656 1820 dicit
1689 1776 1736 1822 (1.
1760 1776 1860 1820 Cor.
1886 1789 1941 1832 xi,

53 1836 124 1891 34)
147 1851 159 1879 :
184 1836 377 1890 Caetera,
396 1835 496 1877 edm
519 1847 695 1890 vener0,
723 1835 977 1892 disponam.

107 1895 175 1942 Ad
209 1896 453 1940 secundum
472 1895 739 1953 dicendum,
763 1897 888 1954 quod
906 1910 982 1943 res
999 1896 1245 1943 sensIbiles
1267 1898 1574 1956 aptitudinem
1589 1898 1840 1955 quamdam
1857 1898 1943 1942 ha-

53 1955 165 2002 bent
179 1957 239 2003 ad
261 1957 621 2013 significandum
646 1958 908 2015 spirituales
928 1959 1121 2004 effectus
1132 1972 1190 2004 ex
1211 1963 1286 2005 sul
1305 1965 1496 2017 natura3
1521 1960 1603 2005 sed
1618 1959 1720 2016 ipsa
1735 1960 1943 2016 aptitudo

53 2019 388 2065 determinatur
420 2019 479 2065 ad
509 2020 755 2077 specialem
788 2021 1173 2077 significationem
1197 2020 1257 2068 e‘x
1289 2021 1576 2067 institutione
1594 2021 1766 2066 divina.
1784 2023 1838 2067 Et
1854 2023 1943 2067 hoc

53 2086 125 2126 est
160 2081 286 2139 quod
320 2083 453 2139 Hugo
487 2081 546 2126 de
575 2084 618 2127 S.
643 2082 755 2128 Vict.
791 2084 871 2137 (De
893 2095 1090 2128 sacram.
1115 2083 1195 2128 lib.
1233 2098 1264 2138 1,
1301 2097 1349 2140 p.
1377 2087 1420 2140 9,
1441 2097 1543 2141 cap.
1567 2086 1637 2139 11,
1661 2089 1767 2128 ante
1799 2083 1964 2141 med.)=

51 2142 161 2188 dicit
191 2141 318 2200 qudd
338 2160 360 2181 «ι
385 2148 731 2188 sacramentum
762 2156 821 2189 ex
856 2144 1149 2189 institutione
1183 2145 1430 2202 significat.
1458 2164 1479 2184 »
1515 2144 1755 2202 Praeelegit
1785 2149 1942 2192 tamen

50 2206 171 2251 Deus
183 2205 414 2263 quasdam
437 2217 512 2250 res
534 2205 636 2250 aliis
665 2205 725 2251 ad
748 2206 1112 2262 significationes
1131 2207 1509 2263 sacramentales,
1531 2220 1625 2252 non
1645 2207 1755 2264 quia
1781 2207 1842 2253 ad
1861 2221 1941 2254 eas

52 2267 350 2312 contrahatur
370 2267 472 2324 eius
492 2267 704 2325 affectus,
723 2269 805 2313 sed
830 2273 879 2314 ut
896 2269 956 2314 sit
974 2269 1325 2314 convenientior
1344 2269 1633 2325 significatIO.

103 2329 171 2375 Ad
182 2332 364 2373 tertium
376 2328 642 2385 dicendum,
655 2330 779 2386 quod
802 2330 998 2386 apostoli
1015 2334 1235 2375 eteorum
1252 2343 1547 2376 successores
1562 2336 1674 2376 sunt
1692 2331 1852 2377 vicarii
1862 2334 1941 2378 Dei

51 2391 277 2448 quantum
289 2391 348 2436 ad
363 2390 571 2447 regimen
579 2391 795 2437 Ecclesiae
806 2392 1070 2437 constitutae
1081 2405 1163 2449 per
1175 2390 1312 2437 fidem
1322 2393 1480 2438 etfidei
1492 2399 1799 2439 sacramenta.
1812 2396 1941 2441 Unde

49 2450 172 2496 sicut
187 2462 282 2496 non
299 2450 408 2495 licet
427 2452 497 2497 eis
511 2451 792 2496 constituere
804 2452 941 2497 aliam
953 2453 1221 2509 Ecclesiam3
1236 2454 1299 2498 ita
1311 2467 1404 2498 non
1420 2454 1525 2499 licet
1536 2454 1604 2499 eis
1615 2454 1794 2500 tradere
1803 2456 1941 2501 aliam

48 2511 206 2570 fidem,
219 2524 372 2570 neque
383 2512 623 2558 instituere
641 2513 731 2557 alia
745 2519 1036 2559 sacramenta
1050 2530 1062 2571 ς
1080 2515 1162 2560 sed
1175 2528 1258 2572 per
1276 2520 1586 2572 sacramenta,
1597 2528 1703 2573 quae
1719 2517 1776 2563 de
1797 2517 1939 2563 latere

49 2574 214 2620 Christi
231 2575 479 2631 pendentis
500 2575 549 2619 in
563 2587 701 2620 cruce
714 2575 965 2631 fluxerunt,
982 2576 1151 2621 dicitur
1168 2590 1271 2622 esse
1293 2577 1514 2622 fabricata
1532 2577 1737 2623 Ecclesia
1755 2578 1937 2625 Christi.

134 2638 482 2683 ARTICULUS
504 2640 588 2681 111.
610 2661 667 2670 —-
688 2651 828 2682 ursum
851 2651 1068 2695 cnmsrus,
1101 2652 1317 2683 SECUNDUM
1348 2653 1455 2689 ouon
1495 2652 1625 2696 nono,
1649 2653 1855 2684 annuam-r

301 2711 565 2742 POTESTATEM
585 2711 786 2742 OPERANDI
804 2712 1059 2743 INTERIOREM
1083 2713 1299 2743 EFFECTUM
1321 2713 1688 2746 SACRAMENTORUM.

54 2766 102 2803 De
117 2765 172 2802 hi·
180 2765 286 2802 etiam
298 2765 401 2809 infra,
416 2769 482 2801 art.
497 2767 519 2801 4
536 2777 628 2808 corp.
647 2770 683 2801 et
696 2768 792 2804 sent.
806 2776 854 2809 lv,
871 2767 953 2803 dist.
968 2770 1001 2811 5,
1019 2774 1136 2810 quaest.
1158 2779 1183 2810 1,
1201 2773 1265 2804 art.
1280 2769 1313 2809 l.
1335 2774 1370 2803 et
1383 2772 1501 2810 quaest.
1512 2769 1671 2811 11‚art.2,
1688 2769 1882 2812 quaestiunc.
1894 2779 1936 2808 ιι.

104 2820 171 2866 Ad
211 2820 400 2866 tertium
420 2820 489 2865 sic
522 2820 800 2877 proceditur.
843 2826 884 2867 1.
907 2823 1095 2868 Videtur
1118 2823 1243 2880 quod
1275 2823 1500 2877 ChristuS,
1522 2823 1783 2869 secundum
1812 2824 1938 2883 quod

49 2882 204 2938 homo,
227 2882 446 2927 habuerit
463 2886 737 2938 potestatem
752 2885 973 2940 operandi
1002 2885 1268 2930 interiorem
1284 2885 1498 2930 effectum
1517 2889 1932 2933 sacramentorum.

48 2944 164 2990 Dicit
185 2945 313 2989 enim
335 2947 532 2989 loannes
547 2944 767 3001 Baptista,
788 2950 840 2990 ut
853 2946 1048 2992 habetur
1075 2948 1222 2998 (Joan.
1247 2961 1275 3002 1,
1294 2949 1364 3002 33)
1392 2962 1401 2989 :
1431 2950 1518 3003 Qui
1540 2962 1608 2992 me
1634 2951 1754 2992 misit
1789 2949 1935 3006 bapti-

49 3019 158 3050 zare
172 3010 221 3050 tn
236 3019 371 3063 aqua,
391 3006 469 3050 ille
486 3007 600 3050 mihi
618 3007 738 3050 dixit
757 3022 771 3048 .·
793 3010 936 3065 Super
955 3023 1082 3065 quem
1100 3011 1270 3053 videris
1292 3011 1513 3064 Spiritum
1536 3009 1871 3054 descendentem
1892 3015 1937 3055 et

47 3071 304 3113 manentem
317 3081 454 3125 super
466 3081 583 3124 eum,
603 3067 678 3111 hic
695 3071 760 3111 est
774 3072 851 3124 qui
859 3070 1060 3126 baptizat
1073 3074 1121 3113 in
1135 3074 1312 3127 Spiritu
1329 3074 1483 3114 sancto
1504 3072 1576 3125 (3).
1598 3071 1686 3116 Sed
1705 3071 1936 3128 baptizare

85 3198 132 3240 (4)
155 3197 315 3241 Quamvis
336 3198 374 3231 B.
394 3197 540 3231 Thomas
561 3197 615 3231 liic
639 3198 798 3239 loquatur
825 3199 865 3233 dc
891 3210 944 3232 sa·
1071 3200 1115 3242 (2)
1142 3199 1230 3233 Hinc
1258 3199 1344 3233 dixit
1369 3199 1551 3235 concilium
1581 3200 1821 3237 Tridentinum
1851 3217 1859 3237 :
1890 3205 1934 3239 Si

46 3246 234 3281 oramentis
261 3255 353 3280 novoe
381 3243 474 3286 legis,
502 3245 716 3279 sentiendum
752 3252 866 3280 tamen
898 3250 947 3280 est
1031 3249 1114 3292 quis
1138 3251 1257 3281 autem
1287 3247 1509 3282 tradiciones
1528 3249 1731 3291 proedictas
1760 3253 1876 3286 sciens
1901 3254 1934 3286 et

46 3293 137 3333 qut-1
169 3297 203 3328 et
230 3297 344 3328 vetera
372 3299 580 3327 sacramenta
614 3298 682 3328 sint
714 3305 752 3327 ex
784 3294 853 3329 sola
886 3293 947 3328 Dei
1032 3294 1201 3337 prudens
1218 3297 1488 3338 contempserit,
1506 3298 1703 3331 anathema
1720 3300 1778 3333 sit.

48 3340 275 3383 institutione,
288 3346 325 3373 ut
339 3345 478 3381 patetex
494 3341 803 3382 iisquaedictasunt
816 3342 946 3383 (quaest.
1076 3342 1118 3382 (5)
1143 3341 1183 3375 Ut
1206 3342 1323 3377 videre
1346 3349 1396 3375 est
1419 3343 1491 3376 loco
1508 3343 1609 3378 citato
1639 3343 1698 3378 ubi
1726 3346 1818 3379 addit
1846 3359 1853 3379 ε
1884 3347 1932 3380 Ec

47 3393 101 3425 tx.
116 3392 181 3423 art.
200 3388 232 3428 5.
253 3395 285 3422 et
301 3390 414 3428 quoest.
438 3394 585 3428 unm-t.
605 3390 651 3430 5).
1035 3399 1096 3431 eqo
1106 3389 1181 3423 vide
1195 3393 1226 3424 ec
1244 3391 1489 3425 testimonium
1503 3392 1676 3433 perhibui
1691 3395 1779 3436 quia
1799 3395 1858 3427 hic
1880 3398 1932 3428 est
