2170 3808
744 199 942 249 QUAEST.
973 199 1054 252 LV,
1083 199 1201 241 ART.
1231 199 1297 240 vl.
1877 198 1954 240 471

106 282 172 327 ria
189 281 388 327 ostendit
409 294 420 324 z
443 278 590 337 primo
625 277 812 334 quidem
846 278 969 334 quod
999 283 1121 322 esset
1149 290 1317 334 corpus
1353 289 1514 322 verum
1545 282 1592 322 et
1624 276 1840 329 solidum,
1864 288 1958 319 non

101 356 250 400 :orpus
272 341 611 400 phantasticum
628 339 699 384 vel
714 351 885 391 rarum,
904 339 1024 384 sicut
1037 345 1107 384 est
1128 351 1221 383 aer.
1241 342 1292 383 Et
1310 339 1395 384 hoc
1408 338 1610 384 ostendit
1628 351 1710 395 per
1729 338 1816 381 hoc
1834 337 1959 392 quod

101 417 252 460 :orpus
273 416 410 448 suum
434 401 660 458 palpabile
682 400 903 457 praebuit3
927 400 1051 445 unde
1070 400 1170 456 ipse
1194 400 1301 445 dicit
1318 403 1441 453 (Luc.
1462 400 1545 445 ult.
1565 401 1635 454 39)
1659 415 1670 445 ι
1696 400 1888 455 Palpate
1915 402 1958 442 et

97 469 246 524 delete,
262 470 369 522 quia
388 467 574 521 spiritus
599 476 782 508 carnem
804 467 846 507 et
863 477 963 507 ossa
995 475 1085 506 non
1108 462 1258 518 habet,
1288 465 1402 504 sicut
1419 475 1489 505 me
1508 463 1666 506 videtis
1684 461 1864 504 habere.
1886 463 1959 505 Se-

98 529 236 573 nindo
260 526 461 572 ostendit
484 525 610 582 quod
631 530 753 570 esset
781 538 950 583 corpus
972 525 1244 580 humanum,
1275 523 1562 567 ostendendo
1589 523 1656 567 eis
1679 535 1835 567 veram
1865 522 1957 567 effl-

83 591 219 647 ÷3iem,
251 601 391 646 quam
421 587 568 633 oculis
597 588 904 632 intuerentur.
935 586 1081 645 Tertio
1103 586 1307 630 ostendit
1327 586 1395 630 eis
1423 585 1549 641 quod
1571 590 1695 630 esset
1723 586 1845 629 idem
1874 598 1959 630 nu-

83 663 210 696 2nero
230 663 400 707 corpus
424 649 548 706 quod
576 650 702 706 prius
734 649 974 705 habuerat,
1005 648 1290 693 ostendendo
1319 647 1388 692 eis
1418 646 1667 690 vulnerum
1696 646 1953 697 cicatrices;

94 714 220 770 inde,
256 718 307 757 ut
339 713 507 768 legitur
534 714 659 766 (Luc.
691 712 776 756 ult.
807 714 894 767 39),
928 710 1042 756 dixit
1067 710 1136 755 eis
1160 725 1170 753 ε
1198 711 1355 753 Videte
1387 721 1549 751 manus
1584 721 1707 751 meas
1744 712 1787 750 et
1819 709 1956 764 pedes

80 787 213 830 meos,
240 777 349 830 quia
369 788 447 830 eqo
468 776 561 830 ipse
579 787 752 816 sum.—
773 773 871 817 Alio
887 773 1023 817 modo
1043 771 1245 816 ostendit
1265 771 1332 815 eis
1354 769 1594 815 veritatem
1614 780 1711 812 suae
1729 780 1957 812 resurrec.

59 835 216 884 ¹sionis
246 849 303 880 ex
331 839 460 892 parte
490 835 657 879 animae
686 835 847 879 iterato
871 834 1051 892 corpori
1080 834 1239 878 unitae.
1268 835 1322 877 Et
1353 834 1441 876 hoc
1470 830 1673 876 ostendit
1699 841 1782 886 per
1817 841 1956 886 opera

85 898 268 954 triplicis
289 898 422 942 vitae:
445 897 593 954 primo
623 897 811 954 quidem
847 910 930 954 per
959 909 1078 953 opus
1107 896 1214 941 vitae
1246 895 1480 940 nutritivae
1515 894 1562 937 in
1595 895 1683 938 hoc
1704 891 1828 949 quod
1847 904 1954 937 eum

77 959 316 1017 discipulis
337 960 636 1004 manducavit
661 965 706 1004 et
726 959 856 1016 bibit,
884 964 936 1004 ut
957 959 1127 1015 legitur
1159 961 1283 1012 (Luc.
1305 957 1425 1012 ult.).
1458 955 1667 1002 Secundo
1704 967 1787 1011 per
1815 966 1955 1010 opera

78 1021 182 1065 vitae
202 1022 434 1066 sensitivae
453 1022 500 1065 in
521 1022 608 1066 hoc
626 1021 750 1078 quod
770 1021 1011 1076 discipulis
1029 1020 1088 1065 ad
1113 1020 1391 1076 interrogata
1417 1017 1740 1075 respondebat,
1764 1020 1809 1060 et
1834 1027 1954 1071 prae-

81 1091 233 1129 sentes
254 1084 510 1139 salutabat3
530 1083 578 1127 in
594 1096 687 1140 quo
707 1083 982 1128 ostendebat
1003 1095 1054 1127 se
1069 1086 1115 1126 et
1133 1081 1288 1126 videre
1299 1086 1344 1126 et
1361 1080 1534 1124 audire.
1553 1078 1700 1123 Tertio
1718 1091 1798 1134 per
1815 1090 1954 1133 opera

79 1144 181 1188 vitae
206 1145 495 1190 intellectivae
514 1146 561 1189 in
582 1146 669 1189 hoc
691 1145 813 1202 quod
834 1145 902 1189 eis
924 1144 1226 1200 loquebatur,
1251 1147 1296 1186 et
1324 1142 1381 1186 de
1408 1141 1651 1197 Scripturis
1681 1139 1950 1184 disserebat.

77 1207 129 1250 Et
151 1219 209 1251 ne
228 1207 339 1263 quid
357 1207 538 1252 deesset
559 1206 618 1250 ad
645 1205 972 1262 perfectionem
994 1203 1393 1258 manifestationis,
1417 1202 1619 1246 ostendit
1642 1202 1778 1245 etiam
1804 1213 1854 1244 se
1872 1201 1952 1244 ha·

76 1265 184 1311 bere
200 1268 405 1313 divinam
428 1275 642 1312 naturam
663 1278 746 1322 per
762 1266 1057 1321 miraculum,
1080 1265 1203 1321 quod
1224 1264 1331 1309 fecit
1348 1265 1394 1308 in
1417 1263 1622 1320 piscibus
1637 1261 1888 1318 capiendis,
1907 1267 1953 1306 et

74 1327 266 1373 ulterius
291 1341 374 1385 per
391 1330 479 1373 hoc
504 1327 630 1384 quod
651 1327 720 1372 eis
747 1327 1013 1372 videntibus
1032 1327 1243 1372 aseendit
1270 1327 1319 1370 in
1351 1326 1522 1370 coelum
1543 1341 1552 1369 z
1575 1325 1700 1381 quia,
1719 1323 1953 1367 utdicitnr

72 1390 214 1442 (Joan.
237 1402 299 1443 ιιι,
323 1392 409 1445 13),
440 1403 568 1433 nemo
603 1390 808 1433 ascendit
825 1391 875 1432 in
900 1389 1074 1445 coelum,
1094 1390 1181 1431 nisi
1203 1391 1279 1444 qui
1307 1388 1540 1431 descendit
1561 1389 1617 1430 de
1651 1386 1771 1439 coelo,
1806 1385 1952 1427 Filius

72 1449 262 1494 hominis
280 1454 357 1508 qui
373 1455 437 1495 est
459 1454 508 1495 in
531 1451 712 1495 coelo.—
728 1451 925 1495 Gloriam
945 1450 1082 1495 etiam
1098 1462 1197 1494 suae
1219 1448 1571 1494 resurrectionis
1591 1446 1791 1491 ostendit
1813 1445 1953 1490 disci-

72 1512 194 1568 pulis
216 1525 298 1569 per
324 1513 410 1557 hoc
435 1513 559 1570 qued
583 1513 643 1557 ad
667 1525 750 1557 eos
768 1513 928 1569 J‘anuis
956 1511 1127 1556 clausis
1151 1511 1362 1566 intravit;
1392 1509 1651 1555 secundnm
1673 1508 1799 1554 enim
1828 1508 1953 1563 quod

72 1575 316 1630 Gregorius
339 1575 448 1619 dicit
478 1575 541 1628 (in
571 1576 693 1619 hom.
721 1588 818 1619 xxvi
850 1568 898 1619 in
926 1574 1142 1630 Evangel.
1170 1578 1333 1630 parum
1365 1572 1393 1616 a
1415 1573 1597 1629 princ),
1626 1589 1645 1609 «
1671 1569 1949 1627 palpandam

73 1647 264 1680 carnem
289 1636 509 1680 Dominus
532 1635 745 1692 praebuit,
779 1647 919 1692 quam
947 1635 1104 1692 Januis
1133 1635 1304 1679 clausis
1334 1633 1604 1687 introduxit,
1636 1638 1689 1676 ut
1717 1643 1819 1675 esse
1846 1635 1952 1687 post

72 1697 455 1742 resurrectionem
474 1697 736 1742 ostenderet
753 1709 923 1753 corpus
943 1709 1080 1741 suum
1096 1700 1142 1741 et
1159 1696 1366 1753 ejusdem
1392 1700 1569 1739 naturae
1586 1699 1631 1739 et
1648 1692 1837 1738 alterius
1853 1692 1949 1748 glo·

70 1757 168 1803 riae.
191 1777 211 1796 ι»
231 1758 447 1803 Similiter
474 1758 611 1803 etiam
641 1759 701 1803 ad
730 1759 1055 1816 proprietatem
1077 1758 1235 1814 gloriae
1268 1756 1542 1814 pertinebat,
1564 1755 1687 1812 quod
1715 1755 1859 1798 subit&
1894 1756 1950 1798 ab

69 1820 208 1864 oculis
226 1834 379 1864 eorum
393 1824 592 1876 evanuit,
611 1825 665 1864 ut
686 1820 773 1865 dici
782 1825 854 1865 tur
872 1823 994 1875 (Luc.
1012 1820 1133 1874 ult.)‚
1153 1820 1261 1877 quia
1277 1832 1359 1876 per
1376 1820 1463 1863 hoe
1481 1817 1811 1863 ostendebatur
1828 1816 1948 1873 quod

69 1881 118 1927 in
141 1886 366 1939 potestate
387 1882 490 1939 eJus
517 1887 617 1927 erat
638 1882 785 1927 videri
816 1888 862 1927 et
880 1895 975 1927 non
995 1882 1165 1940 videri3
1185 1882 1310 1939 quod
1331 1882 1530 1939 pertinet
1555 1881 1613 1925 ad
1635 1879 1948 1926 conditionem

68 1943 274 2001 eorporis
288 1943 492 2001 gloriosi,
514 1947 724 2000 utsupra
745 1943 919 1989 dictum
935 1949 1006 1988 est
1029 1946 1124 2001 (qu.
1145 1958 1231 1999 mv,
1253 1948 1339 1989 art.
1359 1947 1379 1988 1
1405 1943 1464 1988 ad
1486 1945 1527 1998 2,
1549 1947 1594 1988 et
1608 1946 1694 1986 art.
1719 1943 1745 1985 3
1763 1941 1820 1986 ad
1837 1945 1890 1993 1).

82 2046 107 2058 A„
123 2005 189 2051 Ad
217 2009 414 2062 primum
435 2017 545 2061 ergo
567 2005 830 2062 dicendum,
848 2006 988 2064 quod,
1009 2006 1115 2051 licet
1138 2006 1322 2061 singula
1346 2010 1720 2061 argumentorum
1740 2015 1832 2046 non
1853 2005 1948 2048 suf·

69 2067 260 2112 ficerent
283 2067 343 2112 ad
369 2067 757 2112 manifestandam
777 2068 976 2124 perfecte
1001 2068 1162 2112 Christi
1189 2068 1591 2121 resurrectionem,
1617 2072 1768 2109 tamen
1794 2066 1948 2110 omnia

68 2129 207 2175 simul
221 2134 409 2186 accepta
423 2130 623 2185 perfecte
642 2131 804 2174 Christi
824 2131 1208 2175 resurrectionem
1222 2130 1535 2183 manifestant,
1547 2126 1748 2172 maxime
1761 2132 1948 2184 propter

66 2193 310 2249 scripturae
333 2192 664 2245 testimonium,
685 2196 732 2237 et
750 2193 1023 2248 angelorum
1046 2193 1184 2249 dicta,
1206 2198 1252 2238 et
1273 2192 1413 2237 etiam
1439 2191 1588 2248 ipsius
1613 2189 1775 2234 Christi
1801 2202 1948 2235 asser-

69 2253 240 2298 tionem
259 2253 494 2297 miraculis
512 2253 846 2298 confirmatam.
880 2254 1040 2309 Angeli
1062 2259 1218 2298 autem
1247 2261 1521 2310 apparentes
1551 2265 1645 2295 non
1678 2251 1946 2296 asserebant

69 2328 120 2362 se
137 2315 347 2360 homines
364 2327 482 2371 esse,
508 2316 629 2360 sicut
651 2316 848 2360 asseruit
867 2317 1072 2360 Christus
1096 2316 1205 2360 vere
1233 2328 1284 2360 se
1310 2316 1542 2360 hominem
1566 2326 1684 2358 esse.
1709 2315 1762 2357 Et
1792 2319 1944 2358 tamen

67 2377 200 2422 aliter
217 2376 423 2422 Christus
448 2377 762 2431 manducavit,
781 2383 828 2422 et
845 2379 980 2423 aliter
1000 2378 1170 2434 angeli.
1192 2380 1305 2421 Nam
1332 2377 1442 2434 quia
1470 2389 1663 2433 corpora
1690 2375 1749 2420 ab
1768 2376 1945 2430 angelis

67 2443 305 2496 assumpta
336 2451 429 2482 non
454 2445 587 2483 erant
609 2451 802 2495 corpora
832 2439 954 2494 viva,
977 2439 1049 2484 vel
1080 2439 1301 2491 animata,
1325 2451 1419 2482 non
1448 2443 1547 2484 erat
1570 2450 1679 2482 vera
1706 2438 1942 2492 comestio,

64 2500 310 2546 licetesset
323 2512 432 2544 vera
451 2500 539 2544 cibi
555 2501 784 2556 contristo,
808 2506 854 2545 et
867 2501 1074 2557 trajectio
1094 2501 1141 2545 in
1161 2501 1423 2545 interiorem
1446 2504 1623 2557 partem
1645 2499 1848 2555 corporis
1871 2513 1939 2544 as-
1960 2556 1967 2558 ξ

66 2562 263 2618 sumpti3
281 2562 404 2606 unde
425 2566 470 2606 et
481 2562 676 2618 angelus
694 2562 815 2607 dixit=
829 2562 998 2617 (Tobiae
1010 2577 1082 2619 xn,
1102 2566 1173 2617 18)
1192 2577 1204 2607 :
1222 2565 1336 2607 Ciam
1354 2576 1493 2606 essem
1511 2563 1804 2605 vobiscum...
1824 2563 1943 2605 vide-

69 2623 152 2666 bar
173 2625 352 2678 quidem
368 2624 589 2667 vobiscum
612 2625 890 2667 manducare
911 2627 958 2667 et
984 2625 1148 2677 ὀίων-0,·
1168 2625 1247 2667 sed
1267 2637 1345 2681 eqo
1369 2625 1462 2667 cibo
1484 2623 1693 2666 invisibili
1712 2626 1830 2666 utor.
1856 2624 1943 2668 Sed

66 2684 177 2741 quia
194 2697 360 2741 eorpus
380 2685 543 2729 Christi
561 2685 671 2729 vere
693 2685 780 2730 fuit
801 2686 1072 2743 animatum,
1098 2698 1207 2730 vcra
1230 2686 1318 2730 fuit
1346 2685 1447 2742 ejus
1477 2684 1714 2728 comestio.
1742 2686 1796 2728 Ut
1818 2684 1942 2729 enim

67 2746 349 2801 Augustinus
367 2746 476 2790 dicit
498 2749 573 2801 (De
592 2747 716 2791 civit.
737 2748 831 2804 Dei,
850 2748 930 2792 lib.
948 2762 1035 2803 xm,
1060 2761 1159 2803 cap.
1179 2751 1249 2803 22,
1267 2747 1312 2791 in
1332 2747 1447 2802 fin.),
1472 2765 1490 2784 «
1515 2759 1605 2790 non
1623 2750 1841 2802 potestas,
1859 2747 1942 2791 sed

67 2811 249 2863 egestas
267 2807 433 2851 edendi
456 2808 726 2864 corporibus
748 2809 1089 2865 resurgentium
1109 2809 1359 2853 auferetur.
1385 2828 1403 2847 »
1426 2809 1569 2861 Unde,
1594 2808 1712 2852 sicut
1733 2808 1853 2853 Beda.
1873 2808 1940 2853 di-

67 2869 259 2926 citscap.
281 2872 332 2915 97
356 2870 406 2914 in
428 2872 571 2927 Luc.),
595 2888 612 2908 a
634 2871 840 2916 Christus
859 2872 1158 2917 manducavit
1171 2876 1412 2929 potestate,
1437 2884 1531 2915 non
1546 2875 1766 2927 egestate.
1788 2890 1807 2910 n
1922 2888 1941 2910 ε

119 2930 186 2976 Ad
205 2931 446 2974 secundum
485 2931 746 2986 dicendum,
782 2934 921 2990 quod,
946 2935 1066 2978 sicut
1101 2934 1276 2978 dictum
1308 2938 1379 2978 est
1408 2934 1471 2986 (in
1501 2946 1626 2990 corp.
1655 2937 1774 2988 art.),
1807 2944 1939 2989 argu-

38 3019 39 3022 =
65 2996 220 3036 menta
238 2992 448 3048 quaedam
478 2993 814 3038 inducebantur
840 2995 867 3038 a
893 2996 1068 3040 Christo
1087 2996 1144 3039 ad
1165 2995 1448 3051 probandam
1466 2995 1703 3038 veritatem
1725 2995 1939 3039 hnmanae

66 3057 260 3112 naturae,
277 3057 490 3110 quaedam
513 3054 623 3098 vero
637 3055 694 3099 ad
717 3056 1001 3111 probandam
1022 3057 1214 3112 glorian]
1237 3059 1539 3112 resurgentis.
1559 3056 1762 3101 conditio
1784 3062 1938 3102 autem

66 3118 243 3159 naturae
263 3115 493 3173 humanae,
511 3116 768 3161 secundum
791 3117 915 3174 quod
937 3119 984 3162 in
1005 3131 1057 3163 se
1075 3117 1409 3173 consideratur,
1442 3122 1664 3174 quantum
1689 3118 1860 3163 scilicet
1881 3120 1939 3164 ad

64 3180 234 3221 statum
254 3181 548 3233 praesentem,
572 3178 877 3223 contrariatur
894 3181 1146 3224 conditioni
1171 3180 1344 3236 gioriae,
1364 3181 1618 3225 secundum
1637 3181 1751 3226 illud
1769 3183 1815 3235 (I.
1838 3183 1935 3225 Cor.

64 3251 136 3293 xv,
161 3241 230 3291 43)
253 3253 264 3281 z
287 3241 549 3282 seminatur
568 3243 615 3282 in
637 3242 918 3297 infirmitate,
942 3246 1094 3298 surqec
1120 3245 1167 3285 in
1193 3245 1374 3286 virtute.
1400 3245 1452 3286 Et
1482 3243 1584 3287 ideo
1602 3256 1654 3287 ea
1676 3255 1779 3299 quae
1800 3243 1937 3287 indu-

62 3304 234 3342 cuntur
266 3300 324 3344 ad
361 3301 692 3345 ostendendam
715 3303 1023 3347 conditionem
1048 3303 1229 3360 gloriae,
1252 3304 1468 3349 videntur
1489 3305 1657 3349 habere
1688 3306 1935 3350 contrarie-

63 3362 203 3403 tatem
223 3361 281 3405 ad
301 3365 532 3418 naturam,
552 3375 645 3406 non
667 3363 948 3419 simpliciter,
967 3364 1048 3408 sed
1067 3365 1323 3409 secundum
1343 3371 1514 3410 statum
1536 3370 1824 3423 praesentem,
1849 3367 1936 3410 ete

63 3431 300 3469 conversO.
321 3424 448 3469 Unde
466 3424 709 3480 Gregorius
736 3425 843 3469 dicit
865 3426 1007 3479 (hom.
1031 3439 1128 3469 xxvi
1148 3427 1195 3470 in
1210 3429 1382 3484 Evang.
1407 3430 1539 3474 naulo
1562 3430 1588 3473 a
1607 3430 1787 3484 brine),
1813 3429 1934 3485 quud
