2170 3808
172 187 254 229 374
747 184 944 235 QUAEST.
974 183 1095 237 XLV,
1123 184 1241 226 ART.
1271 185 1308 227 11
1333 185 1398 227 ET
1425 185 1493 228 ΠΙ.

174 266 496 324 dispensative
532 265 710 310 factum
752 270 825 311 est
869 270 923 310 ut
962 265 1009 309 in
1047 264 1225 310 Christo
1261 265 1406 324 gloria
1448 267 1616 312 animae
1652 280 1747 312 non
1783 268 2066 316 redundaret

171 328 232 374 ad
249 340 447 384 corpus,
468 327 533 371 ita
550 327 651 372 fieri
672 327 826 384 potuit
842 325 1178 386 dispensative,
1198 331 1251 372 ut
1265 328 1547 374 redundaret
1568 333 1796 388 quantum
1820 329 1878 374 ad
1911 330 2062 376 dotem

171 389 396 435 claritatis
412 423 425 443 ,
463 394 509 434 et
544 401 640 434 non
676 393 903 447 quantum
937 390 996 435 ad
1031 389 1189 434 dotem
1222 389 1620 447 impassibilitatis.

226 451 292 496 Ad
314 453 562 496 secundum
590 451 858 509 dicendum,
892 451 1020 509 quod
1052 451 1132 496 illa
1168 450 1357 497 claritas
1391 453 1560 499 dicitur
1594 452 1869 510 imaginaria
1899 453 2064 512 fuisse,

172 525 267 559 non
305 512 414 570 quia
457 518 586 559 esset
618 526 731 559 vera
771 513 958 558 claritas
988 513 1165 570 gloriae,
1197 514 1284 559 sed
1304 514 1414 571 quia
1443 520 1542 560 erat
1564 515 1779 572 quaedam
1813 515 1969 572 imago
1989 527 2064 562 re-

172 579 468 634 praesentans
488 576 616 620 illam
642 575 801 633 gloriae
821 576 1172 634 perfectionem,
1193 575 1455 621 secundum
1477 589 1618 635 quam
1655 590 1825 634 corpus
1856 577 1943 623 erit
1963 576 2063 635 glo-

170 650 365 683 mosum.

225 700 294 745 Ad
316 702 499 743 tertium
536 699 805 752 dicendum,
829 699 954 756 quod
973 699 1094 744 sicut
1116 698 1302 744 claritas
1321 712 1427 771 quae
1457 705 1558 746 erat
1579 701 1627 746 in
1659 713 1851 758 corpore
1879 700 2062 760 Christi,

171 762 542 832 repraesentabat
571 762 781 806 futuram
800 760 1058 806 claritatem
1090 761 1297 819 corporis
1325 762 1448 822 eJuS,
1468 762 1532 808 ita
1552 763 1741 808 claritas
1760 762 2064 809 vestimento-

171 834 278 868 rum
299 822 403 880 ers
429 822 707 880 designabat
741 822 951 867 futuram
972 821 1233 867 claritatem
1261 827 1528 869 sanctorum
1546 857 1560 881 ,
1581 836 1687 882 quae
1718 836 1859 881 supe1
1862 824 2014 870 ‘ibitur
2034 824 2065 870 a.

171 884 378 930 claritate
398 884 579 940 Christi,
604 884 728 929 sicut
745 883 924 929 candor
944 883 1066 928 nivis
1088 889 1335 956 superatur
1350 883 1379 929 a
1397 886 1644 943 splendore
1662 886 1789 931 solis,
1806 886 1936 931 Unde
1953 888 2063 932 Gre-
2148 933 2150 935 .

173 946 334 1002 gorius
355 944 465 990 dicit
493 946 661 999 (Moral.
682 944 763 990 lib.
786 959 917 999 xxxn,
940 957 1042 1002 cap.
1068 948 1111 1000 7,
1143 945 1172 989 a
1191 945 1379 1002 princ.),
1408 946 1531 1004 quod
1557 964 1579 986 «
1594 948 1871 992 vestimenta
1897 947 2064 993 Christi

105 1030 118 1043 --
171 1007 295 1052 facta
317 1011 430 1051 sunt
451 1007 764 1065 splendentia,
784 1007 895 1066 quia
913 1007 962 1052 in
981 1019 1200 1065 supernae
1221 1007 1440 1053 claritatis
1456 1008 1662 1055 culmine
1679 1010 1829 1055 sancti
1841 1021 2006 1055 omnes
2019 1009 2065 1055 ei

172 1067 279 1114 luce
297 1068 494 1125 justitiae
516 1068 756 1126 fulgentes
778 1069 1100 1115 adhaerebunt.
1128 1088 1147 1107 »
1176 1069 1382 1114 VestiUm
1403 1069 1529 1114 enim
1547 1071 1737 1117 nomine
1749 1072 1924 1129 justos,
1945 1083 2064 1129 quos

173 1130 261 1175 sibi
282 1131 523 1187 adjimget,
542 1131 789 1189 significat,
802 1132 1058 1176 secundnm
1072 1131 1186 1176 illud
1200 1131 1349 1187 (Isaiae
1360 1145 1472 1189 xmx,
1489 1135 1558 1187 18)
1582 1145 1593 1176 :
1617 1136 1702 1177 His
1722 1134 1922 1178 omnibus
1943 1134 2066 1179 velut

174 1195 442 1237 ornamento
464 1195 683 1238 vestieris.
705 1194 860 1239 Nubes
877 1198 1034 1238 autem
1052 1194 1209 1239 lucida
1232 1193 1463 1251 significat
1486 1194 1681 1252 Spiritus
1699 1196 1847 1240 sancti
1869 1195 2063 1252 gloriam
2144 1211 2148 1215 ’

172 1254 250 1300 vel
268 1255 490 1300 virtutem
519 1261 781 1313 paternam,
801 1264 857 1301 ut
881 1256 1103 1312 Origenes
1122 1256 1234 1302 dicit
1254 1257 1395 1311 (hom.
1416 1271 1461 1300 111
1483 1257 1532 1301 in
1550 1258 1705 1303 Matth.
1729 1257 1850 1303 inter
1871 1258 1996 1303 med.
2018 1262 2065 1304 et
2144 1291 2159 1297 .,

171 1316 253 1362 fin.
258 1319 290 1374 ),
311 1330 396 1374 per
418 1330 561 1375 quam
584 1320 734 1366 sancti
758 1321 806 1364 in
821 1321 978 1364 futura
997 1319 1142 1375 gloria
1167 1323 1482 1376 protegentur.
1505 1321 1724 1372 Quamvis
1743 1321 1883 1366 etiam
1901 1333 2157 1366 conve·

172 1379 357 1424 nienter
375 1380 641 1437 significare
659 1382 809 1439 possit
827 1383 1088 1426 claritatem
1115 1382 1310 1426 mundi
1298 1382 1528 1436 mnovati,
1553 1395 1658 1440 quae
1675 1382 1762 1428 erit
1794 1387 2064 1429 sanctorum
2153 1430 2156 1443 ὲ

172 1441 556 1500 tabernaculum,
589 1444 735 1500 unde,
757 1446 888 1489 Petro
920 1444 1197 1501 disponente
1220 1443 1524 1488 tabernacula
1542 1444 1717 1502 facere,
1737 1445 1891 1491 nubes
1911 1445 2064 1491 lucida
2141 1470 2146 1503 5

171 1501 428 1560 discipulos
441 1505 757 1551 obumbravit.

200 1568 544 1612 ARTICULUS
568 1571 654 1614 111.
676 1593 733 1600 —-
754 1581 895 1614 urium
912 1581 1067 1614 'rasus
1086 1580 1499 1614 'rmusmcunnmms
1523 1581 1840 1614 convmmnmn
1855 1582 2036 1614 mnium·

226 1690 296 1735 Ad
326 1691 514 1736 tertium
550 1692 620 1737 sic
650 1692 920 1748 proceditur
953 1695 994 1737 1.
1026 1642 1214 1737 ssildtgiilr
1243 1690 1369 1749 quod
1397 1705 1493 1737 non
1525 1693 1859 1738 convenienter
1886 1692 2063 1739 inducti

170 1750 343 1797 fuerint
365 1757 511 1799 testes
531 1753 972 1812 transfigurationis
1003 1754 1338 1812 Unusquisque
1355 1754 1481 1799 enim
1508 1754 1711 1799 maxime
1735 1759 1887 1811 potest
1905 1755 2064 1813 perhi-

170 1813 282 1859 bere
311 1815 630 1861 testimonium
652 1817 711 1862 de
733 1817 873 1863 notis.
895 1816 983 1863 Sed
1002 1816 1154 1874 qualis
1172 1821 1296 1862 esset
1313 1817 1470 1863 futura
1488 1817 1636 1875 gloria
1657 1822 1862 1875 tempore
1881 1818 2064 1864 transfi-

170 1877 430 1932 gurationis
449 1877 635 1936 Christi,
659 1879 776 1924 nulli
798 1879 974 1924 homini
993 1891 1076 1936 per
1095 1879 1470 1935 experimentum
1487 1885 1587 1924 erat
1604 1878 1758 1925 adhuc
1779 1883 1958 1932 notum,
1980 1881 2063 1926 sed
2131 1895 2143 1938 j

169 1936 281 1982 solis
314 1939 509 1995 angelis.
541 1942 660 1997 Ergo
687 1945 829 1987 testes
860 1940 1286 1997 transfigurationis
1309 1941 1459 1998 magis
1489 1941 1752 1987 debuerunt
1778 1954 1883 1988 esse
1907 1942 2061 2000 angeli
2140 1998 2141 2001 Ἴ

169 1999 312 2056 quam
331 2001 561 2047 homines.

225 2063 269 2106 2.
298 2064 539 2120 Praeterea,
561 2069 703 2110 testes
720 2065 930 2111 veritatis
950 2078 1044 2110 non
1073 2065 1206 2110 decet
1225 2065 1395 2138 aliqua·
1400 2065 1541 2122 fictio,
1565 2065 1647 2111 sed
1668 2066 1854 2112 veritas.
1881 2069 2062 2125 Moyses

169 2128 325 2169 autem
345 2131 391 2171 et
408 2126 531 2172 Elias
548 2139 643 2172 non
667 2128 731 2173 ibi
752 2129 862 2173 vere
884 2128 1683 2186 affuerunt‚sed1ma01na11edicit
1703 2128 1828 2174 enim
1847 2129 2060 2186 quaedam
2132 2135 2157 2171 ‘t

169 2185 329 2230 Glossa
348 2189 595 2245 (colligitur
614 2203 672 2234 ex
690 2190 772 2235 lib.
801 2204 845 2234 111
866 2191 923 2236 de
944 2190 1224 2235 Mirabilibus
1242 2192 1286 2235 S.
1317 2191 1585 2249 Scripturae,
1604 2203 1706 2248 cap.
1727 2194 1755 2237 9
1782 2195 1830 2236 et
1847 2193 1920 2250 10,
1940 2191 2062 2237 inter
2134 2199 2151 2255 ᾗ

169 2258 244 2304 op.
264 2252 380 2305 Aug.
369 2282 439 2305 .‚..
420 2263 563 2308 super
581 2252 697 2297 illud
712 2254 822 2298 Luc.
847 2266 911 2296 rx:
932 2256 1082 2296 Erant
1101 2256 1254 2297 autem
1267 2256 1456 2310 Moyses,
1474 2257 1520 2297 et
1542 2254 1690 2310 Elia-5,
1708 2254 1846 2306 etc)
1865 2270 1887 2292 «
1903 2253 2060 2298 Scien-

169 2308 283 2354 dum
306 2316 394 2369 est,
419 2325 514 2357 non
538 2326 758 2372 corpora,
790 2315 866 2359 vel
890 2315 1069 2360 animas
1097 2314 1240 2373 Moysi
1265 2320 1310 2360 et
1335 2315 1445 2361 Eliae
1476 2314 1541 2360 ihi
1575 2315 1870 2374 apparuisse,
1907 2315 2023 2361 sed
2010 2329 2060 2361 ιιι

169 2370 381 2428 subjecta
399 2379 612 2419 creatura
636 2375 713 2420 illa
737 2388 934 2434 corpora
953 2377 1101 2421 fuisse
1117 2377 1329 2422 formata.
1354 2379 1508 2422 Potest
1530 2377 1671 2423 etiam
1689 2377 1831 2435 credi,
1849 2378 2060 2436 angelico

168 2433 425 2479 ministerio
448 2436 536 2480 hoc
567 2437 740 2481 factum
766 2449 894 2494 esse,
925 2442 980 2482 ut
1000 2437 1156 2494 angeli
1186 2450 1349 2483 eorum
1373 2450 1600 2496 personas
1620 2441 1679 2494 (1)
1699 2444 2010 2486 assumerent.
2034 2459 2056 2480 ι»

169 2496 268 2540 Νοιι
288 2507 398 2552 ergo
423 2497 604 2543 videtur
623 2498 748 2555 quod
768 2499 942 2544 fuerint
962 2500 1295 2545 convenientes
1322 2503 1478 2546 testes·

219 2559 264 2602 3.
285 2560 509 2605 Praeterea
538 2563 654 2613 (Act.
690 2575 734 2619 x,
767 2563 857 2617 43),
886 2561 1056 2607 dicitur
1082 2562 1209 2619 quod
1231 2561 1410 2608 Christo
1427 2575 1579 2607 omnes
1598 2564 1833 2621 prophetae
1857 2565 2059 2608 testimo-

167 2620 292 2664 nium
308 2621 564 2678 perhibent.
585 2625 703 2679 Ergo
731 2635 827 2667 non
850 2623 936 2667 soli
956 2625 1136 2681 Moyses
1152 2627 1198 2669 et
1218 2622 1339 2669 Elias
1360 2622 1622 2670 debuerunt
1643 2625 1808 2670 adesse
1835 2628 2058 2683 tanquam

168 2683 326 2736 testes,
351 2683 436 2728 sed
457 2683 597 2728 etiam
622 2696 787 2729 omnes
810 2685 1064 2742 prophetae.
2124 2710 2127 2717 ·

222 2747 267 2789 4.
295 2747 536 2804 Praeterea,
563 2747 709 2804 gloria
731 2747 896 2793 Christi
917 2748 1137 2794 omnibus
1154 2747 1319 2793 Christi
1337 2743 1553 2794 fidelibus
1570 2749 1917 2807 repromittitur,
1939 2761 2058 2810 quos

167 2817 252 2864 per
272 2820 408 2853 suam
426 2808 887 2867 transfigurationem
906 2811 966 2857 ad
983 2811 1110 2856 illius
1131 2810 1290 2869 gloriae
1313 2810 1594 2857 desiderium
1620 2812 1876 2858 accendere
1894 2811 2053 2858 voluit.

167 2871 267 2914 Non
291 2882 403 2927 ergo
425 2872 550 2917 solos
564 2874 749 2918 Petrum
768 2878 815 2919 et
831 2873 1070 2928 lambam,
1090 2879 1138 2919 et
1154 2874 1406 2919 loannem
1393 2887 1441 2918 ιιι
1459 2874 1777 2920 testimonium
1795 2887 1895 2921 suae
1910 2879 2055 2920 trans·
2106 2891 2107 2894 ¹

170 2928 463 2987 figurationis
481 2946 721 2980 assumere
742 2933 917 2990 debuit,
942 2936 1025 2981 sed
1045 2948 1210 2981 omnes
1230 2935 1500 2993 discipulos.

224 2996 274 3038 In
295 2999 575 3041 contrarium
604 3002 677 3043 est
695 2998 985 3056 Evangelicae
1004 2999 1250 3056 ScrIpturae
1270 2998 1522 3044 auctoritas
1544 2998 1840 3056 (Matth.xv11,
1859 3001 1907 3044 et
1922 2995 2052 3043 Marci

169 3068 228 3112 ix,
251 3061 297 3100 et
317 3059 451 3102 Lucae
467 3062 535 3110 rx).

217 3124 509 3167 CONCLUSIO.
528 3150 578 3157 —
599 3129 836 3180 Congruum
858 3131 959 3178 fuit,
985 3133 1035 3170 ut
1063 3130 1109 3170 hi
1135 3133 1253 3171 testes
1272 3129 1648 3181 transfigurationis
1670 3131 1935 3179 vocarentur,
1953 3138 2053 3191 quqss

168 3180 398 3229 evangelica
421 3180 555 3232 prodit
581 3182 774 3233 historia3
794 3185 844 3225 de
867 3160 1183 3237 praecedentibus
1204 3189 1370 3226 sanctus
1385 3186 1545 3237 Moyses
1565 3187 1606 3225 ct
1630 3184 1764 3233 Elias;
1785 3184 1870 3225 des
1852 3181 2052 3236 sequenti-

167 3210 418 3330 ξὲῒεθξὲἑξὲῗ,
437 3236 626 3287 Jacobus‚
646 3250 693 3278 ac
709 3239 900 3290 Joannes,
920 3244 967 3280 ut
983 3251 1126 3280 omnes
1147 3251 1189 3281 se
1206 3252 1290 3281 esse
1307 3251 1378 3293 per
1399 3239 1571 3292 gloriam
1592 3250 1711 3279 suam
1727 3238 2051 3290 glorificaturum

209 3387 253 3429 (l)
271 3387 343 3421 Non
363 3399 376 3419 s
381 3399 480 3421 iiiii
485 3388 527 3421 do
546 3398 746 3431 personam
762 3401 861 3425 sensu
879 3391 1067 3432 theologico
1151 3404 1218 3433 quo
1246 3401 1405 3435 persona
1439 3390 1567 3425 dicitur
1586 3391 1623 3424 in
1644 3391 1792 3431 theatris,
1817 3402 1891 3433 quae
1913 3387 2051 3424 alterius

168 3446 231 3477 pro
247 3436 425 3478 hypostasi,
440 3441 478 3470 ut
494 3447 531 3470 cx
541 3436 709 3476 adjunctis
725 3442 829 3478 patet,
846 3439 901 3474 sed
916 3451 954 3472 eo
971 3451 1068 3474 sensu
1153 3439 1295 3475 formam
1314 3442 1542 3481 repraesentat.
