2170 3808
813 169 1008 221 QUAEST.
1031 166 1168 225 XLVI,
1196 168 1315 211 ΛΒΤ.
1345 168 1396 211 Χ.
1963 166 2045 209 395

178 255 342 310 quaest.
364 265 433 309 tv,
453 251 572 296 inter
589 261 662 306 op.
683 251 835 306 Aug),
863 268 883 288 «
900 249 1056 295 omnia
1071 250 1268 307 propriis
1287 249 1400 294 loeis
1420 251 1466 293 et
1484 246 1768 304 temporibus
1783 246 1927 302 gessit
1946 242 2044 290 Sal-

179 318 324 372 vator,
351 333 372 353 »
391 313 502 371 :quia
522 311 642 358 sicut
679 311 835 356 omnia
866 316 1073 369 tempora
1099 315 1215 356 -sunt
1248 311 1296 355 in
1318 323 1463 355 manu
1484 309 1603 367 erS,
1625 310 1688 354 ita
1723 308 1862 354 etiam
1889 307 2045 352 omnia

178 375 280 422 loca
300 391 311 421 :
331 379 379 421 et
406 374 508 420 ideo
541 372 662 418 sicut
698 372 995 419 convenienti
1017 377 1223 429 tempore
1258 372 1467 418 Christus
1506 384 1676 429 passus
1702 375 1803 426 est,
1823 369 1887 414 ita
1908 368 2045 414 etiam

180 435 468 483 convenienti
486 435 602 480 loco.

233 499 299 545 Ad
327 503 524 557 primum
546 508 657 553 ergo
684 495 933 542 dicendum
945 530 959 552 ‚
979 494 1104 553 quod
1117 494 1330 540 Christus
1348 494 1784 540 convenientissime
1798 493 1847 538 in
1863 494 2045 538 Jerusa-

181 558 271 606 lem
293 571 460 617 passus
477 561 562 604 est.
586 556 736 602 Primo
754 557 943 615 quidem
962 556 1072 613 quia
1093 555 1346 601 Jerusalem
1367 559 1467 600 erat
1482 555 1611 600 locus
1633 556 1661 599 a
1679 558 1771 600 Deo
1792 554 1968 600 electus
1984 552 2045 599 ad

180 620 400 667 sacrificia
418 620 506 665 sibi
523 619 758 665 offerenda
773 633 786 674 ;
812 631 917 677 quae
932 618 1121 676 quidem
1134 617 1346 675 figuralia
1365 617 1589 662 sacrificia
1606 616 1869 674 figurabant
1882 614 2045 660 Christi

178 682 439 739 passionem
455 714 469 739 ,
492 681 615 738 quod
651 686 720 727 est
747 692 912 726 verum
943 680 1220 725 sacrificium
1234 713 1248 736 ‚
1273 679 1533 725 secundum
1568 679 1684 723 illud
1704 679 1883 734 (EpheS.
1905 692 1946 732 v,
1964 679 2007 731 2)
2027 690 2043 720 z

182 744 398 788 wadidit
432 745 717 799 semetipsum
744 742 938 787 hostiam
977 744 1024 786 et
1047 742 1316 786 oblationem
1349 744 1397 785 in
1419 741 1601 784 odorem
1631 742 1887 784 suavitatis.
1918 738 2046 784 Unde

178 804 298 850 Beda
331 803 440 850 dicit
471 804 520 848 in
555 804 756 861 quadam
794 802 983 849 homilia
1018 802 1082 858 (in
1116 802 1293 848 Domin.
1317 802 1594 858 palmarum,
1618 801 1667 846 in
1698 799 1878 857 prinu),
1902 799 2042 857 quod,

183 882 204 904 α
224 865 618 923 appropinquante
638 866 751 910 hora
767 864 1011 921 passionis,
1026 865 1246 910 Dominus
1260 864 1634 920 appropinquare
1647 861 1792 907 voluit
1812 861 1914 906 loco
1934 873 2044 917 pas-

180 927 338 983 sionis,
362 946 382 967 »
408 928 583 972 scilicet
614 927 866 972 Jerusalem
887 929 962 984 (1),
987 926 1079 984 quo
1099 925 1309 983 pervenit
1326 931 1433 970 ante
1456 938 1538 970 sex
1561 925 1659 970 dies
1679 924 1863 968 Paschae
1883 937 1896 973 ς
1927 922 2045 968 sicut

176 999 329 1046 agnus
362 989 592 1046 paschalis
632 994 738 1033 ante
760 1001 844 1034 sex
876 988 978 1034 dies
996 989 1198 1044 Paschae,
1238 988 1285 1033 id
1314 991 1403 1045 est,
1425 987 1608 1033 decima
1635 987 1763 1042 luna,
1785 985 2045 1030 secundum

179 1056 459 1108 praeceptum
482 1050 598 1108 legis
619 1051 678 1095 ad
696 1050 850 1095 locum
871 1049 1196 1094 immolationis
1214 1048 1491 1094 ducebatur.
1512 1047 1726 1092 Secundo
1739 1080 1752 1103 ,
1772 1046 1882 1104 quia
1898 1045 2046 1091 virtus

176 1112 405 1169 passionis
419 1112 520 1169 eJus
541 1112 601 1157 ad
625 1115 770 1156 totum
791 1110 1019 1156 mundum
1038 1110 1342 1155 diffundenda
1370 1113 1484 1166 erat,
1504 1109 1555 1154 in
1584 1109 1736 1154 medio
1758 1114 1891 1152 terrae
1910 1107 2046 1151 habi-

176 1173 330 1219 tabilis
351 1176 410 1229 (2)
429 1173 521 1230 pati
544 1173 705 1228 voluit,
737 1172 784 1216 id
819 1176 905 1231 est,
927 1172 976 1215 in
996 1171 1265 1216 Jerusalem.
1290 1172 1415 1218 Unde
1433 1170 1601 1216 dicitur
1621 1170 1755 1224 (Psal.
1778 1183 1919 1223 Lxxm,
1941 1172 2041 1222 12):

176 1238 297 1278 Deus
315 1238 464 1280 autem
493 1239 587 1278 Rex
602 1237 751 1277 noster
772 1236 880 1277 ante
899 1234 1050 1276 secula
1069 1236 1283 1289 operatus
1296 1237 1367 1277 est
1382 1233 1576 1276 salutem
1591 1234 1641 1275 in
1659 1231 1805 1275 medlo
1829 1234 1977 1285 terrae,
1998 1230 2043 1276 id

176 1299 263 1351 est,
286 1295 332 1340 in
369 1297 620 1342 Jerusalem
633 1330 647 1350 .‚
685 1307 791 1353 quae
823 1295 991 1340 dicitur
1029 1307 1132 1340 esse
1154 1296 1405 1341 umbilicus
1432 1300 1580 1340 terrae-
1616 1293 1780 1350 Tertio,
1817 1293 1927 1349 quia
1959 1294 2046 1338 hoc

175 1356 376 1402 maxime
393 1357 696 1403 conveniebat
711 1356 958 1401 humilitati
989 1357 1090 1414 eJus
1110 1373 1123 1400 z
1147 1362 1202 1401 ut
1214 1358 1393 1404 scilicet
1419 1357 1545 1402 'sicut
1561 1355 1877 1412 turpissimum
1901 1365 2047 1410 genus

174 1419 334 1465 mortis
355 1419 507 1476 elegit,
546 1419 609 1464 ita
641 1419 779 1464 etiam
816 1418 876 1464 ad
894 1418 999 1475 ejus
1021 1419 1326 1465 humilitatem
1357 1418 1576 1477 pertinuit
1611 1417 1732 1474 quod
1754 1416 1802 1460 in
1832 1417 1933 1460 loco
1953 1421 2047 1462 tam

174 1480 341 1525 celebri
375 1482 697 1526 confusionem
732 1481 824 1536 pati
848 1493 946 1524 non
969 1481 1214 1526 recusavit.
1238 1482 1366 1527 Unde
1391 1485 1478 1526 Leo
1502 1484 1625 1537 Papa
1647 1479 1759 1524 dicit
1779 1478 1826 1522 in
1847 1479 2046 1534 quodam

174 1551 389 1586 sermone
406 1542 627 1598 Epiphan.
654 1542 690 1596 (¹1
714 1541 762 1585 in
781 1553 836 1586 eo
859 1540 992 1596 festo,
1016 1554 1118 1599 cap.
1130 1544 1177 1597 2,
1199 1542 1227 1586 a
1254 1543 1453 1600 princ.):
1477 1559 1497 1580 «
1519 1541 1603 1594 Qui
1623 1539 1745 1585 servi
1780 1545 2048 1596 susceperat

176 1601 393 1658 formam,
412 1603 677 1648 Bethlehem
702 1602 940 1659 praeelegit
970 1603 1218 1660 nativitati,
1233 1605 1486 1649 Jerusalem
1506 1602 1728 1660 passioni.
1746 1621 1766 1641 »
1792 1601 1975 1659 Quarto,
1997 1605 2049 1645 ut

178 1663 439 1718 ostenderet
458 1663 485 1707 a
505 1663 792 1720 principibus
824 1664 981 1721 populi
1002 1665 1264 1710 Judaeorum
1302 1672 1511 1711 exortam
1546 1676 1649 1708 esse
1667 1663 1955 1718 iniquitatem
1973 1674 2048 1707 oc-

179 1721 431 1769 cidentium
451 1725 606 1779 ipsum
622 1739 637 1782 ς
657 1729 703 1770 et
723 1724 827 1770 ideo
844 1725 895 1769 in
924 1727 1198 1780 Jerusalem,
1215 1727 1294 1772 ubi
1317 1727 1550 1784 principes
1568 1725 1884 1778 morabantur,
1905 1724 2050 1769 voluit

178 1784 300 1840 pati:
319 1785 441 1830 unde
461 1785 630 1830 dicitur
647 1788 761 1840 (Act.
784 1799 842 1842 iv,
859 1788 929 1842 27)
947 1798 960 1830 ε
980 1790 1295 1831 Convenerunt
1310 1792 1357 1830 in
1371 1791 1457 1832 ista
1480 1790 1660 1830 civitate
1672 1786 1896 1828 adversas
1917 1799 2049 1830 sanc-

178 1848 272 1890 tum
290 1860 479 1903 puerum
504 1851 626 1890 tuum
644 1850 807 1901 Jesum,
834 1860 962 1902 quem
979 1852 1155 1892 unxisti
1164 1881 1180 1905 ,
1204 1851 1404 1893 Herodes
1441 1852 1486 1892 et
1521 1851 1703 1891 Pontius
1737 1847 1916 1890 Pilatus
1948 1860 2047 1891 cum

178 1909 379 1964 qentibus
401 1913 444 1952 et
455 1908 637 1965 populis
656 1909 818 1952 lsrael.

231 1969 298 2014 Ad
306 1970 545 2012 secundum
556 1970 685 2013 dicen
691 1969 818 2025 dum,
830 1970 952 2026 quod
958 1971 1165 2015 Christus
1179 1984 1270 2016 non
1284 1972 1330 2015 in
1351 1972 1524 2028 templo
1533 1970 1963 2025 autincivitate,sed
1970 1982 2048 2015 ex-

178 2034 246 2074 tra
254 2034 434 2086 portam
446 2041 611 2085 passus
620 2034 897 2086 esnpropter
908 2031 1006 2074 tria.
1018 2031 1167 2075 Primo
1182 2032 1369 2088 quidem
1380 2038 1431 2076 ut
1443 2032 1610 2076 veritas
1622 2030 1920 2087 responderet
1930 2030 2048 2086 figu-

178 2102 255 2135 rae.
275 2092 385 2135 Nam
394 2090 567 2134 vitulus
586 2095 632 2134 et
646 2090 817 2146 hircus,
832 2091 911 2147 qui
926 2091 1268 2136 solemnissimo
1281 2093 1504 2138 sacrificio
1521 2091 1893 2148 adexpiationem
1911 2092 2049 2137 totius

178 2151 488 2196 multitudinis
510 2151 838 2207 offerebantur,
851 2156 981 2196 extra
999 2158 1149 2197 castra
1164 2155 1570 2210 comburebantur,
1588 2153 2044 2210 utpraecipitur.(Lev.
2087 2195 2091 2200 .

180 2214 282 2267 xvi).
309 2212 435 2256 Unde
450 2212 749 2266 diciturffleb.
761 2216 952 2269 x111,11):
968 2217 1165 2270 Quorum
1177 2218 1651 2270 animaliumz'nfertur
1659 2217 1843 2271 sanquis
1849 2228 1933 2271 pro
1942 2228 2049 2270 pec-

179 2276 280 2317 cato
291 2276 502 2317 insancta
511 2286 594 2330 per
599 2275 875 2331 pontificem,
886 2276 1048 2318 horum
1059 2290 1250 2333 corpora
1261 2281 1520 2322 cremantur
1527 2282 1662 2320 extra
1675 2280 1844 2319 castra.
1858 2280 2050 2333 Propter

180 2336 299 2391 quod
317 2339 364 2379 et
373 2338 520 2388 Jesus,
535 2339 584 2378 ut*
607 2338 912 2391 sanctificaret
925 2350 1010 2393 per
1029 2351 1158 2381 suum
1178 2343 1443 2396 sanquinem
1460 2339 1691 2396 populum,
1713 2342 1847 2382 extra
1865 2342 2049 2394 portam

177 2411 335 2454 passus
355 2401 440 2441 est.
461 2397 688 2455 Secundo,
710 2402 762 2442 ut
775 2410 860 2455 per
878 2398 967 2443 hoc
978 2399 1108 2445 daret
1123 2402 1257 2447 nob-is
1271 2402 1539 2460 exemplum
1549 2398 1750 2447 exeundi
1764 2400 1794 2444 a
1812 2402 2046 2448 mundana

178 2458 537 2503 conversatione.
552 2460 680 2504 Unde
693 2458 861 2504 ibidem
874 2460 1089 2505 subditur
1105 2476 1116 2504 :
1134 2467 1362 2507 Exeamus
1380 2467 1521 2521 iqitur
1534 2465 1597 2507 ad
1614 2476 1713 2506 eum
1730 2466 1862 2507 extra
1877 2467 2047 2521 castra,

178 2523 498 2578 improperium
529 2522 623 2576 ejus
654 2525 906 2578 portantes
944 2523 1108 2579 Tertio,
1130 2530 1181 2568 ut
1216 2526 1572 2583 Chrysostomus
1601 2526 1649 2569 in
1671 2537 1811 2569 serm.
1844 2525 1902 2570 de
1922 2527 2046 2571 Pass.

179 2583 278 2636 (seu
308 2584 371 2626 De
399 2594 538 2627 cruce
562 2589 611 2627 et
629 2583 826 2639 latrone,
853 2583 1077 2640 aliquant.
1101 2585 1128 2628 a
1154 2587 1322 2642 princ.)
1344 2587 1468 2643 dicit,
1493 2586 1676 2630 «noluit
1702 2585 1922 2630 Dominus
1954 2587 2046 2643 pati

97 2700 100 2704 r
179 2643 424 2699 subtecto,
448 2655 541 2687 non
564 2643 612 2687 in
634 2644 806 2701 templo
834 2645 1048 2702 ludaico,
1071 2660 1130 2691 ne
1158 2648 1302 2692 Judaei
1324 2648 1650 2693 subtraherent
1679 2647 1956 2692 sacrificium
1975 2660 2049 2693 sa-

180 2703 342 2761 lutare,
355 2716 420 2749 ne
441 2708 629 2761 putares
650 2717 734 2761 pro
755 2705 834 2749 illa
850 2707 1032 2750 tantum
1054 2708 1188 2764 plebe
1206 2709 1410 2754 oblatum
1431 2725 1444 2753 τ
1468 2714 1515 2754 et
1530 2709 1636 2754 ideo
1652 2707 1777 2753 foras
1796 2709 2046 2767 civitatem,

181 2763 303 2809 foras
323 2776 497 2820 muros,
529 2770 582 2810 ut
615 2766 735 2810 scias
769 2767 1043 2813 sacrificium
1062 2781 1168 2814 esse
1200 2783 1464 2828 commune,
1487 2771 1611 2827 quod
1644 2769 1784 2814 totius
1810 2775 1883 2815 est
1916 2775 2050 2816 terrae

180 2824 367 2882 oblatio,
381 2826 508 2883 quod
530 2827 788 2872 communis
810 2833 881 2873 est
904 2830 1176 2886 purificatio.
1201 2851 1221 2870 υ

235 2886 301 2931 Ad
335 2890 517 2930 tertium
549 2887 811 2944 dicendum,
849 2890 1000 2948 qued,
1031 2891 1154 2936 sicut
1193 2893 1502 2952 Hieronymus
1535 2891 1647 2937 dicit
1689 2895 1861 2949 (super
1894 2894 2047 2939 Matth.

206 2960 287 3006 up.
319 2947 435 2993 illud
463 2960 564 3005 cap.
589 2952 642 2993 27
665 2964 677 2994 :
704 2953 766 2994 Et
805 2956 1018 2996 venerunt
1048 2957 1096 2997 in
1122 2955 1282 3012 locum,
1306 2958 1437 3009 etc.),
1465 2972 1485 2992 «
1507 2954 1694 3012 quidam
1716 2955 1930 3012 exposuit
1948 2956 2051 3001 Cal-

182 3007 320 3054 variae
337 3009 507 3065 locum,
530 3008 579 3052 in
598 3022 692 3066 quo
714 3011 924 3076 sepultus
938 3018 1014 3058 est
1031 3015 1174 3060 Adam
1209 3019 1282 3073 (3),
1308 3017 1411 3061 ideo
1434 3016 1502 3061 sic
1523 3015 1821 3073 appellatum,
1846 3017 1954 3074 quia
1985 3018 2046 3063 ibi

222 3145 265 3188 (⁴)
279 3145 399 3186 Al-,v'n
419 3144 640 3179 Jerusalem
1207 3152 1241 3196 5)
1256 3153 1306 3188 Ita
1322 3153 1476 3189 sentiunt
1490 3152 1650 3193 origenes
1672 3154 1768 3188 tract.
1786 3162 1833 3189 xv
1853 3157 1890 3189 in
1909 3154 2047 3196 Manu,

220 3192 268 3235 (2)
282 3193 321 3227 ln
337 3192 449 3228 medio
462 3203 529 3226 aevo
536 3192 724 3227 Jerusalem
743 3193 942 3229 credebatur
953 3206 1021 3231 esse
1036 3197 1071 3230 in
1155 3200 1276 3243 Epiph,
1294 3201 1412 3237 haeres.
1425 3202 1478 3242 46,
1494 3202 1633 3242 August.
1649 3212 1749 3236 serm.
1768 3202 1806 3236 Ἡ
1825 3202 1866 3237 de
1882 3205 2045 3244 tempore.

180 3240 293 3276 medio
309 3244 428 3295 teljroeff
445 3247 480 3275 et
501 3252 615 3295 0¹1¹qu
635 3240 749 3295 povilli
765 3247 894 3296 veteres
917 3243 1069 3279 eamdem
1154 3248 1320 3289 Chrysost.
1353 3249 1446 3285 hom.
1469 3250 1511 3284 84
1536 3248 1572 3283 in
1583 3249 1694 3290 Joau.‚
1725 3250 1884 3285 Athenas.
1910 3250 1971 3285 lib.
2000 3251 2048 3286 De

181 3286 315 3322 laudem
334 3287 547 3322 Vlndlcfirusst
568 3299 604 3322 ¹¹1
627 3293 770 3327 graham
788 3300 939 3323 omnlum
954 3289 1070 3325 civila-
1155 3297 1316 3337 passione.
1333 3297 1489 3338 cyprian.
1506 3308 1609 3332 serm.
1623 3297 1670 3331 De
1683 3302 1876 3338 resurrect„
1892 3297 2047 3332 Ambros.

180 3338 253 3369 tum
279 3333 586 3369 celeberrimarum.
606 3335 741 3370 Athenae
756 3337 774 3369 ὲ
792 3336 918 3371 Graecis
939 3348 1069 3379 quoque
1153 3343 1213 3379 lib.
1239 3352 1274 3385 v,
1297 3344 1396 3386 epist.
1426 3345 1478 3385 49,
1501 3344 1645 3380 Tertull.
1673 3344 1735 3380 lib.
1762 3354 1789 3380 n
1819 3348 1907 3380 cont.
1938 3346 2046 3382 Marc.

181 3381 277 3416 dictae
292 3386 369 3415 sunt
383 3392 452 3416 esse
466 3382 502 3416 in
518 3380 679 3417 umbilico
697 3386 803 3418 terrm.
1153 3402 1223 3434 cap,
1241 3391 1276 3434 4,
1294 3396 1327 3427 et
1342 3391 1443 3428 multi
1459 3392 1531 3428 alii.
