2170 3808
727 235 932 286 QUAEST.
954 235 1097 291 ΧΧ1Χ,
1127 235 1248 277 ART.
1277 235 1310 276 Ι.
1878 231 1961 273 243

77 335 96 366 1
108 321 247 378 undo,
267 322 321 365 ut
343 321 566 365 consueto
581 315 722 360 modo
741 314 844 372 ejus
868 313 1140 372 genealogia
1162 325 1246 370 per
1266 313 1420 358 virum
1452 311 1806 358 describeretur.
1831 311 1961 383 Unde

79 385 95 429 1
111 383 188 428 1011
199 380 466 428 Ambrosius
478 381 640 435 (Super
647 379 755 421 Luc.
767 389 871 433 cap.
883 379 927 434 3,
944 389 1050 433 sup.
1065 375 1179 419 illud
1193 388 1206 419 :
1224 379 1284 418 Et
1294 378 1391 431 ipse
1403 378 1533 418 Jesus
1544 378 1664 429 erat,
1677 375 1786 427 etc.)
1803 387 1815 416 :
1836 389 1856 410 «
1874 375 1957 445 Qu]

79 446 130 493 in
149 444 372 491 saeculum
394 442 541 497 venit,
560 439 718 486 saeculi
736 439 896 485 debuit
914 451 1042 484 more
1061 437 1278 483 describi.
1298 437 1388 481 Viri
1402 443 1559 482 autem
1581 447 1779 494 persona
1792 447 1958 492 quaen-

86 511 176 564 tur,
191 505 271 564 qui
288 505 338 551 in
357 507 525 550 50113111
546 506 592 547 01
612 501 804 558 reliquis
822 501 964 546 curiis
983 499 1216 544 civitatum
1249 498 1438 554 generis
1471 498 1656 568 asserit·
1668 496 1955 568 dignitatem.

85 566 373 614 Consuetudo
399 565 535 611 etiam
567 575 656 607 nos
679 562 880 607 instituit
908 560 1246 618 scripturarum
1276 571 1382 616 quae
1409 571 1592 616 semper
1613 572 1701 604 viri
1731 570 1958 615 originem

84 629 265 687 quaeru.
280 647 300 668 ι»
325 625 473 672 Tertio
490 624 550 670 ad
574 624 767 669 tutelam
788 623 921 681 pueri
950 622 1063 678 nati,
1083 634 1144 667 ne
1163 621 1376 667 diabolus
1400 625 1562 665 contra
1578 633 1688 665 eum
1709 622 1959 666 vehemen-

87 689 180 736 tius
195 692 473 736 nocumenta
497 690 783 745 procuraret.
807 687 859 730 Et
883 684 987 730 ideo
1010 683 1216 741 lgnatIus
1236 682 1345 728 dicit
1376 681 1522 736 ipsam
1543 681 1690 726 fuisse
1706 682 1959 739 desponsa-

85 754 196 807 tam,
216 757 304 797 «ut
330 754 491 808 partus
518 748 622 805 ejus
646 746 831 793 diabolo
853 747 1084 792 celaretur
1103 747 1182 800 (1).
1198 753 1221 784 ιτ
1246 743 1432 801 Quarto,
1451 749 1504 788 ut
1520 743 1734 812 aloseph
1757 744 1959 816 nutrire-

87 815 162 858 tur
184 829 198 858 2
214 812 338 858 unde
358 816 405 857 et
425 814 556 868 pater
574 809 677 866 ejus
696 809 847 854 dictus
865 812 950 864 est,
975 807 1110 864 quasi
1131 805 1365 851 nutritiuS.
1383 805 1486 850 Fuit
1511 810 1650 849 etiam
1676 817 1959 852 convemens

85 884 142 920 ex
161 878 288 931 parte
308 872 522 929 Virginis.
544 871 696 916 Primo
716 870 921 927 quidem,
938 870 1048 927 quia
1065 881 1149 926 per
1171 869 1259 912 hoc
1277 867 1488 913 redditur
1515 866 1738 912 immunis
1751 867 1780 911 a
1799 880 1956 939 poena,

87 947 181 979 «ne
196 935 368 980 scilicet
386 933 666 991 lapidaretur
683 931 712 976 a
728 932 896 976 Judaeis
915 936 1138 988 tanquam
1160 929 1386 985 adultera,
1401 947 1422 968 υ
1447 932 1501 974 111
1522 929 1828 986 Hieronymus
1848 929 1959 975 111011

84 994 188 1049 (loc.
212 1009 317 1054 sup.
336 996 446 1051 cit.).
466 994 694 1050 Secundo,
713 997 767 1038 ut
783 1005 868 1052 per
882 994 972 1038 1100
991 992 1051 1036 ab
1073 991 1262 1036 infamia
1281 991 1565 1036 liberaretur·
1591 991 1715 1036 Unde
1732 990 1844 1036 dicit
1856 995 1958 1036 Am-

82 1055 266 1103 brosius
286 1060 449 1115 (Super
469 1059 578 1102 Luc.
599 1068 700 1113 cap.
722 1059 765 1109 1,
783 1068 891 1112 sup.
910 1054 1057 1100 illud:
1081 1058 1131 1097 In
1151 1067 1301 1122 men-qe
1319 1056 1478 1123 sexto),
1494 1052 1618 1123 quod
1643 1072 1663 1091 «
1681 1053 1958 1110 desponsata

84 1123 171 1175 est,
194 1130 254 1164 ne
272 1124 508 1164 temeratae
526 1116 804 1173 virginitatis
823 1116 1093 1161 adureretur
1119 1113 1325 1170 infamia,
1348 1126 1424 1158 0111
1446 1125 1601 1169 gravis
1620 1114 1753 1159 alvus
1772 1127 1958 1172 corrup-

82 1178 187 1224 telae
197 1179 428 1225 videretur
446 1180 629 1236 insigne
642 1178 873 1235 praeferre.
887 1195 907 1215 υ
928 1176 1091 1229 Tertio,
1111 1180 1164 1220 ut
1177 1175 1218 1220 ei
1234 1176 1261 1219 a
1270 1175 1436 1232 Joseph
1449 1175 1756 1221 ministerium
1769 1177 1936 1222 exhibe
1946 1203 1958 1209 -

82 1243 226 1296 retur,
246 1247 299 1286 ut
315 1242 621 1300 Hieronymus
639 1239 749 1284 dicit
768 1238 873 1294 (loc.
894 1238 1007 1291 cit.).
1028 1239 1095 1282 Ex
1126 1242 1258 1294 parte
1279 1237 1418 1282 etiam
1443 1242 1599 1281 nostra
1624 1238 1711 1282 hoc
1733 1237 1821 1282 fuit
1846 1251 1958 1283 con-

80 1302 292 1348 veniens.
313 1303 459 1348 Primo
473 1302 675 1360 quidem,
694 1300 802 1357 quia
817 1299 1079 1348 testimonio
1089 1300 1256 1356 Joseph
1270 1298 1620 1355 comprobatum
1639 1304 1709 1344 est
1727 1299 1958 1346 Christum

81 1373 137 1410 ex
154 1363 334 1420 virgine
347 1363 523 1410 natum.
538 1364 664 1409 Unde
678 1361 947 1407 Ambrosius
958 1361 1069 1406 dicit
1086 1364 1248 1417 <Super
1259 1363 1365 1406 Luc.
1387 1360 1474 1405 loc.
1489 1361 1585 1415 cit.)
1600 1375 1610 1403 z
1636 1378 1655 1399 «
1672 1362 1960 1417 Locupletior

82 1425 212 1470 testis
229 1427 418 1482 pudoris
439 1426 635 1471 maritus
655 1424 915 1479 adhibetur,
931 1423 1011 1480 qui
1033 1428 1191 1480 posset
1213 1428 1259 1468 et
1282 1424 1438 1468 dolere
1454 1424 1513 1480 (2)
1531 1423 1766 1481 injuriam,
1789 1429 1837 1470 et
1853 1425 1957 1471 vin-

82 1485 235 1532 dicare
251 1488 566 1545 opprobrium,
587 1488 627 1532 si
643 1499 738 1532 non
759 1490 1031 1543 agnosceret
1051 1490 1408 1531 sacramentum.
1428 1505 1447 1525 »
1475 1487 1700 1545 Secundo,
1726 1487 1837 1544 quia
1857 1487 1958 1545 ipsa

82 1548 223 1593 verba
238 1549 436 1607 Virginis
453 1549 614 1595 matris
630 1548 780 1605 magis
803 1548 1040 1593 credibilia
1056 1548 1315 1593 redduntur
1340 1560 1476 1592 suam
1499 1548 1813 1605 virginitatem
1834 1563 1957 1595 asse·

82 1610 243 1654 rentis.
266 1611 394 1656 Unde
417 1609 685 1655 Ambrosius
702 1609 812 1655 dicit
833 1611 996 1665 (Super
1017 1611 1126 1653 Luc.
1145 1608 1276 1663 ibid.)
1297 1622 1310 1653 t
1338 1609 1499 1654 «Fides
1511 1609 1658 1653 Mariae
1679 1610 1833 1655 verbis
1858 1623 1956 1655 ma-

85 1670 156 1726 gis
191 1671 476 1728 adsciscitur,
513 1676 560 1716 et
597 1670 824 1717 mendacii
857 1683 999 1716 causa
1031 1674 1312 1715 removetur.
1344 1670 1581 1715 videretur
1612 1672 1738 1716 enim
1773 1671 1958 1729 culpam

85 1730 359 1778 obumbrare
371 1733 573 1778 voluisse
587 1733 826 1777 mendacio
837 1732 1033 1788 innupta
1046 1743 1311 1788 praegnans.
1325 1734 1520 1777 Causam
1532 1737 1686 1777 autem
1701 1734 1958 1780 mentiendi

84 1791 362 1848 desponsata
380 1806 473 1839 non
495 1793 671 1850 habuit,
689 1797 797 1838 cum
811 1793 1014 1850 conjugii
1037 1793 1278 1850 praemium
1298 1798 1343 1838 et
1360 1794 1507 1849 gratia
1521 1795 1786 1852 nuptiarum
1799 1802 1959 1850 partus

85 1853 146 1898 sit
168 1853 443 1900 feminarum
466 1871 479 1900 ε
504 1874 526 1895 ι»
547 1868 653 1912 quae
672 1855 858 1911 quidem
883 1855 977 1900 duo
997 1855 1232 1911 pertinent
1261 1856 1319 1899 ad
1346 1856 1607 1901 firmitatem
1634 1857 1739 1902 fidei
1768 1862 1953 1903 nostrae.

83 1915 246 1970 Tertio,
270 1917 576 1962 attolleretur
607 1917 844 1962 excusatio
874 1917 1150 1974 virginihuS,
1174 1930 1280 1973 quae
1310 1926 1497 1974 propter
1524 1930 1658 1963 suam
1679 1919 1956 1965 incautelam

85 1987 178 2020 non
199 1977 348 2022 vitant
361 1978 616 2023 infamiam.
631 1978 760 2023 Unde
776 1978 1043 2023 Ambrosius
1057 1977 1166 2022 dicit
1183 1978 1329 2032 (ibid.)
1349 1993 1360 2020 z
1381 1981 1511 2023 «Non
1531 1979 1685 2024 decuit
1699 1979 1959 2037 virginibus

84 2037 270 2083 sinistra
288 2039 505 2095 opinione
520 2039 782 2084 viventibus
801 2039 1013 2084 velamen
1035 2040 1350 2084 excusationis
1369 2040 1566 2097 relinqui
1590 2041 1713 2097 quod
1733 2042 1954 2089 infamata

82 2101 230 2142 mater
248 2112 434 2157 quoque
453 2101 630 2145 Domini
652 2101 896 2146 videretur.
917 2119 940 2140 »
964 2101 1151 2157 Quarto,
1175 2101 1283 2157 quia
1310 2113 1393 2158 per
1414 2103 1501 2147 hoc
1532 2103 1818 2158 significatur
1850 2106 1954 2150 11111-

82 2171 216 2204 versa
229 2161 446 2216 Ecclesia,
461 2173 565 2218 quae
582 2179 602 2200 «
612 2163 718 2207 cum
731 2163 861 2218 virgo
873 2162 948 2218 sit,
966 2163 1245 2218 desponsata
1264 2168 1418 2208 tamen
1431 2169 1502 2208 est
1518 2165 1599 2208 uni
1613 2164 1712 2208 viro
1726 2166 1918 2223 Christo,
1929 2187 1950 2208 »

82 2225 136 2264 ut
150 2223 435 2278 Augustinus
457 2223 566 2267 dicit
586 2223 645 2275 (in
666 2223 745 2268 lib.
769 2226 830 2268 De
851 2229 1011 2268 sancta
1028 2224 1312 2280 virginitate,
1335 2237 1439 2282 cap.
1463 2228 1551 2280 12).
1576 2227 1728 2271 Potest
1744 2227 1882 2273 etiam
1910 2234 1955 2275 et

83 2282 244 2338 quinta
260 2283 376 2328 ratio
396 2296 515 2339 esse,
535 2284 660 2341 quod
680 2290 827 2329 mater
847 2285 1024 2330 Domini
1038 2286 1125 2330 fuit
1146 2286 1424 2343 desponsata
1442 2292 1488 2332 et
1501 2287 1649 2344 virgo,
1667 2288 1775 2344 quia
1793 2291 1840 2334 in
1854 2303 1953 2347 per-

83 2354 198 2387 sona
217 2343 362 2401 ipsius
377 2349 423 2389 et
439 2345 681 2400 virginitas
699 2350 744 2390 et
764 2346 1109 2390 matrimonium
1125 2346 1379 2392 honoratur
1398 2353 1559 2393 contra
1570 2349 1810 2395 haereticos
1822 2352 1951 2397 altori

82 2402 247 2449 horum
270 2405 562 2452 detrahentes
582 2408 659 2464 (3).

135 2466 203 2511 Ad
221 2471 416 2524 primum
448 2481 560 2526 ergo
587 2470 851 2526 dicendum,
875 2468 1001 2527 quod
1019 2472 1068 2514 B.
1102 2470 1238 2527 Virgo
1267 2475 1416 2516 mater
1436 2473 1512 2517 Dei
1537 2485 1595 2518 ex
1621 2474 1831 2519 familiari
1853 2477 1952 2521 ins-

83 2526 230 2572 tinctu
252 2528 445 2586 Spiritus
463 2531 612 2576 5311011
637 2531 868 2576 credenda
886 2536 957 2576 est
976 2531 1250 2589 desponsari
1282 2533 1503 2591 voluisse,
1537 2536 1776 2581 confidens
1801 2538 1859 2583 de
1879 2538 1952 2583 di-

83 2587 192 2634 vino
213 2591 383 2636 auxilio
404 2592 528 2648 quod
546 2605 787 2650 nunquam
813 2593 874 2639 ad
891 2593 1124 2638 carnalem
1144 2594 1358 2652 copulam
1377 2597 1660 2654 perveniret3
1681 2598 1771 2643 hoc
1797 2604 1951 2645 tamen

83 2651 237 2697 divino
246 2654 476 2699 commisit
491 2655 695 2712 arbitrio,
711 2657 834 2702 unde
851 2657 900 2700 in
913 2656 1042 2700 nullo
1062 2658 1385 2702 detrimentum
1400 2672 1538 2715 passa
1551 2666 1622 2704 est
1636 2661 1894 2716 virginitas.

135 2713 202 2758 Ad
212 2715 453 2759 secundum
470 2716 734 2774 dicendum,
756 2718 898 2775 quod,
927 2718 1047 2763 sicut
1067 2719 1337 2763 Ambrosius
1366 2720 1476 2765 dicit
1497 2733 1637 2777 super
1657 2725 1824 2768 Lucam
1843 2724 1948 2778 (loc.

84 2772 163 2818 011.
182 2774 230 2818 111
249 2777 397 2832 princ.
421 2780 583 2835 corp.),
606 2796 627 2817 α
643 2779 807 2823 maluit
821 2779 1042 2824 Dominus
1065 2780 1245 2837 aliquos
1265 2781 1323 2825 de
1338 2781 1411 2825 sui
1427 2787 1531 2826 ortu
1550 2784 1690 2839 quam
1711 2785 1770 2829 de
1791 2787 1951 2831 matris

82 2834 258 2890 pudore
273 2837 497 2883 dubitare.
517 2839 695 2885 Sciebat
711 2840 837 2885 enim
858 2845 1065 2886 teneram
1087 2854 1193 2886 esse
1220 2842 1415 2897 virginis
1440 2845 1783 2902 verecundiam,
1807 2852 1854 2891 et
1878 2848 1950 2891 lu-

84 2894 256 2939 bricam
274 2897 444 2941 famam
470 2900 675 2959 pudoris,
702 2914 790 2946 1100
818 2902 997 2959 putavit
1019 2906 1147 2947 ortus
1187 2903 1261 2947 sui
1289 2903 1427 2948 fidem
1462 2905 1625 2949 matris
1657 2906 1839 2963 injuriis
1869 2909 1950 2954 ad-

82 2957 393 3002 struendam.»
407 2958 648 3005 Sciendum
666 2966 821 3008 tamen
840 2963 963 3017 quod
984 2963 1314 3009 miraculorum
1328 2964 1406 3009 Dei
1419 2965 1631 3022 quaedam
1651 2971 1761 3011 sunt
1774 2968 1832 3013 de
1848 2971 1949 3025 qui-

80 3017 170 3062 bus
191 3024 262 3062 est
280 3018 410 3073 tides,
429 3019 550 3064 sicut
567 3021 840 3068 miraculum
860 3024 1056 3080 virginei
1074 3029 1237 3081 partus
1258 3031 1305 3071 et
1322 3029 1672 3072 resurrectionis
1690 3029 1883 3087 Domini,
1901 3037 1950 3077 et

81 3079 220 3123 etiam
242 3080 517 3124 sacramenti
542 3081 698 3126 altaris
718 3088 797 3128 :et
817 3084 920 3129 ideo
944 3085 1167 3130 Dominus
1185 3086 1331 3131 voluit
1358 3088 1447 3132 ista
1481 3089 1731 3134 occultiora
1751 3103 1874 3148 esse,
1896 3099 1948 3137 ut

121 3174 167 3216 (ιὶ)
190 3174 284 3208 Hanc
303 3174 470 3209 rationem
489 3175 583 3216 prinis
605 3175 714 3210 edidit
732 3177 880 3217 Ignatius
901 3184 966 3222 (ep.
1093 3182 1135 3222 (5)
1154 3181 1355 3222 Virginitati
1383 3183 1532 3225 quidem,
1557 3185 1643 3219 sient
1666 3186 1863 3221 Iovinianus
1886 3189 1943 3228 qui

80 3222 121 3256 ad
136 3221 281 3262 Ephos.)‚
305 3223 360 3256 sed
384 3231 499 3263 postea
513 3224 656 3264 repetita
676 3223 742 3258 fuit
763 3225 804 3259 ab
829 3227 965 3266 Origen.
1051 3233 1121 3268 ejus
1144 3230 1297 3269 dignitati
1316 3232 1569 3266 matrimonium
1589 3233 1802 3274 adaequabat:
1826 3235 1944 3269 matri-

82 3269 183 3309 (hom.
201 3277 236 3302 w
257 3269 291 3302 in
309 3271 414 3311 Luc.)‚
435 3271 535 3306 Basil.
558 3276 654 3310 (orat.
678 3272 718 3305 de
741 3273 879 3308 Nativit.
905 3275 968 3308 Do·
1051 3277 1164 3310 monio
1183 3284 1306 3319 autem,
1325 3279 1411 3312 sicut
1437 3279 1518 3314 olim
1543 3280 1744 3323 simoniani,
1762 3283 1942 3320 encratitae,

80 3316 190 3357 mini),
205 3317 345 3351 Hieron.
360 3318 535 3357 Angustia.
547 3319 706 3354 Bernard.
721 3323 753 3354 et
764 3319 968 3355 aliissanctis
1052 3325 1213 3364 gnostici,
1241 3326 1430 3368 manichaei,
1460 3329 1683 3371 eustathiani,
1713 3329 1880 3363 adamiani
1910 3336 1945 3363 et

81 3364 245 3397 Patribus.
1051 3373 1321 3414 priscillianistae,
1345 3376 1557 3415 postmodum
1579 3379 1659 3411 vero
1681 3376 1852 3417 apostolici
1870 3375 1943 3416 qui-

119 3411 162 3452 (2)
179 3412 231 3446 lta
251 3412 375 3453 optime
390 3412 516 3447 Nicolai
539 3419 572 3448 et
589 3413 790 3454 posteriores
803 3415 886 3451 edit.
900 3416 968 3458 ΔΙ..
1051 3419 1127 3453 dam
1154 3427 1187 3454 et
1206 3420 1389 3461 albigenses
1406 3423 1464 3464 qui
1485 3424 1590 3459 veluti
1613 3424 1815 3459 diabolicum
1844 3423 1939 3463 quid-

79 3457 210 3498 delere.
764 3495 766 3498 ,
1050 3467 1126 3501 dnm
1149 3470 1280 3508 nuptias
1297 3471 1509 3512 respuebant.
