2170 3808
89 229 172 272 554
657 221 857 274 QUAEST.
884 220 1005 274 LXV,
1034 221 1155 263 ART.
1185 220 1238 262 111
1266 220 1332 263 ΕΤ
1359 221 1428 263 lv.

91 307 120 352 ὲ
141 306 335 363 Christo,
353 309 407 351 ut
425 317 482 350 ex
501 315 644 359 supra
677 301 813 346 dictis
833 305 957 356 patet
977 302 1159 356 (quaest.
1192 314 1295 355 an,
1328 305 1414 345 art.
1446 303 1473 345 3
1503 301 1564 346 ad
1591 303 1659 357 4);
1693 313 1880 357 semper
1900 313 1983 346 au-

92 374 186 416 tem
204 369 329 428 quod
353 372 424 413 est
444 379 526 423 per
548 365 804 409 essentiam
821 398 833 418 ,
863 363 1020 419 potius
1043 368 1114 407 est
1133 375 1188 407 eo
1210 362 1337 419 qaod
1355 366 1426 407 est
1446 375 1530 420 per
1559 364 1982 420 participationem.

92 432 303 478 Secundo
336 432 423 474 hoc
455 431 647 484 apparet
675 439 735 471 ex
763 425 927 470 ordine
959 429 1363 469 sacramentorum
1395 425 1456 470 ad
1485 425 1721 471 invicem:
1752 437 1862 470 nam
1886 437 1985 471 om-

92 495 169 539 nia
208 493 298 538 alia
331 495 623 536 sacramenta
659 488 865 533 ordinari
902 488 1120 532 videntur
1159 487 1219 532 ad
1253 487 1343 531 hoc
1378 493 1741 539 sacramentum,
1772 487 1893 532 sicut
1927 487 1985 533 ad

91 557 247 602 finem.
284 555 574 598 Manifestum
607 555 679 596 est
716 551 843 596 enim
880 550 1006 606 quod
1049 554 1394 595 sacramentum
1431 550 1609 596 ordinis
1648 550 1891 596 ordinatur
1926 550 1987 597 ad

91 616 388 663 Eucharistiae
413 613 839 670 consecrationem3
863 619 1212 657 sacramentum
1252 611 1365 657 vero
1395 611 1615 668 baptismi
1647 613 1892 658 ordinatur
1926 612 1982 658 a?

90 677 386 724 Eucharistiae
409 676 743 733 receptionem,
767 674 814 718 in
838 687 933 731 quo
955 674 1096 718 etiam
1113 670 1352 731 perficitur
1370 673 1539 730 aliquis
1557 688 1640 732 per
1669 674 1972 720 confirmatio-

88 753 215 798 nem,
237 744 291 784 ut
312 752 405 784 non
430 743 648 783 vereatur
670 749 722 782 se
750 736 1021 781 subtrahere
1052 735 1079 779 a
1111 735 1191 780 tali
1219 739 1536 794 sacrament03
1557 749 1642 794 per
1660 736 1986 794 poenitentiam

89 802 245 857 etiam,
263 805 308 845 et
325 805 581 846 extremam
599 799 866 844 unctionem
887 802 1177 855 praeparatur
1194 798 1334 843 homo
1353 798 1414 844 ad
1430 797 1571 854 digne
1591 799 1874 845 sumendum
1889 810 1986 844 cor-

89 875 177 921 pus
210 863 402 918 Christi3
438 862 790 907 matrimonium
824 860 965 905 etiam
994 861 1159 905 saltem
1188 862 1276 906 sua
1307 860 1647 918 significatione
1678 861 1866 918 attingit
1896 863 1987 908 hoe

88 930 454 983 sacramentum,
487 925 767 981 inquantum
797 919 1033 980 significat
1055 923 1436 979 conjunctionem
1470 923 1636 969 Christi
1664 929 1713 970 et
1742 924 1983 980 Ecclesiae‚

87 988 224 1045 quus
247 988 403 1032 unitas
431 999 515 1044 per
537 989 881 1031 sacramentum
906 985 1203 1030 Eucharistiae
1224 985 1469 1042 figuratur.
1502 985 1629 1031 Unde
1661 990 1709 1031 et
1740 987 1985 1044 Apostolus

87 1050 198 1096 dicit
212 1051 394 1108 (Ephes.
408 1063 451 1104 v,
471 1050 565 1103 31):
582 1050 931 1092 Sacramentum
942 1049 1028 1091 ltoc
1046 1061 1262 1104 maqnam
1282 1051 1348 1091 est
1360 1063 1376 1103 ,-
1389 1061 1469 1105 eqo
1482 1051 1634 1091 autem
1646 1049 1749 1091 dico
1764 1052 1811 1091 in
1825 1049 1983 1093 Chris-

88 1117 134 1157 to
148 1116 192 1156 et
212 1115 261 1156 in
278 1112 487 1155 Ecclesia
513 1112 586 1164 (1).
619 1109 769 1155 Tertio
794 1111 882 1154 hoc
903 1115 1095 1167 apparet
1116 1122 1174 1153 ex
1193 1110 1283 1153 ritu
1307 1113 1722 1165 sacramentorum.
1753 1112 1865 1153 Nam
1887 1110 1984 1156 fere

85 1174 242 1221 omnia
261 1176 556 1220 sacramenta
576 1172 624 1217 in
644 1173 933 1218 Eucharistia
952 1180 1359 1229 consummantur,
1378 1177 1432 1217 ut
1446 1171 1694 1229 Dionysius
1712 1171 1824 1216 dicit
1843 1172 1981 1225 (Eccl.

85 1236 200 1281 hier.
221 1249 324 1293 cap.
348 1239 394 1292 3,
414 1235 524 1280 circ.
541 1234 728 1293 princ.),
750 1235 870 1280 sicut
888 1239 1016 1291 patet
1032 1235 1158 1292 quod
1178 1234 1377 1278 ordinati
1393 1234 1759 1285 communicant,
1781 1239 1826 1277 et
1843 1235 1982 1279 etiam

85 1297 318 1355 baptizati,
341 1297 380 1342 si
401 1297 496 1342 sint
515 1295 678 1341 adulti.
703 1320 761 1330 —
781 1296 986 1341 Aliorum
1009 1301 1165 1341 autem
1196 1301 1596 1340 sacramentorum
1619 1297 1903 1352 comparatio
1923 1296 1985 1342 ad

84 1359 281 1405 invicem
303 1364 456 1417 potest
478 1371 583 1404 esse
604 1359 851 1415 multiplex
875 1373 886 1401 :
910 1371 1018 1403 nam
1043 1358 1094 1403 in
1112 1358 1190 1402 via
1209 1358 1499 1403 necessitatis
1519 1358 1783 1415 baptismus
1805 1364 1877 1403 est
1902 1372 1983 1416 po-

85 1422 317 1467 t1ssimum
336 1425 760 1477 sacramentorum,
784 1422 834 1464 in
861 1421 937 1465 via
961 1426 1118 1466 autem
1132 1432 1133 1435 ’
1147 1420 1469 1477 perfectionis,
1489 1425 1836 1466 sacramentum
1860 1421 1982 1467 ordi-

85 1483 184 1540 nis3
205 1483 360 1528 medio
378 1487 533 1527 autem
552 1483 691 1528 modo
710 1496 761 1527 se
778 1482 919 1527 habet
937 1488 1285 1527 sacramentum
1299 1481 1691 1539 confirmationisg
1716 1495 1981 1528 sacramen-

85 1550 183 1592 tum
204 1547 315 1590 vero
336 1546 624 1602 poenitentiae
653 1549 700 1589 et
722 1550 943 1589 extremae
964 1544 1199 1589 unctionis
1221 1548 1334 1588 sunt
1353 1544 1584 1589 inferioris
1609 1545 1784 1601 gradus
1813 1546 1842 1590 a
1869 1558 1982 1603 prae-

84 1609 219 1654 dictis
237 1607 568 1663 sacramentis,
589 1608 716 1664 quia,
742 1608 865 1651 sicut
887 1606 1064 1651 dictum
1087 1612 1158 1651 est
1184 1607 1289 1661 (art.
1316 1610 1334 1650 1
1360 1606 1459 1662 huj.
1484 1608 1685 1663 quaest.),
1709 1607 1984 1653 ordinantur

83 1670 144 1716 ad
160 1670 303 1715 vitam
324 1669 626 1714 christianam
647 1681 739 1713 non
763 1681 847 1725 per
870 1680 938 1725 se,
960 1668 1044 1713 sed
1061 1668 1195 1726 quasi
1215 1680 1298 1725 per
1317 1668 1552 1724 accidenS,
1571 1667 1747 1713 scilicet
1766 1669 1814 1713 in
1832 1683 1982 1717 reme·

82 1731 212 1776 dium
230 1730 609 1788 supervenientis
640 1730 857 1775 defectus
878 1745 891 1773 :
916 1730 1039 1775 inter
1060 1741 1166 1786 quae
1188 1735 1344 1774 tamen
1373 1734 1584 1775 extrema
1609 1731 1768 1776 unctio
1797 1744 1983 1790 compa-

81 1799 212 1839 ratur
234 1794 292 1838 ad
311 1793 655 1851 poenitentiam,
679 1793 802 1838 sicut
822 1790 1112 1838 confirmatio
1139 1792 1195 1837 ad
1221 1793 1535 1850 baptismum3
1567 1793 1633 1838 ita
1657 1793 1835 1840 scilicet
1856 1796 1982 1853 quod

26 1883 32 1887 —
81 1855 356 1913 poenitentia
375 1859 447 1900 est
469 1855 661 1912 maJoris
684 1854 992 1912 necessitatis,
1013 1854 1096 1900 sed
1120 1861 1329 1900 extrema
1348 1855 1510 1900 unctio
1538 1855 1836 1913 perfectionis
1852 1860 1923 1913 (2).

135 1918 204 1964 Ad
219 1921 418 1977 primum
441 1930 554 1974 ergo
578 1917 845 1970 dicendum,
866 1917 992 1974 quod
1017 1917 1369 1962 matrimonium
1390 1918 1634 1963 ordinatur
1650 1918 1710 1963 ad
1729 1932 1982 1968 commune

79 1981 258 2027 bonum
292 1980 593 2037 corporaliter
617 1982 706 2036 (3)·,
735 1979 820 2025 sed
848 1980 1025 2024 bonum
1058 1992 1307 2025 commune
1339 1980 1579 2037 spirituale
1600 1981 1745 2027 totius
1764 1983 1981 2030 Ecclesiae

79 2044 348 2089 continetur
367 2042 737 2087 substantialiter
757 2043 803 2086 in
827 2042 930 2098 ipso
954 2043 1252 2087 Eucharistiae
1275 2049 1583 2089 sacramento.

135 2105 202 2150 Ad
225 2105 470 2148 secundum
493 2104 764 2161 dicendum,
783 2105 909 2161 quod
930 2117 1014 2162 per
1032 2105 1244 2150 ordinem
1264 2110 1310 2150 et
1325 2106 1727 2152 confirmationem
1755 2108 1979 2165 deputan-

81 2172 157 2212 tur
186 2167 347 2211 fideles
372 2166 538 2210 Christi
562 2166 623 2212 ad
654 2167 809 2223 aliqua
842 2166 1061 2223 specialia
1094 2167 1249 2211 officia
1281 2180 1387 2225 quae
1419 2169 1652 2224 pertinent
1680 2169 1740 2214 ad
1772 2171 1977 2215 officium

79 2228 335 2287 principis3
360 2233 406 2272 et
427 2226 532 2273 ideo
556 2228 738 2274 tradere
757 2229 1027 2285 huJusmodi
1051 2235 1346 2274 sacramenta
1374 2231 1575 2286 pertinet
1597 2231 1658 2277 ad
1678 2232 1831 2277 solum
1863 2234 1980 2289 epis-

80 2303 268 2349 copum,
286 2290 368 2348 qui
388 2295 459 2336 est
482 2290 619 2348 quasi
641 2290 859 2349 princeps
890 2291 938 2335 in
960 2292 1179 2336 Ecclesia.
1209 2294 1293 2337 Per
1311 2298 1657 2339 sacramentum
1673 2295 1781 2340 vero
1805 2297 1979 2341 Eucha-

80 2352 223 2398 ristiae
243 2364 339 2396 non
361 2351 613 2409 deputatur
632 2352 774 2397 homo
795 2353 854 2398 ad
879 2353 1069 2411 aliquod
1090 2355 1315 2411 officium,
1333 2355 1419 2400 sed
1437 2355 1590 2413 magis
1606 2357 1696 2403 hoc
1714 2370 1979 2403 sacramen-

81 2418 179 2467 tum
201 2418 274 2460 est
291 2414 399 2459 finis
417 2415 629 2459 omnium
648 2415 926 2471 officiorum,
952 2422 1003 2460 ut
1025 2417 1202 2462 dictum
1220 2422 1293 2462 est
1311 2417 1375 2472 (in
1394 2420 1562 2476 com).

134 2477 202 2523 Ad
222 2480 406 2521 tertium
427 2477 696 2535 dicendum,
716 2477 842 2534 quod
862 2479 1102 2523 character
1116 2480 1485 2536 sacramentalis,
1503 2481 1626 2526 sicut
1642 2494 1786 2539 supra
1799 2483 1978 2528 dictum

81 2545 152 2586 est
168 2543 350 2597 (quaest.
379 2553 495 2598 nxm,
518 2545 605 2584 art.
627 2542 688 2597 3),
714 2545 785 2586 est
804 2542 1017 2598 quaedam
1043 2543 1335 2599 participatio
1363 2545 1609 2589 sacerdotii
1638 2546 1822 2591 Christi.
1848 2547 1977 2593 Unde

79 2607 425 2648 sacramentum
446 2603 571 2659 quod
590 2603 746 2659 ipsum
764 2604 998 2663 Christum
1018 2605 1266 2663 conjungit
1293 2606 1494 2663 homini,
1523 2612 1596 2652 est
1618 2607 1807 2665 dignius
1826 2622 1978 2655 sacra-

78 2668 237 2709 mento
255 2663 383 2721 quod
399 2664 626 2722 imprimit
645 2664 807 2709 Christi
825 2667 1156 2724 characterem.

132 2726 199 2771 Ad
221 2729 436 2782 quartum
458 2726 738 2782 dicendum,
768 2727 892 2785 quod
925 2729 1042 2773 ratio
1065 2729 1144 2774 illa
1170 2730 1381 2787 procedit
1403 2743 1462 2776 ex
1488 2735 1621 2788 parte
1650 2733 1973 2792 necessitatis3

79 2788 345 2834 sicutenim
366 2788 655 2846 baptismUS,
690 2792 799 2834 cum
827 2791 886 2835 sit
905 2792 1122 2837 maximae
1147 2793 1457 2850 necessitatiS,
1479 2799 1551 2838 est
1577 2793 1876 2851 potissimum
1908 2808 1976 2841 sa-

78 2853 448 2905 cramentorum3
478 2851 547 2896 sic
566 2851 682 2897 ordo
700 2855 749 2896 et
766 2853 1057 2899 confirmatio
1077 2853 1252 2899 habent
1273 2855 1525 2912 quamdam
1555 2857 1879 2901 excellentiam
1908 2870 1974 2902 ra-

80 2910 205 2955 tione
220 2910 481 2968 ministerii,
502 2916 549 2957 et
566 2913 917 2959 matrimonium
939 2914 1116 2961 ratione
1136 2913 1518 2974 significationis3
1541 2917 1656 2963 nihil
1675 2918 1801 2963 enim
1820 2918 1975 2976 prohi-

78 2972 157 3017 bet
188 2972 365 3078 aliquid
396 2986 501 3020 esse
531 2975 793 3022 secundum
822 2977 936 3035 quid
967 2978 1186 3036 dignius,
1221 2980 1349 3037 quod
1376 2983 1532 3025 tamen
1566 2993 1661 3026 non
1685 2985 1758 3027 est
1786 2981 1975 3038 dignius

76 3033 367 3090 simpiciter.

78 3098 427 3141 ARTICULUS
455 3100 537 3143 IV.
567 3123 623 3132 —
652 3114 789 3144 urium
819 3114 947 3146 οΜΝιΑ
975 3115 1240 3148 mensumn
1279 3118 1370 3148 smr
1398 3117 1452 3148 nt:
1487 3099 1758 3149 unchssirnn
1789 3118 1970 3151 SALuns.

214 3151 263 3186 De
277 3151 328 3185 his
342 3153 445 3187 etiam
461 3154 616 3196 Sent.1v‚
635 3156 713 3191 dist.
731 3157 764 3199 7,
780 3162 894 3198 quoest.
916 3167 941 3201 1,
957 3162 1023 3194 art.
1043 3161 1075 3201 l,
1094 3165 1210 3202 quaest.
1231 3169 1271 3201 11,
1286 3164 1320 3193 et
1336 3165 1454 3202 quaest.
1471 3169 1525 3203 ln,
1544 3165 1610 3195 art.
1625 3160 1658 3201 2,
1672 3164 1792 3202 quaest.
1807 3169 1833 3195 1.

131 3199 198 3245 Ad
219 3204 438 3257 quartum
460 3201 528 3245 sic
553 3205 834 3258 proceditur.
859 3209 903 3250 1.
925 3206 1114 3252 Videtur
1137 3208 1261 3265 quod
1279 3209 1438 3252 omnia
1468 3212 1763 3253 sacramenta
1795 3208 1891 3252 sint
1910 3207 1972 3253 de

119 3281 162 3323 (Ι)
178 3280 269 3316 Illud
283 3281 410 3318 scilicet
429 3283 519 3325 quod
534 3295 607 3327 cap.
623 3295 650 3321 11
670 3287 833 3323 Geneseos
849 3287 981 3325 dictum
1108 3290 1153 3334 (2)
1168 3290 1293 3325 Confer
1310 3291 1400 3332 quod
1421 3291 1551 3326 dictum
1569 3295 1619 3326 est
1637 3292 1655 3325 ³1
1671 3290 1814 3326 concilio
1833 3290 1973 3327 Triden-

77 3331 141 3372 est,
161 3334 197 3366 et
221 3331 398 3372 Apostolus
422 3332 470 3367 ibi
489 3332 595 3369 refert
626 3347 634 3368 :
654 3336 816 3382 Propter
838 3337 905 3375 hoo
919 3347 980 3376 ro-
1067 3339 1142 3377 tino
1163 3339 1206 3373 de
1224 3339 1447 3375 excellentia
1472 3339 1716 3374 sanctissimoe
1735 3339 1971 3376 eucharistias

77 3377 219 3424 linquet
238 3380 342 3416 homo
358 3385 503 3425 patrem
518 3386 550 3416 ec
564 3386 719 3419 matrem
739 3395 846 3421 suam
864 3390 899 3422 et
913 3388 980 3424 ad·-
1067 3397 1182 3433 super
1197 3387 1347 3431 reliqua
1370 3391 1607 3423 sacramenta
1623 3389 1711 3426 (sess.
1733 3396 1809 3426 xm,
1834 3399 1906 3428 cap.
1923 3389 1971 3427 5).

76 3427 223 3464 koerebie
233 3430 348 3465 uxori
361 3439 449 3473 sum,
463 3431 695 3466 eterumdao
711 3433 873 3470 incarne
886 3447 978 3472 una.
1111 3436 1155 3477 (5)
1181 3434 1318 3470 Scilicet
1341 3435 1385 3469 ad
1403 3435 1530 3470 bonum
1555 3446 1734 3469 commune
1761 3435 1885 3475 speciei
1910 3445 1970 3478 per

1069 3484 1158 3519 viam
1174 3484 1414 3523 generationis.
