2170 3808
627 177 827 230 QUAEST.
859 179 997 232 Lxlv,
1028 178 1146 220 ART.
1178 177 1230 219 vl
1258 177 1322 219 ET
1350 176 1433 219 VII.
1887 176 1971 218 543

82 259 283 315 exigitur
306 259 356 304 in
371 259 584 303 ministro
607 258 827 302 sanctitas
845 257 1055 314 justitiae,
1076 259 1129 302 ut
1151 261 1378 314 congruat
1398 268 1484 301 suo
1505 255 1788 312 ministerio3
1810 255 1972 301 etideo

82 320 341 376 incongrue
373 321 470 377 agit
504 323 552 363 et
584 324 763 375 peccat,
781 320 819 363 si
858 320 908 364 in
937 324 1127 376 peccato
1155 319 1362 364 existens
1379 318 1437 363 ad
1457 318 1548 363 tale
1570 318 1880 363 ministerium
1900 329 1973 361 ac-

85 381 236 427 cedat.

141 443 207 488 Ad
229 443 476 487 secund-um
497 440 762 495 dicendum,
787 442 911 498 quod
942 441 1019 486 ille
1054 442 1131 497 qui
1156 440 1215 485 ad
1244 445 1535 485 sacramenta
1563 441 1756 495 accedit,
1781 439 1974 498 suscipit

84 510 375 550 sacramenta
417 505 445 549 a
479 504 693 549 ministro
726 505 956 558 Ecclesiae,
979 516 1074 548 non
1103 503 1381 559 inquantum
1412 508 1483 547 est
1518 504 1622 549 talis
1644 515 1859 560 persona,
1890 503 1972 548 sed

83 567 364 623 inquantum
392 570 464 611 est
483 565 698 610 minister
711 566 942 610 Ecclesiae.
962 568 1016 610 Et
1034 565 1138 610 ideo
1156 564 1378 621 quamdiu
1397 565 1454 608 ab
1470 565 1670 610 Ecclesia
1688 566 1910 611 toleratur
1923 565 1973 610 in

82 628 356 686 ministerio,
377 627 455 673 ille
474 626 555 684 qui
573 626 632 671 ab
655 639 709 672 eo
735 627 929 683 suscipit
950 631 1311 682 sacramentum,
1335 639 1430 670 non
1454 626 1768 671 communicat
1783 631 1973 684 peccato

83 689 198 747 ejuS,
230 689 315 736 sed
332 689 645 735 communicat
665 689 894 746 Ecclesiae,
918 702 1024 746 quae
1041 701 1150 735 eum
1168 688 1392 745 tanquam
1414 688 1676 733 ministrum
1700 689 1900 734 exhibet.
1929 687 1972 734 Si

84 750 195 796 vero
218 751 278 796 ab
306 750 510 797 Ecclesia
529 763 624 795 non
643 750 880 807 toleratur,
902 751 1017 808 puta
1046 752 1152 797 cum
1187 750 1483 807 degradatur,
1506 750 1582 795 vel
1599 751 1973 796 excommunica-

86 816 176 870 tur,
198 813 274 858 vel
289 812 607 871 suspenditur,
629 816 792 869 peccat
810 812 889 869 qui
913 813 972 857 ab
991 825 1047 857 eo
1073 813 1238 870 accipit
1253 818 1614 871 sacramentum,
1637 812 1748 869 quia
1765 824 1972 858 commu-

83 871 208 919 nicat
225 879 415 932 peccato
437 874 600 931 ipsius.

136 934 407 981 Adiertium
434 935 701 991 dicendum,
725 935 851 991 quod
869 935 946 980 ille
968 935 1049 993 qui
1066 939 1136 980 est
1153 935 1201 979 in
1224 940 1414 992 peccato
1433 936 1632 992 mortali,
1654 947 1749 980 non
1775 939 1847 980 est
1864 948 1972 993 per-

82 998 249 1055 plexus
267 997 554 1055 simpliciter,
573 998 614 1042 si
646 1009 706 1042 ex
728 997 881 1042 officio
899 997 942 1042 ei
971 997 1214 1043 incumbat
1242 1001 1534 1043 sacramenta
1551 997 1839 1054 dispensare,
1864 997 1974 1054 quia

82 1063 235 1114 potest
252 1060 480 1115 poenitere
501 1059 560 1104 de
583 1062 792 1116 peccato,
817 1062 865 1104 et
886 1058 1010 1103 licite
1040 1058 1321 1105 ministrare.
1344 1062 1443 1104 Non
1474 1062 1547 1104 est
1574 1064 1728 1103 autem
1752 1059 1973 1103 inconve-

84 1122 218 1166 niens
240 1120 364 1178 quod
382 1121 442 1165 sit
464 1120 732 1177 perplexus,
755 1120 997 1176 supposito
1018 1121 1238 1177 quodam,
1263 1120 1438 1166 scilicet
1454 1120 1579 1177 qued
1601 1120 1713 1164 velit
1730 1132 1974 1165 remanere

82 1181 131 1226 in
156 1185 360 1239 peccato.
382 1184 432 1226 In
452 1182 647 1226 articulo
668 1186 822 1225 tamen
840 1181 1132 1226 necessitatis
1154 1194 1246 1226 non
1264 1186 1480 1238 peccaret
1501 1181 1779 1238 baptizando
1791 1181 1840 1226 in
1859 1193 1973 1227 casu

81 1241 131 1288 in
153 1255 249 1300 quo
267 1243 406 1288 etiam
421 1247 579 1300 posset
598 1241 746 1286 laicus
759 1241 1083 1298 baptizare(1)3
1106 1242 1173 1286 sic
1189 1242 1313 1287 enim
1331 1246 1456 1298 patet
1478 1242 1602 1299 quod
1623 1254 1718 1286 non
1737 1242 1974 1288 exhiheret

82 1315 135 1349 se
170 1303 435 1348 ministrum
469 1302 701 1358 Ecclesiae,
736 1303 818 1348 sed
842 1302 1113 1348 subveniret
1135 1303 1459 1348 necessitatem
1493 1303 1704 1360 patienti.
1728 1306 1869 1349 Secus
1902 1309 1974 1348 est

81 1369 237 1409 autem
256 1364 304 1408 in
323 1364 414 1409 illis
434 1364 736 1413 sacramentis
771 1377 875 1421 quae
915 1376 1006 1409 non
1027 1369 1140 1410 sunt
1162 1369 1302 1411 tantae
1325 1364 1630 1419 necessitatis,
1657 1365 1778 1409 sicut
1795 1364 1974 1423 baptis-

80 1436 203 1479 mus,
227 1429 281 1469 ut
298 1425 419 1469 infra
434 1425 610 1481 patebit
641 1427 820 1482 (quaest.
844 1439 973 1483 van,
997 1430 1084 1470 art.
1098 1429 1159 1481 3).

192 1488 534 1539 ARTICULUS
548 1489 652 1531 Vll.
672 1511 726 1518 —
746 1500 887 1531 ornum
911 1500 1061 1532 Ansam
1093 1502 1260 1532 rossmr
1287 1501 1554 1533 mensumn
1589 1500 1858 1533 mms'mmn.

578 1556 627 1590 De
648 1555 703 1590 his
714 1556 817 1591 etiam
835 1556 930 1591 Seni.
946 1565 994 1598 lv,
1012 1557 1090 1592 «list.
1105 1557 1148 1598 5,
1168 1560 1286 1599 quoest.
1302 1566 1341 1599 11,
1358 1563 1424 1592 nrt.
1440 1557 1473 1593 5.

135 1609 204 1656 Ad
229 1609 477 1667 septimum
498 1609 565 1654 sic
584 1610 867 1666 proceditur.
890 1613 934 1655 1.
957 1610 1144 1655 Videtur
1166 1611 1292 1668 quod
1311 1611 1466 1668 angeli
1483 1612 1665 1669 possint
1682 1622 1973 1659 sacramenta

81 1671 362 1717 ministrare.
387 1671 611 1729 Quicquid
649 1671 773 1716 enim
805 1676 959 1730 potest
994 1672 1205 1718 minister
1244 1673 1451 1731 inferior,
1474 1678 1627 1732 potest
1668 1679 1712 1720 et
1743 1676 1969 1733 superior,

81 1733 203 1779 sicut
229 1732 452 1790 quicquid
469 1737 621 1790 potest
645 1733 887 1790 diaconus,
908 1738 1062 1789 potest
1089 1735 1322 1793 sacerdos,
1346 1736 1430 1781 sed
1462 1748 1558 1781 non
1588 1737 1873 1782 convertitur
1893 1740 1972 1793 (⁶2).

82 1795 171 1840 Sed
205 1793 358 1851 angeli
399 1798 511 1838 sunt
542 1795 807 1852 superiores
828 1795 1028 1841 ministri
1068 1796 1117 1840 in
1153 1797 1316 1842 ordine
1347 1797 1634 1842 hierarchico
1670 1797 1812 1855 quam
1834 1798 1973 1844 etiam

82 1855 364 1914 quicumque
394 1855 621 1913 homineS,
645 1861 698 1901 ut
717 1861 843 1915 patet
871 1870 954 1914 per
982 1859 1253 1917 Dionysium
1287 1858 1485 1916 (Coelest.
1508 1859 1624 1905 hiere
1648 1872 1750 1916 cap.
1785 1862 1813 1905 9
1831 1892 1844 1916 ,
1865 1866 1974 1907 ante

81 1917 242 1974 med.).
260 1920 379 1974 Ergo
403 1920 511 1962 cum
529 1918 742 1963 homines
757 1919 940 1975 possint
959 1919 1222 1966 ministrare
1244 1920 1292 1966 in
1313 1921 1632 1978 sacramentiS,
1652 1921 1836 1966 videtur
1849 1922 1972 1979 qued

80 1978 230 2025 multo
247 1979 400 2036 magis
412 1979 594 2036 angeli.

135 2043 178 2087 2.
201 2042 442 2097 Praeterea,
474 2041 689 2086 homines
721 2041 869 2087 sancti
902 2042 1218 2088 assimilantur
1246 2043 1426 2099 angelis
1465 2042 1516 2088 in
1544 2044 1681 2100 coe10,
1711 2049 1763 2089 ut
1806 2045 1972 2091 dicitur

81 2102 248 2157 (Matth.
270 2104 389 2158 xxn).
421 2102 509 2148 Sed
543 2102 684 2160 aliqui
717 2103 866 2148 sancti
892 2103 940 2148 in
964 2104 1084 2149 coelo
1111 2105 1362 2150 existentes
1390 2109 1589 2162 possunt
1620 2106 1884 2152 ministrare
1922 2108 1970 2152 in

81 2165 418 2210 sacramentis:
440 2165 550 2222 quia
578 2166 816 2210 character
837 2167 1185 2212 sacramentalis
1222 2172 1294 2212 est
1314 2166 1594 2225 indelebilis,
1621 2172 1672 2212 ut
1707 2167 1884 2214 dictum
1902 2174 1972 2215 est

84 2225 267 2283 (quaest.
286 2238 424 2283 praec.
449 2230 534 2271 art.
559 2229 620 2283 5).
643 2229 761 2284 Ergo
787 2227 971 2273 videtur
990 2229 1116 2286 quod
1136 2229 1275 2274 etiam
1301 2229 1454 2286 angeli
1475 2229 1659 2286 possint
1681 2236 1972 2276 sacramenta.

81 2287 359 2332 ministrare.

137 2350 179 2393 3.
203 2350 446 2404 Praeterea,
466 2348 588 2393 sicut
627 2361 765 2405 supra
807 2349 980 2395 dictur-n
1016 2355 1087 2395 est
1120 2354 1302 2407 (quaest.
1337 2365 1423 2406 vm,
1456 2356 1542 2396 art.
1567 2354 1623 2408 7),
1664 2350 1879 2398 diabolus
1897 2361 1970 2399 est

82 2414 220 2466 caput
239 2409 488 2467 malorum,
511 2414 559 2454 et
597 2411 706 2455 mali
745 2417 857 2456 sunt
877 2412 1087 2457 membra
1106 2413 1233 2470 ejus3
1256 2414 1340 2459 sed
1368 2425 1454 2471 per
1486 2412 1637 2459 malos
1657 2419 1858 2471 possunt
1880 2417 1970 2460 mi-

80 2470 268 2516 nistrari
282 2476 596 2528 sacramenta3
613 2484 726 2529 ergo
747 2473 928 2519 videtur
950 2475 1075 2531 quod
1094 2475 1232 2520 etiam
1254 2488 1337 2531 per
1358 2475 1615 2521 daemones.

137 2532 226 2577 Sed
246 2536 406 2576 contra
428 2537 499 2577 est
527 2533 652 2590 quod
681 2533 848 2579 dicitur
869 2535 1020 2589 (Hebr.
1044 2550 1087 2589 v,
1104 2539 1148 2590 1)
1172 2552 1182 2580 :
1207 2538 1363 2580 Omnis
1394 2539 1603 2593 pontifex
1641 2549 1699 2580 ex
1716 2538 1970 2582 hominibus

81 2597 336 2651 assumptus
355 2607 441 2651 pro
456 2595 708 2638 hominibus
726 2600 1012 2640 constituitur
1043 2600 1092 2640 in
1113 2597 1184 2640 his
1208 2610 1303 2653 quae
1320 2602 1423 2641 sunt
1442 2599 1506 2641 ad
1529 2602 1685 2643 Deum.
1705 2597 1793 2643 Sed
1814 2601 1968 2656 angeli

81 2653 191 2699 boni
204 2655 280 2699 vel
293 2654 403 2699 mali
417 2666 512 2700 non
531 2661 642 2701 sunt
656 2669 715 2702 ex
737 2659 1022 2704 hominibus.
1045 2662 1163 2715 Ergo
1178 2659 1264 2716 ipsi
1281 2673 1375 2703 non
1398 2659 1752 2705 constituuntur
1769 2661 1967 2706 ministri

82 2715 128 2759 in
153 2716 225 2760 his
247 2727 352 2773 quae
374 2720 486 2761 sunt
506 2717 566 2762 ad
587 2720 747 2776 Deum,
769 2721 815 2765 id
832 2725 919 2777 est,
941 2722 988 2764 in
1011 2721 1332 2766 sacramentis

130 2783 419 2823 CONCLUSIO.
444 2805 490 2812 ——
511 2784 616 2824 Cum
634 2787 710 2826 soli
728 2786 917 2828 homines
940 2788 1100 2829 Christo
1123 2790 1458 2839 conformentur,
1472 2789 1525 2830 ad
1547 2790 1657 2841 ipsos
1672 2790 1794 2841 solos,
1818 2802 1900 2831 non
1919 2792 1971 2833 ad

83 2837 248 2888 angelos
275 2841 531 2878 sacramenta
545 2840 783 2881 ministrare
811 2843 1002 2894 pertinet,
1029 2855 1270 2896 quanquam
1285 2843 1444 2895 angelis
1460 2844 1633 2884 conferri
1649 2846 1778 2897 possit
1794 2848 1971 2898 potestas

83 2891 316 2933 conserendi.
339 2896 604 2934 sacramenta.

138 2953 412 3010 Respondeo
434 2954 683 3000 dicendum
706 2958 848 3015 quod,
871 2959 992 3004 sicut
1013 2971 1156 3016 supra
1175 2959 1351 3005 dictum
1371 2964 1443 3005 est
1470 2962 1574 3015 (art.
1596 2963 1622 3006 3
1644 2961 1743 3018 huj.
1764 2964 1965 3019 quaest),

84 3017 177 3058 tota
210 3013 358 3060 virtus
395 3021 794 3063 sacramentorum
817 3019 844 3063 a
865 3021 1082 3077 passione
1113 3021 1280 3066 Christi
1314 3022 1565 3078 derivatur,
1583 3034 1690 3079 quae
1712 3027 1785 3068 est
1805 3023 1968 3068 Christi

83 3075 342 3122 secundum
363 3076 489 3134 quod
507 3082 579 3123 est
609 3078 765 3136 hom0,
786 3080 861 3124 cui
884 3082 932 3126 in
955 3088 1120 3126 natura
1138 3083 1488 3127 conformantur
1510 3083 1740 3143 homines,
1763 3097 1858 3129 non
1882 3098 1968 3130 au-

83 3143 178 3183 tem
203 3140 374 3198 angeli,
398 3141 481 3186 sed
512 3141 668 3198 potius
701 3144 960 3189 secundum
996 3144 1260 3202 passionem
1294 3146 1462 3191 dicitur
1496 3149 1675 3192 modico
1707 3149 1764 3192 ab
1793 3150 1968 3205 anqelis

125 3262 259 3303 (imeae
276 3265 508 3306 sententia,ait
525 3265 735 3305 Lignori,est
745 3266 882 3308 quidem
898 3279 976 3307 pro·
1065 3268 1087 3300 l.
1110 3280 1153 3306 c.,
1177 3269 1274 3300 Croix
1301 3280 1335 3301 n.
1356 3269 1398 3302 92
1417 3274 1450 3303 et
1477 3270 1531 3310 95,
1562 3274 1686 3305 Anton.
1718 3278 1835 3312 quaest.
1866 3279 1915 3312 vt,
1934 3275 1968 3306 et

85 3308 226 3345 babilis:
239 3310 464 3352 sed,spectata
473 3313 614 3353 ratione,
624 3313 761 3349 videtur
772 3313 982 3355 probabilior
1067 3316 1157 3353 Lugo
1175 3326 1253 3348 cum
1269 3315 1430 3357 vasquez,
1447 3317 1546 3351 Pont.
1565 3318 1651 3354 Nav.
1680 3323 1747 3354 etc.

85 3358 249 3392 sententia
264 3359 431 3394 contraria
447 3371 547 3401 quam
567 3365 685 3396 tenent
701 3361 838 3404 contin,
849 3362 981 3397 Tourn.
1109 3364 1153 3403 (2)
1171 3364 1213 3396 Ut
1232 3362 1373 3398 inferior
1391 3365 1495 3406 possit
1516 3366 1663 3402 vicissim
1680 3365 1845 3408 quidquid
1860 3368 1968 3407 potest

1068 3411 1170 3446 etiam
1189 3410 1354 3452 superior.
