2170 3808
171 235 254 291 iai
746 245 944 298 QuAEs‘r.
974 245 1079 299 xm,
1109 245 1228 288 Aur.
1257 246 1312 288 ιιι
1339 246 1403 288 Er
1430 247 1498 290 lv,

173 315 392 359 virtutem
406 313 788 372 perfectissimam
807 320 852 358 et
864 316 1092 370 quantum
1106 312 1164 358 ad
1178 313 1576 371 imaginationem,
1589 318 1637 358 et
1647 314 1876 371 quantum
1885 314 1944 360 ad
1955 314 2068 362 alias

172 375 310 420 vires.
326 378 444 431 Ergo
458 375 613 419 anima
633 376 795 420 Christi
820 375 904 419 suit
922 375 1221 430 omnipotens
1241 375 1289 418 in
1313 383 1529 431 respectu
1550 376 1610 423 ad
1625 387 1794 433 corpus
1811 377 2065 433 proprium.

229 439 315 482 Sed
348 441 511 481 contra
534 445 605 482 est
628 438 753 495 quod
778 439 947 483 dicitur
968 437 1120 492 (liebr.
1147 450 1195 488 n,
1214 439 1302 491 17),
1326 438 1450 494 quod
1467 439 1619 482 debuit
1636 452 1723 495 per
1737 443 1889 482 omnia
1906 441 2070 493 fratri-

173 500 251 542 bus
274 498 545 556 assimilari,
568 503 616 543 et
635 499 868 556 praecipue
900 500 948 544 in
980 499 1053 544 bis
1084 510 1191 555 quae
1217 498 1453 555 pertinent
1475 499 1531 543 ad
1556 499 1867 545 conditionem
1892 505 2070 550 naturae

172 561 408 606 humanae.
430 561 519 607 Sed
537 561 595 606 ad
615 562 927 607 conditionem
949 562 1169 606 humanae
1183 565 1363 605 naturae
1379 561 1579 618 pertinet
1591 561 1714 619 quod
1732 561 1949 607 valetudo
1966 575 2070 607 cor·

172 623 298 679 poris
320 629 366 668 et
387 623 490 680 eJus
514 624 704 668 nutritio
730 630 775 669 et
797 630 1104 681 augmentum
1126 622 1322 680 imperio
1355 623 1549 668 rationis
1576 637 1659 669 seu
1690 624 1944 669 voluntatis
1973 637 2068 672 non

173 684 464 730 subdantur:
489 685 600 742 quia
622 686 854 730 naturalia
887 686 974 730 soli
1010 689 1120 741 Deo,
1151 684 1231 742 qui
1265 690 1338 729 est
1369 689 1531 729 auctor
1560 690 1756 739 naturae,
1784 686 2068 730 subduntur.

175 749 404 804 Ergo·nec
424 747 472 792 in
496 748 675 793 Christo
708 748 1049 792 subdebantur.
1071 750 1171 793 Non
1194 746 1337 803 igitur
1358 747 1516 792 anima
1546 748 1712 793 Christi
1740 748 1829 792 fuit
1857 747 2071 805 omnipo-
2143 755 2145 759 ’

173 814 278 854 tens
297 816 513 868 respectu
532 811 706 868 proprii
726 810 950 867 corporis.

223 878 518 920 CONCLUSIO.
539 901 586 909 -
604 880 719 919 Sicut
736 879 923 919 Christus
940 891 1024 919 non
1039 882 1198 931 poterat
1224 878 1418 919 exteriora
1433 890 1598 930 corpora
1615 879 1837 919 immutare
1851 879 1875 919 a
1891 890 2013 919 cursu
2030 882 2071 919 et

173 933 316 973 ordine
332 938 504 984 naturae,
524 934 582 975 sic
600 946 674 974 nec
689 934 915 974 secundum
937 935 1144 986 propriam
1161 936 1361 980 virtutem
1379 937 1559 986 respectu
1573 934 1728 986 proprii
1745 933 1922 985 corporis
1936 934 2071 974 omni·
2135 931 2140 934 ’

175 990 400 1041 potentiam
416 989 580 1040 habuit,
599 990 681 1031 nisi
699 991 903 1041 quatenus
924 990 1043 1031 Verbi
1063 990 1132 1031 Dei
1150 990 1493 1030 instrumentum.
2115 991 2120 996 '

231 1053 504 1109 Respondeo
525 1053 771 1098 dicendum
791 1053 933 1110 quod,
955 1053 1075 1097 sicut
1093 1053 1268 1098 dictum
1292 1057 1365 1097 est
1378 1054 1482 1106 (art.
1503 1051 1613 1109 pn),
1634 1052 1788 1096 anima
1808 1052 1969 1097 Christi
1985 1065 2071 1110 po-

178 1120 265 1158 test
283 1114 529 1171 dupliciter
547 1115 848 1160 considerari.
866 1117 966 1159 Uno
985 1115 1124 1159 modo
1146 1114 1407 1160 secundum
1426 1113 1661 1171 propriam
1683 1120 1896 1159 naturam
1917 1119 1963 1159 et
1975 1115 2072 1159 vir-

178 1181 323 1220 tutem
344 1179 427 1232 (1);
450 1181 497 1222 et
518 1178 606 1222 hoc
628 1177 767 1222 modo
790 1179 913 1222 sicut
945 1190 1038 1222 non
1069 1183 1249 1234 poterat
1277 1177 1524 1220 immutare
1559 1176 1790 1221 exteriora
1820 1189 2013 1233 corpora
2043 1177 2071 1221 a

177 1251 317 1282 cursu
342 1244 387 1284 et
406 1239 569 1284 ordine
588 1244 783 1295 naturae,
804 1240 868 1284 ita
891 1239 1030 1284 etiam
1054 1252 1147 1283 non
1171 1244 1352 1296 poterat
1371 1238 1617 1283 immutare
1640 1238 1878 1295 proprium
1901 1251 2072 1296 corpus

177 1300 205 1343 a
229 1300 426 1345 naturali
451 1301 754 1358 dispositione
773 1303 860 1358 (2);
884 1301 994 1358 quia
1021 1301 1177 1345 anima
1206 1300 1369 1345 Christi
1396 1300 1656 1345 secundum
1683 1300 1914 1357 propriam
1937 1306 2072 1345 natu-

179 1374 276 1406 ram
301 1362 440 1407 habet
459 1363 812 1408 determinatam
835 1363 1179 1420 proportionem
1198 1362 1256 1407 ad
1271 1374 1411 1407 suum
1431 1374 1618 1419 corpus.
1640 1362 1738 1407 Alio
1760 1362 1898 1407 modo
1920 1367 2073 1419 potest

178 1425 460 1470 considerari
477 1426 633 1471 anima
652 1425 815 1470 Christi
838 1426 1095 1470 secundum
1113 1425 1237 1482 quod
1256 1430 1328 1470 est
1343 1424 1709 1469 instrumentum
1726 1424 1909 1469 unitum
1926 1424 2072 1469 Verbo

178 1486 255 1530 Dei
274 1487 319 1530 in
342 1500 571 1544 persona:
595 1492 641 1533 et
661 1487 729 1532 sic
753 1487 1041 1533 subdebatur
1059 1487 1163 1544 ejus
1186 1486 1400 1543 potestati
1430 1486 1630 1530 totaliter
1652 1487 1806 1530 omnis
1833 1487 2073 1542 dispositio
2139 1504 2146 1518 ι

178 1549 352 1605 proprii
370 1549 592 1606 corporis.
616 1550 730 1603 Quia
750 1555 905 1594 tamen
928 1549 1080 1594 virtus
1095 1549 1290 1594 actionis
1310 1561 1404 1593 non
1421 1548 1607 1605 proprie
1621 1548 1888 1593 attribuitur
1901 1549 2073 1594 instru-

178 1617 351 1669 mento,
382 1612 466 1658 sed
501 1612 743 1669 principali
775 1611 959 1669 agenti,
996 1612 1101 1657 talis
1134 1611 1473 1669 omnipotentia
1501 1611 1652 1668 magis
1689 1611 1956 1656 attribuitur
1983 1611 2072 1669 ipsi

177 1674 325 1719 Verbo
347 1674 424 1719 Dei
449 1674 591 1731 quam
614 1676 782 1720 animae
806 1674 987 1719 Christi.

234 1736 301 1781 Ad
323 1740 527 1793 pri-mum
545 1749 656 1793 ergo
676 1737 927 1782 dicendum
940 1771 953 1792 ,
975 1737 1097 1794 quod
1119 1737 1317 1782 verbum
1339 1736 1609 1781 Damasceni
1629 1740 1701 1781 est
1719 1735 2072 1793 intelligendum

178 1801 407 1855 quantum
428 1799 487 1845 ad
505 1799 793 1845 voluntatem
808 1799 970 1844 Christi
985 1799 1220 1844 divinam:
1243 1799 1369 1856 quia,
1387 1798 1509 1843 sicut
1522 1798 1625 1856 ipse
1638 1798 1687 1842 in
1702 1798 2075 1855 praecedentibus

178 1860 290 1905 dicit
311 1863 430 1918 (cap.
450 1865 521 1917 14,
543 1866 590 1906 et
609 1874 711 1919 cap.
729 1865 799 1918 15,
820 1861 847 1905 a
862 1860 1023 1917 med),
1046 1880 1064 1899 u
1082 1860 1372 1917 beneplacito
1386 1861 1555 1905 divinae
1570 1860 1822 1904 voluntatis
1835 1861 2075 1917 permitte-

178 1922 316 1967 batur
335 1922 464 1967 carni
485 1922 597 1980 pati,
619 1928 667 1968 et
688 1922 867 1978 operari
888 1935 995 1980 quae
1017 1922 1218 1980 propria.
1241 1940 1262 1962 »

234 1985 299 2030 Ad
319 1986 565 2028 secundum
586 1984 855 2041 dicendum,
880 1984 1006 2042 quod
1036 1997 1129 2028 non
1160 1984 1425 2041 pertinebat
1447 1985 1537 2029 hoc
1567 1984 1626 2029 ad
1649 1984 1918 2040 originalem
1937 1984 2075 2041 Justi-

181 2047 306 2103 tiam,
332 2059 474 2105 quam
494 2047 640 2092 Adam
662 2047 826 2092 habuit
848 2047 893 2092 in
918 2052 1044 2092 statu
1063 2047 1362 2104 innocentiae,
1383 2046 1509 2104 quod
1529 2046 1684 2091 anima
1706 2047 1907 2092 hominis
1929 2047 2075 2092 habe-
2120 2075 2121 2078 =

177 2114 249 2153 ret
266 2109 486 2153 vlrtutem
511 2109 855 2154 transmutandi
880 2109 1119 2165 proprium
1142 2121 1314 2164 corpus
1332 2109 1380 2152 in
1395 2120 1740 2165 quamcumque
1756 2108 1974 2165 sormam,
1991 2110 2074 2154 sed

179 2171 303 2228 quod
327 2175 487 2228 posset
510 2171 664 2227 ipsum
689 2183 969 2215 conservare
1003 2171 1182 2228 absque
1210 2170 1339 2214 omni
1371 2175 1668 2214 nocumento.
1702 2173 1755 2214 Et
1783 2170 1905 2214 hanc
1934 2170 2073 2216 etiam

178 2234 398 2277 virtutem
414 2233 621 2278 Christus
637 2245 877 2278 assumere
897 2233 1142 2290 potuisset,
1161 2232 1199 2276 si
1215 2232 1455 2277 voluisset.
1474 2232 1561 2277 Sed
1576 2234 1682 2276 cum
1703 2232 1798 2277 sint
1814 2238 1911 2278 tres
1924 2237 2074 2278 status

178 2296 446 2352 hominum3
466 2295 643 2339 scilicet
669 2295 966 2350 innocentiae,
988 2295 1139 2351 culpae
1168 2299 1213 2339 et
1243 2294 1428 2351 gloriae3
1453 2295 1574 2339 sicut
1598 2295 1654 2338 de
1678 2300 1800 2339 statu
1819 2295 1979 2352 gloriae
1997 2309 2074 2340 as-

179 2358 379 2415 sumpsit
394 2357 878 2414 comprehensionem,
895 2361 942 2401 et
957 2357 1015 2402 de
1028 2362 1152 2401 statu
1170 2356 1450 2402 innocentiae
1464 2356 1803 2402 immunitatem
1819 2358 1847 2401 a
1860 2364 2071 2415 peccato,

179 2421 243 2465 ita
262 2426 308 2465 et
327 2420 386 2465 de
404 2425 529 2464 statu
550 2419 701 2476 culpae
720 2419 976 2476 assumpsit
991 2418 1316 2464 necessitatem
1335 2419 1606 2476 subjacendi
1628 2420 1977 2476 poenalitatibus
1993 2421 2074 2466 hu-

174 2484 254 2540 jus
273 2482 399 2539 vitae,
417 2488 469 2527 ut
488 2482 610 2527 infra
629 2482 810 2527 dicetur
831 2487 1010 2540 (quaest.
1032 2495 1120 2538 xiv,
1141 2486 1227 2526 art.
1250 2485 1310 2536 2).

234 2546 299 2590 Ad
336 2548 520 2588 tertium
552 2544 831 2601 dicendum,
862 2542 987 2600 quod
1022 2543 1361 2601 imaginationi,
1388 2545 1428 2588 si
1460 2545 1601 2589 fuerit
1630 2545 1778 2600 fortis,
1803 2545 2075 2591 naturaliter

179 2608 333 2653 obedit
348 2619 519 2664 corpus
539 2607 767 2663 quantum
787 2606 846 2652 ad
861 2606 1034 2664 aliqua,
1054 2607 1168 2663 puta
1183 2608 1412 2663 quantum
1430 2608 1488 2652 ad
1508 2619 1670 2652 casum
1693 2607 1750 2652 de
1766 2607 1896 2652 trabe
1913 2608 1960 2652 in
1981 2608 2074 2654 alto

178 2671 327 2727 posita
346 2704 360 2727 ‚
381 2670 491 2728 quia
509 2669 780 2724 imaginatio
804 2676 912 2713 nata
935 2674 1006 2714 est
1029 2681 1132 2714 esse
1155 2669 1434 2726 principium
1458 2674 1614 2714 motus
1635 2669 1809 2728 localis,
1832 2676 1886 2714 ut
1905 2670 2074 2715 dicitur

181 2736 258 2788 (De
278 2734 451 2790 anima,
470 2731 552 2777 lib.
575 2746 638 2788 m,
660 2736 775 2777 text.
798 2735 854 2777 48
871 2736 918 2777 et
938 2734 1107 2789 seqq.).
1131 2732 1347 2777 Similiter
1364 2732 1503 2777 etiam
1526 2733 1753 2788 quantum
1769 2731 1828 2776 ad
1843 2732 2074 2777 alteratio-

180 2809 287 2841 nem
310 2808 416 2854 quae
436 2799 507 2840 est
534 2795 796 2840 secundum
826 2794 1028 2839 calorem
1055 2799 1102 2839 et
1126 2794 1293 2852 frigus,
1313 2799 1359 2839 et
1383 2794 1471 2839 alia
1495 2794 1855 2851 consequentia:
1878 2795 1934 2839 eo
1950 2796 2073 2852 quod

178 2872 237 2904 ex
252 2857 584 2917 imaginatione
598 2862 941 2915 consequenter
955 2862 1078 2902 natae
1098 2863 1210 2902 sunt
1229 2857 1453 2914 consequi
1473 2857 1639 2901 animae
1653 2856 1895 2914 passiones
1908 2869 2074 2903 secun-

179 2921 291 2967 dum
314 2933 433 2978 quas
451 2926 664 2965 movetur
685 2933 792 2976 cor3
817 2925 864 2965 et
882 2918 949 2964 sic
972 2931 1055 2976 per
1075 2919 1435 2964 commotionem
1464 2919 1712 2975 spirituum
1735 2923 1882 2964 totum
1905 2927 2075 2977 corpus

179 2983 417 3027 alteratur.
434 2982 546 3026 Aliae
568 2982 680 3027 vero
700 2982 1029 3039 dispositiones
1051 2981 1331 3038 corporales,
1356 2993 1463 3038 quae
1488 2994 1582 3025 non
1614 2980 1786 3025 habent
1814 2983 2073 3027 naturalem

177 3044 389 3089 ordinem
417 3044 476 3089 ad
507 3044 891 3101 imaginationem
907 3080 918 3098 ‚
943 3056 1038 3088 non
1063 3047 1438 3088 transmutantur
1459 3043 1519 3087 ab
1543 3042 1897 3100 imaginatione,
1921 3055 2074 3100 quan·

179 3113 484 3163 tumcumque
504 3107 565 3152 sit
583 3108 742 3154 fortis:
768 3107 882 3165 puta
901 3104 1052 3164 figura
1070 3111 1258 3161 manus,
1275 3107 1349 3151 vel
1368 3106 1517 3164 pedis,
1532 3107 1608 3152 vel
1630 3106 1802 3163 aliquid
1822 3107 1990 3152 simile.

207 3172 548 3214 ARTICULUS
571 3173 653 3214 IV.
673 3195 730 3202 —
755 3184 890 3214 urium
914 3183 1039 3214 ΑΝιΜΑ
1062 3183 1226 3213 cnms'ri
1256 3183 1463 3213 manetur
1486 3182 1816 3214 ommrormrmx
1839 3183 2045 3214 unsri-:cru

783 3245 1057 3276 Exsscunoms
1081 3246 1167 3276 SUAE
1187 3246 1458 3276 VOLUNTATIS.

232 3295 300 3341 Ad
321 3302 541 3352 quartum
563 3295 630 3338 sic
655 3295 936 3351 proceditur.
960 3298 1004 3339 1.
1023 3294 1211 3339 Videtur
1234 3294 1360 3351 quod
1375 3294 1533 3338 anima
1555 3294 1719 3339 Christi
1742 3307 1837 3339 non
1859 3294 2070 3339 habuerit

219 3401 263 3443 (l)
279 3400 390 3436 Etiam
404 3402 584 3438 gratuitam
596 3399 875 3440 sanctificantem,
892 3400 973 3440 quia
988 3411 1083 3434 sanc-
1211 3399 1255 3442 (2)
1269 3399 1317 3434 Ex
1335 3398 1388 3433 his
1404 3400 1495 3440 patet
1513 3398 1661 3433 animam
1684 3398 1810 3433 Christi
1832 3410 1900 3432 non
1926 3398 2072 3439 potuisse

176 3450 257 3484 titas
273 3461 335 3490 per
352 3461 387 3483 se
404 3448 440 3482 id
459 3459 526 3482 non
550 3447 694 3488 confert,
712 3447 769 3481 sed
785 3448 931 3486 gratuita
949 3450 1083 3482 tantum
1168 3447 1376 3482 naturaliter
1407 3446 1573 3487 impedire
1594 3452 1633 3481 ut
1654 3458 1775 3488 corpus
1796 3458 1895 3481 suum
1916 3447 2070 3481 nutrire-

176 3498 283 3533 virtus
298 3509 371 3539 qua!
385 3499 403 3532 Ξι
419 3497 527 3538 gratia
546 3495 649 3535 gratis
664 3495 740 3529 data
759 3494 1012 3530 denominatur.
1170 3502 1240 3531 tur.
1259 3500 1454 3535 angeretur,
1470 3500 1534 3529 etc.
