2170 3808
150 180 234 224 386
716 179 917 232 QUAEST.
945 178 1091 235 XLVI,
1113 178 1231 222 ART.
1262 179 1298 222 V
1323 179 1390 223 ET
1418 179 1484 224 Vl.

208 259 276 306 Ad
301 261 547 304 secundum
565 258 832 315 dicendum,
854 256 980 316 quod
998 258 1254 303 similitudo
1269 259 1334 304 ibi
1353 259 1622 316 attenditur,
1635 271 1730 303 non
1747 258 1975 315 quantum
1988 261 2047 307 ad

152 334 401 368 numerum
422 321 696 378 passionum
721 326 767 366 et
784 321 1055 379 gratiarum,
1077 321 1160 365 sed
1175 326 1401 378 quantum
1417 323 1474 368 ad
1490 321 1860 378 magnitudinem
1876 323 2046 368 utrius-

151 397 265 444 que3
290 384 401 442 quia
423 383 546 428 sicut
567 383 849 428 sublimatus
862 383 1000 428 estin
1021 382 1160 428 donis
1183 383 1434 440 gratiarum
1452 397 1593 442 super
1611 384 1744 438 alim,
1759 383 1823 427 i-ta
1841 382 2048 439 dejectus

150 451 225 493 est
251 446 372 490 infra
391 445 508 490 alios
526 457 608 502 per
628 444 935 502 ignominiam
954 445 1242 502 passionum.

206 508 276 555 Ad
291 510 473 552 tertium
495 507 762 564 dice-ndum,
783 508 908 565 quod
934 508 1195 552 secundum
1219 507 1546 554 sufficientiam
1567 520 1661 553 una
1677 506 1874 552 minima
1894 506 2049 563 passio

140 570 316 616 'Christi
337 570 599 615 suffecisset
619 570 678 615 ad
698 569 1022 614 redimendum
1048 582 1198 625 genus
1224 570 1483 615 humanum
1504 570 1564 615 ab
1581 569 1802 614 omnibus
1821 567 2045 625 peccatis;

151 633 236 679 sed
250 633 510 679 secundum
531 631 904 678 convenientiam
926 631 1165 677 sufficlens
1182 631 1270 677 fuit
1301 632 1427 689 quod
1440 637 1678 690 pateretur
1693 629 1852 677 omnia
1875 641 2049 686 genera

150 695 442 753 passionum,
474 694 595 739 sicut
610 693 706 751 J‘am
724 693 902 738 dictum
929 700 1002 737 est
1020 693 1085 747 (in
1107 705 1233 751 corp.
1259 696 1383 749 art.).

206 759 555 802 ARTICULUS
579 759 659 800 VI.
683 779 741 789 —-
761 768 904 801 urium
922 768 1059 799 nomn
1083 769 1295 800 mssmms
1317 768 1476 800 cunrsn
1494 770 1646 801 cunm-r
1664 768 1795 799 mon
1818 766 1992 800 euxinus

933 830 1166 862 notomnns
1200 819 1274 871 (1).

206 880 272 926 Ad
291 883 478 925 sextum
515 877 584 924 sic
601 877 885 935 proceditur.
921 881 964 924 1.
991 878 1178 923 Videtur
1200 879 1331 936 quod
1352 879 1482 925 dolor
1515 879 1748 936 passionis
1766 877 1931 923 Christi
1954 889 2046 922 non

150 940 289 988 fuerit
305 941 455 998 major
472 939 692 984 omnibus
715 939 818 985 aliis
847 939 1104 985 doloribus.
1126 941 1264 986 Dolor
1280 941 1409 987 enim
1432 941 1651 999 patientis
1665 946 1865 997 augetur
1878 952 2042 984 secun-

152 1004 264 1050 dum
293 1004 567 1061 gravitatem
587 1006 633 1047 et
653 1002 1005 1048 diuturnitatem
1028 1003 1276 1060 passionis,
1295 1004 1383 1050 Sed
1403 1004 1594 1062 quidam
1613 1009 1845 1061 martyres
1865 1001 2051 1058 gravio-

151 1079 227 1112 res
248 1066 495 1126 passiones
514 1070 559 1111 et
578 1065 897 1111 diuturniores
925 1067 1252 1111 sustinuerunt
1274 1067 1417 1124 quam
1445 1066 1678 1122 Christus3
1708 1067 1829 1110 sicut
1845 1070 1971 1122 patet
1992 1065 2050 1110 de

151 1130 414 1187 Laurentio,
436 1128 517 1186 qui
536 1132 607 1173 est
624 1132 811 1173 assatus
835 1128 883 1173 in
904 1129 1154 1185 craticula3
1175 1129 1296 1173 etde
1318 1129 1573 1184 Vincentio,
1590 1127 1727 1185 cujus
1748 1140 1916 1172 carnes
1941 1131 2051 1172 sunt

151 1192 343 1250 ungulis
360 1190 523 1237 ferreis
537 1190 766 1235 laceratae.
785 1193 905 1248 Ergo
923 1192 1106 1236 videtur
1117 1191 1244 1248 quod
1258 1192 1390 1236 dolor
1400 1190 1562 1237 Christi
1573 1190 1792 1248 patientis
1806 1203 1899 1235 non
1911 1190 2053 1235 fuerit

151 1266 401 1300 maximus,

207 1320 251 1362 2.
283 1319 523 1372 Praeterea,
543 1314 694 1360 virtus
710 1315 883 1360 mentis
905 1321 977 1360 est
1004 1315 1262 1372 mitigativa
1283 1316 1472 1366 doloris,
1500 1316 1734 1360 intantum
1764 1314 1889 1372 quod
1915 1315 2050 1360 Stoici

152 1384 412 1437 posuerunt
428 1376 664 1423 tristitiam
675 1378 726 1421 in
749 1377 959 1422 animum
974 1379 1201 1435 sapientis
1216 1391 1310 1424 non
1334 1379 1527 1435 cadere3
1549 1383 1595 1424 et
1613 1378 1882 1424 Aristoteles
1897 1377 2052 1433 posuit

153 1441 314 1497 (Ethic.
338 1440 417 1485 lib.
437 1454 484 1496 11,
501 1441 662 1497 capAE,
682 1441 727 1495 6,
750 1442 777 1484 7
797 1445 843 1484 et
857 1442 916 1496 9),
938 1440 1065 1497 quod
1077 1440 1234 1487 virtus
1245 1441 1436 1485 moralis
1446 1441 1653 1485 medium
1666 1445 1793 1485 tenet
1806 1440 1853 1483 in
1873 1439 2052 1497 passio·

153 1502 309 1547 nibus.
335 1502 423 1546 Sed
445 1501 494 1545 in
518 1500 695 1546 Christo
717 1500 805 1545 fuit
819 1501 1161 1558 perfectissima
1191 1502 1342 1548 virtus
1371 1501 1561 1547 mentis.
1581 1504 1699 1558 Ergo
1723 1502 1908 1547 videtur
1925 1500 2053 1558 quod

153 1564 201 1608 in
218 1564 397 1608 Christo
421 1575 514 1607 non
538 1561 681 1607 fuerit
701 1562 935 1607 maximus
957 1562 1106 1608 dolor.

203 1628 250 1671 3.
292 1628 536 1682 Praeterea,
582 1622 758 1681 quanto
793 1625 980 1682 aliquod
1001 1625 1185 1680 patiens
1217 1629 1289 1670 est
1316 1623 1469 1681 magis
1492 1625 1730 1681 sensibile,
1759 1622 1889 1669 tanto
1906 1623 2055 1682 maior

152 1688 366 1746 sequitur
385 1687 517 1733 dolor
532 1686 781 1744 passionis.
803 1688 890 1733 Sed
914 1687 1072 1732 anima
1085 1692 1158 1733 est
1178 1688 1444 1733 sensibilior
1454 1687 1599 1745 quam
1623 1700 1810 1745 corpus,
1825 1687 1933 1731 cum
1948 1699 2054 1731 cor·

151 1763 242 1808 pus
262 1749 432 1795 sentiat
446 1762 504 1794 ex
523 1749 680 1793 anima
700 1764 711 1794 :
730 1749 872 1794 Adam
888 1750 1028 1794 etiam
1051 1750 1099 1794 in
1117 1754 1242 1795 statu
1263 1750 1545 1795 innocentIae
1558 1749 1742 1794 videtur
1759 1759 1930 1805 corpus
1942 1759 2057 1793 sen-

153 1812 334 1857 sibilius
351 1811 571 1855 habuisse
593 1810 734 1868 quam
753 1811 976 1867 Christus,
1004 1812 1081 1869 qui
1102 1811 1359 1869 assumpsit
1379 1824 1550 1870 corpus
1567 1812 1825 1856 huma-num
1841 1821 1949 1855 cum
1970 1822 2052 1855 na-

152 1874 382 1920 turalibus
394 1873 669 1919 defectibus.
684 1876 803 1930 Ergo
813 1873 998 1920 videtur
1009 1874 1134 1932 quod
1151 1874 1284 1920 dolor
1295 1874 1462 1919 animae
1478 1874 1695 1932 patientis
1707 1873 1753 1918 in
1768 1872 2050 1931 purgatorio,

151 1937 227 1982 vel
242 1937 292 1981 in
315 1936 516 1992 inferno,
535 1936 611 1981 vel
629 1935 768 1982 etiam
791 1936 922 1981 dolor
946 1937 1071 1994 Adae,
1095 1936 1136 1982 si
1153 1949 1323 1995 passus
1345 1937 1527 1995 fuisset,
1558 1937 1706 1994 major
1729 1935 1895 1981 fuisset
1911 1934 2051 1993 quam

154 1998 285 2044 dolor
307 1997 541 2055 passionis
560 1997 741 2043 Christi.

206 2065 249 2105 4.
281 2063 525 2116 Praeterea,
543 2059 737 2118 majoris
756 2059 867 2104 boni
899 2060 1090 2106 amissio
1107 2065 1272 2106 causat
1288 2060 1513 2119 maj0rem
1531 2059 1754 2105 dolorem.
1777 2059 1866 2105 Sed
1887 2071 2051 2117 pecca-

151 2127 225 2167 tor
238 2122 475 2180 peccando
495 2122 666 2167 amittit
685 2121 840 2179 maJus
857 2121 1035 2168 bonum
1055 2123 1196 2180 quam
1218 2123 1427 2168 Christus
1447 2121 1681 2180 patiendo,
1706 2121 1816 2178 quia
1833 2121 1928 2166 vita
1946 2133 2052 2178 gra-

152 2184 229 2230 tiae
252 2189 325 2229 est
346 2185 510 2229 melior
534 2185 677 2242 quam
713 2185 808 2230 vita
842 2193 1025 2230 naturae
1049 2199 1060 2230 ε
1083 2186 1292 2231 Christus
1324 2185 1479 2240 etiam,
1509 2184 1590 2242 qui
1609 2183 1764 2228 amisit
1782 2184 1924 2228 vitam
1947 2189 2053 2241 post

151 2247 360 2293 triduum
379 2253 746 2304 resurrecturus,
770 2247 929 2293 minus
943 2248 1119 2306 aliquid
1138 2248 1351 2294 amisisse
1369 2248 1553 2293 videtur
1571 2246 1714 2304 quam
1730 2245 1795 2290 illi
1815 2245 1897 2303 qui
1915 2245 2052 2291 amit-

152 2314 260 2354 tunt
280 2308 422 2353 vitam
440 2309 738 2365 permansuri
756 2309 805 2353 in
820 2314 987 2356 morte.
1003 2313 1122 2366 Ergo
1135 2310 1320 2356 videtur
1331 2309 1457 2368 quod
1477 2308 1609 2355 dolor
1622 2307 1786 2354 Christi
1801 2319 1895 2352 non
1912 2308 2052 2354 fuerit

151 2370 388 2415 maximus
407 2370 636 2415 dolorum.

206 2434 250 2477 5.
268 2432 784 2488 Praeterea‚innocentia
795 2432 1013 2489 patientis
1026 2432 1244 2479 diminuit
1259 2432 1466 2478 dolorem
1481 2430 1730 2488 passionis.
1747 2431 1835 2476 Sed
1845 2431 2053 2478 Christus

152 2493 429 2539 innocenter
450 2500 519 2539 est
550 2506 735 2553 passm,
759 2494 1018 2540 secundum
1040 2495 1157 2541 illud
1179 2497 1359 2550 (Jerem.
1396 2507 1458 2553 xx,
1482 2496 1554 2548 19)
1587 2508 1599 2538 ι
1625 2496 1721 2551 Εᾳο
1746 2497 1900 2538 autem
1919 2497 2053 2551 quasi

154 2569 301 2614 aquus
319 2560 597 2612 mansuetem,
623 2559 699 2613 qui
715 2560 933 2614 portatur
953 2557 1018 2601 ad
1034 2560 1283 2602 victimam.
1303 2559 1422 2612 Ergo
1445 2555 1630 2602 videtur
1652 2556 1779 2613 quod
1799 2556 1933 2601 dolor
1944 2569 2051 2614 pas·
2113 2563 2117 2565 ’

153 2617 299 2663 sionis
332 2618 496 2662 Christi
519 2630 615 2662 non
639 2618 778 2663 fuerit
797 2618 1048 2665 maximus

208 2682 252 2727 6.
281 2682 524 2737 Praeterea,
547 2681 598 2725 in
613 2680 686 2726 his
705 2693 809 2739 quae
825 2681 989 2727 Christi
1015 2686 1145 2740 sunt,
1158 2681 1275 2727 nihil
1290 2681 1377 2727 fuit
1389 2680 1695 2739 superfluum.
1718 2681 1805 2727 Sed
1828 2680 2052 2727 minimus
2109 2702 2117 2707 ·<

153 2742 286 2789 dolor
303 2743 468 2788 Christi
484 2743 745 2789 suffecisset
757 2744 816 2789 ad
827 2744 970 2790 finem
982 2744 1147 2790 salutis
1158 2745 1378 2789 humanae
1395 2758 1408 2789 :
1424 2743 1667 2788 habuisset
1683 2743 1811 2789 enim
1821 2742 2051 2788 infinitam
2121 2770 2124 2775 ·

151 2804 373 2850 virtutem
399 2817 458 2850 ex
475 2818 674 2863 persona
695 2805 867 2851 divina.
892 2810 1013 2864 Ergo
1033 2807 1322 2865 superfluum
1354 2806 1520 2851 fuisset
1541 2819 1780 2851 assumere
1793 2805 2051 2850 maximum
2104 2863 2114 2872 Δ,

153 2866 384 2912 dolorum.

211 2929 299 2974 Sed
319 2932 477 2973 contra
500 2933 572 2975 est
593 2929 720 2988 quod
745 2930 927 2985 (Thren.
950 2946 982 2990 1,
1005 2934 1050 2987 2)
1079 2931 1248 2977 dicitur
1271 2943 1328 2976 ex
1351 2942 1553 2988 persona
1573 2930 1774 2975 Christi:
1794 2931 2048 2986 Attendite,

154 2993 198 3034 et
217 2993 384 3049 videte,
401 2995 442 3034 si
458 2996 525 3035 est
543 2993 675 3036 dolor
687 2995 803 3037 sicut
820 2993 952 3038 dolor
965 3007 1102 3038 meus.

203 3058 495 3100 CONCLUSIO.
514 3083 564 3090 —
583 3059 747 3101 Dolores
762 3073 866 3114 quos
884 3061 1073 3103 Christus
1094 3043 1239 3113 passus
1257 3065 1333 3111 est,
1348 3071 1490 3101 omnes
1505 3062 1761 3101 excesserunt
1776 3059 1935 3101 dolores
1949 3071 2052 3112 quos
2090 3109 2094 3112 χ

154 3112 344 3155 homines
361 3115 448 3166 pati
467 3119 639 3167 possunt
658 3116 702 3155 in
720 3115 797 3158 hac
814 3117 915 3168 vita,
932 3129 1016 3159 non
1035 3117 1158 3158 modo
1177 3121 1337 3169 propter
1356 3115 1559 3169 passionis
1578 3115 1856 3166 acetbitatem,
1872 3120 1912 3157 et
1928 3126 2047 3167 gene·

195 3236 242 3279 (l)
262 3236 303 3272 In
328 3236 392 3271 hoe
416 3237 559 3273 articulo
588 3240 623 3274 S.
645 3239 771 3274 Doctor
790 3240 920 3276 refellit
938 3240 1058 3276 Cerdo·
1143 3241 1263 3275 credit
1282 3267 1292 3281 ,
1322 3241 1520 3283 profitetur
1540 3241 1574 3273 et
1591 3240 1773 3283 praedicat
1804 3240 1873 3275 Dei
1905 3239 2050 3275 Filo-a

155 3297 234 3322 nem
255 3288 290 3321 et
306 3285 390 3320 alios
415 3286 591 3322 haeretioos
605 3288 667 3330 qui
693 3293 862 3329 negarunt
887 3289 1060 3324 Christum
1143 3290 1226 3323 vere
1253 3299 1415 3332 passum,
1434 3288 1518 3324 vere
1550 3290 1751 3329 mortuum,
1773 3291 1808 3322 et
1839 3287 2049 3331 cemimus:

155 3334 235 3370 vere
254 3345 323 3368 esse
353 3346 500 3375 passum,
533 3347 635 3376 quem
663 3348 813 3372 errorem
838 3338 922 3378 saepe
942 3337 1062 3378 saepius
1145 3338 1450 3377 anathematizat,
1468 3340 1671 3371 execratur
1685 3340 1721 3371 et
1738 3337 1895 3372 damnat
1909 3343 2050 3371 omnen

156 3380 305 3416 Ecclesia
323 3382 529 3423 profligavit.
555 3384 644 3417 Hinc
673 3385 792 3418 concil.
824 3385 1058 3420 Florentinum
1146 3386 1320 3419 hoeren'm
1339 3385 1539 3419 contraria
1559 3385 1777 3426 sapientem.

156 3428 241 3464 dixit
258 3443 266 3464 ε
282 3430 530 3466 sacrosancta
546 3441 704 3466 romana
719 3433 884 3468 Ecclesia
901 3434 1061 3476 firmiter
