2170 3808
735 249 935 299 QUAEST.
964 249 1140 305 xxvm,
1170 249 1289 291 ART.
1320 250 1352 291 1.
1909 249 1994 291 235

103 329 190 374 fuit
212 328 491 374 conveniens
509 327 633 386 quod
655 328 798 373 alium
820 334 999 386 patrem
1032 329 1223 374 haberet
1252 329 1394 386 quam
1415 332 1576 382 Deum,
1601 341 1662 373 ne
1692 328 1894 385 dignitas
1916 331 1993 375 Dei

104 391 247 436 Patris
267 390 591 436 transferretur
607 390 668 435 ad
690 390 850 436 alium.
874 390 1100 447 Secundo,
1116 391 1206 434 hoc
1231 391 1317 435 fuit
1336 391 1620 435 conveniens
1641 390 1907 447 proprietati
1924 391 1994 448 ip-

104 452 202 497 sius
213 451 312 496 Filii
332 451 413 510 qui
431 450 644 505 mittitur,
662 451 743 509 qui
766 451 957 508 quidem
974 455 1047 496 est
1066 451 1268 495 Verbum
1295 452 1391 496 Dei.
1419 451 1621 496 Verbum
1640 455 1796 495 autem
1817 450 1995 508 absque

104 514 230 558 omni
242 513 534 570 corruptione
549 513 702 559 cordis
714 513 971 571 concipitur
988 512 1224 570 :quinimo
1240 513 1393 557 cordis
1412 513 1644 569 corruptio
1662 512 1850 570 perfecti
1860 512 1992 558 Verbi

104 575 448 632 conceptionem
469 586 566 618 non
589 574 776 631 patitur.
810 574 924 628 Quia
944 585 1056 630 ergo
1086 585 1193 617 caro
1227 573 1295 616 sic
1313 572 1402 616 fuit
1426 573 1452 616 a
1471 573 1617 618 Verbo
1638 574 1716 618 Dei
1737 577 1993 631 assumpta,

106 641 157 681 ut
177 640 300 682 esset
318 648 425 681 caro
443 634 576 680 Verbi
598 636 693 692 Dei,
714 634 1000 681 conveniens
1021 633 1108 678 fuit
1137 633 1262 691 quod
1285 634 1425 679 etiam
1445 634 1545 691 ipsa
1577 634 1679 679 sine
1700 635 1996 693 corruptione

103 697 264 743 matris
273 696 606 754 conciperetur.
621 698 767 742 Tertio
777 698 867 742 hoc
875 696 964 741 fuit
976 696 1260 740 conveniens
1276 695 1487 751 dignitati
1499 696 1802 741 humanitatis
1812 697 1973 742 Christi
1981 731 1994 752 ,

104 758 151 804 in
167 771 260 816 qua
293 758 448 804 locum
476 763 719 815 peccatum
746 758 918 803 habere
950 769 1045 801 non
1081 756 1257 813 debuit,
1280 769 1363 815 per
1392 769 1533 814 quam
1560 761 1805 814 peccatum
1831 759 1995 805 mundi

103 820 362 877 tollebatur,
380 820 636 866 secundum
655 820 770 865 illud
786 822 930 875 (Joan.
951 833 982 875 ι,
1002 821 1072 872 29)
1097 833 1110 861 z
1133 822 1248 863 Ecce
1270 833 1414 876 aquus
1431 822 1532 876 Dei,
1558 819 1734 864 scilicet
1748 819 1993 874 innocens,

103 883 179 937 qui
211 881 327 925 tollit
355 883 586 938 peccatum
612 883 788 926 mundi.
823 883 922 925 Non
944 884 1126 937 poterat
1160 884 1317 925 autem
1341 892 1444 925 esse
1468 880 1592 938 qued
1626 880 1674 924 in
1700 885 1867 924 natura
1896 880 1995 937 iam

101 947 316 1000 corrupta
336 956 396 989 ex
417 943 669 989 concubitu
703 956 811 988 caro
849 947 1120 988 nasceretur
1147 943 1249 988 sine
1270 942 1520 988 infectione
1541 942 1778 1000 originalis
1799 945 1992 1000 peccati.

104 1004 229 1049 Unde
238 1005 524 1061 Augustinus
537 1003 646 1049 dicit
657 1008 734 1059 (De
747 1004 922 1062 nuptiis
934 1007 980 1048 et
990 1004 1383 1061 concupiscentia,
1397 1003 1479 1048 lib.
1494 1017 1527 1061 ι,
1539 1016 1641 1061 cap.
1657 1008 1676 1047 1
1685 1006 1727 1060 2,
1739 1004 1786 1047 in
1798 1004 1967 1061 princ.)
1979 1020 1993 1050 ε

106 1064 290 1109 «Solum
314 1065 536 1122 nuptialis
567 1065 843 1110 concubitus
865 1065 929 1108 ibi
952 1076 1045 1108 non
1068 1064 1171 1121 fuit,
1191 1064 1367 1109 scilicet
1397 1065 1444 1108 in
1464 1064 1759 1109 matrimonio
1777 1065 1926 1110 Mariae
1949 1072 1996 1112 et

104 1125 282 1183 Ioseph,
307 1127 416 1183 quia
430 1127 479 1170 in
497 1138 638 1171 carne
654 1127 831 1182 peccati
851 1125 948 1170 fieri
963 1137 1058 1169 non
1074 1129 1255 1180 poterat
1273 1125 1374 1170 sine
1390 1125 1469 1169 illa
1485 1126 1639 1169 carnis
1655 1125 1873 1183 pudenda
1887 1139 1996 1172 con-

101 1187 400 1245 cupiscentia,
424 1200 529 1246 quae
562 1187 728 1233 accidit
751 1200 807 1232 ex
841 1191 1048 1244 peccato,
1074 1187 1175 1231 sine
1199 1199 1291 1244 qua
1322 1188 1503 1244 concipi
1527 1188 1675 1232 voluit
1696 1189 1775 1243 qui
1806 1189 1995 1234 futurus

101 1253 199 1293 erat
216 1249 317 1294 sine
331 1254 536 1307 peccato.
549 1268 570 1288 »
591 1248 777 1304 Quarto,
796 1252 983 1306 propter
997 1248 1153 1305 ipsum
1167 1248 1310 1293 finem
1339 1248 1670 1293 incarnationis
1683 1250 1866 1306 Christi,
1888 1263 1994 1308 quae

100 1309 159 1354 ad
178 1310 266 1355 hoc
284 1311 371 1356 fuit
390 1316 444 1356 ut
459 1310 671 1356 homines
693 1313 1049 1355 renascerentur
1078 1310 1125 1354 in
1147 1307 1268 1355 filios
1285 1310 1364 1355 Dei
1379 1324 1470 1354 non
1491 1323 1549 1354 ex
1568 1312 1800 1355 voluntate
1821 1315 1986 1364 carnis,

100 1383 236 1426 neque
265 1385 323 1416 ex
349 1373 578 1417 voluntate
609 1374 712 1427 viri,
734 1373 815 1416 sed
845 1385 903 1415 ex
922 1375 1029 1426 Deo,
1066 1370 1116 1416 id
1136 1377 1223 1428 est,
1248 1385 1308 1417 ex
1328 1372 1430 1429 ipsa
1451 1372 1530 1418 Dei
1551 1372 1721 1417 virtute
1742 1386 1752 1415 :
1774 1373 1910 1430 quus
1926 1377 1994 1421 rei

101 1432 334 1489 exemplar
377 1445 600 1490 apparere
640 1432 800 1477 debuit
839 1432 887 1476 in
927 1432 1030 1488 ipsa
1068 1433 1389 1490 conceptione>
1413 1432 1595 1478 Christi.
1641 1433 1770 1479 Unde
1808 1441 1995 1490 Augus-

102 1492 227 1538 tinus
256 1493 368 1539 dicit
398 1495 463 1549 (in
499 1495 616 1539 libro
650 1497 712 1538 De
737 1498 900 1538 sancta
934 1493 1219 1551 Virginitate,
1243 1507 1345 1550 cap.
1371 1498 1414 1551 6,
1438 1499 1546 1539 ante
1577 1495 1719 1551 med.)
1759 1509 1772 1540 ε
1815 1499 1994 1554 «Opor-

102 1552 227 1598 tebat
257 1559 396 1612 caput
425 1560 636 1601 nostrum
667 1555 839 1612 insigni
873 1555 1098 1599 miraculo
1135 1557 1395 1601 secundum
1427 1569 1616 1601 carnem
1647 1558 1777 1602 nasci
1817 1558 1877 1603 de
1898 1560 1994 1603 vir-

102 1614 227 1671 gine,
245 1628 338 1673 quo
361 1617 641 1674 significaret
657 1617 868 1660 membra
886 1629 972 1661 sua
991 1617 1050 1661 de
1068 1616 1249 1672 virgine
1267 1618 1470 1662 Ecclesia
1492 1618 1750 1664 secundum
1780 1619 1993 1676 spiritum

102 1677 350 1722 nascitura.
369 1697 388 1716 υ

158 1738 225 1782 Ad
258 1741 452 1795 primum
475 1751 586 1796 ergo
603 1739 869 1796 dicendum,
893 1739 1036 1796 qued,
1058 1739 1180 1784 sicut
1205 1740 1327 1784 Beda
1353 1740 1464 1785 dicit
1481 1753 1623 1798 super
1643 1744 1814 1786 Lucam
1846 1742 1941 1797 (lib.
1961 1758 1992 1801 1,

103 1811 206 1855 cap.
227 1803 290 1858 7),
310 1805 470 1856 «pater
493 1801 738 1846 salvatoris
757 1802 1013 1858 appellatur
1027 1801 1211 1858 Joseph‚
1237 1814 1332 1846 non
1359 1801 1483 1859 quod
1501 1803 1611 1848 vere
1619 1803 1755 1860 Juxta
1770 1804 1996 1850 Photinia-

105 1873 192 1906 nos
215 1865 345 1918 pater
365 1863 504 1907 suerit
525 1863 585 1921 ei,
614 1863 697 1908 sed
716 1863 842 1920 quod
861 1863 921 1908 ad
946 1863 1119 1908 famam
1138 1864 1286 1908 Mariae
1309 1865 1677 1910 conservandam
1699 1870 1831 1922 pater
1856 1866 1917 1911 sit
1934 1867 1994 1912 ab

104 1921 322 1968 omnibus
349 1924 619 1969 aestimatus.
643 1943 663 1963 u
686 1925 812 1969 Unde
837 1929 883 1969 et
903 1925 1053 1981 (Lucae
1072 1938 1136 1981 ιιι,
1164 1927 1236 1977 23)
1260 1925 1428 1971 dicitur
1453 1942 1464 1971 :
1506 1930 1562 1971 Ut
1579 1929 1850 1983 putabatur,
1871 1930 1995 1983 filius

102 1983 280 2039 Ioseph.
301 1984 394 2038 Vel,
432 1984 552 2029 sicut
586 1985 872 2041 Augustinus
893 1986 1004 2031 dicit
1037 1989 1115 2040 (De
1136 1999 1370 2031 consensu
1401 1989 1821 2048 Evangelistarum,
1845 1991 1925 2036 lib.
1947 2005 1992 2049 ιι,

103 2056 207 2100 cap.
231 2047 290 2100 1),
316 2062 336 2083 rt
348 2057 404 2090 eo
425 2046 564 2090 modo
578 2051 710 2103 pater
724 2047 885 2091 Christi
904 2047 1073 2093 dicitur
1085 2049 1268 2105 loseph,
1292 2061 1386 2106 quo
1410 2054 1457 2094 et
1468 2051 1539 2094 vir
1557 2050 1704 2095 Mariae
1722 2051 1995 2109 intelligitur

102 2104 204 2150 sine
247 2105 570 2151 commixtione
613 2108 783 2165 carnis,
809 2108 910 2165 ipsa
954 2108 1246 2166 copulatione
1294 2110 1495 2167 conjugii
1518 2145 1530 2166 ,
1569 2111 1717 2157 multo
1777 2113 1994 2160 videlicet

101 2166 394 2223 conjunctius
433 2169 575 2225 quam
612 2169 653 2212 si
700 2175 823 2214 esset
856 2170 1042 2215 aliunde
1079 2171 1341 2228 adoptatus.
1383 2173 1539 2229 Neque
1575 2173 1701 2218 enim
1751 2179 1993 2232 propterea

103 2240 196 2272 non
218 2233 316 2273 erat
332 2230 636 2287 appellandus
644 2233 809 2288 Joseph
828 2236 959 2289 pater
977 2232 1157 2288 Christi,
1171 2233 1280 2290 quia
1299 2246 1393 2278 non
1411 2246 1520 2279 eum
1533 2241 1758 2292 genuerat
1772 2249 1992 2283 concum-

100 2288 255 2334 bendo
273 2305 284 2334 z
305 2291 677 2349 quandoquidem
691 2297 821 2349 pater
839 2299 964 2339 esset
983 2294 1120 2339 etiam
1135 2294 1178 2339 ei
1198 2307 1335 2351 quem
1360 2309 1455 2340 non
1478 2309 1536 2341 ex
1556 2309 1642 2341 sua
1667 2298 1868 2356 conjiige
1885 2313 1991 2358 pro—

102 2357 308 2397 creatum
327 2353 514 2399 aliunde
543 2354 820 2412 adoptasset.
833 2375 853 2395 »

155 2413 222 2458 Ad
239 2417 478 2459 secundum
500 2415 764 2473 dicendum,
785 2417 925 2475 qued,
949 2417 1071 2462 sicut
1088 2418 1398 2476 Hieronymus
1412 2420 1523 2465 dicit
1540 2422 1703 2478 (Super
1716 2425 1868 2468 Matth.
1886 2437 1986 2482 cap.

101 2478 144 2533 1,
168 2487 271 2532 sup.
289 2476 403 2521 illud
421 2490 434 2520 :
453 2476 626 2521 Christi
638 2481 866 2535 qeneratz‘o
883 2483 948 2523 sic
965 2483 1097 2537 erat),
1121 2498 1141 2519 «
1155 2481 1262 2525 cum
1278 2481 1445 2538 Ioseph
1464 2495 1558 2527 non
1581 2483 1642 2528 sit
1656 2488 1788 2541 pater
1810 2488 1987 2533 Domini

101 2534 362 2594 salvatoris,
384 2537 497 2583 ordo
516 2540 826 2595 generationis
845 2541 947 2597 eJ‘us
968 2553 1119 2598 usque
1133 2542 1191 2587 ad
1219 2543 1388 2600 Joseph
1410 2543 1655 2589 deducitur
1685 2560 1696 2587 :
1722 2546 1872 2603 primo
1887 2549 1989 2605 qui—

87 2596 224 2653 dem,
240 2598 347 2654 quia
360 2610 455 2647 non
470 2604 542 2644 est
554 2601 904 2646 consuetudinis
924 2603 1262 2660 Scripturarum
1276 2609 1329 2649 ut
1341 2604 1590 2650 mulierum
1610 2606 1658 2651 in
1674 2609 1990 2664 generationi-

101 2657 191 2702 bus
207 2658 321 2703 ordo
335 2663 530 2706 texatur.
543 2663 729 2718 Deinde,
746 2664 856 2720 quia
870 2676 928 2709 ex
950 2677 1042 2708 una
1056 2665 1180 2710 tribu
1200 2666 1288 2710 fuit
1301 2667 1468 2723 Joseph
1489 2673 1537 2712 et
1555 2668 1693 2712 Maria
1707 2684 1718 2713 ε
1732 2670 1859 2716 unde
1876 2677 1920 2716 et
1930 2685 1988 2718 ex

102 2723 202 2775 lege
227 2732 331 2765 eam
350 2721 557 2778 accipere
572 2723 824 2780 cogebatur
849 2729 899 2769 ut
919 2726 1244 2783 propinquam.
1259 2747 1280 2766 u
1298 2730 1368 2784 Et,
1390 2732 1442 2772 ut
1460 2730 1748 2786 Augustinus
1776 2730 1887 2777 dicit
1909 2734 1988 2790 (De

104 2781 275 2836 nuptiis
284 2786 331 2826 et
340 2784 606 2840 concupisc.
617 2785 698 2829 lib.
715 2800 747 2842 ι,
764 2798 866 2842 cap.
884 2790 955 2843 11,
971 2787 1029 2831 ad
1044 2787 1162 2846 fin.)‚
1183 2806 1203 2827 «
1215 2788 1304 2833 fuit
1317 2790 1667 2845 generationum
1683 2792 1826 2838 series
1839 2807 1988 2851 usque

104 2839 168 2910 ad
182 2842 348 2912 Joseph
366 2844 674 2903 perducenda,
695 2859 756 2891 ne
776 2847 826 2892 in
848 2848 927 2892 illo
946 2849 1164 2905 conjugio
1187 2849 1306 2894 virili
1338 2851 1471 2895 sexui
1492 2852 1653 2908 utique
1673 2853 1839 2909 potiori
1857 2855 1988 2902 fieret

103 2913 288 3006 ὕψι-τιὸ,
312 2907 418 2948 cum
444 2906 620 2951 veritati
644 2907 759 2952 nihil
786 2909 972 2965 periret,
993 2910 1102 2967 quia
1125 2923 1184 2955 ex
1208 2911 1386 2956 semine
1404 2912 1546 2957 David
1573 2919 1616 2957 et
1632 2915 1801 2961 Josenh
1825 2922 1924 2961 erat
1942 2921 1986 2962 et

142 2973 286 3006 arla.»

123 3084 133 3095 .
156 3024 223 3069 Ad
245 3027 426 3069 tertium
455 3026 730 3086 dicendum,
763 3031 902 3088 quod,
934 3032 1056 3077 sicut
1089 3033 1247 3078 Glossa
1281 3034 1395 3087 (ord.
1426 3038 1620 3092 August.
1664 3042 1788 3083 cont.
1828 3041 1982 3085 Faust.

104 3085 183 3130 hh.
206 3098 323 3141 xxm,
343 3098 445 3142 cap.
466 3089 508 3141 7)
531 3087 641 3133 dicit
663 3089 855 3148 ibidem,
885 3094 1164 3139 «mulierem
1185 3106 1269 3151 pro
1286 3094 1463 3147 femina
1491 3097 1662 3153 posuit,
1691 3110 1819 3145 more
1851 3100 1985 3146 locu-

105 3146 242 3217 tionis
260 3147 552 3193 Hebraeorum
572 3164 582 3191 :
602 3162 718 3195 usus
736 3153 859 3197 enim
878 3154 1077 3199 Hebraeae
1098 3155 1345 3200 locutionis
1363 3157 1581 3203 mulieres
1600 3159 1709 3204 dicit
1728 3173 1823 3206 non
1841 3162 1984 3218 virgi-

106 3212 245 3253 mtate
263 3214 519 3267 corruptas,
543 3211 625 3255 sed
645 3212 856 3259 feminas.
883 3234 903 3254 »

105 3331 116 3340 .
156 3270 223 3315 Ad
245 3275 456 3341 quartum
474 3272 739 3331 dicendum⁷
755 3275 878 3331 quod
901 3277 1017 3320 ratio
1031 3277 1110 3322 illa
1123 3278 1263 3323 habet
1280 3279 1432 3324 locum
1450 3281 1498 3325 in
1520 3282 1592 3327 his
1607 3296 1710 3340 quae
1725 3285 1982 3342 procedunt

103 3343 151 3374 in
174 3344 266 3373 esse
287 3344 370 3387 per
389 3345 511 3376 vtam
544 3338 748 3389 naturae,
767 3336 822 3380 eo
845 3337 968 3392 quod
997 3342 1163 3382 natura
1184 3339 1302 3384 sicut
1322 3346 1393 3385 est
1414 3342 1718 3389 determinata
1741 3346 1799 3390 ad
1831 3357 1980 3390 unum

103 3392 331 3446 effectum,
356 3394 420 3438 ita
440 3395 578 3440 etiam
600 3402 671 3442 est
695 3399 999 3444 determinata
1021 3400 1080 3445 ad
1101 3413 1247 3445 unum
1280 3404 1469 3448 modum
1506 3407 1790 3461 producendi
1815 3407 1944 3450 illum
1967 3421 1977 3431 ·

103 3454 184 3499 sed
206 3455 351 3500 virtus
380 3460 743 3513 supernaturalis
773 3460 944 3518 divina,
965 3465 1070 3506 cum
1095 3462 1154 3507 sit
1181 3463 1358 3547 infinita
1375 3500 1387 3522 ,
1407 3466 1527 3511 sicut
1546 3480 1640 3511 non
1670 3471 1739 3512 est
1758 3441 1978 3511 determi:
