2170 3808
778 161 974 214 QUAEST.
1005 162 1088 216 Lx,
1118 161 1234 204 ART.
1265 160 1329 204 Vl.
1921 159 2004 203 507

125 245 199 287 est
222 241 525 299 superfluum.
557 242 655 285 Non
687 252 798 298 ergo
823 243 1124 299 requiruntur
1145 241 1288 285 verba
1320 251 1427 285 cum
1459 239 1601 285 rebus
1637 236 1938 284 sensibilibus
1955 238 2003 284 in

129 302 447 348 sacramentis⁸

183 366 226 409 2.
256 366 494 420 Praeterea,
518 367 862 408 sacramentum
898 368 970 409 est
994 363 1168 420 aliquid
1202 375 1369 407 unum.
1403 365 1469 407 Ex
1498 362 1571 408 his
1594 366 1750 408 autem
1772 373 1877 419 quae
1894 366 2005 406 sunt

128 425 416 470 diversorum
454 436 696 482 generum,
731 437 824 470 non
856 425 1039 471 videtur
1060 436 1198 482 posse
1220 424 1394 481 aliquid
1415 436 1563 469 unum
1584 423 1699 469 fieri.
1730 425 1844 469 Cum
1864 422 2006 480 igitur

128 498 202 531 res
224 486 469 532 sensibiles
486 489 533 531 et
551 485 696 531 verba
711 486 805 532 sint
825 487 1116 532 diversorum
1137 497 1379 543 generum,
1402 485 1512 542 quia
1531 497 1606 531 res
1628 485 1873 531 sensibiles
1894 488 2004 530 sunt

128 547 155 592 a
175 552 358 604 natura,
378 547 522 594 verba
544 551 698 592 autem
717 548 743 592 a
764 549 959 606 ratione,
980 548 1163 595 videtur
1186 548 1312 604 qued
1336 548 1385 592 in
1405 547 1707 593 sacramentis
1729 559 1824 592 non
1846 547 2003 605 requi-

128 614 290 654 rantur
307 608 450 655 verba
464 621 573 654 cum
594 608 734 654 rebus
749 609 1062 655 sensibilibus,

182 671 225 716 3.
255 671 494 726 Praeterea,
520 675 810 716 sacramenta
846 683 978 716 novae
999 670 1116 728 legis
1138 673 1468 730 successerunt
1500 668 1805 714 sacramentis
1835 669 2004 714 veteris

130 729 260 788 legis,
287 731 412 789 quia,
443 730 537 776 illis
564 730 748 789 ablatis,
773 732 862 777 ista
883 735 995 778 sunt
1021 731 1231 778 instituta
1244 764 1258 788 ,
1281 735 1334 776 ut
1360 729 1648 788 Augustinus
1677 728 1790 775 dicit
1821 731 2005 784 (Contra

127 792 361 850 Faustum,
378 791 463 838 lib.
481 805 568 847 xix,
590 804 693 850 cap.
725 796 780 839 16
802 798 849 839 et
871 796 959 848 17).
979 793 1064 839 Sed
1084 793 1133 838 in
1159 792 1462 839 sacramentis
1475 791 1646 837 veteris
1663 790 1780 847 legis
1804 803 1898 835 non
1925 804 2002 837 re·-

127 851 399 909 quirebatur
420 852 578 911 aliqua
595 854 744 899 forma
767 854 1033 900 verborum.
1054 857 1172 912 Ergo
1190 855 1344 901 necin
1365 852 1669 900 sacramentis
1688 864 1821 898 novae
1839 852 1972 909 legiS.

183 914 270 959 Sed
305 918 465 960 contra
498 920 568 962 est
605 916 729 973 quod
760 917 1004 974 Apostolus
1043 916 1152 963 dicit
1189 917 1370 974 (Ephes.
1396 929 1440 973 v,
1463 918 1569 971 25st
1602 914 1810 959 Christus
1838 916 2004 960 dilexit

127 976 393 1037 Ecclesiam,
412 982 455 1023 et-
475 980 676 1023 tradidit
696 982 982 1036 semetipsum
999 992 1083 1036 pro
1112 993 1180 1035 ea,
1203 982 1255 1022 ut
1278 979 1414 1022 illam
1431 979 1758 1034 sanctificaret,
1777 978 2004 1022 mundans

127 1050 228 1081 eam
242 1038 427 1084 lavacro
448 1053 578 1097 aquae
600 1043 647 1084 in
670 1042 804 1084 verbo
820 1044 925 1085 vitae
938 1056 958 1097 ,·
974 1045 1021 1086 et
1033 1040 1320 1098 Augustinus
1340 1039 1450 1085 dicit
1466 1042 1627 1096 (Super
1639 1042 1769 1084 Joan.
1789 1041 2000 1096 tract.80,

129 1104 232 1154 post
253 1101 422 1156 med.):
455 1119 477 1141 α
496 1102 680 1148 Accedit
692 1102 888 1147 verbum
906 1102 965 1146 ad
988 1102 1287 1156 elementum,
1312 1106 1359 1146 et
1380 1098 1433 1145 fit
1455 1105 1813 1145 sacramentum.
1841 1119 1862 1141 ι»

175 1160 515 1203 CONCLUSIO.—-
527 1163 582 1204 Ut
600 1164 851 1203 sacramenta
869 1162 987 1202 Verbi
1002 1162 1222 1212 incarnati,
1235 1166 1274 1201 et
1290 1161 1470 1201 hominis
1489 1161 1746 1210 sanctificati,
1763 1160 2001 1201 similitudi·

129 1217 458 1268 nem-quamdam
470 1229 517 1258 ac
533 1217 834 1268 proportionem
851 1215 1042 1267 habeant,
1064 1217 1355 1269 perfectiusque
1370 1227 1433 1256 res
1447 1227 1580 1256 sacras
1598 1216 1846 1267 significent,
1863 1227 2005 1258 conve-

128 1268 438 1311 nientissimum
450 1270 574 1311 estin
591 1271 856 1312 sacramentis
870 1271 923 1311 ad
945 1283 1008 1312 res
1023 1270 1236 1312 sensibiles
1253 1270 1375 1312 verba
1397 1270 1598 1311 adhiberi.

179 1326 447 1381 Respondeo
461 1326 708 1371 dicendum
719 1326 843 1384 qued
855 1332 1166 1384 sacramenta,
1177 1327 1299 1372 sicut
1320 1327 1496 1372 dictum
1513 1326 1588 1371 'est
1599 1327 1705 1380 (art.
1719 1327 1745 1370 3
1763 1325 1863 1383 huj.
1884 1328 2000 1383 qu.),

125 1385 403 1432 adhibentur
420 1387 478 1432 ad
497 1387 740 1433 hominum
757 1388 1187 1443 sanctificationem,
1208 1389 1330 1433 sicut
1349 1387 1561 1445 quaedam
1584 1386 1734 1444 signa.
1754 1387 1822 1430 Tri
1827 1387 2005 1444 pliciter

126 1458 236 1504 ergo
251 1449 533 1495 considerari
551 1453 763 1508 possunt,
785 1455 831 1495 et
855 1451 1063 1507 quolibet
1079 1451 1218 1495 modo
1236 1450 1454 1507 congruit
1472 1450 1539 1494 eis
1560 1449 1686 1506 qued
1701 1448 1843 1493 verba
1864 1449 2006 1495 rebus

126 1510 426 1555 sensibilibus
449 1511 777 1569 adiungantur.
799 1512 951 1556 Primo
966 1512 1091 1557 enim
1115 1518 1314 1569 possunt
1331 1511 1614 1557 considerari
1628 1523 1686 1556 ex
1703 1515 1831 1567 parte
1851 1523 2005 1556 causae

126 1571 457 1617 sanctificantis
473 1606 485 1629 ,
511 1585 616 1629 quae
638 1578 709 1619 est
730 1574 930 1619 Verbum
952 1575 1246 1620 incarnatum
1265 1608 1277 1630 ,
1310 1574 1385 1619 cui
1407 1577 1750 1619 sacramentum
1782 1574 2005 1630 quodam-

127 1632 265 1677 modo
285 1633 601 1678 conformatur
623 1634 671 1678 in
704 1635 793 1679 hoc
807 1635 932 1691 qnod
958 1635 1024 1680 rei
1055 1636 1263 1681 sensibili
1293 1635 1489 1680 verbum
1510 1635 1780 1690 adhibetur3
1808 1636 1927 1679 sicut
1955 1636 2002 1680 in

126 1694 349 1752 mysterio
377 1695 706 1741 incarnationis
734 1697 863 1741 carni
901 1697 1109 1742 sensibili
1139 1703 1209 1742 est
1232 1697 1433 1742 Verbum
1463 1697 1537 1742 Dei
1571 1697 1768 1741 unitum.
1795 1698 2005 1743 Secundo

126 1761 322 1811 possunt
349 1757 630 1803 considerari
665 1762 956 1807 sacramenta
988 1772 1047 1805 ex
1074 1764 1205 1817 parte
1233 1759 1435 1804 hominis
1469 1759 1549 1815 qui
1582 1758 1908 1817 sanctificatur,
1924 1762 2002 1816 qui

126 1818 419 1874 componitur
436 1830 494 1863 ex
517 1818 672 1863 anima
700 1823 748 1864 et
769 1832 976 1876 corpore,
999 1820 1075 1865 cui
1097 1821 1470 1877 proportionetur
1491 1819 1835 1865 sacramentalis
1859 1822 2004 1867 medi-

125 1877 246 1934 cina,
270 1891 375 1936 quae
392 1891 477 1937 per
504 1891 603 1924 rem
632 1880 861 1924 visibilem
896 1893 1066 1938 corpus
1085 1882 1249 1938 tangit,
1266 1886 1313 1926 et
1331 1894 1412 1938 per
1429 1881 1627 1926 verbum
1648 1881 1707 1926 ab
1730 1881 1884 1925 anima
1906 1895 2004 1929 cre-

126 1938 264 1984 ditur.
285 1941 412 1986 Unde
425 1941 711 1997 Augustinus
728 1943 883 1998 (super
898 1942 1013 1988 illud
1035 1945 1164 1987 Joan.
1181 1946 1250 1998 xv)
1266 1959 1277 1987 ε
1301 1946 1405 1986 Jam
1425 1956 1502 1985 vos
1520 1943 1678 1985 mundi
1698 1945 1805 1986 estis
1819 1948 2005 1999 propter

125 2012 387 2061 sermonem,
411 2005 536 2061 ete),
556 2002 666 2047 dicit
679 2003 826 2060 (tract.
845 2006 899 2049 80
911 2003 959 2047 in
973 2006 1103 2049 Joan.
1121 2005 1148 2048 a
1163 2005 1329 2058 med.):
1348 2022 1368 2043 «ι
1387 2004 1514 2049 Unde
1525 2008 1596 2047 est
1612 2005 1700 2049 ista
1718 2007 1846 2049 tanta
1855 2005 2004 2052 virtus

125 2074 277 2119 aquae,
298 2067 350 2109 ut
380 2076 551 2121 corpus
584 2068 757 2121 tangat,
784 2072 829 2110 et
855 2078 936 2111 cor
958 2066 1132 2123 abluat,
1151 2067 1241 2112 nisi
1260 2067 1457 2111 faciente
1475 2066 1632 2122 verbo,
1650 2079 1743 2110 non
1767 2067 1875 2123 quia
1892 2068 2004 2113 dici-

126 2128 217 2181 tur,
235 2124 318 2170 sed
338 2124 448 2183 quia
466 2125 702 2171 creditur?
723 2145 743 2166 υ
774 2126 922 2171 Tertio
949 2131 1145 2183 possunt
1163 2126 1444 2172 considerari
1469 2139 1525 2171 ex
1544 2131 1672 2183 parte
1689 2127 1835 2184 ipsius
1858 2129 2003 2186 signi-

124 2184 353 2231 ficationis
381 2187 742 2232 sacramentalis.
779 2188 894 2232 Dicit
916 2194 1071 2233 autem
1095 2190 1382 2246 Augustinus
1416 2191 1494 2242 (De
1522 2188 1644 2232 doct.
1675 2189 1831 2234 christ.
1852 2190 1931 2236 lib.
1954 2206 1999 2250 11,

125 2257 226 2304 cap.
251 2249 294 2303 3,
322 2247 445 2292 circa
463 2248 621 2305 med.),
638 2249 760 2304 quod
784 2266 804 2286 «
827 2249 967 2294 verba
988 2250 1108 2294 inter
1138 2250 1350 2294 homines
1371 2248 1674 2296 obtinuerunt
1693 2250 2002 2308 principatum

125 2307 417 2365 significandi
434 2312 511 2366 (1),
529 2328 551 2350 u
572 2310 681 2366 quia
698 2310 838 2355 verba
855 2311 1161 2356 diversimode
1183 2311 1370 2356 formari
1384 2315 1580 2368 possunt
1596 2312 1655 2355 ad
1674 2313 2002 2368 significandos

124 2371 334 2418 diversos
354 2377 609 2430 conceptus
634 2373 831 2430 mentis;
850 2378 896 2419 et
916 2379 1102 2432 propter
1119 2375 1207 2419 hoc
1229 2387 1313 2432 per
1332 2375 1473 2420 verba
1488 2374 1639 2432 magis
1656 2375 1872 2423 distincte
1894 2391 2003 2435 pos-

124 2446 289 2480 sumus
307 2435 564 2492 exprimere
594 2435 719 2492 quod
736 2440 894 2481 mente
911 2436 1227 2495 concepimus,
1248 2440 1301 2482 Et
1315 2438 1417 2483 ideo
1433 2438 1492 2483 ad
1512 2437 1840 2495 perfectionem
1854 2440 2002 2496 signi-

122 2494 354 2541 ficationis
369 2495 720 2542 sacramentalis
744 2509 936 2543 necesse
954 2498 1041 2543 fuit
1062 2503 1116 2543 ut
1133 2498 1408 2556 significatio
1435 2511 1591 2544 rerum
1609 2499 1899 2544 sensibilium
1922 2514 2000 2558 per

123 2557 278 2616 aliqua
307 2557 450 2603 verba
472 2558 874 2605 determinaretur.
901 2564 1031 2618 Aqua
1050 2561 1175 2605 enim
1195 2562 1456 2617 significare
1479 2565 1632 2618 potest
1649 2565 1693 2605 et
1717 2562 2001 2609 ablutionem

124 2623 310 2677 propter
338 2632 473 2666 suam
491 2621 829 2680 humiditatem,
855 2627 902 2669 et
923 2623 1215 2679 refrigerium
1227 2628 1415 2680 propter
1434 2635 1567 2668 suam
1582 2623 1900 2680 frigiditatem3
1919 2626 2002 2672 sed

124 2685 232 2727 ci1m
249 2681 449 2728 dicitur:
482 2687 578 2739 qu
593 2687 636 2727 te
661 2684 858 2741 baptizo,
876 2686 1200 2730 manifestatur
1222 2686 1346 2742 quod
1361 2685 1481 2742 aqua
1499 2686 1675 2730 utimur
1699 2684 1748 2730 in
1771 2685 2001 2744 baptismo

124 2742 183 2788 ad
196 2739 547 2799 significandam
570 2746 943 2791 emundationem
965 2747 1267 2802 spiritualem.

178 2804 246 2850 Ad
264 2807 462 2861 primum
477 2817 586 2862 ergo
608 2805 872 2865 dicendum,
889 2809 1013 2865 quod
1039 2821 1113 2853 res
1135 2809 1340 2853 visibiles
1365 2812 1763 2854 sacramentorum
1784 2808 1993 2856 dicuntur

122 2866 264 2912 verba
285 2879 368 2923 per
388 2867 638 2924 quamdam
659 2868 1022 2927 similitudinem,
1043 2870 1318 2927 inquantum
1343 2871 1518 2915 scilicet
1539 2870 1816 2928 participant
1836 2885 1991 2930 quam·

123 2928 231 2973 dam
247 2929 344 2973 vim
364 2927 670 2986 significandi,
694 2942 799 2987 quae
825 2931 1138 2989 principaliter
1160 2937 1230 2977 est
1252 2932 1299 2976 in
1327 2933 1440 2988 ipsis
1465 2931 1635 2987 verbis,
1657 2937 1711 2977 ut
1729 2932 1903 2979 dictum
1931 2940 2001 2983 est

121 2989 184 3044 (in
205 2992 369 3048 corp.).
390 2993 443 3035 Et
464 2990 566 3036 ideo
585 3002 680 3035 non
705 2997 777 3037 est
795 2995 1031 3050 superflua
1050 2995 1349 3050 ingeminatio
1372 2995 1639 3051 verborum,
1658 2995 1764 3039 cum
1783 2996 1831 3040 in
1851 3009 2000 3043 sacra-

122 3051 292 3097 mentis
314 3052 455 3097 rebus
472 3051 731 3098 visibilibus
754 3054 896 3099 verba
921 3056 1172 3113 adduntur,
1195 3057 1303 3114 quia
1318 3069 1465 3101 unum
1484 3068 1646 3101 eorum
1667 3056 1999 3104 determinatur

121 3123 205 3168 per
225 3113 366 3170 aliud,
389 3118 440 3158 ut
455 3113 630 3158 dictum
650 3119 720 3159 est
739 3115 901 3171 (ibid.).

176 3174 243 3220 Ad
270 3176 514 3218 secundum
545 3174 811 3234 dicendum,
841 3178 964 3234 quod
993 3179 1208 3235 quamvis
1228 3184 1274 3223 et
1297 3178 1435 3223 verba
1460 3183 1506 3223 et
1535 3179 1638 3225 aliae
1660 3192 1734 3224 res
1756 3181 1999 3226 sensibiles

121 3234 214 3280 sint
239 3234 288 3279 in
309 3235 495 3280 diverso
522 3248 707 3294 genere,
736 3240 963 3295 quantilm
991 3240 1188 3296 pertinet
1209 3241 1267 3286 ad
1288 3245 1499 3285 naturam
1521 3241 1603 3298 rei,
1635 3243 1920 3286 conveniunt
1941 3248 1999 3286 ta-

161 3331 339 3413 (l)lJltempe
356 3331 447 3366 inter
463 3331 531 3366 alia
548 3332 641 3374 signa
657 3344 730 3374 quer
752 3333 906 3369 homines
924 3339 1087 3375 usurpant
1102 3336 1143 3369 ad
1166 3335 1201 3370 id
1225 3335 1482 3374 significandum
1504 3337 1593 3377 quod
1615 3336 1758 3379 quilibet
1779 3337 1893 3370 animo
1919 3348 1998 3371 con-

121 3388 229 3421 uperi
248 3404 256 3412 .
