2170 3808
133 287 175 327 11
1005 278 1176 321 mnu.

379 422 436 453 ms
462 420 582 452 nono
606 417 920 450 ASSUMPTIONIS
946 416 1155 453 Qum-run
1180 417 1236 447 AD
1265 414 1476 447 onnmssu.
1500 426 1545 434 -
1573 405 1743 452 Quaestw
1764 405 1795 442 ε.

136 500 266 542 Utrum
284 500 401 541 Filius
422 499 488 539 Dei
511 497 753 548 assumpserit
774 507 918 536 carnem
939 496 1124 536 mediante
1147 493 1282 533 anima.

283 548 523 598 assumpserit
547 548 706 587 animam
727 545 912 584 mediante
935 556 952 584 s
980 545 1068 583 iritu
1091 544 1170 583 sine
1192 544 1327 582 mente.

283 598 403 638 anima
425 596 539 635 fuerit
562 594 664 645 prius
691 597 876 643 assumpta
925 606 945 632 u
972 603 1008 631 m
1031 603 1130 632 caro.

284 656 369 686 caro
394 645 506 684 fuerit
526 644 629 696 prins
651 646 840 693 assumpta
867 654 914 691 qu
940 653 974 680 m
996 642 1125 680 animae
1146 640 1267 679 unita.

282 697 363 735 tota
385 698 517 733 natura
538 695 697 732 humana
719 691 770 731 sit
790 693 980 741 assumpta
1005 689 1250 729 mediantibus
1274 688 1457 738 partibus.

283 743 402 783 Filius
422 742 488 782 Dei
511 741 753 791 assumpserit
774 741 968 779 humanam
991 742 1155 777 naturam
1181 737 1363 776 mediante
1386 736 1512 785 gratia.

354 842 410 873 nn
431 841 713 873 coassumi-rs
736 841 765 870 A
787 840 901 869 mmo
929 839 1003 868 nm
1025 838 1072 868 IN
1101 837 1282 868 HUMANA
1304 835 1477 866 NATURA
1503 834 1839 866 PERTINENTIBUS

600 896 658 926 AD
686 893 1010 925 Puni-nemoriani
1037 896 1048 922 z
1075 892 1127 922 Ac
1153 891 1319 922 ramum
1354 890 1409 920 DE
1435 890 1589 920 Gitana

478 951 662 990 cmusn,
691 950 830 980 Paom-
852 949 927 978 EST
954 947 1211 978 SINGULARIS
1237 945 1372 977 nono.
1397 957 1445 966 —-
1473 937 1644 985 Quaestio
1667 939 1707 976 7.

139 1026 270 1068 Utrum
288 1027 328 1066 in
349 1026 471 1065 anima
495 1025 632 1064 Christi
654 1024 704 1063 sit
723 1023 847 1072 aliqua
870 1023 984 1072 gratia
1009 1020 1220 1061 habitualis.

286 1076 326 1115 in
341 1074 488 1114 Christo
507 1073 643 1113 fuerint
662 1073 831 1112 virtutes.

505 1122 617 1161 fuerit
638 1121 741 1160 fides.

507 1170 620 1210 fuerit
640 1181 738 1220 spos.

504 1218 644 1258 fuerint
667 1219 777 1257 dona.

506 1267 617 1306 fuerit
639 1267 772 1306 donum
797 1266 957 1306 timoris.

509 1316 648 1355 fuerint
674 1316 798 1364 gratiae
817 1315 934 1364 gratis
955 1315 1065 1355 datae.

507 1364 621 1403 fuerit
641 1363 852 1413 prophetia.

507 1413 557 1452 sit
578 1413 767 1462 plenitudo
790 1413 933 1460 gratiae.

188 1480 237 1491 --
285 1461 372 1500 talis
395 1460 586 1511 plenitudo
609 1462 658 1499 sit
679 1462 827 1510 propria
849 1461 1000 1501 Christi.

191 1531 239 1540 -
287 1510 426 1550 Christi
449 1509 565 1558 gratia
591 1509 642 1548 sit
662 1509 818 1547 infinita.

192 1579 241 1587 —
408 1579 455 1586 -
587 1557 750 1606 potuerit
771 1557 910 1605 augeri.

143 1605 306 1652 Qualiter
326 1606 405 1646 haec
429 1606 544 1654 gratia
567 1616 608 1645 se
633 1606 766 1644 habeat
787 1606 832 1644 ad
852 1606 1040 1653 unionem,
1066 1615 1115 1645 an
1135 1605 1277 1645 scilicet
1298 1606 1554 1655 subsequatur,
1578 1617 1626 1646 an
1645 1607 1842 1657 praecedat.

187 1095 241 1442 llltllll

359 1144 411 1442 lllllll

317 1708 374 1740 DE
399 1709 552 1741 GRATIA
578 1710 651 1739 nm
674 1709 902 1740 SECUNDUM
927 1708 1043 1744 QUOD
1069 1709 1144 1738 EST
1169 1709 1304 1740 CAPUT
1332 1708 1558 1738 ECCLESIAE.
1581 1720 1629 1729 —
1653 1699 1823 1748 Quaestio
1843 1703 1882 1740 8.

143 1784 272 1828 Utrum
287 1786 456 1826 Christus
479 1786 528 1824 sit
553 1789 663 1835 caput
683 1786 870 1826 Ecclesiae.

192 1856 242 1865 -—
288 1834 341 1876 sit
361 1838 473 1884 caput
495 1835 655 1890 omnium
679 1834 854 1883 quantum
875 1833 922 1874 ad
942 1843 1089 1884 corpus,
1110 1844 1158 1873 an
1179 1833 1298 1873 solum
1326 1833 1501 1883 quantum
1523 1834 1569 1873 ad
1591 1833 1764 1873 animam.

191 1903 241 1914 --
363 1903 411 1911 -—-
491 1893 653 1921 omnium
675 1883 878 1922 hominum.

191 1951 241 1963 -·
363 1953 411 1959 -
489 1931 724 1978 Angelorum.

191 1999 241 2011 «-
291 1979 406 2038 gratia
432 1978 630 2018 secundnm
655 1989 761 2034 quam
790 1981 850 2017 est
883 1981 994 2029 caput
1018 1979 1209 2027 Ecclesiae,
1237 1979 1286 2018 sit
1307 1980 1433 2019 eadem
1461 1990 1544 2018 cum
1568 1978 1686 2029 gratia
1706 1978 1900 2027 habituali,
1923 1989 2052 2024 secuu-

339 2028 421 2066 dum
445 2038 553 2076 quam
577 2030 632 2066 est
659 2027 805 2075 quidam
827 2029 936 2066 homo
959 2027 1170 2075 singularis.

290 2086 371 2114 esse
398 2079 508 2124 caput
529 2076 702 2114 Ecclesiae
724 2077 773 2114 sit
794 2075 982 2125 proprium
1005 2076 1153 2115 Christi.

290 2124 457 2163 diabolus
480 2125 530 2163 sit
554 2126 665 2172 caput
685 2124 846 2162 omnium
871 2125 1062 2162 malorum.

291 2172 535 2212 Antichristus
555 2172 679 2221 possit
701 2172 811 2211 etiam
833 2171 906 2209 dici
927 2175 1038 2220 caput
1058 2172 1250 2210 malorum.

553 2274 610 2303 ma
631 2273 826 2303 summm
848 2272 1016 2302 CHRISTI
1042 2273 1089 2302 IN
1117 2273 1328 2303 connum.
1353 2284 1402 2294 —
1425 2264 1594 2312 Quaestio
1614 2267 1655 2307 9.

145 2357 274 2399 Utrum
291 2356 457 2396 Christus
482 2354 651 2394 habuerit
672 2354 830 2403 aliquam
854 2352 1043 2391 scientiam
1064 2355 1197 2401 praeter
1215 2352 1390 2391 divinam.

194 2423 244 2436 —-
291 2404 462 2444 habuerit
481 2403 686 2450 scientiam,
711 2412 819 2450 quam
845 2401 979 2440 habent
1003 2401 1103 2440 beati
1122 2403 1183 2441 vel
1209 2403 1546 2450 comprehensores.

194 2473 243 2484 --
357 2472 405 2481 -—
478 2451 667 2491 scientiam
693 2450 843 2488 inditam
865 2450 925 2488 vel
951 2449 1121 2489 infusam.

194 2522 244 2532 -—-
360 2523 407 2530 —
481 2501 641 2549 aliquam
666 2499 854 2538 scientiam
881 2498 1110 2547 acquisitam.

293 2603 351 2634 nn
371 2603 567 2634 scium-m
591 2602 728 2632 BEATA
754 2601 850 2636 ρυλε
872 2601 1082 2631 pannum·
1102 2601 1158 2631 An
1179 2601 1349 2631 ANIMAM
1376 2602 1556 2634 cnn1sr1.
1580 2615 1628 2625 —-
1656 2596 1832 2645 Quaestio
1852 2601 1914 2639 1⁰.

147 2683 277 2726 Utrum
295 2683 415 2722 anima
437 2681 574 2720 Christi
601 2680 920 2730 comprehenderit
940 2679 1096 2719 Verbum
1119 2679 1198 2719 sive
1219 2680 1378 2719 divinam
1402 2682 1611 2723 essentiam.

196 2751 246 2764 -
295 2730 506 2779 cognoverit
527 2729 647 2768 omnia
669 2729 707 2767 in
729 2729 861 2768 Verbo.

196 2801 246 2810 -—
295 2781 415 2818 anima
442 2778 482 2816 in
504 2778 620 2817 Verbo
643 2778 856 2826 cognoverit
875 2776 1030 2816 infinita.

196 2847 245 2858 -
294 2827 419 2867 videat
438 2827 596 2868 Verbum
623 2826 702 2865 sive
724 2825 884 2865 divinam
906 2826 1102 2866 essentiam
1125 2826 1257 2867 clarius
1280 2828 1440 2876 qualibet
1462 2829 1534 2867 alia
1555 2833 1732 2869 ereatura.

367 2931 425 2961 mc
445 2930 644 2961 scmN'nA
665 2930 814 2960 mmm
836 2930 920 2959 vm.
942 2930 1100 2961 INFUSA
1129 2930 1277 2960 Anum
1302 2930 1481 2960 camsi-1.
1507 2944 1555 2951 —
1578 2923 1754 2971 Quaestio
1775 2927 1838 2966 ss.

146 3010 276 3054 Utrum
293 3008 491 3050 secundum
512 3009 606 3048 hanc
628 3008 817 3047 scientiam
841 3008 1006 3047 Christus
1029 3008 1123 3047 sciat
1143 3009 1277 3047 omnia.

195 3080 245 3089 -
293 3058 363 3097 hac
385 3056 539 3097 scientia
563 3057 616 3095 uti
638 3056 826 3111 potuerint
847 3067 921 3095 non
943 3057 1186 3096 convertendo
1208 3067 1249 3096 se
1266 3057 1310 3095 ad
1331 3058 1599 3106 phantasmata.

197 3129 246 3137 -
293 3107 374 3146 haec
395 3105 545 3145 scientia
563 3105 675 3144 fuerit
694 3107 875 3145 collativa.

197 3177 246 3188 -
391 3175 440 3183 —
557 3153 597 3193 in
618 3154 762 3193 Christo
786 3154 897 3192 fuerit
920 3152 1038 3192 minor
1063 3153 1218 3192 scientia
1238 3152 1470 3201 Angelorum.

197 3223 246 3234 -—
297 3202 410 3242 fuerit
429 3202 583 3242 scientia
606 3202 818 3240 habitualis.

196 3272 246 3284 -
293 3251 408 3291 fuerit
428 3250 600 3290 distincta
623 3259 691 3300 per
712 3250 876 3290 diversos
897 3248 1058 3288 habitus.

234 3352 293 3384 mc
315 3352 511 3383 scmNnA
534 3351 679 3381 ANJMAE
705 3351 873 3381 cmusn
898 3350 1123 3386 Aeonis-nm
1147 3352 1232 3382 vm.
1256 3350 1613 3383 EXPERIMENTALI.
1642 3363 1690 3372 --
1718 3341 1892 3391 Quaestio
1913 3346 1979 3391 12.

148 3429 279 3473 Utrixm
296 3430 495 3470 secundnm
516 3431 611 3469 hauc
633 3430 822 3469 scientiam
844 3432 1058 3479 cognoverit
1078 3431 1214 3472 omnia.

197 3498 248 3509 -
295 3479 336 3520 in
357 3479 427 3518 hac
450 3478 605 3518 scientia
630 3478 841 3528 profecerit.

196 3546 246 3558 -·-
295 3526 433 3576 aliquid
457 3527 501 3566 ab
523 3527 671 3565 homine
694 3527 873 3565 didicerit.

195 3591 247 3607 ι-
295 3575 461 3616 Christus
481 3575 621 3626 aliquid
642 3575 823 3624 acceperit
844 3575 889 3614 ab
908 3574 1070 3625 Angelis.
