2170 3808
960 208 1158 258 QUAEST.
1185 213 1269 258 ΙΝ.
1964 212 2042 255 461

183 298 372 354 dinem),
395 294 518 353 quod
540 311 561 332 α
589 305 683 338 non
714 301 773 338 ex
805 293 1071 350 impotentia
1100 294 1290 338 curandi
1320 292 1555 336 cicatrices
1573 291 1788 344 servavit,
1809 289 1891 334 sed
1917 295 1969 335 ut
1997 291 2045 336 in

182 363 456 416 perpetuum
483 355 686 400 victoriae
721 367 819 399 suae
847 356 1138 399 circumferat
1166 355 1465 410 triumphum.
1489 371 1510 391 ιι
1533 353 1661 397 Unde
1691 357 1738 397 et
1763 353 2046 408 Augustinus

184 420 294 466 dicit
317 421 393 475 (De
414 419 503 463 civ.
527 417 622 473 Dei,
641 416 720 460 lib.
743 430 845 472 xxn,
863 429 965 473 cap.
988 419 1058 471 20,
1075 417 1122 460 in
1141 417 1323 472 princ.),
1341 415 1465 471 quod
1483 432 1505 453 α
1521 414 1730 459 fortassis
1742 415 1788 459 in
1806 414 1883 458 illo
1902 426 2045 470 regno

182 481 231 525 in
253 480 520 536 corporibus
541 482 797 534 martyrum
822 476 1080 521 videbimus
1103 477 1348 520 vulnerum
1372 475 1633 531 cicatrices,
1653 488 1758 532 quae
1778 488 1860 532 pro
1882 476 2045 521 Christi

183 542 370 587 nomine
392 539 698 597 pertulerunt3
717 551 809 582 non
830 539 955 583 enim
972 538 1237 583 deformitas
1252 537 1300 581 in
1318 538 1402 594 eis,
1417 537 1500 582 sed
1520 537 1720 592 dignitas
1734 539 1839 594 erit3
1858 543 1902 582 et
1916 550 2044 595 quae-

182 604 304 657 dam,
321 603 532 660 quamvis
548 602 596 646 in
615 614 821 659 corpore,
835 614 930 646 non
945 600 1166 658 corporis,
1181 600 1264 644 sed
1283 599 1465 643 virtutis
1478 599 1771 655 pulchritudo
1788 599 1997 656 fulgebit.
2019 618 2041 642 ι

124 687 126 691 ·
181 665 392 710 Secundo
414 664 471 708 ad
492 663 858 708 confirmandum
879 662 1016 707 corda
1037 661 1366 718 discipulorum
1395 660 1516 704 circa
1538 661 1675 706 fidem
1698 674 1794 706 suae
1816 675 2044 708 resurree-

118 718 125 730 ”
145 719 147 722 ⁴
181 725 335 771 tionis.
351 724 497 770 Tertio
513 728 566 769 ut
582 724 700 768 Patri
714 736 797 780 pro
815 723 950 768 nobis
971 723 1252 779 supplicans,
1272 721 1407 778 quale
1421 732 1570 777 genus
1583 721 1741 766 mortis
1760 735 1843 778 pro
1861 723 2053 769 homine

178 786 434 843 pertulerit,
454 797 638 843 semper
656 785 883 830 ostendat.
904 783 1069 837 Quarto
1086 790 1138 828 ut
1160 786 1244 828 sua
1266 787 1412 828 morte
1434 783 1698 840 redemptis,
1716 784 1855 840 quam
1874 785 2045 829 miseri-

179 848 379 893 corditer
397 847 491 891 sint
508 846 670 902 adJ'uti,
692 845 938 902 propositis
952 845 1158 901 eiusdem
1179 845 1339 889 mortis
1362 844 1560 900 indiciis,
1579 845 1797 889 insinuet.
1813 845 2046 890 Postremo

134 956 140 960 ,
179 913 231 954 ut
256 909 303 953 in
320 908 510 967 judicio,
538 907 676 964 quam
694 908 820 964 juste
840 907 1135 962 damnentur,
1160 906 1330 951 ibidem
1357 906 1614 952 denuntiet.
1643 907 1785 964 Unde,
1813 906 1931 950 sicut
1952 909 2043 952 Au-

109 988 112 992 ’
182 970 395 1027 gustinus
418 970 527 1014 dicit
549 972 628 1023 (De
650 969 880 1028 symbolo,
902 968 981 1013 lib.
1014 982 1060 1027 ιι,
1085 980 1184 1024 cap.
1210 971 1252 1023 8,
1280 972 1387 1012 ante
1405 968 1563 1025 med),
1589 986 1609 1006 «
1627 969 1801 1013 sciebat
1819 968 2042 1025 Christus,

181 1043 323 1089 quare
345 1031 580 1076 cicatrices
602 1031 650 1075 in
676 1042 762 1074 suo
782 1042 972 1086 corpore
994 1033 1215 1074 servaret.
1237 1029 1496 1073 sicutenim
1517 1029 1848 1074 demonstravit
1866 1030 2045 1075 Thomae

182 1106 275 1139 non
298 1093 519 1149 credenti,
542 1092 631 1136 nisi
648 1096 858 1147 tangeret
877 1096 922 1135 et
938 1091 1130 1147 videret,
1152 1091 1216 1134 ita
1231 1091 1370 1135 etiam
1394 1091 1592 1135 inimicis
1617 1091 1808 1135 vulnera
1830 1091 2044 1136 demons-

181 1160 384 1201 traturus
408 1159 479 1199 est
511 1166 613 1209 sua,
645 1158 698 1198 ut
720 1153 1004 1198 convincens
1028 1164 1109 1196 eos
1129 1152 1300 1197 veritas
1322 1152 1445 1196 dicat
1469 1167 1480 1196 x
1510 1155 1624 1196 Ecce
1653 1153 1885 1198 hominem
1907 1165 2046 1209 quem

180 1213 471 1262 crucifixistis
483 1230 496 1270 3
514 1215 682 1260 videtis
701 1214 894 1258 vulnera
909 1225 1013 1270 quae
1029 1212 1266 1269 infixistis3
1289 1213 1539 1269 agnoscitis
1555 1213 1678 1258 latus
1691 1214 1815 1270 quod
1828 1216 2046 1272 pupugis-

179 1277 255 1333 tis,
275 1277 495 1334 quoniam
512 1288 597 1332 per
613 1287 696 1320 vos
718 1279 764 1319 et
789 1278 976 1331 propter
999 1286 1085 1319 vos
1113 1279 1325 1331 apertum
1351 1279 1438 1331 est,
1463 1287 1552 1319 nec
1584 1279 1738 1319 tamen
1764 1275 1935 1320 intrare
1962 1288 2045 1321 vo-

180 1338 349 1383 luistis.
375 1356 397 1378 ιο

231 1399 299 1444 Ad
319 1402 518 1455 primum
538 1410 651 1455 ergo
668 1398 934 1454 dicendum,
958 1397 1082 1454 quud
1102 1398 1339 1443 cicatrices
1358 1399 1447 1443 illae
1466 1410 1571 1454 quae
1595 1399 1642 1442 in
1672 1411 1863 1455 corpore
1882 1399 2045 1445 Christi

177 1463 546 1517 permanserunt,
570 1471 665 1503 non
683 1458 913 1515 pertinent
927 1459 986 1502 ad
1007 1459 1347 1515 corruptionem
1367 1459 1441 1504 vel
1465 1459 1711 1516 defectum,
1731 1460 1814 1504 sed
1830 1459 1887 1504 ad
1907 1461 2046 1517 majo-

177 1534 275 1566 rem
293 1522 530 1566 cumulum
549 1520 720 1576 gloriae,
742 1520 1016 1577 inquantum
1032 1525 1142 1564 sunt
1159 1520 1373 1576 quaedam
1396 1521 1580 1566 virtutis
1596 1521 1814 1577 insignia3
1830 1526 1876 1565 et
1891 1521 1940 1565 in
1955 1522 2045 1568 illis

177 1583 292 1628 locis
307 1583 555 1627 vulnerum
573 1582 761 1638 quidam
784 1582 996 1638 specialis
1013 1582 1152 1626 decor
1169 1582 1421 1638 apparebit.

233 1643 300 1689 Ad
316 1646 556 1688 secundum
579 1643 843 1699 dicendum,
867 1643 990 1700 quod
1013 1644 1225 1700 quamvis
1244 1643 1322 1687 illa
1341 1648 1556 1700 apertura
1582 1643 1829 1689 vulnerum
1853 1644 1914 1689 sit
1936 1657 2045 1700 cum

176 1706 376 1762 quadam
399 1706 626 1750 solutione
648 1705 978 1761 continuitatis,
1000 1709 1148 1749 totum
1167 1710 1321 1750 tamen
1337 1707 1424 1750 hoc
1444 1711 1820 1763 recompensatur
1839 1719 1922 1762 per
1943 1720 2046 1752 ma-

173 1767 323 1824 j0rem
341 1768 554 1813 decorem
573 1767 748 1824 gloriae,
770 1771 824 1812 ut
842 1779 1010 1825 corpus
1032 1780 1126 1812 non
1147 1768 1207 1812 sit
1227 1768 1384 1812 minus
1400 1768 1648 1825 integrum,
1672 1768 1755 1813 sed
1772 1769 1920 1824 magis
1937 1781 2045 1824 per-

178 1828 365 1873 fectum.
391 1828 584 1872 Thomas
605 1831 758 1872 autem
783 1840 877 1872 non
904 1828 1054 1873 solum
1072 1827 1202 1886 vidit,
1227 1827 1309 1872 sed
1340 1828 1479 1873 etiam
1502 1829 1697 1873 vulnera
1724 1829 1886 1885 tetigit,
1917 1831 2041 1887 quia,

176 1894 230 1933 ut
251 1889 361 1934 dicit
377 1891 466 1934 Leo
483 1902 603 1946 papa
621 1890 712 1943 (vel
730 1889 1030 1946 Augustinus,
1051 1902 1189 1935 serm.
1206 1893 1278 1946 56,
1296 1889 1344 1934 in
1367 1890 1620 1947 appendice
1635 1891 1691 1936 de
1704 1891 1917 1947 Diversis,
1938 1896 2045 1938 ante

176 1950 333 2010 med),
357 1968 377 1988 «ι
402 1951 583 1996 suffecit
601 1949 641 1995 ei
664 1950 724 1996 ad
745 1951 882 1996 fidem
902 1952 1131 2008 propriam
1149 1951 1319 1998 vidisse
1333 1952 1459 2009 quod
1478 1952 1668 2009 viderat,
1684 1952 1768 1997 sed
1790 1953 1923 1997 nobis
1935 1966 2043 2010 ope-

175 2015 304 2056 ratus
323 2016 409 2067 est,
433 2016 486 2056 ut
505 2016 715 2068 tangeret
732 2024 873 2069 quem
892 2012 1093 2058 videbat.
1113 2031 1134 2053 »

159 2106 163 2110 .
229 2071 294 2116 Ad
312 2075 493 2116 tertium
505 2072 768 2130 dicendum,
790 2072 913 2129 quod
930 2074 1136 2118 Christus
1156 2073 1204 2118 in
1227 2085 1312 2118 suo
1326 2086 1516 2131 corpore
1529 2073 1676 2118 voluit
1693 2074 1927 2120 cicatrices
1940 2076 2042 2120 vul-

174 2144 341 2178 nerum
361 2145 623 2191 remanere,
646 2146 739 2178 non
764 2135 917 2178 solum
944 2135 1003 2180 ad
1026 2134 1375 2181 ·certificandam
1404 2135 1737 2192 discipulorum
1766 2136 1928 2194 fidem,
1960 2138 2045 2183 sed

172 2195 314 2239 etiam
331 2200 518 2252 propter
536 2195 649 2240 alias
671 2196 889 2241 rationes.
911 2199 979 2240 Ex
997 2197 1168 2254 quibus
1186 2202 1376 2254 apparet
1393 2197 1517 2253 quod
1539 2208 1720 2253 semper
1742 2197 1789 2240 in
1813 2197 1915 2253 eJus
1934 2210 2040 2242 cor-

175 2267 287 2312 pore
307 2257 543 2301 cicatrices
564 2257 656 2302 illae
669 2258 975 2303 remanebunt
989 2271 1002 2315 3
1019 2259 1144 2316 quia,
1160 2265 1215 2304 ut
1226 2260 1511 2316 Augustinus
1531 2259 1642 2303 dicit
1655 2259 1714 2304 ad
1726 2259 2041 2318 Consentium,

176 2317 234 2363 de
251 2319 599 2363 Resurrectione
623 2319 777 2363 carnis
797 2319 950 2376 (epist.
971 2323 1068 2376 205,
1091 2320 1151 2365 al.
1172 2324 1270 2373 146,
1287 2320 1426 2376 paulo
1451 2320 1477 2363 a
1496 2320 1682 2376 princ),
1704 2338 1723 2357 «
1744 2321 1922 2364 Domini
1943 2334 2044 2367 cor—

173 2389 264 2434 pus
285 2378 333 2423 in
352 2380 469 2423 coelo
493 2391 595 2424 esse
612 2380 767 2437 credo,
787 2385 839 2425 ut
853 2385 951 2425 erat
971 2382 1160 2438 quando
1181 2382 1388 2426 ascendit
1408 2382 1458 2425 in
1476 2381 1662 2425 coelum.
1685 2399 1705 2420 »
1726 2384 1779 2425 Et
1801 2383 2043 2438 Gregorius

173 2441 341 2495 (Moral.
362 2441 442 2486 lib.
470 2455 556 2498 xiv,
578 2454 680 2498 cap.
705 2441 775 2500 29,
795 2447 903 2487 ante
917 2444 1057 2498 med.)
1081 2444 1190 2489 dicit
1215 2444 1339 2501 quod
1365 2461 1385 2482 «
1409 2444 1450 2488 si
1470 2444 1582 2500 quid
1599 2443 1647 2487 in
1671 2456 1861 2501 corpore
1881 2445 2043 2491 Christi

172 2508 278 2561 post
300 2505 682 2549 resurrectionem
704 2506 853 2562 potuit
874 2506 1124 2563 immutari,
1151 2512 1311 2551 contra
1329 2506 1579 2552 veridicam
1600 2508 1725 2551 Pauli
1747 2509 2039 2566 sententiam,

172 2569 278 2622 post
311 2566 693 2611 resurrectionem
729 2567 951 2612 Dominus
978 2568 1113 2613 rediit
1148 2569 1195 2612 in
1229 2574 1452 2624 mortem3
1483 2569 1607 2625 quod
1635 2569 1740 2625 quis
1767 2570 1917 2614 dicere
1953 2571 2042 2617 nisi

171 2626 343 2671 stultus
362 2632 624 2686 praesumat,
659 2628 739 2685 qui
760 2641 914 2673 veram
938 2629 1090 2674 carnis
1109 2631 1495 2674 resurrectionem
1520 2630 1745 2686 denegat?
1773 2632 1899 2676 Unde
1918 2637 2043 2688 patet

173 2687 294 2744 quod
324 2688 558 2733 cicatrices
581 2702 697 2746 quas
723 2690 927 2735 Christus
958 2696 1063 2748 post
1087 2692 1472 2735 resurrectionem
1492 2691 1541 2735 in
1564 2704 1650 2736 suo
1674 2704 1865 2749 corpore
1883 2698 2043 2740 osten-

175 2747 256 2805 dit,
271 2751 511 2807 nunquam
527 2752 821 2807 postmodum
837 2752 895 2796 ab
918 2752 1042 2797 illius
1061 2765 1251 2810 corpore
1269 2758 1379 2797 sunt
1402 2756 1605 2797 remotae.

295 2985 356 3022 DE
387 2986 794 3026 MANIFESTATIONE
824 2991 1242 3042 RESURRECTIONIS,
1273 2992 1322 3028 IN
1344 2993 1432 3029 SEX
1461 2991 1720 3030 ARTICULOS
1747 2995 1914 3032 DIVISA.

220 3087 371 3129 Deinde
385 3089 724 3130 considerandum
748 3095 807 3132 est
828 3092 877 3133 de
896 3093 1221 3134 manifestatione
1246 3094 1547 3135 resurrectionis
1568 3094 1747 3144 Christi,
1773 3100 1814 3137 et
1839 3098 1942 3138 eirca
1966 3098 2040 3138 hoc

170 3148 413 3195 quaeruntur
436 3155 503 3184 sex
521 3159 530 3184 ε
551 3150 588 3184 1⁰
605 3146 750 3185 Utrum
770 3146 923 3187 Christi
939 3148 1179 3189 resurrectio*
1192 3149 1385 3189 omnibus
1404 3149 1654 3189 manifestari
1678 3150 1884 3201 debuerit,
1908 3164 1959 3192 an
1978 3164 2040 3192 so-

172 3196 262 3236 lum
289 3197 533 3248 quibusdam
555 3199 795 3251 specialibus
815 3204 1012 3253 personis.
1035 3225 1081 3232 —
1104 3210 1143 3242 2·
1162 3203 1308 3242 Utrum
1330 3203 1472 3243 fuisset
1496 3204 1741 3245 conveniens
1768 3206 1875 3258 quod
1894 3209 1952 3246 eis
1978 3207 2038 3246 vi-

170 3250 360 3291 dentibus
375 3257 606 3303 resurgeret.
624 3276 669 3284 -—
698 3260 737 3295 3⁰
761 3257 908 3297 Utrum
934 3261 1024 3308 post
1046 3260 1378 3298 resurrectionem
1404 3257 1588 3299 debuerit
1608 3271 1703 3300 cum
1726 3262 1812 3301 suis
1831 3261 2042 3312 discipulis

171 3306 412 3345 conversari.
429 3329 476 3336 —
491 3312 531 3347 4⁰
556 3308 702 3348 Utrum
724 3310 847 3350 fuerit
864 3313 1108 3352 conveniens
1125 3312 1236 3363 quod
1261 3313 1346 3352 suis
1367 3312 1577 3365 discipulis
1594 3314 1637 3354 in
1661 3315 1796 3355 aliena
1818 3316 1947 3366 effigie
1968 3327 2040 3366 ap-

171 3364 338 3411 pareret.
353 3382 402 3389 -
420 3369 458 3400 5⁰
474 3363 619 3402 Utrum
633 3365 962 3405 resurrectionem
976 3377 1095 3407 suam
1112 3367 1362 3418 argumentis
1377 3368 1634 3410 manifestare
1649 3369 1851 3410 debuerit.
1868 3389 1915 3401 -
1933 3376 1971 3410 6⁰
1986 3370 2042 3411 De

169 3414 416 3455 sufficientia
434 3415 600 3457 illorum
615 3423 964 3469 argumentorum.
