2170 3808
736 255 936 310 QUAEST,
969 255 1160 298 1X.ART.
1190 253 1242 296 111
1270 254 1334 296 ET
1362 253 1428 296 1v.
1955 250 2013 293 99

124 343 332 389 similiter
352 341 398 386 in
423 338 599 385 Christo
621 336 761 382 simul
779 348 888 381 cum
916 335 1110 381 scientia
1137 334 1437 379 beatitudinis
1461 337 1620 379 manet
1640 333 1831 378 scientia
1848 332 2009 388 indita,

126 418 218 449 non
242 402 374 461 quasi
396 401 470 446 via
490 399 550 444 ad
567 397 899 443 beatitudinem
913 430 927 452 ,
951 397 1034 442 sed
1053 395 1186 453 quasi
1206 407 1290 451 per
1311 395 1647 441 beatitudinem
1668 395 1952 440 confirmata.

178 465 245 511 Ad
272 466 454 509 tertium
475 460 723 506 dicendum
739 492 751 514 ,
775 459 897 516 qued
917 457 1121 515 cognitio
1140 457 1274 501 beata
1298 470 1389 501 non
1409 457 1461 502 fit
1479 470 1562 515 per
1580 457 1781 514 speciem
1797 490 1810 513 ,
1831 469 1935 514 quae
1947 454 2013 502 sit

126 526 378 574 similitudo
398 523 566 573 divinae
584 522 800 568 essentiae
814 555 828 577 ,
849 522 922 566 vel
943 532 1104 566 eorum
1123 532 1230 576 quae
1251 520 1299 563 in
1322 519 1480 564 divina
1502 519 1703 564 essentia
1719 529 2010 576 cognoscun-

128 596 219 646 tur,
243 595 295 633 ut
314 591 440 645 patet
458 598 514 631 ex
531 586 727 641 hisgquae
741 584 789 628 in
804 582 950 641 prima
970 587 1099 640 parte
1122 582 1244 626 dicta
1262 589 1373 626 sunt
1387 583 1485 638 (qu.
1504 596 1584 637 xu,
1608 591 1694 625 art.
1718 585 1783 632 2),:
1803 581 1887 626 sed
1905 579 2012 626 talis

128 650 327 707 cognitio
340 654 412 694 est
431 648 578 706 ipsius
600 647 771 692 divinae
788 645 1004 692 essentiae
1025 643 1292 689 immediate
1306 675 1318 699 ,
1341 655 1423 699 per
1442 644 1529 688 hoc
1551 644 1677 700 quod
1693 643 1792 699 ipsa
1809 642 2014 689 essentia

127 713 282 759 divina
298 710 457 755 unitur
479 709 622 754 menti
644 708 791 753 beatae
809 707 930 752 sicut
958 705 1243 761 intelligibile
1263 704 1563 761 intelligenti:
1589 716 1695 761 quae
1726 705 1910 761 quidem
1930 717 2012 752 es·-

129 775 277 820 sentia
290 772 446 818 divina
466 776 538 817 est
559 771 708 815 forma
731 769 962 815 excedens
984 767 1332 826 proportionem
1349 767 1601 824 cujUslibet
1619 771 1855 812 creaturae.
1883 769 2012 815 Unde
2067 780 2076 815 ,ἐ

130 835 242 879 nihil
261 834 469 892 prohibet
494 833 607 890 quin
629 845 738 878 cum
766 834 852 878 hac
878 827 1440 888 forma'superexcedente
1463 829 1604 875 simul
1634 829 1780 874 insint
1800 829 2010 875 rationali

129 897 271 942 menti
292 895 471 953 species
491 894 805 952 intelligibiles
827 894 1184 951 proportionatae
1202 905 1302 937 suae
1319 897 1512 937 naturae.

262 965 603 1009 ARTICULUS
623 965 705 1008 lv.
736 987 791 998 --
820 976 955 1007 urium
984 975 1194 1079 οιιιιιετυῧ
1207 974 1411 1006 suumn·
1439 973 1624 1012 Atreum
1654 972 1874 1004 sensnum

898 1037 1140 1075 accursum
1201 1027 1232 1079 ).

130 1095 180 1130 Dc
193 1095 245 1130 his
268 1095 368 1130 etiam
383 1095 485 1135 infra.
495 1097 611 1137 queat.
621 1102 684 1137 ΧΠ,
696 1097 762 1129 art.
777 1094 810 1135 2.
825 1097 861 1129 et
874 1097 990 1135 quaest.
1007 1101 1065 1136 xv,
1079 1096 1144 1128 art.
1155 1094 1188 1133 8.
1206 1098 1240 1127 et
1263 1093 1386 1134 opusc.
1403 1101 1445 1134 u,
1461 1103 1536 1133 cop.
1549 1092 1625 1132 245,
1639 1095 1674 1127 et
1690 1093 1785 1127 Sent.
1797 1100 1849 1129 ιιι,
1865 1090 1944 1125 dist.
1956 1091 2014 1130 Μ,

151 1148 264 1186 quaest.
281 1153 334 1186 m,
353 1149 420 1180 nrt.
437 1144 470 1184 5,
490 1149 604 1186 quast.
624 1151 643 1178 v
664 1142 706 1177 ad
718 1144 751 1183 5.
770 1148 804 1179 et
819 1143 871 1184 4⁴8,
893 1146 1006 1184 quaest.
1027 1150 1053 1184 1,
1074 1145 1140 1177 art.
1159 1142 1181 1177 5
1195 1140 1237 1176 ad
1252 1142 1285 1182 5,
1301 1144 1335 1176 et
1351 1142 1400 1177 De
1417 1140 1518 1178 verit.
1542 1144 1657 1183 quaest.
1672 1149 1730 1183 xx,
1745 1145 1810 1175 art.
1826 1141 1848 1175 5
1865 1140 1908 1174 ad
1925 1141 1959 1174 l.

184 1206 250 1251 Ad
267 1209 483 1262 quartum
504 1205 572 1249 sic
588 1203 867 1260 proceditur.
893 1207 938 1248 1.
954 1203 1141 1248 Videtur
1163 1200 1289 1259 qued
1305 1201 1353 1246 in
1387 1201 1564 1247 Christo
1584 1214 1680 1245 non
1696 1200 1836 1246 fuerit
1861 1199 2016 1257 aliqua

131 1266 322 1311 scientia
338 1265 704 1324 experimentalis
727 1264 970 1321 acquisita.
996 1263 1223 1321 Quicquid
1252 1264 1377 1309 enim
1399 1263 1577 1308 Christo
1596 1263 1880 1308 conveniens
1900 1261 2014 1318 fuit,

129 1327 707 1373 excellentissimehahuit.
726 1326 814 1372 Sed
837 1326 1042 1371 Christus
1066 1339 1162 1371 non
1182 1325 1346 1371 habuit
1367 1324 1753 1371 excellentissime
1775 1323 2016 1369 scientiam

130 1390 431 1446 acquisitam:
456 1401 551 1434 non
570 1388 694 1434 enim
710 1387 877 1432 institit
890 1388 1045 1434 studio
1066 1387 1347 1443 litterarum,
1364 1399 1458 1444 quo
1476 1385 1808 1444 perfectissime
1823 1385 2019 1431 scientia

131 1450 407 1506 acquiritur:
430 1446 597 1495 dicitur
614 1449 738 1494 enim
762 1450 907 1504 (Joan.
933 1463 1006 1503 vu,
1032 1451 1131 1503 15):
1160 1449 1447 1492 Mirabantur
1472 1448 1619 1492 Judaei
1640 1448 1840 1491 dicentes
1861 1462 1876 1488 .-
1899 1451 2016 1503 Quo-

132 1514 264 1556 modo
279 1513 354 1556 ln‘c
373 1512 551 1556 litteras
565 1514 672 1567 scit,
692 1512 792 1554 citm
811 1525 901 1554 non
919 1510 1168 1555 didicerit?
1183 1512 1301 1567 Ergo
1319 1510 1502 1556 videtur
1516 1508 1642 1567 qubd
1660 1509 1707 1553 in
1726 1509 1905 1554 Christo
1922 1521 2018 1553 non

133 1573 269 1618 fuerit
289 1574 442 1631 aliqua
464 1574 658 1619 scientia
680 1573 920 1630 acquisita.

187 1639 230 1680 2.
255 1638 489 1691 Praeterea,
510 1636 550 1680 ei
573 1635 696 1692 quod
716 1640 788 1679 est
810 1636 1027 1692 plenum,
1052 1647 1146 1680 non
1165 1638 1318 1692 potest
1338 1633 1515 1691 aliquid
1532 1633 1801 1690 superaddi.
1825 1632 1913 1678 Sed
1930 1645 2019 1689 po—

135 1697 275 1741 tentia
293 1698 459 1742 animae
478 1697 640 1742 Christi
653 1696 740 1742 fuit
762 1696 951 1753 impleta
971 1710 1055 1755 per
1068 1697 1245 1754 species
1259 1695 1573 1752 intelligibiles
1591 1695 1814 1740 divinitus
1830 1695 2018 1751 inditas,

137 1762 188 1801 ut
214 1758 387 1802 dictum
412 1764 481 1803 est
506 1760 609 1812 (art.
638 1760 809 1814 praec).
837 1761 956 1816 Ergo
988 1771 1082 1802 non
1108 1762 1362 1815 potuerunt
1391 1756 1691 1814 supervenire
1718 1756 1822 1813 eJus
1849 1756 2020 1801 animae

136 1819 299 1876 aliquae
319 1819 495 1876 species
519 1820 780 1876 acquisitae.

191 1889 234 1931 3.
259 1889 477 1932 Praeterea
489 1919 502 1942 ,
527 1886 575 1931 in
601 1899 656 1932 eo
675 1888 754 1945 qui
772 1888 870 1945 J'am
886 1887 1026 1932 habet
1043 1887 1252 1932 habitum
1277 1886 1484 1932 scientiae
1496 1920 1510 1943 ,
1532 1898 1617 1943 per
1637 1899 1693 1931 ea
1711 1898 1816 1942 quae
1832 1886 1859 1929 a
1873 1897 2019 1931 sensu

139 1948 329 2005 accipit,
356 1961 450 1993 non
480 1949 732 2006 acquiritur
760 1962 910 1994 novus
935 1948 1122 1994 habitus
1148 1950 1206 2003 (Ξ)
1237 1948 1364 2004 (quia
1394 1947 1459 1992 sic
1484 1947 1590 1992 duae
1618 1946 1780 1991 formae
1808 1946 2018 2003 ersdem

138 2009 303 2065 speciei
334 2009 471 2054 simul
491 2015 645 2055 essent
666 2010 713 2054 in
743 2010 950 2065 eodem):
975 2010 1058 2055 sed
1074 2008 1260 2054 habitus
1279 2008 1357 2065 qui
1377 2007 1506 2064 prius
1526 2007 1698 2064 inerat,
1721 2005 2019 2053 confirmatur

136 2074 182 2114 et
197 2074 407 2126 augetur.
432 2073 549 2126 Ergo
570 2071 676 2115 cum
700 2071 906 2116 Christus
925 2070 1135 2115 habuerit
1156 2069 1366 2114 habitum
1392 2068 1596 2113 scientiae
1623 2068 1806 2124 inditae,
1831 2081 1925 2112 non
1947 2068 2021 2112 vi-

137 2130 270 2176 detur
282 2131 405 2188 qued
423 2144 506 2188 per
518 2144 571 2176 ea
585 2144 688 2188 quae
707 2144 851 2176 sensu
873 2132 1090 2189 percepit,
1108 2131 1310 2188 aliquam
1327 2130 1464 2174 aliam
1480 2129 1719 2174 scientiam
1736 2129 2018 2186 acquisierit.

193 2194 277 2238 Sed
295 2198 451 2238 contra
475 2195 689 2251 estquod
711 2196 861 2249 (Hebr.
877 2208 921 2251 v,
942 2197 984 2248 8)
1008 2194 1199 2239 dicitur:
1220 2194 1332 2237 Ciam
1350 2197 1464 2236 esset
1479 2193 1626 2236 Filius
1644 2195 1753 2248 Dei,
1779 2192 1942 2236 didicit
1962 2206 2020 2236 ex

137 2256 208 2298 Itis
228 2269 324 2311 quae
335 2269 496 2312 passus
512 2260 592 2312 est,
612 2257 940 2300 obedientiam:
963 2255 1121 2300 Glossa
1144 2255 1309 2310 (interl.
1337 2256 1544 2311 Haym.),
1570 2271 1591 2292 α
1611 2253 1659 2298 id
1678 2258 1774 2308 est,
1804 2259 2019 2311 expertus

138 2320 221 2361 est.
246 2335 265 2355 »
291 2317 388 2361 Fuit
405 2329 515 2373 ergo
535 2316 583 2361 in
606 2318 781 2362 Chri-sto
796 2317 951 2375 aliqua
973 2315 1348 2374 experimentalis
1371 2314 1586 2375 scientia,
1610 2326 1716 2372 quae
1733 2323 1805 2360 est
1827 2315 2021 2360 scientia

139 2377 377 2434 acquisita.

185 2446 472 2487 CONCLUSIO.
489 2468 536 2476 ——
564 2446 666 2486 Gum
681 2446 726 2486 in
746 2446 888 2486 anima
902 2446 1054 2487 Christi
1072 2447 1195 2486 tuerit
1208 2444 1439 2486 intellectus
1457 2456 1596 2496 agens,
1615 2444 1733 2495 qu'us
1748 2444 1911 2496 propria
1923 2456 2018 2496 ope-

140 2500 241 2540 ratio
254 2504 314 2540 est
327 2501 452 2542 facere
464 2502 612 2551 species
628 2501 909 2556 intelligibiles
923 2505 1032 2549 actu,
1048 2500 1321 2541 abstrahendo
1345 2511 1414 2540 eas
1436 2500 1462 2540 a
1480 2499 1860 2552 phantasmatibus:
1877 2503 2019 2550 praeter

139 2555 350 2596 scientiam
374 2555 550 2596 indita-m
567 2556 631 2609 vel
649 2557 827 2597 infusam
844 2558 994 2596 animae
1017 2555 1186 2605 Christi,
1213 2555 1293 2595 fuit
1308 2555 1436 2595 etiam
1462 2556 1507 2595 in
1531 2555 1605 2596 illo
1630 2554 1798 2595 scientia
1817 2555 2019 2605 acquisita

141 2608 297 2649 lumine
317 2611 495 2650 naturali
510 2611 745 2652 intellectus·
757 2612 930 2663 agentis,
946 2623 1016 2663 per
1030 2610 1345 2651 abstractionem
1367 2609 1560 2650 sciliceta
1575 2608 1943 2662 phantasmatibus.

196 2673 461 2729 Respondeo
490 2673 737 2719 dicendum
766 2672 915 2731 qued,
944 2678 996 2718 ut
1017 2685 1077 2718 ex
1109 2685 1252 2730 supra
1278 2671 1415 2718 dictis
1435 2676 1562 2729 patet
1587 2674 1688 2725 (art.
1720 2675 1740 2716 1
1770 2671 1867 2728 huJ.
1893 2674 2014 2731 qu.)‚

144 2731 254 2776 nihil
273 2745 432 2778 eorum
454 2746 557 2790 quae
579 2737 697 2779 Deus
716 2733 764 2778 in
785 2739 942 2779 nostra
970 2740 1134 2779 natura
1163 2733 1410 2791 plantavit,
1434 2733 1580 2778 defuit
1603 2733 1819 2778 humanae
1841 2738 2017 2777 naturae

144 2798 389 2850 assumptae
407 2794 434 2838 a
453 2794 530 2840 Dei
547 2795 704 2840 Verbo.
721 2796 1005 2841 Manifestum
1022 2800 1092 2840 est
1106 2800 1259 2840 autem
1281 2794 1406 2852 qued
1426 2794 1474 2838 in
1494 2795 1697 2838 humana
1717 2798 1882 2839 natura
1898 2797 2018 2840 Deus

145 2852 366 2907 plantavit
380 2869 470 2900 non
487 2857 636 2901 solum
648 2857 930 2902 intellectum
944 2857 1228 2915 possibilem,
1246 2856 1328 2902 sed
1343 2856 1477 2901 etiam
1490 2856 1775 2901 intellectum
1786 2860 2015 2912 agentem.

146 2914 271 2958 Unde
301 2927 487 2960 necesse
508 2922 578 2962 est
597 2917 748 2964 dicere
767 2919 892 2975 quod
913 2919 961 2965 in
983 2919 1138 2964 anima
1160 2918 1323 2963 Christi
1345 2917 1434 2962 fuit
1455 2930 1550 2962 non
1574 2917 1725 2962 solum
1756 2917 2016 2963 intellectus

146 2974 397 3043 possibilis,
422 2977 501 3022 sed
536 2978 671 3023 etiam
694 2980 954 3026 intellectus
989 2993 1150 3037 agenS.
1178 2980 1221 3025 Si
1253 2985 1409 3024 autem
1434 2979 1482 3024 in
1505 2979 1607 3023 aliis
1631 2982 1750 3025 Deus
1781 2983 1827 3024 et
1851 2983 2014 3024 natura

146 3035 258 3079 mhil
279 3036 448 3081 frustra
465 3038 661 3095 faciunt,
693 3046 746 3085 ut
764 3041 1064 3100 Philosophus
1084 3042 1195 3087 dicit
1217 3043 1292 3095 (De
1310 3041 1453 3097 coelo,
1476 3041 1557 3087 lib.
1579 3054 1610 3097 ι,
1634 3045 1745 3086 text.
1772 3043 1842 3098 31,
1868 3046 1914 3086 et
1934 3042 2014 3086 lib.

146 3109 190 3151 11,
208 3100 319 3142 text.
339 3100 427 3154 59),
452 3098 597 3144 multe
613 3100 768 3146 minus
787 3101 837 3147 in
858 3104 1013 3148 anima
1027 3102 1191 3148 Christi
1213 3102 1386 3159 aliquid
1407 3102 1494 3147 suit
1514 3102 1701 3147 frustra.
1723 3105 1907 3147 Frustra
1929 3116 2015 3147 au·

146 3163 237 3203 tem
253 3160 464 3215 estquod
483 3172 575 3204 non
595 3161 732 3207 habet
749 3164 979 3220 propriam
997 3164 1333 3222 operationem,
1356 3166 1462 3208 cum
1480 3163 1631 3208 omnis
1656 3176 1730 3208 res
1756 3163 1815 3207 sit
1832 3168 2018 3220 propter

143 3230 277 3263 suam
309 3222 644 3277 operationem,
677 3228 727 3267 ut
749 3223 914 3269 dicitur
935 3227 1013 3280 (De
1039 3225 1173 3280 coe10,
1207 3224 1286 3269 lib.
1317 3238 1364 3281 ιι,
1396 3229 1507 3269 text.
1535 3227 1619 3280 17).
1654 3224 1838 3281 Pro'pria
1862 3229 2012 3269 autem

185 3342 228 3380 (4)
247 3341 393 3375 Scientia
416 3343 578 3383 acquisita
602 3344 670 3380 sive
692 3346 964 3386 experimentalis
987 3351 1036 3382 est
1121 3349 1163 3381 in
1188 3358 1227 3381 eo
1254 3347 1317 3389 qui
1338 3348 1421 3392 jam
1448 3348 1553 3384 habet
1579 3349 1742 3383 habitum
1756 3349 1919 3383 scientim
1941 3359 2017 3383 non

146 3385 280 3440 habitus
302 3387 360 3427 qui
383 3389 511 3429 acquiri
534 3394 641 3431 potest
655 3403 716 3432 per
734 3393 980 3433 experientiam
1004 3398 1038 3428 et
1123 3396 1336 3438 acquiritur
1373 3406 1487 3432 novus
1517 3397 1666 3431 habram
1700 3407 1769 3440 per
1803 3406 1846 3432 ea
1878 3405 1958 3440 quoe
1991 3396 2015 3430 d

146 3444 233 3467 vires
249 3433 448 3470 intellectus,
1122 3453 1231 3478 sensu
1250 3444 1395 3488 accipit.

185 3482 227 3523 (2)
258 3483 313 3517 Sic
342 3482 505 3527 intellige,
532 3486 729 3527 transposita
752 3487 999 3523 constructione
1028 3499 1040 3506 ’·
