2170 3808
635 220 834 272 QUAEST.
865 222 969 275 xvi,
999 222 1114 264 Aur.
1147 223 1182 265 x
1209 222 1275 265 ET
1303 222 1372 266 xi.
1868 222 1954 266 159

67 309 95 350 11
114 318 281 349 nnana:
312 308 489 349 naturae
518 303 563 347 in
595 303 771 347 Christo
814 303 872 346 sit
908 307 1132 348 aeternum
1165 307 1212 348 et
1243 303 1516 359 increatum,
1553 302 1653 347 haec
1673 302 1761 347 erit
1799 302 1946 347 falsa:

67 368 96 410 ί
109 366 292 423 hristus,
312 367 551 410 secundom
568 365 687 421 quod
705 364 854 420 homo,
877 367 942 407 est
958 367 1188 408 creatura.
1206 364 1249 407 Si
1267 364 1377 408 vero
1395 369 1656 408 resumatur
1672 363 1850 407 ratione
1868 363 1952 408 hu-

64 439 93 471 n
115 440 215 471 anae
234 434 425 486 naturae,
448 428 515 472 sic
531 431 603 471 est
620 438 754 470 vera:
780 427 888 482 quia
909 426 1086 470 ratione
1116 426 1332 469 humanae
1359 431 1553 481 naturae,
1575 427 1669 470 sive
1692 425 1950 471 secundum

64 486 313 533 humanam
356 493 584 546 naturam,
617 488 834 532 convenit
866 487 906 532 ei
941 499 1044 532 esse
1082 491 1360 542 creaturam,
1396 492 1449 531 ut
1489 499 1629 544 supra
1667 488 1841 532 dictum
1878 498 1950 534 est

65 551 170 604 (art.
196 554 222 595 8
245 551 342 608 huj.
369 551 566 608 quaest.).
591 549 835 594 Sciendum
854 555 1005 594 tamen
1024 548 1147 606 quod
1168 559 1338 592 nomen
1355 548 1423 592 sic
1441 554 1729 605 resumptum
1747 549 1794 593 in
1811 550 1950 594 redu-

66 610 316 668 1licatione
336 611 485 666 magis
503 610 685 667 proprie
708 615 891 655 tenetur
910 622 992 667 pro
1010 614 1175 653 natura
1197 608 1337 665 quam
1356 620 1440 665 pro
1463 609 1728 665 supposito3
1748 609 1943 655 resumi-

66 677 142 717 tur
172 673 359 719 enimin
381 672 424 718 vi
450 673 698 730 praedicati,
723 672 846 729 quod
871 676 1052 717 tenetur
1082 670 1363 715 formaliter:
1390 669 1512 716 idem
1546 670 1670 714 enim
1700 675 1770 715 est
1793 671 1947 717 dictu:

67 733 289 794 Christus,
298 727 552 778 'secundam
582 734 701 789 quod
727 735 873 789 homo,
899 746 952 777 ac
974 732 1013 776 si
1034 733 1287 777 diceretur:
1314 732 1541 786 Christus,
1563 732 1809 775 secundam
1829 733 1949 788 quod

65 797 132 840 est
150 795 294 841 homo.
316 795 483 842 Etideo
502 796 603 840 haec
620 802 691 840 est
710 796 858 852 magis
879 794 1175 840 concedenda
1196 795 1336 851 quam
1362 794 1606 850 neganda:
1634 795 1858 851 Christus,
1876 807 1950 838 se-

66 858 261 901 cundom
278 858 393 915 quod
419 859 565 913 homo,
581 861 646 900 est
662 861 893 900 creatura.
914 856 956 900 Si
978 862 1133 900 tamen
1154 855 1402 899 adderetur
1416 854 1589 911 aliquid
1610 866 1693 911 per
1710 855 1832 911 quod
1856 859 1950 900 tra-

66 917 254 963 heretur
271 916 329 963 ad
345 918 652 975 suppositum,
671 922 792 962 esset
807 916 1058 974 propositio
1075 916 1223 972 magis
1239 916 1453 971 neganda
1466 916 1607 972 quam
1626 915 1945 975 concedendag

66 978 177 1036 puta
191 980 229 1024 si
249 976 501 1025 diceretur:
525 981 750 1035 ChristuS,
776 980 1020 1023 secundam
1042 980 1162 1034 quod
1185 979 1259 1020 hic
1272 978 1426 1033 hom.o‚'
1449 981 1516 1021 est
1545 982 1777 1023 creatura.

122 1040 188 1087 Ad
202 1044 400 1098 primum
422 1051 533 1098 ergo
553 1041 817 1095 dicendum,
840 1039 964 1097 quod
986 1039 1092 1084 licet
1120 1038 1327 1083 Christus
1344 1050 1437 1082 non
1460 1038 1518 1083 sit
1540 1039 1747 1095 humana
1762 1043 1946 1095 natura,

68 1105 308 1148 esttamen
326 1101 504 1146 habens
531 1103 782 1147 humanam
810 1107 1039 1146 naturam.
1061 1102 1232 1145 Nomen
1262 1106 1420 1145 autem
1438 1107 1663 1145 creaturae
1691 1106 1851 1145 natum
1873 1106 1946 1147 est

66 1164 305 1221 praedicari
326 1177 417 1208 non
448 1164 597 1208 solum
617 1164 675 1208 de
693 1164 953 1220 abstractis,
975 1162 1060 1208 sed
1081 1162 1220 1206 etiam
1241 1162 1299 1207 de
1316 1160 1573 1207 concretis:
1606 1162 1804 1208 dicimus
1823 1162 1947 1208 enim

67 1223 191 1283 quod
211 1226 472 1270 humanitas
492 1230 562 1271 est
577 1230 802 1283 creatura,
817 1230 865 1269 et
887 1224 1011 1281 qued
1028 1224 1166 1268 homo
1183 1227 1256 1268 est
1269 1229 1498 1268 creatura.

119 1285 186 1332 Ad
208 1289 451 1332 secundum
469 1287 734 1345 dicendum,
757 1285 882 1343 quod
904 1286 954 1344 ly
978 1287 1127 1342 homo,
1149 1287 1405 1330 secundum
1422 1284 1547 1343 quod
1563 1286 1751 1342 ponitur
1770 1286 1819 1331 in
1835 1285 1948 1333 sub-

63 1348 201 1406 jecto,
221 1349 370 1404 magis
387 1348 574 1411 respicit
589 1349 910 1405 suppositum3
935 1349 1194 1393 secundum
1218 1351 1372 1392 autem
1393 1347 1516 1404 quod
1534 1346 1723 1404 ponitur
1741 1347 1789 1392 in
1804 1348 1948 1394 redu-

66 1407 320 1467 plicatione‚
344 1411 495 1466 magis
516 1410 701 1467 respicit
733 1414 967 1467 naturam3
994 1414 1048 1454 ut
1077 1409 1253 1454 dictum
1275 1414 1345 1454 est
1372 1409 1436 1464 (in
1463 1421 1590 1467 corp.
1616 1411 1738 1465 art.).
1768 1412 1821 1455 Et
1838 1410 1948 1468 quia

67 1477 229 1516 natura
246 1477 317 1517 est
339 1478 508 1526 creata,
540 1471 833 1529 suppositum
854 1472 963 1517 vero
986 1472 1273 1528 increatum3
1298 1471 1403 1516 ideo
1424 1470 1532 1517 licet
1554 1485 1649 1516 non
1669 1473 1948 1519 concedatur

67 1532 154 1578 ista
172 1534 453 1592 simpliciter,
470 1539 611 1578 Homo
636 1535 844 1578 Christus
859 1538 926 1578 est
942 1538 1179 1588 creatura‚·
1203 1533 1472 1579 conceditur
1486 1537 1640 1579 tamen
1666 1534 1771 1592 ista,
1794 1535 1950 1595 Chris-

69 1597 155 1652 tus,
176 1595 418 1639 secundum
437 1596 552 1652 quod
568 1595 714 1649 homo,
732 1598 796 1639 est
818 1599 1050 1639 creatura.
1182 1607 1194 1614 “

122 1657 188 1701 Ad
215 1661 394 1701 tertium
413 1658 676 1713 dicendum,
701 1655 824 1715 quod
854 1658 1044 1703 cuilibet
1061 1654 1255 1712 homini,
1283 1654 1363 1715 qui
1385 1662 1456 1703 est
1483 1657 1775 1715 suppositum
1804 1657 1948 1707 solius

0 1769 1 1772 Ἴ
68 1722 245 1763 naturae
256 1719 488 1776 humanae,
507 1719 724 1775 competit
739 1718 864 1776 quod
882 1733 974 1764 non
995 1720 1163 1764 habeat
1178 1731 1297 1776 esse,
1314 1719 1403 1763 nisi
1421 1720 1680 1765 secundum
1693 1719 1948 1767 humanam

68 1784 303 1836 naturam3
337 1786 382 1825 et
402 1780 503 1825 ideo
530 1780 588 1825 de
610 1780 816 1837 quolibet
837 1780 915 1824 tali
940 1780 1181 1838 supposito
1211 1781 1437 1838 sequitur,
1471 1781 1510 1825 si
1533 1780 1790 1826 secundum
1822 1783 1949 1840 quod

55 1840 221 1905 bomo,
248 1847 320 1887 est
341 1846 566 1897 creatura,
591 1843 713 1899 quod
731 1842 792 1886 sit
812 1847 1023 1887 creatura
1042 1842 1328 1900 simpliciter.
1349 1843 1436 1887 Sed
1456 1843 1662 1888 Chr1stus
1680 1857 1774 1888 non
1794 1845 1947 1891 solum

67 1904 138 1948 est
160 1902 448 1960 suppositum
463 1905 678 1948 humanae
699 1908 892 1959 naturae,
917 1903 999 1949 sed
1017 1904 1155 1948 etiam
1173 1904 1341 1949 divinae
1365 1904 1623 1948 secundum
1652 1918 1792 1962 quam
1811 1906 1948 1954 habet

65 1977 170 2011 esse
186 1965 457 2010 increatum.
487 1967 540 2009 Et
564 1965 667 2010 ideo
686 1978 779 2009 non
802 1966 1028 2023 sequitur,
1053 1966 1093 2010 si
1117 1965 1375 2011 secundum
1398 1966 1523 2022 qued
1547 1967 1701 2022 homo,
1723 1973 1793 2012 est
1819 1981 1947 2015 crea-

66 2031 185 2082 tura,
211 2026 334 2084 quod
355 2027 415 2072 sit
429 2026 692 2083 simpliciter
714 2033 941 2072 creatura.

65 2090 409 2133 ARTICULUS
443 2090 525 2133 ΧΙ.
555 2114 610 2121 -
638 2102 775 2132 unum
803 2103 897 2133 uAEc
927 2103 991 2132 sn·
1020 2102 1157 2133 vam:
1191 2101 1406 2146 cnmsrus,
1436 2102 1651 2134 secuntum
1680 2104 1787 2142 ouon
1815 2106 1943 2150 nouo,

102 2173 106 2179 -
526 2161 531 2171 ¹
612 2150 620 2158 ‘
844 2164 921 2195 Εετ
951 2164 1056 2194 nnus
1085 2152 1162 2205 (1).

292 2219 340 2254 De
361 2219 413 2254 his
427 2219 529 2254 etiam
547 2219 642 2254 Sent.
659 2228 713 2260 ιιι,
731 2218 809 2254 dist.
826 2219 880 2259 ⁴0,
895 2225 1010 2261 quaest,
1026 2228 1052 2259 1,
1068 2222 1133 2254 art.
1152 2219 1186 2261 4,
1206 2221 1322 2260 quaest.
1342 2226 1368 2259 ¹,
1384 2220 1418 2254 et
1433 2224 1551 2261 quoest.
1569 2229 1610 2255 111
1625 2232 1717 2262 corp.

119 2272 185 2318 Ad
206 2273 503 2318 undecimum
519 2274 587 2318 sic
601 2273 878 2331 proceditur.
896 2278 938 2318 1.
960 2273 1146 2318 Videtur
1162 2274 1286 2330 quod
1300 2274 1524 2328 Christus,
1543 2275 1800 2321 secundum
1819 2278 1947 2335 quod

65 2332 218 2393 homo,
238 2334 297 2379 sit
318 2338 452 2379 DeuS.
473 2335 677 2380 Christus
694 2335 821 2379 enim
840 2340 912 2380 est
932 2337 1054 2380 Deus
1072 2348 1155 2392 per
1169 2331 1366 2392 gratiam
1387 2335 1591 2380 unionis.
1615 2337 1701 2382 Sed
1720 2339 1942 2397 Christus,

65 2397 320 2442 secundum
351 2397 475 2454 quod
496 2398 647 2457 homo,
671 2397 808 2443 habet
837 2399 1031 2455 gratiam
1063 2397 1268 2442 unionis.
1291 2398 1409 2454 Ergo
1431 2398 1653 2456 Christus,
1685 2402 1945 2448 secundum

65 2458 187 2516 quod
206 2458 360 2514 homo,
376 2462 447 2514 est
463 2460 598 2503 Deus.

117 2519 162 2562 2.
180 2518 416 2574 Praeterea,
430 2518 659 2564 dimittere
672 2522 861 2576 peccata
877 2524 948 2564 est
959 2518 1195 2577 proprium
1206 2519 1300 2573 Dei,
1311 2519 1567 2566 secundum
1586 2519 1699 2566 illud
1709 2523 1812 2577 (lsa.
1825 2537 1942 2584 κιαι,

65 2580 134 2634 25)
157 2595 169 2623 t
195 2582 287 2636 qu
304 2593 401 2623 sum
423 2583 516 2636 ipse
537 2584 614 2636 qui
636 2581 763 2624 deleo
784 2584 1045 2637 iniquitates
1069 2586 1169 2625 tuas
1184 2586 1377 2638 propter
1404 2595 1487 2625 me.
1512 2582 1602 2626 Sed
1631 2583 1852 2643 ChristuS‚
1871 2597 1945 2632 se-

65 2640 267 2686 cundum
295 2641 419 2698 quod
440 2642 595 2699 homo,
625 2643 811 2688 dimittit
831 2648 1037 2700 peccata,
1068 2643 1327 2688 secundum
1350 2642 1467 2689 illud
1486 2643 1655 2699 (Matth.
1686 2660 1744 2699 ix,
1772 2649 1813 2701 6)
1842 2662 1857 2693 z
1887 2651 1946 2694 Ut

66 2704 216 2746 autem
232 2706 386 2746 sciatis
401 2706 508 2759 quia
523 2705 669 2747 Filius
686 2705 879 2748 hominis
898 2707 1035 2749 habet
1049 2710 1319 2762 potestatem
1339 2708 1388 2748 in
1412 2709 1537 2749 terra
1556 2707 1819 2752 dimittendi
1837 2724 1945 2767 pec-

67 2765 171 2805 cata
190 2765 266 2818 (1),
290 2767 379 2808 etc.
395 2765 513 2821 Ergo
535 2765 755 2822 Christus,
773 2767 1027 2811 secundum
1051 2766 1171 2823 quod
1192 2765 1348 2821 homo,
1373 2770 1445 2811 est
1463 2770 1600 2812 Deus.

121 2826 163 2868 3.
187 2826 423 2880 Praeterea,
445 2826 651 2873 Christus
681 2840 776 2872 non
800 2833 870 2873 est
896 2829 1034 2873 homo
1053 2829 1332 2883 communis,
1361 2829 1444 2873 sed
1470 2836 1541 2874 est
1565 2830 1703 2874 homo
1725 2829 1812 2875 iste
1835 2845 1946 2888 par-

66 2883 287 2930 ticularis,
314 2887 400 2930 Sed
426 2888 645 2945 Christus,
671 2891 928 2934 secundum
960 2889 1083 2947 quod
1109 2894 1178 2934 est
1205 2891 1292 2934 iste
1312 2890 1470 2946 homo,
1499 2896 1569 2935 est
1600 2892 1741 2946 Deus;
1765 2893 1874 2949 quia
1892 2894 1943 2939 in

62 2945 152 2990 isto
176 2946 361 2991 homine
387 2946 654 3004 designatur
675 2951 965 3008 suppositum
991 2957 1231 3007 aeternum,
1261 2950 1388 3008 quod
1417 2950 1689 2996 naturaliter
1713 2958 1785 2997 est
1805 2956 1940 3001 Deus.

62 3005 184 3063 Ergo
206 3008 426 3060 Christus,
448 3010 702 3054 sec-undum
726 3012 847 3069 quod
863 3014 1016 3068 homo,
1039 3017 1109 3058 est
1128 3015 1264 3056 Deus.
1515 3047 1518 3050 .

119 3069 204 3113 Sed
227 3073 404 3124 contra,
423 3070 535 3114 illud
552 3072 676 3127 quod
696 3075 911 3118 convenit
923 3073 1116 3130 Christo,
1135 3072 1393 3119 secundum
1412 3072 1537 3130 quod
1554 3073 1710 3130 bomo,
1726 3077 1943 3126 convenit

63 3129 251 3174 cuilibet
265 3130 454 3175 homini.
478 3132 519 3175 Si
536 3144 650 3193 vergo
668 3133 887 3191 Christus,
906 3135 1162 3181 secundum
1175 3134 1298 3192 quod
1312 3135 1468 3192 homo,
1487 3139 1558 3180 est
1575 3139 1711 3188 Deus,
1734 3139 1943 3193 sequitur

62 3190 186 3248 quod
203 3191 351 3235 omnis
366 3192 504 3237 homo
523 3194 582 3237 sit
603 3198 750 3238 Deus:
775 3196 895 3251 quod
920 3201 1044 3253 patet
1062 3209 1165 3242 esse
1182 3196 1370 3241 falsum.

112 3258 395 3300 CONCLUSIO.
417 3282 463 3290 -
487 3262 663 3300 Tametsi
683 3262 781 3312 haec,
798 3262 997 3313 Christus,
1017 3264 1242 3304 secundum
1261 3264 1370 3316 quod
1389 3263 1528 3314 homo,
1546 3268 1605 3305 est
1626 3266 1753 3312 DeuS,
1776 3266 1939 3307 concedi

101 3390 142 3430 (4)
156 3389 258 3424 Docet
270 3392 302 3425 S.
324 3391 445 3425 Doctor
459 3392 546 3426 hanc
560 3392 826 3434 propositionem
843 3394 953 3435 potias
1077 3398 1120 3437 (2)
1141 3397 1320 3431 Occasione
1341 3397 1516 3440 paralytici
1533 3397 1585 3431 cui
1610 3397 1756 3430 dixerat:
1773 3396 1936 3439 Confido.

59 3437 245 3477 negandam
260 3440 360 3480 quam
378 3440 627 3475 concedendam
645 3453 724 3477 esse.
1039 3444 1109 3485 fili,
1125 3446 1367 3480 remittuntur
1383 3447 1446 3481 tibi
1462 3449 1612 3489 peccata
1631 3449 1708 3477 lua.
