2170 3808
601 208 800 259 QUAEST.
830 208 1006 262 XXXVI,
1037 208 1374 252 ART.1ET11.
1851 208 1933 252 297

52 289 206 346 fidem,
226 302 330 346 quae
351 288 538 346 quidem
556 294 628 333 est
639 288 696 333 de
715 301 809 332 non
830 289 1175 346 apparentibus.
1177 291 1253 333 *Et
1272 288 1376 333 ideo
1391 288 1570 344 primus
1586 286 1851 362 Christiadv
1856 299 1933 332 en·
1985 291 1987 294 “

53 354 128 395 tus
143 352 300 396 debuit
313 363 416 396 esse
436 350 664 395 occultus.

77 421 343 463 ARTICUI
346 422 419 463 US
440 422 498 463 11.
521 443 576 450 —
595 432 731 462 mmm
750 432 969 463 numus
986 431 1147 463 cnms'rt
1168 431 1371 462 nsum-:mr
1391 431 1607 468 Auoumus
1622 430 1904 461 mmirnsnm.

105 488 171 532 Ad
193 490 450 534 secundum
471 488 540 533 sic
566 489 849 544 proceditur.
872 492 915 532 1.
938 487 1127 532 Videtur
1145 487 1268 544 quod
1288 486 1505 530 nativitas
1527 486 1692 530 Christi
1713 486 1825 530 nulli
1853 485 1933 530 de·

50 548 202 594 buerit
219 551 501 595 manifestari
524 564 538 594 t
570 551 694 606 quia,
714 555 768 594 ut
787 550 964 595 dictum
992 553 1065 594 est
1095 550 1196 603 (art.
1218 550 1396 605 praec.),
1431 548 1519 591 hoc
1540 552 1638 591 erat
1673 559 1932 602 congruum

51 610 268 657 humanae
300 613 453 668 saluti,
481 616 534 656 ut
555 612 735 668 primus
754 611 913 657 Christi
944 610 1174 656 adventus
1206 615 1329 655 esset
1359 610 1588 653 occultus
1620 609 1706 653 Sed
1729 610 1930 653 Christus

51 680 242 718 venerat
258 679 306 718 ut
319 686 483 718 omnes
504 673 719 729 salvaret,
745 673 1005 720 secundum
1023 672 1139 717 illud
1159 674 1208 725 (Ι.
1229 671 1420 715 Timoth.
1441 684 1498 725 iv,
1522 671 1630 718 10):
1650 672 1736 725 Qui
1753 674 1818 713 est
1835 672 1930 713 sal-

51 738 186 777 vator
194 738 388 779 omnium
397 735 641 794 hominum,
659 735 858 778 maa-ime
872 735 1092 789 fidelium.
1107 736 1226 790 Ergo
1242 732 1456 776 nativitas
1469 729 1635 775 Christi
1651 730 1765 775 nulh
1775 731 1932 776 debuit

51 795 352 841 manifestari.

107 860 148 901 2
182 860 422 914 Praeterea,
437 862 546 902 ante
578 857 869 902 nativitatem
888 856 1051 901 Christi
1070 856 1317 900 manifesta
1340 859 1438 900 erat
1453 857 1502 899 Β.
1518 853 1690 910 Virgini
1704 857 1751 898 et
1766 855 1933 911 Ioseph

50 918 208 963 futura
221 919 384 963 Christi
410 918 643 964 nativitas.
658 922 758 964 Non
780 930 892 975 ergo
908 922 1008 963 erat
1026 918 1358 974 necessarium,
1375 916 1552 961 Christo
1574 921 1700 971 nato,
1721 916 1933 961 eamdem

51 979 153 1024 aliis
165 980 465 1025 manifestari.

107 1044 149 1086 3.
182 1044 420 1099 Praeterea,
444 1043 604 1087 nullus
631 1043 817 1099 sapiens
846 1041 1113 1086 manifestat
1132 1041 1182 1085 id
1213 1052 1270 1084 ex
1308 1052 1402 1097 quo
1422 1039 1622 1084 turbatio
1653 1039 1860 1084 nascitur
1887 1044 1934 1085 et

52 1103 379 1150 detrimentum
417 1106 630 1150 aliorum.
667 1105 755 1149 Sed
783 1104 1075 1148 manifestata
1109 1102 1271 1147 Christi
1304 1102 1556 1154 nativitate,
1586 1102 1837 1147 subsecuta
1863 1107 1935 1147 est

51 1166 250 1210 turbatio
273 1180 283 1209 :
309 1167 476 1211 dicitur
494 1168 619 1212 enim
640 1167 809 1222 (Matth.
829 1180 876 1221 11,
893 1167 950 1222 3),
971 1165 1098 1222 quod
1115 1165 1310 1209 audiens
1331 1164 1531 1208 Herodes
1545 1164 1705 1209 Christi
1725 1164 1863 1208 nativi
1870 1169 1933 1208 ta·

51 1231 160 1283 tem,
197 1229 400 1272 turbatus
421 1232 501 1284 est,
520 1232 564 1272 et
599 1232 742 1271 omnis
769 1227 1049 1284 lerosolyma
1067 1239 1167 1269 cum
1187 1226 1299 1282 illo‚·
1331 1226 1470 1270 cessit
1501 1225 1640 1270 etiam
1662 1226 1750 1270 hoc
1768 1226 1815 1269 in
1852 1227 1932 1270 de-

50 1287 317 1333 trimentum
354 1290 565 1341 aliorum,
599 1290 708 1346 quia
745 1301 802 1333 ex
840 1290 927 1333 hac
963 1288 1207 1332 occasione
1238 1289 1441 1332 Herodes
1478 1290 1645 1331 occidit
1679 1300 1843 1343 pueros
1884 1292 1933 1331 in

49 1350 319 1408 Bethlehem,
340 1355 384 1395 et
413 1356 462 1396 m
483 1353 685 1395 omnibus
717 1352 878 1407 sinibus
908 1353 1019 1407 ejzcs,
1040 1352 1071 1393 ὰ
1103 1351 1274 1393 bimatu
1295 1353 1339 1394 et
1356 1352 1484 1404 infra
1502 1352 1563 1405 (1)
1585 1349 1755 1404 (Matth.
1776 1362 1822 1405 n,
1841 1351 1930 1404 16).

49 1414 167 1468 Ergo
196 1413 380 1458 videtur
414 1414 539 1471 quod
570 1426 665 1458 non
699 1413 840 1458 fuerit
862 1413 1146 1458 conveniens
1178 1411 1342 1456 Christi
1375 1411 1662 1455 nativitatem
1700 1410 1934 1468 aliquibus

49 1474 349 1520 manifestari.

106 1536 192 1580 Sed
209 1540 367 1580 contra
389 1541 462 1582 est
495 1537 620 1594 qued
639 1537 802 1582 Christi
825 1537 1041 1581 nativitas
1073 1535 1189 1580 nulli
1208 1535 1373 1580 suisset
1404 1533 1628 1592 proficua,
1658 1534 1698 1578 si
1716 1534 1933 1579 omnibus

49 1602 173 1640 esset
194 1598 389 1642 occulta.
411 1599 499 1644 Sed
520 1598 762 1655 oportebat
778 1598 942 1642 Christi
970 1597 1258 1641 nativitatem
1290 1608 1394 1641 esse
1425 1596 1706 1652 proficuam3
1728 1596 1932 1652 alioquin

49 1658 220 1702 frustra
239 1666 377 1703 natus
396 1660 560 1704 fuisset
583 1663 660 1714 (2).
681 1662 798 1715 Ergo
816 1659 999 1703 videtur
1022 1658 1145 1715 quod
1162 1657 1396 1714 aliquibus
1411 1656 1698 1702 manifestari
1723 1656 1934 1701 debuerit

49 1719 210 1763 Christi
234 1721 463 1765 nativitas.

97 1794 382 1835 CONCLUSIO.
408 1818 458 1826 —-
477 1796 591 1836 Sicut
605 1807 689 1836 non
714 1795 849 1836 decuit
866 1795 1078 1836 Christum
1099 1797 1375 1846 resurgentem
1400 1793 1667 1833 manifestum
1685 1792 1774 1832 fieri
1790 1793 1931 1832 omni-

49 1848 143 1898 buS,
166 1850 234 1889 sed
254 1851 417 1890 tantum
434 1851 605 1891 testibus
622 1850 900 1902 praeordinatis
918 1852 942 1891 a
959 1853 1055 1900 Deo,
1076 1851 1135 1890 ita
1150 1862 1233 1889 non
1253 1850 1394 1889 debuit
1407 1850 1496 1901 ejus
1514 1848 1710 1888 nativitas
1722 1848 1931 1898 omnibus,

49 1902 120 1943 sed
134 1905 380 1954 quibusdam
401 1906 668 1955 manifestari,
689 1917 737 1946 ex
754 1906 906 1956 quibus
919 1905 1015 1945 aliis
1032 1904 1375 1945 manifestaretur.

105 1968 376 2023 Respondeo
393 1968 641 2013 dicendum
657 1968 799 2024 quod,
812 1968 933 2013 sicut
949 1968 1195 2024 Apostolus
1213 1967 1324 2012 dicit
1337 1969 1482 2019 (Rom.
1499 1979 1588 2021 xm,
1605 1968 1666 2021 1),
1683 1978 1779 2021 quae
1795 1966 1825 2008 ὰ
1837 1969 1931 2009 Deo

49 2033 167 2085 sunt,
188 2031 407 2074 ordinata
417 2035 536 2075 sunt.
548 2030 750 2075 Pertinet
761 2035 917 2074 autem
934 2031 993 2074 ad
1004 2030 1174 2076 divinae
1185 2029 1422 2086 sapientiae
1431 2029 1642 2073 ordinem
1655 2034 1708 2072 ut
1718 2028 1794 2072 Dei
1808 2029 1931 2074 dona

50 2095 96 2135 et
109 2096 287 2136 secreta
308 2092 546 2149 sapientIae
567 2094 671 2149 ejus
692 2104 786 2137 non
806 2092 1043 2148 aequaliter
1064 2092 1122 2138 ad
1145 2104 1323 2140 omnes,
1340 2091 1424 2136 sed
1438 2090 1700 2135 immediate
1722 2090 1780 2134 ad
1795 2103 1932 2146 quos-

49 2153 156 2197 dam
177 2154 464 2212 perveniant,
485 2159 532 2199 et
552 2166 636 2210 per
655 2166 736 2199 eos
759 2154 818 2199 ad
851 2154 967 2198 alios
999 2153 1280 2199 deriventur.
1307 2153 1433 2198 Unde
1451 2156 1499 2196 et
1520 2153 1746 2208 quantum
1767 2152 1827 2196 ad
1858 2166 1930 2197 re·

51 2215 349 2260 surrectionis
381 2216 656 2274 mysterium
691 2216 858 2261 dicitur
891 2217 1003 2271 (Act.
1028 2230 1073 2273 x,
1103 2217 1192 2271 40),
1229 2215 1351 2272 quod
1385 2218 1505 2258 Deus
1542 2216 1671 2257 dedit
1699 2214 1929 2260 Christum

50 2282 368 2333 resurgentem
383 2280 671 2332 manifestum
691 2280 894 2333 fiertnon
914 2281 1035 2321 omni
1048 2278 1228 2334 populo,
1257 2277 1338 2320 sed
1362 2277 1542 2320 testibus
1562 2276 1882 2332 praeordinatis
1897 2278 1929 2320 ὰ

48 2341 157 2383 Deo.
196 2338 322 2384 Unde
351 2339 439 2383 hoc
474 2339 614 2384 etiam
636 2339 795 2385 debuit
829 2339 952 2384 circa
985 2339 1133 2396 ipsius
1163 2338 1450 2383 nativitatem
1473 2337 1727 2392 observari,
1762 2342 1815 2382 ut
1833 2351 1928 2383 non

48 2400 264 2444 omnibus
286 2401 490 2446 Christus
503 2401 893 2457 manifestaretur,
913 2401 996 2446 sed
1017 2401 1314 2457 quibusdam,
1331 2412 1414 2456 per
1428 2412 1547 2457 quos
1560 2403 1720 2457 posset
1740 2400 1799 2444 ad
1813 2400 1929 2446 alios

49 2460 279 2507 devenire.

103 2524 168 2568 Ad
186 2528 384 2579 primum
408 2537 520 2580 ergo
549 2525 814 2581 dicendum,
849 2525 973 2582 qued
1001 2524 1121 2569 sicut
1149 2524 1316 2568 fuisset
1344 2524 1394 2568 in
1417 2522 1737 2580 praejudicium
1765 2524 1928 2569 salutis

47 2584 278 2642 humanae,
303 2587 341 2630 si
367 2586 585 2630 omnibus
607 2587 871 2631 hominibus
892 2587 970 2632 Dei
997 2586 1214 2630 nativitas
1232 2585 1541 2640 innotuisset3
1562 2585 1626 2628 ita
1646 2586 1800 2641 etiam,
1819 2592 1865 2630 et
1886 2587 1927 2631 si

48 2647 164 2691 nulli
187 2653 297 2692 nota
324 2648 502 2693 fuisset.
527 2650 727 2705 Utroque
745 2649 871 2693 enim
892 2649 1031 2693 modo
1059 2648 1233 2692 tollitur
1251 2644 1367 2691 fides
1391 2661 1402 2689 z
1432 2652 1523 2690 tam
1544 2647 1719 2690 scilicet
1738 2660 1820 2703 per
1840 2649 1926 2692 hoc

49 2708 172 2762 quod
204 2709 375 2765 aliquid
412 2714 485 2753 est
506 2709 704 2754 totaliter
723 2710 1038 2764 manifestum,
1063 2709 1204 2765 quam
1226 2709 1364 2751 etiam
1386 2720 1470 2764 per
1487 2709 1575 2750 hoc
1604 2708 1729 2764 quod
1747 2708 1775 2750 a
1797 2709 1926 2752 nullo

48 2769 342 2823 cognoscitur
361 2770 390 2814 a
412 2783 505 2827 quo
526 2772 674 2828 possit
698 2772 1017 2817 testimonium
1033 2771 1200 2815 audiri.
1217 2772 1357 2813 Fides
1374 2771 1499 2813 enim
1517 2783 1574 2812 ex
1592 2771 1754 2813 auditu
1771 2773 1854 2827 (3),
1874 2776 1928 2815 ut

49 2829 215 2874 dicitur
238 2833 381 2884 (Rom.
401 2835 462 2886 x).

103 2892 170 2936 Ad
200 2895 439 2936 secundum
476 2894 740 2948 dicendum,
786 2895 906 2951 quod
940 2894 1077 2939 Maria
1117 2899 1164 2938 et
1201 2893 1369 2949 Joseph
1407 2892 1667 2937 instruendi
1684 2928 1686 2931 .
1702 2899 1835 2939 erant
1868 2895 1927 2940 de

49 2953 211 2998 Christi
242 2954 496 3010 nativitate,
533 2960 781 3011 antequam
814 2960 1100 3010 nasceretur,
1138 2957 1248 3012 quia
1287 2954 1348 2999 ad
1381 2965 1461 2998 eos
1496 2953 1752 3008 pertinebat
1788 2968 1927 3001 reve-

48 3015 244 3059 rentiam
280 3015 498 3060 exhibere
519 3016 635 3070 proli
668 3022 902 3073 conceptae
938 3018 986 3061 in
1021 3023 1169 3073 utero,
1201 3021 1247 3060 et
1282 3015 1419 3060 etiam
1442 3014 1631 3071 obsequi
1660 3017 1922 3063 nasciturae.

49 3079 214 3121 Eorum
249 3082 401 3120 autem
435 3077 767 3132 testimonium,
808 3084 996 3135 propter
1018 3079 1105 3122 hoc
1138 3077 1262 3134 quod
1294 3081 1393 3120 erat
1414 3075 1734 3125 domesticum.
1763 3080 1926 3125 suisset

89 3200 134 3241 (i)
159 3199 236 3233 Sive
265 3201 354 3240 quad
391 3202 520 3234 stellam
546 3204 622 3234 ante
653 3199 831 3234 biennium
860 3202 879 3235 a
906 3214 942 3236 se
1027 3202 1221 3236 thesaurus
1237 3201 1393 3241 invisus,
1410 3210 1491 3242 φησι
1505 3202 1651 3235 utilitas
1668 3202 1709 3235 in
1731 3204 1926 3246 utrisque?

49 3253 258 3287 conspectam
277 3246 505 3287 patefecissent
527 3248 629 3289 magi,
648 3252 687 3281 ut
706 3247 943 3281 animadvertit
1027 3249 1162 3290 (Eccles.
1179 3248 1224 3288 x).

52 3294 271 3335 Nicolai,sive
284 3295 372 3335 quod
388 3299 564 3329 vereretur
578 3307 620 3329 ne
638 3294 822 3329 infantibus
833 3295 943 3335 vulga-
1067 3297 1111 3337 (5)
1137 3295 1210 3329 Non
1231 3296 1310 3336 quin
1333 3296 1436 3330 etiam
1460 3308 1522 3337 per
1543 3296 1715 3330 internam
1743 3305 1925 3337 suggosuo-

49 3343 144 3377 tibus
162 3343 320 3382 grandior
335 3343 484 3377 Christus
497 3348 593 3378 esset.
1027 3355 1105 3378 nem
1126 3349 1158 3376 et
1173 3343 1425 3385 inspirationem
1443 3345 1499 3378 Dei
1516 3345 1587 3378 sine
1608 3345 1812 3378 adminiculo
1834 3354 1924 3379 exte-

91 3391 133 3432 (2)
157 3392 253 3426 Juxta
287 3391 371 3424 iilud
402 3403 410 3424 :
441 3392 637 3434 Sapientia
666 3392 879 3426 abscondita
911 3395 944 3427 et
1030 3391 1112 3424 riori
1130 3402 1198 3424 csse
1213 3391 1338 3431 possit:
1362 3391 1419 3425 sed
1441 3393 1624 3431 quiajuxta
1641 3403 1772 3424 cursum
1789 3393 1923 3425 omiti—,22-

1030 3439 1119 3473 rium
1129 3440 1174 3473 sic
1187 3441 1384 3481 acquiritur,
1397 3447 1576 3474 nectamen
1599 3440 1670 3473 sine
1691 3439 1803 3478 gratiae
1823 3444 1922 3475 (tona).
