<?xml version="1.0" encoding="UTF-8"?>
<!DOCTYPE html PUBLIC "-//W3C//DTD XHTML 1.0 Transitional//EN"
    "http://www.w3.org/TR/xhtml1/DTD/xhtml1-transitional.dtd">
<html xmlns="http://www.w3.org/1999/xhtml" xml:lang="en" lang="en">
 <head>
  <title>
</title>
<meta http-equiv="Content-Type" content="text/html;charset=utf-8" />
  <meta name='ocr-system' content='tesseract 3.04.00' />
  <meta name='ocr-capabilities' content='ocr_page ocr_carea ocr_par ocr_line ocrx_word'/>
</head>
<body>
  <div class='ocr_page' id='page_1' title='image "./summatheologica06thomuoft_0586.png"; bbox 0 0 2170 3808; ppageno 0'>
   <div class='ocr_carea' id='block_1_1' title="bbox 107 230 1343 285">
    <p class='ocr_par' dir='ltr' id='par_1_1' title="bbox 107 230 1343 285">
     <span class='ocr_line' id='line_1_1' title="bbox 107 230 1343 285; baseline -0.003 -6"><span class='ocrx_word' id='word_1_1' title='bbox 107 237 192 279; x_wconf 78' lang='lat'>550</span> <span class='ocrx_word' id='word_1_2' title='bbox 779 231 980 284; x_wconf 83' lang='lat' dir='ltr'><strong>QUAEST.</strong></span> <span class='ocrx_word' id='word_1_3' title='bbox 1013 230 1131 285; x_wconf 79' lang='lat' dir='ltr'>va,</span> <span class='ocrx_word' id='word_1_4' title='bbox 1163 231 1283 274; x_wconf 69' lang='grc' dir='ltr'><strong>ΛΒΤ.</strong></span> <span class='ocrx_word' id='word_1_5' title='bbox 1315 234 1343 276; x_wconf 92' lang='grc' dir='ltr'>ι.</span> 
     </span>
    </p>
   </div>
   <div class='ocr_carea' id='block_1_2' title="bbox 108 311 2013 867">
    <p class='ocr_par' dir='ltr' id='par_1_2' title="bbox 108 311 2013 867">
     <span class='ocr_line' id='line_1_2' title="bbox 110 311 2011 371; baseline -0.001 -11"><span class='ocrx_word' id='word_1_6' title='bbox 110 315 190 360; x_wconf 86' lang='lat' dir='ltr'>lud</span> <span class='ocrx_word' id='word_1_7' title='bbox 215 314 315 370; x_wconf 86' lang='lat' dir='ltr'>(Tit.</span> <span class='ocrx_word' id='word_1_8' title='bbox 343 328 406 370; x_wconf 80' lang='lat' dir='ltr'>in,</span> <span class='ocrx_word' id='word_1_9' title='bbox 426 315 469 368; x_wconf 80' lang='lat'>5)</span> <span class='ocrx_word' id='word_1_10' title='bbox 491 329 501 357; x_wconf 92' lang='lat'><strong>:</strong></span> <span class='ocrx_word' id='word_1_11' title='bbox 527 316 614 355; x_wconf 85' lang='lat' dir='ltr'>Per</span> <span class='ocrx_word' id='word_1_12' title='bbox 636 311 873 355; x_wconf 83' lang='lat' dir='ltr'><em>lavacrum</em></span> <span class='ocrx_word' id='word_1_13' title='bbox 895 314 1275 368; x_wconf 62' lang='lat' dir='ltr'>mycena-attonis,</span> <span class='ocrx_word' id='word_1_14' title='bbox 1306 317 1394 357; x_wconf 83' lang='lat' dir='ltr'>etc.</span> <span class='ocrx_word' id='word_1_15' title='bbox 1423 314 1662 371; x_wconf 80' lang='lat' dir='ltr'>Secundo,</span> <span class='ocrx_word' id='word_1_16' title='bbox 1686 327 1770 371; x_wconf 88' lang='lat' dir='ltr'>per</span> <span class='ocrx_word' id='word_1_17' title='bbox 1788 325 2011 370; x_wconf 82' lang='lat' dir='ltr'>augmen·</span> 
     </span>
     <span class='ocr_line' id='line_1_3' title="bbox 111 372 2010 432; baseline -0.001 -11"><span class='ocrx_word' id='word_1_18' title='bbox 111 381 211 422; x_wconf 90' lang='lat' dir='ltr'>tum</span> <span class='ocrx_word' id='word_1_19' title='bbox 233 389 325 432; x_wconf 79' lang='lat' dir='ltr'>quo</span> <span class='ocrx_word' id='word_1_20' title='bbox 342 375 510 430; x_wconf 88' lang='lat' dir='ltr'>aliquis</span> <span class='ocrx_word' id='word_1_21' title='bbox 530 372 800 429; x_wconf 81' lang='lat' dir='ltr'>perducitur</span> <span class='ocrx_word' id='word_1_22' title='bbox 823 372 882 417; x_wconf 90' lang='lat' dir='ltr'>ad</span> <span class='ocrx_word' id='word_1_23' title='bbox 911 373 1163 430; x_wconf 78' lang='lat' dir='ltr'>persectam</span> <span class='ocrx_word' id='word_1_24' title='bbox 1189 373 1495 429; x_wconf 84' lang='lat' dir='ltr'>quantitatem</span> <span class='ocrx_word' id='word_1_25' title='bbox 1513 381 1559 420; x_wconf 89' lang='lat' dir='ltr'>et</span> <span class='ocrx_word' id='word_1_26' title='bbox 1581 377 1821 431; x_wconf 67' lang='lat' dir='ltr'>virtutem,</span> <span class='ocrx_word' id='word_1_27' title='bbox 1845 381 1889 420; x_wconf 89' lang='lat' dir='ltr'>et</span> <span class='ocrx_word' id='word_1_28' title='bbox 1911 376 2010 420; x_wconf 90' lang='lat' dir='ltr'>loco</span> 
     </span>
     <span class='ocr_line' id='line_1_4' title="bbox 112 434 2012 496; baseline -0.001 -12"><span class='ocrx_word' id='word_1_29' title='bbox 112 439 253 496; x_wconf 77' lang='lat' dir='ltr'>hujiis</span> <span class='ocrx_word' id='word_1_30' title='bbox 285 439 331 482; x_wconf 92' lang='lat' dir='ltr'>in</span> <span class='ocrx_word' id='word_1_31' title='bbox 361 435 592 492; x_wconf 72' lang='lat' dir='ltr'>spirituali</span> <span class='ocrx_word' id='word_1_32' title='bbox 613 434 710 479; x_wconf 80' lang='lat' dir='ltr'>vita</span> <span class='ocrx_word' id='word_1_33' title='bbox 740 440 812 480; x_wconf 89' lang='lat' dir='ltr'>est</span> <span class='ocrx_word' id='word_1_34' title='bbox 834 435 1141 491; x_wconf 81' lang='lat' dir='ltr'>confirmatiO,</span> <span class='ocrx_word' id='word_1_35' title='bbox 1171 435 1219 478; x_wconf 92' lang='lat' dir='ltr'>in</span> <span class='ocrx_word' id='word_1_36' title='bbox 1245 448 1340 491; x_wconf 91' lang='lat' dir='ltr'>qua</span> <span class='ocrx_word' id='word_1_37' title='bbox 1360 436 1496 482; x_wconf 88' lang='lat' dir='ltr'>datur</span> <span class='ocrx_word' id='word_1_38' title='bbox 1518 438 1713 494; x_wconf 89' lang='lat' dir='ltr'>Spiritus</span> <span class='ocrx_word' id='word_1_39' title='bbox 1741 442 1933 482; x_wconf 82' lang='lat' dir='ltr'>sanctus</span> <span class='ocrx_word' id='word_1_40' title='bbox 1953 435 2012 483; x_wconf 90' lang='lat' dir='ltr'>ad</span> 
     </span>
     <span class='ocr_line' id='line_1_5' title="bbox 110 496 2013 555; baseline -0.003 -9"><span class='ocrx_word' id='word_1_41' title='bbox 110 500 272 546; x_wconf 87' lang='lat' dir='ltr'>robur.</span> <span class='ocrx_word' id='word_1_42' title='bbox 291 498 419 542; x_wconf 84' lang='lat' dir='ltr'>Unde</span> <span class='ocrx_word' id='word_1_43' title='bbox 438 497 608 542; x_wconf 90' lang='lat' dir='ltr'>dicitur</span> <span class='ocrx_word' id='word_1_44' title='bbox 623 496 869 554; x_wconf 83' lang='lat' dir='ltr'>discipulis</span> <span class='ocrx_word' id='word_1_45' title='bbox 883 498 981 554; x_wconf 82' lang='lat' dir='ltr'>J‘am</span> <span class='ocrx_word' id='word_1_46' title='bbox 1001 496 1245 554; x_wconf 85' lang='lat' dir='ltr'>baptizatis</span> <span class='ocrx_word' id='word_1_47' title='bbox 1269 498 1393 550; x_wconf 89' lang='lat' dir='ltr'>(Luc.</span> <span class='ocrx_word' id='word_1_48' title='bbox 1414 498 1499 543; x_wconf 91' lang='lat' dir='ltr'>ult.</span> <span class='ocrx_word' id='word_1_49' title='bbox 1519 502 1590 555; x_wconf 79' lang='lat'>49)</span> <span class='ocrx_word' id='word_1_50' title='bbox 1618 514 1628 542; x_wconf 88' lang='lat'>:</span> <span class='ocrx_word' id='word_1_51' title='bbox 1653 499 1812 543; x_wconf 81' lang='lat' dir='ltr'>Sedete</span> <span class='ocrx_word' id='word_1_52' title='bbox 1833 501 1879 542; x_wconf 84' lang='lat' dir='ltr'>in</span> <span class='ocrx_word' id='word_1_53' title='bbox 1901 501 2013 542; x_wconf 80' lang='lat' dir='ltr'>civi-</span> 
     </span>
     <span class='ocr_line' id='line_1_6' title="bbox 113 559 2013 617; baseline -0.001 -9"><span class='ocrx_word' id='word_1_54' title='bbox 113 566 223 616; x_wconf 81' lang='lat' dir='ltr'>tate,</span> <span class='ocrx_word' id='word_1_55' title='bbox 260 561 553 616; x_wconf 78' lang='lat' dir='ltr'>quoadusque</span> <span class='ocrx_word' id='word_1_56' title='bbox 582 560 841 603; x_wconf 72' lang='lat' dir='ltr'>induamini</span> <span class='ocrx_word' id='word_1_57' title='bbox 867 563 1036 603; x_wconf 80' lang='lat' dir='ltr'>virtute</span> <span class='ocrx_word' id='word_1_58' title='bbox 1055 573 1113 603; x_wconf 75' lang='lat' dir='ltr'>ex</span> <span class='ocrx_word' id='word_1_59' title='bbox 1136 559 1249 603; x_wconf 82' lang='lat' dir='ltr'>alto.</span> <span class='ocrx_word' id='word_1_60' title='bbox 1279 559 1428 604; x_wconf 77' lang='lat' dir='ltr'>Tertio</span> <span class='ocrx_word' id='word_1_61' title='bbox 1462 573 1546 617; x_wconf 90' lang='lat' dir='ltr'>per</span> <span class='ocrx_word' id='word_1_62' title='bbox 1577 561 1897 616; x_wconf 75' lang='lat' dir='ltr'>nutritionem,</span> <span class='ocrx_word' id='word_1_63' title='bbox 1918 561 2013 617; x_wconf 61' lang='lat' dir='ltr'>qua</span> 
     </span>
     <span class='ocr_line' id='line_1_7' title="bbox 110 620 2012 680; baseline -0.001 -11"><span class='ocrx_word' id='word_1_64' title='bbox 110 627 418 669; x_wconf 84' lang='lat' dir='ltr'>conservatur</span> <span class='ocrx_word' id='word_1_65' title='bbox 437 622 483 665; x_wconf 90' lang='lat' dir='ltr'>in</span> <span class='ocrx_word' id='word_1_66' title='bbox 510 621 698 666; x_wconf 80' lang='lat' dir='ltr'>homine</span> <span class='ocrx_word' id='word_1_67' title='bbox 726 621 823 666; x_wconf 78' lang='lat' dir='ltr'>vita</span> <span class='ocrx_word' id='word_1_68' title='bbox 851 627 898 666; x_wconf 89' lang='lat' dir='ltr'>et</span> <span class='ocrx_word' id='word_1_69' title='bbox 922 622 1096 678; x_wconf 68' lang='lat' dir='ltr'>virtus,</span> <span class='ocrx_word' id='word_1_70' title='bbox 1124 628 1169 666; x_wconf 92' lang='lat' dir='ltr'>et</span> <span class='ocrx_word' id='word_1_71' title='bbox 1196 620 1299 665; x_wconf 91' lang='lat' dir='ltr'>loco</span> <span class='ocrx_word' id='word_1_72' title='bbox 1329 621 1468 679; x_wconf 87' lang='lat' dir='ltr'>hujus</span> <span class='ocrx_word' id='word_1_73' title='bbox 1497 622 1546 666; x_wconf 90' lang='lat' dir='ltr'>in</span> <span class='ocrx_word' id='word_1_74' title='bbox 1567 626 1662 670; x_wconf 84' lang='lat' dir='ltr'>vita</span> <span class='ocrx_word' id='word_1_75' title='bbox 1691 623 1916 680; x_wconf 83' lang='lat' dir='ltr'>spirituali</span> <span class='ocrx_word' id='word_1_76' title='bbox 1940 626 2012 667; x_wconf 84' lang='lat' dir='ltr'>est</span> 
     </span>
     <span class='ocr_line' id='line_1_8' title="bbox 109 684 2012 739; baseline -0.002 -9"><span class='ocrx_word' id='word_1_77' title='bbox 109 684 416 730; x_wconf 85' lang='lat' dir='ltr'>Eucharistia.</span> <span class='ocrx_word' id='word_1_78' title='bbox 437 684 565 728; x_wconf 83' lang='lat' dir='ltr'>Unde</span> <span class='ocrx_word' id='word_1_79' title='bbox 586 684 756 728; x_wconf 86' lang='lat' dir='ltr'>dicitur</span> <span class='ocrx_word' id='word_1_80' title='bbox 779 686 922 738; x_wconf 85' lang='lat' dir='ltr'>(Joan.</span> <span class='ocrx_word' id='word_1_81' title='bbox 941 698 1002 739; x_wconf 78' lang='lat' dir='ltr'>vi,</span> <span class='ocrx_word' id='word_1_82' title='bbox 1019 687 1120 739; x_wconf 73' lang='lat'>54):</span> <span class='ocrx_word' id='word_1_83' title='bbox 1155 686 1255 728; x_wconf 86' lang='lat' dir='ltr'>Nisi</span> <span class='ocrx_word' id='word_1_84' title='bbox 1278 685 1660 731; x_wconf 82' lang='lat' dir='ltr'>manducaveritis</span> <span class='ocrx_word' id='word_1_85' title='bbox 1684 698 1867 730; x_wconf 85' lang='lat' dir='ltr'>carnem</span> <span class='ocrx_word' id='word_1_86' title='bbox 1896 684 2012 728; x_wconf 83' lang='lat' dir='ltr'>Filii</span> 
     </span>
     <span class='ocr_line' id='line_1_9' title="bbox 110 747 2011 803; baseline 0.001 -12"><span class='ocrx_word' id='word_1_87' title='bbox 110 749 323 803; x_wconf 79' lang='lat' dir='ltr'>hominis,</span> <span class='ocrx_word' id='word_1_88' title='bbox 349 751 393 790; x_wconf 81' lang='lat' dir='ltr'>et</span> <span class='ocrx_word' id='word_1_89' title='bbox 420 747 619 790; x_wconf 83' lang='lat' dir='ltr'>biberitis</span> <span class='ocrx_word' id='word_1_90' title='bbox 641 748 739 802; x_wconf 69' lang='lat' dir='ltr'>ejvs</span> <span class='ocrx_word' id='word_1_91' title='bbox 764 749 1046 803; x_wconf 72' lang='lat' dir='ltr'>sanquinem,</span> <span class='ocrx_word' id='word_1_92' title='bbox 1075 759 1164 789; x_wconf 85' lang='lat' dir='ltr'>non</span> <span class='ocrx_word' id='word_1_93' title='bbox 1186 747 1408 791; x_wconf 79' lang='lat' dir='ltr'>habebitis</span> <span class='ocrx_word' id='word_1_94' title='bbox 1435 751 1576 791; x_wconf 79' lang='lat' dir='ltr'>vitam</span> <span class='ocrx_word' id='word_1_95' title='bbox 1604 752 1652 793; x_wconf 87' lang='lat' dir='ltr'>in</span> <span class='ocrx_word' id='word_1_96' title='bbox 1677 750 1811 793; x_wconf 81' lang='lat' dir='ltr'>vobis.</span> <span class='ocrx_word' id='word_1_97' title='bbox 1841 750 1895 792; x_wconf 88' lang='lat' dir='ltr'>Et</span> <span class='ocrx_word' id='word_1_98' title='bbox 1923 747 2011 792; x_wconf 82' lang='lat' dir='ltr'>hoc</span> 
     </span>
     <span class='ocr_line' id='line_1_10' title="bbox 108 808 2009 867; baseline 0.002 -14"><span class='ocrx_word' id='word_1_99' title='bbox 108 809 300 867; x_wconf 88' lang='lat' dir='ltr'>quidem</span> <span class='ocrx_word' id='word_1_100' title='bbox 320 809 558 854; x_wconf 88' lang='lat' dir='ltr'>sufficeret</span> <span class='ocrx_word' id='word_1_101' title='bbox 576 808 772 863; x_wconf 90' lang='lat' dir='ltr'>homini,</span> <span class='ocrx_word' id='word_1_102' title='bbox 797 808 836 853; x_wconf 89' lang='lat' dir='ltr'>si</span> <span class='ocrx_word' id='word_1_103' title='bbox 860 808 1051 853; x_wconf 87' lang='lat' dir='ltr'>haberet</span> <span class='ocrx_word' id='word_1_104' title='bbox 1069 812 1116 852; x_wconf 87' lang='lat' dir='ltr'>et</span> <span class='ocrx_word' id='word_1_105' title='bbox 1132 808 1434 864; x_wconf 82' lang='lat' dir='ltr'>corporaliter</span> <span class='ocrx_word' id='word_1_106' title='bbox 1452 814 1500 854; x_wconf 90' lang='lat' dir='ltr'>et</span> <span class='ocrx_word' id='word_1_107' title='bbox 1517 810 1818 867; x_wconf 83' lang='lat' dir='ltr'>spiritualiter</span> <span class='ocrx_word' id='word_1_108' title='bbox 1839 810 2009 867; x_wconf 82' lang='lat' dir='ltr'>impas-</span> 
     </span>
    </p>
   </div>
   <div class='ocr_carea' id='block_1_3' title="bbox 34 870 2011 930">
    <p class='ocr_par' dir='ltr' id='par_1_3' title="bbox 34 870 2011 930">
     <span class='ocr_line' id='line_1_11' title="bbox 34 870 2011 930; baseline -0.001 -13"><span class='ocrx_word' id='word_1_109' title='bbox 34 899 37 902; x_wconf 91' lang='lat'><em>-</em></span> <span class='ocrx_word' id='word_1_110' title='bbox 108 872 293 918; x_wconf 89' lang='lat' dir='ltr'>sibilem</span> <span class='ocrx_word' id='word_1_111' title='bbox 313 873 472 916; x_wconf 84' lang='lat' dir='ltr'>vitam.</span> <span class='ocrx_word' id='word_1_112' title='bbox 505 871 596 916; x_wconf 91' lang='lat' dir='ltr'>Sed</span> <span class='ocrx_word' id='word_1_113' title='bbox 618 871 728 928; x_wconf 89' lang='lat' dir='ltr'>quia</span> <span class='ocrx_word' id='word_1_114' title='bbox 750 871 890 916; x_wconf 93' lang='lat' dir='ltr'>homo</span> <span class='ocrx_word' id='word_1_115' title='bbox 914 871 1110 916; x_wconf 86' lang='lat' dir='ltr'>incurrit</span> <span class='ocrx_word' id='word_1_116' title='bbox 1126 871 1363 917; x_wconf 86' lang='lat' dir='ltr'>interdum</span> <span class='ocrx_word' id='word_1_117' title='bbox 1385 876 1433 917; x_wconf 89' lang='lat' dir='ltr'>et</span> <span class='ocrx_word' id='word_1_118' title='bbox 1461 873 1751 930; x_wconf 86' lang='lat' dir='ltr'>corporalem</span> <span class='ocrx_word' id='word_1_119' title='bbox 1771 870 2011 918; x_wconf 88' lang='lat' dir='ltr'>infirmita-</span> 
     </span>
    </p>
   </div>
   <div class='ocr_carea' id='block_1_4' title="bbox 98 932 2012 2670">
    <p class='ocr_par' dir='ltr' id='par_1_4' title="bbox 98 932 2012 2670">
     <span class='ocr_line' id='line_1_12' title="bbox 108 932 2011 991; baseline 0.001 -12"><span class='ocrx_word' id='word_1_120' title='bbox 108 938 219 988; x_wconf 82' lang='lat' dir='ltr'>tem,</span> <span class='ocrx_word' id='word_1_121' title='bbox 242 939 289 979; x_wconf 93' lang='lat' dir='ltr'>et</span> <span class='ocrx_word' id='word_1_122' title='bbox 315 933 621 991; x_wconf 88' lang='lat' dir='ltr'>spiritualem,</span> <span class='ocrx_word' id='word_1_123' title='bbox 643 932 820 978; x_wconf 90' lang='lat' dir='ltr'>scilicet</span> <span class='ocrx_word' id='word_1_124' title='bbox 842 939 1106 991; x_wconf 87' lang='lat' dir='ltr'>peccatum,</span> <span class='ocrx_word' id='word_1_125' title='bbox 1126 933 1231 978; x_wconf 81' lang='lat' dir='ltr'>ideo</span> <span class='ocrx_word' id='word_1_126' title='bbox 1257 934 1522 982; x_wconf 85' lang='lat' dir='ltr'>necessaria</span> <span class='ocrx_word' id='word_1_127' title='bbox 1542 941 1615 981; x_wconf 89' lang='lat' dir='ltr'>est</span> <span class='ocrx_word' id='word_1_128' title='bbox 1631 935 1810 982; x_wconf 86' lang='lat' dir='ltr'>homini</span> <span class='ocrx_word' id='word_1_129' title='bbox 1831 934 2011 981; x_wconf 87' lang='lat' dir='ltr'>curatio</span> 
     </span>
     <span class='ocr_line' id='line_1_13' title="bbox 107 995 2009 1055; baseline 0.001 -13"><span class='ocrx_word' id='word_1_130' title='bbox 107 997 168 1042; x_wconf 87' lang='lat' dir='ltr'>ab</span> <span class='ocrx_word' id='word_1_131' title='bbox 190 996 482 1053; x_wconf 65' lang='lat' dir='ltr'>infirmitate,</span> <span class='ocrx_word' id='word_1_132' title='bbox 512 1007 617 1053; x_wconf 81' lang='lat' dir='ltr'>quae</span> <span class='ocrx_word' id='word_1_133' title='bbox 639 995 827 1052; x_wconf 89' lang='lat' dir='ltr'>quidem</span> <span class='ocrx_word' id='word_1_134' title='bbox 847 1000 920 1041; x_wconf 89' lang='lat' dir='ltr'>est</span> <span class='ocrx_word' id='word_1_135' title='bbox 938 996 1112 1053; x_wconf 85' lang='lat' dir='ltr'>duplex</span> <span class='ocrx_word' id='word_1_136' title='bbox 1134 1010 1144 1037; x_wconf 81' lang='lat' dir='ltr'>z</span> <span class='ocrx_word' id='word_1_137' title='bbox 1170 1008 1266 1040; x_wconf 85' lang='lat' dir='ltr'>una</span> <span class='ocrx_word' id='word_1_138' title='bbox 1288 997 1477 1053; x_wconf 89' lang='lat' dir='ltr'>quidem</span> <span class='ocrx_word' id='word_1_139' title='bbox 1497 1002 1569 1042; x_wconf 89' lang='lat' dir='ltr'>est</span> <span class='ocrx_word' id='word_1_140' title='bbox 1588 999 1785 1055; x_wconf 88' lang='lat' dir='ltr'>sanatio,</span> <span class='ocrx_word' id='word_1_141' title='bbox 1806 1009 1912 1055; x_wconf 80' lang='lat' dir='ltr'>quae</span> <span class='ocrx_word' id='word_1_142' title='bbox 1935 1008 2009 1043; x_wconf 90' lang='lat' dir='ltr'>sa-</span> 
     </span>
     <span class='ocr_line' id='line_1_14' title="bbox 107 1057 2008 1120; baseline 0.001 -17"><span class='ocrx_word' id='word_1_143' title='bbox 107 1059 301 1103; x_wconf 90' lang='lat' dir='ltr'>nitatem</span> <span class='ocrx_word' id='word_1_144' title='bbox 319 1058 539 1113; x_wconf 86' lang='lat' dir='ltr'>restituit,</span> <span class='ocrx_word' id='word_1_145' title='bbox 561 1062 608 1102; x_wconf 90' lang='lat' dir='ltr'>et</span> <span class='ocrx_word' id='word_1_146' title='bbox 626 1057 728 1101; x_wconf 91' lang='lat' dir='ltr'>loco</span> <span class='ocrx_word' id='word_1_147' title='bbox 747 1058 890 1114; x_wconf 80' lang='lat' dir='ltr'>huJ&#39;us</span> <span class='ocrx_word' id='word_1_148' title='bbox 912 1059 961 1102; x_wconf 92' lang='lat' dir='ltr'>in</span> <span class='ocrx_word' id='word_1_149' title='bbox 986 1058 1212 1114; x_wconf 83' lang='lat' dir='ltr'>spirituali</span> <span class='ocrx_word' id='word_1_150' title='bbox 1232 1057 1327 1102; x_wconf 76' lang='lat' dir='ltr'>vita</span> <span class='ocrx_word' id='word_1_151' title='bbox 1347 1063 1419 1104; x_wconf 89' lang='lat' dir='ltr'>est</span> <span class='ocrx_word' id='word_1_152' title='bbox 1437 1059 1727 1120; x_wconf 86' lang='lat' dir='ltr'>poenitentia,</span> <span class='ocrx_word' id='word_1_153' title='bbox 1747 1059 2008 1105; x_wconf 81' lang='lat' dir='ltr'>secundum</span> 
     </span>
     <span class='ocr_line' id='line_1_15' title="bbox 107 1121 2012 1179; baseline 0.001 -13"><span class='ocrx_word' id='word_1_154' title='bbox 107 1121 223 1166; x_wconf 87' lang='lat' dir='ltr'>illud</span> <span class='ocrx_word' id='word_1_155' title='bbox 242 1121 379 1175; x_wconf 83' lang='lat' dir='ltr'>(Psal.</span> <span class='ocrx_word' id='word_1_156' title='bbox 404 1134 474 1173; x_wconf 68' lang='lat' dir='ltr'>xn,</span> <span class='ocrx_word' id='word_1_157' title='bbox 493 1124 535 1170; x_wconf 81' lang='lat'>5)</span> <span class='ocrx_word' id='word_1_158' title='bbox 564 1135 573 1162; x_wconf 80' lang='lat' dir='ltr'><strong><em>z</em></strong></span> <span class='ocrx_word' id='word_1_159' title='bbox 597 1123 722 1163; x_wconf 83' lang='lat' dir='ltr'>Sana</span> <span class='ocrx_word' id='word_1_160' title='bbox 741 1125 947 1164; x_wconf 84' lang='lat' dir='ltr'>animam</span> <span class='ocrx_word' id='word_1_161' title='bbox 976 1135 1140 1178; x_wconf 84' lang='lat' dir='ltr'>meam,</span> <span class='ocrx_word' id='word_1_162' title='bbox 1167 1124 1273 1177; x_wconf 84' lang='lat' dir='ltr'>quia</span> <span class='ocrx_word' id='word_1_163' title='bbox 1292 1126 1480 1178; x_wconf 82' lang='lat' dir='ltr'>peccavi</span> <span class='ocrx_word' id='word_1_164' title='bbox 1508 1123 1618 1179; x_wconf 76' lang='lat' dir='ltr'>iibi5</span> <span class='ocrx_word' id='word_1_165' title='bbox 1638 1122 1728 1168; x_wconf 85' lang='lat' dir='ltr'>alia</span> <span class='ocrx_word' id='word_1_166' title='bbox 1747 1129 1904 1168; x_wconf 86' lang='lat' dir='ltr'>autem</span> <span class='ocrx_word' id='word_1_167' title='bbox 1939 1126 2012 1168; x_wconf 84' lang='lat' dir='ltr'>est</span> 
     </span>
     <span class='ocr_line' id='line_1_16' title="bbox 107 1182 2011 1240; baseline 0.001 -12"><span class='ocrx_word' id='word_1_168' title='bbox 107 1184 336 1228; x_wconf 86' lang='lat' dir='ltr'>restitutio</span> <span class='ocrx_word' id='word_1_169' title='bbox 357 1183 640 1228; x_wconf 86' lang='lat' dir='ltr'>valetudinis</span> <span class='ocrx_word' id='word_1_170' title='bbox 663 1182 870 1238; x_wconf 82' lang='lat' dir='ltr'>pristinae</span> <span class='ocrx_word' id='word_1_171' title='bbox 891 1196 974 1240; x_wconf 89' lang='lat' dir='ltr'>per</span> <span class='ocrx_word' id='word_1_172' title='bbox 990 1184 1355 1229; x_wconf 88' lang='lat' dir='ltr'>convenientem</span> <span class='ocrx_word' id='word_1_173' title='bbox 1374 1184 1560 1230; x_wconf 86' lang='lat' dir='ltr'>diaetam</span> <span class='ocrx_word' id='word_1_174' title='bbox 1583 1189 1630 1230; x_wconf 88' lang='lat' dir='ltr'>et</span> <span class='ocrx_word' id='word_1_175' title='bbox 1651 1185 1942 1239; x_wconf 87' lang='lat' dir='ltr'>exercitium,</span> <span class='ocrx_word' id='word_1_176' title='bbox 1963 1188 2011 1230; x_wconf 86' lang='lat' dir='ltr'>et</span> 
     </span>
     <span class='ocr_line' id='line_1_17' title="bbox 106 1245 2007 1304; baseline 0.001 -14"><span class='ocrx_word' id='word_1_177' title='bbox 106 1245 209 1290; x_wconf 90' lang='lat' dir='ltr'>loco</span> <span class='ocrx_word' id='word_1_178' title='bbox 227 1245 368 1303; x_wconf 79' lang='lat' dir='ltr'>hujUs</span> <span class='ocrx_word' id='word_1_179' title='bbox 384 1245 432 1289; x_wconf 89' lang='lat' dir='ltr'>in</span> <span class='ocrx_word' id='word_1_180' title='bbox 454 1245 682 1301; x_wconf 87' lang='lat' dir='ltr'>spirituali</span> <span class='ocrx_word' id='word_1_181' title='bbox 698 1245 792 1289; x_wconf 88' lang='lat' dir='ltr'>vita</span> <span class='ocrx_word' id='word_1_182' title='bbox 818 1250 890 1291; x_wconf 91' lang='lat' dir='ltr'>est</span> <span class='ocrx_word' id='word_1_183' title='bbox 910 1250 1119 1291; x_wconf 82' lang='lat' dir='ltr'>extrema</span> <span class='ocrx_word' id='word_1_184' title='bbox 1139 1246 1318 1302; x_wconf 82' lang='lat' dir='ltr'>unctio,</span> <span class='ocrx_word' id='word_1_185' title='bbox 1345 1259 1451 1303; x_wconf 83' lang='lat' dir='ltr'>quae</span> <span class='ocrx_word' id='word_1_186' title='bbox 1479 1250 1687 1292; x_wconf 85' lang='lat' dir='ltr'>removet</span> <span class='ocrx_word' id='word_1_187' title='bbox 1712 1251 2007 1304; x_wconf 85' lang='lat' dir='ltr'>peccatorum</span> 
     </span>
     <span class='ocr_line' id='line_1_18' title="bbox 106 1307 2009 1364; baseline 0.002 -14"><span class='ocrx_word' id='word_1_188' title='bbox 106 1307 344 1364; x_wconf 71' lang='lat' dir='ltr'>reliquias,</span> <span class='ocrx_word' id='word_1_189' title='bbox 369 1312 416 1352; x_wconf 87' lang='lat' dir='ltr'>et</span> <span class='ocrx_word' id='word_1_190' title='bbox 438 1307 675 1351; x_wconf 89' lang='lat' dir='ltr'>hominem</span> <span class='ocrx_word' id='word_1_191' title='bbox 706 1314 920 1364; x_wconf 88' lang='lat' dir='ltr'>paratum</span> <span class='ocrx_word' id='word_1_192' title='bbox 944 1308 1096 1353; x_wconf 89' lang='lat' dir='ltr'>reddit</span> <span class='ocrx_word' id='word_1_193' title='bbox 1128 1308 1187 1353; x_wconf 90' lang='lat' dir='ltr'>ad</span> <span class='ocrx_word' id='word_1_194' title='bbox 1216 1308 1403 1353; x_wconf 89' lang='lat' dir='ltr'>finalem</span> <span class='ocrx_word' id='word_1_195' title='bbox 1435 1309 1650 1364; x_wconf 83' lang='lat' dir='ltr'>gloriam.</span> <span class='ocrx_word' id='word_1_196' title='bbox 1687 1309 1814 1353; x_wconf 83' lang='lat' dir='ltr'>Unde</span> <span class='ocrx_word' id='word_1_197' title='bbox 1842 1308 2009 1354; x_wconf 89' lang='lat' dir='ltr'>dicitur</span> 
     </span>
     <span class='ocr_line' id='line_1_19' title="bbox 107 1370 2006 1426; baseline 0.002 -13"><span class='ocrx_word' id='word_1_198' title='bbox 107 1370 276 1422; x_wconf 82' lang='lat' dir='ltr'>(Jacohi</span> <span class='ocrx_word' id='word_1_199' title='bbox 298 1384 341 1426; x_wconf 90' lang='lat' dir='ltr'>v,</span> <span class='ocrx_word' id='word_1_200' title='bbox 364 1372 434 1424; x_wconf 82' lang='lat'>15)</span> <span class='ocrx_word' id='word_1_201' title='bbox 458 1385 467 1413; x_wconf 90' lang='lat'>:</span> <span class='ocrx_word' id='word_1_202' title='bbox 490 1372 606 1412; x_wconf 81' lang='lat' dir='ltr'>Etsi</span> <span class='ocrx_word' id='word_1_203' title='bbox 625 1372 672 1411; x_wconf 87' lang='lat' dir='ltr'>in</span> <span class='ocrx_word' id='word_1_204' title='bbox 684 1374 886 1425; x_wconf 80' lang='lat' dir='ltr'>peccatis</span> <span class='ocrx_word' id='word_1_205' title='bbox 903 1374 979 1426; x_wconf 81' lang='lat' dir='ltr'>sit,</span> <span class='ocrx_word' id='word_1_206' title='bbox 999 1371 1288 1415; x_wconf 75' lang='lat' dir='ltr'>dimittentur</span> <span class='ocrx_word' id='word_1_207' title='bbox 1302 1374 1356 1415; x_wconf 87' lang='lat' dir='ltr'>ei.</span> <span class='ocrx_word' id='word_1_208' title='bbox 1379 1371 1615 1417; x_wconf 88' lang='lat' dir='ltr'>Perficitur</span> <span class='ocrx_word' id='word_1_209' title='bbox 1633 1376 1788 1416; x_wconf 86' lang='lat' dir='ltr'>autem</span> <span class='ocrx_word' id='word_1_210' title='bbox 1803 1370 1942 1415; x_wconf 90' lang='lat' dir='ltr'>homo</span> <span class='ocrx_word' id='word_1_211' title='bbox 1958 1371 2006 1416; x_wconf 89' lang='lat' dir='ltr'>in</span> 
     </span>
     <span class='ocr_line' id='line_1_20' title="bbox 105 1431 2007 1490; baseline 0.002 -16"><span class='ocrx_word' id='word_1_212' title='bbox 105 1431 266 1476; x_wconf 82' lang='lat' dir='ltr'>ordine</span> <span class='ocrx_word' id='word_1_213' title='bbox 287 1432 346 1477; x_wconf 89' lang='lat' dir='ltr'>ad</span> <span class='ocrx_word' id='word_1_214' title='bbox 367 1436 511 1476; x_wconf 89' lang='lat' dir='ltr'>totam</span> <span class='ocrx_word' id='word_1_215' title='bbox 534 1431 915 1476; x_wconf 81' lang='lat' dir='ltr'>communitatem</span> <span class='ocrx_word' id='word_1_216' title='bbox 933 1432 1180 1489; x_wconf 86' lang='lat' dir='ltr'>dupliciter</span> <span class='ocrx_word' id='word_1_217' title='bbox 1203 1445 1328 1477; x_wconf 91' lang='lat' dir='ltr'>:uno</span> <span class='ocrx_word' id='word_1_218' title='bbox 1348 1433 1487 1482; x_wconf 86' lang='lat' dir='ltr'>modo</span> <span class='ocrx_word' id='word_1_219' title='bbox 1505 1445 1585 1490; x_wconf 86' lang='lat' dir='ltr'>per</span> <span class='ocrx_word' id='word_1_220' title='bbox 1601 1433 1688 1477; x_wconf 91' lang='lat' dir='ltr'>hoc</span> <span class='ocrx_word' id='word_1_221' title='bbox 1702 1432 1829 1490; x_wconf 81' lang='lat' dir='ltr'>quod</span> <span class='ocrx_word' id='word_1_222' title='bbox 1842 1433 2007 1490; x_wconf 86' lang='lat' dir='ltr'>accipit</span> 
     </span>
     <span class='ocr_line' id='line_1_21' title="bbox 106 1493 2006 1552; baseline 0.002 -15"><span class='ocrx_word' id='word_1_223' title='bbox 106 1498 381 1550; x_wconf 85' lang='lat' dir='ltr'>potestatem</span> <span class='ocrx_word' id='word_1_224' title='bbox 404 1493 594 1549; x_wconf 84' lang='lat' dir='ltr'>regendi</span> <span class='ocrx_word' id='word_1_225' title='bbox 614 1494 978 1551; x_wconf 72' lang='lat' dir='ltr'>multitudinem,</span> <span class='ocrx_word' id='word_1_226' title='bbox 998 1499 1050 1539; x_wconf 81' lang='lat' dir='ltr'>et</span> <span class='ocrx_word' id='word_1_227' title='bbox 1060 1495 1308 1540; x_wconf 88' lang='lat' dir='ltr'>exercendi</span> <span class='ocrx_word' id='word_1_228' title='bbox 1326 1500 1461 1541; x_wconf 87' lang='lat' dir='ltr'>actus</span> <span class='ocrx_word' id='word_1_229' title='bbox 1476 1495 1711 1552; x_wconf 75' lang='lat' dir='ltr'>publicos3</span> <span class='ocrx_word' id='word_1_230' title='bbox 1737 1501 1785 1539; x_wconf 88' lang='lat' dir='ltr'>et</span> <span class='ocrx_word' id='word_1_231' title='bbox 1803 1495 1905 1540; x_wconf 90' lang='lat' dir='ltr'>loco</span> <span class='ocrx_word' id='word_1_232' title='bbox 1926 1496 2006 1540; x_wconf 91' lang='lat' dir='ltr'>hu-</span> 
     </span>
     <span class='ocr_line' id='line_1_22' title="bbox 99 1554 2003 1615; baseline 0.001 -16"><span class='ocrx_word' id='word_1_233' title='bbox 99 1554 249 1613; x_wconf 79' lang='lat' dir='ltr'>jusin</span> <span class='ocrx_word' id='word_1_234' title='bbox 273 1555 505 1613; x_wconf 89' lang='lat' dir='ltr'>spirituali</span> <span class='ocrx_word' id='word_1_235' title='bbox 522 1555 618 1599; x_wconf 85' lang='lat' dir='ltr'>vita</span> <span class='ocrx_word' id='word_1_236' title='bbox 636 1560 711 1599; x_wconf 88' lang='lat' dir='ltr'>est</span> <span class='ocrx_word' id='word_1_237' title='bbox 732 1562 1080 1600; x_wconf 84' lang='lat' dir='ltr'>sacramentum</span> <span class='ocrx_word' id='word_1_238' title='bbox 1098 1557 1293 1613; x_wconf 76' lang='lat' dir='ltr'>ordinis,</span> <span class='ocrx_word' id='word_1_239' title='bbox 1317 1558 1580 1602; x_wconf 78' lang='lat' dir='ltr'>secundum</span> <span class='ocrx_word' id='word_1_240' title='bbox 1604 1557 1720 1601; x_wconf 88' lang='lat' dir='ltr'>illud</span> <span class='ocrx_word' id='word_1_241' title='bbox 1739 1557 1892 1609; x_wconf 85' lang='lat' dir='ltr'>(Hebr.</span> <span class='ocrx_word' id='word_1_242' title='bbox 1914 1559 2003 1615; x_wconf 86' lang='lat' dir='ltr'>vn),</span> 
     </span>
     <span class='ocr_line' id='line_1_23' title="bbox 104 1617 2003 1676; baseline 0.002 -13"><span class='ocrx_word' id='word_1_243' title='bbox 104 1618 231 1675; x_wconf 69' lang='lat' dir='ltr'>quad</span> <span class='ocrx_word' id='word_1_244' title='bbox 253 1618 518 1663; x_wconf 87' lang='lat' dir='ltr'>sacerdotes</span> <span class='ocrx_word' id='word_1_245' title='bbox 533 1617 709 1662; x_wconf 89' lang='lat' dir='ltr'>hostias</span> <span class='ocrx_word' id='word_1_246' title='bbox 727 1617 932 1662; x_wconf 86' lang='lat' dir='ltr'>offerunt</span> <span class='ocrx_word' id='word_1_247' title='bbox 952 1631 1047 1662; x_wconf 91' lang='lat' dir='ltr'>non</span> <span class='ocrx_word' id='word_1_248' title='bbox 1066 1619 1218 1663; x_wconf 79' lang='lat' dir='ltr'>solum</span> <span class='ocrx_word' id='word_1_249' title='bbox 1238 1632 1324 1676; x_wconf 92' lang='lat' dir='ltr'>pro</span> <span class='ocrx_word' id='word_1_250' title='bbox 1349 1632 1417 1676; x_wconf 88' lang='lat' dir='ltr'>se,</span> <span class='ocrx_word' id='word_1_251' title='bbox 1445 1620 1526 1665; x_wconf 90' lang='lat' dir='ltr'>sed</span> <span class='ocrx_word' id='word_1_252' title='bbox 1549 1618 1691 1664; x_wconf 88' lang='lat' dir='ltr'>etiam</span> <span class='ocrx_word' id='word_1_253' title='bbox 1710 1632 1793 1676; x_wconf 89' lang='lat' dir='ltr'>pro</span> <span class='ocrx_word' id='word_1_254' title='bbox 1816 1619 2003 1676; x_wconf 63' lang='lat' dir='ltr'>populo„</span> 
     </span>
     <span class='ocr_line' id='line_1_24' title="bbox 105 1680 2004 1739; baseline 0.002 -15"><span class='ocrx_word' id='word_1_255' title='bbox 105 1680 320 1726; x_wconf 80' lang='lat' dir='ltr'>Secundo</span> <span class='ocrx_word' id='word_1_256' title='bbox 335 1681 560 1738; x_wconf 80' lang='lat' dir='ltr'>quantum</span> <span class='ocrx_word' id='word_1_257' title='bbox 583 1680 643 1725; x_wconf 91' lang='lat' dir='ltr'>ad</span> <span class='ocrx_word' id='word_1_258' title='bbox 660 1681 919 1725; x_wconf 85' lang='lat' dir='ltr'>naturalem</span> <span class='ocrx_word' id='word_1_259' title='bbox 934 1682 1332 1738; x_wconf 71' lang='lat' dir='ltr'>propagationem3</span> <span class='ocrx_word' id='word_1_260' title='bbox 1351 1683 1476 1738; x_wconf 86' lang='lat' dir='ltr'>quod</span> <span class='ocrx_word' id='word_1_261' title='bbox 1489 1682 1540 1727; x_wconf 85' lang='lat' dir='ltr'>fit</span> <span class='ocrx_word' id='word_1_262' title='bbox 1557 1694 1640 1739; x_wconf 87' lang='lat' dir='ltr'>per</span> <span class='ocrx_word' id='word_1_263' title='bbox 1658 1682 2004 1728; x_wconf 85' lang='lat' dir='ltr'>matrimonium</span> 
     </span>
     <span class='ocr_line' id='line_1_25' title="bbox 103 1741 2005 1801; baseline 0.002 -14"><span class='ocrx_word' id='word_1_264' title='bbox 103 1745 200 1787; x_wconf 85' lang='lat' dir='ltr'>tam</span> <span class='ocrx_word' id='word_1_265' title='bbox 242 1742 291 1786; x_wconf 91' lang='lat' dir='ltr'>in</span> <span class='ocrx_word' id='word_1_266' title='bbox 321 1741 550 1798; x_wconf 89' lang='lat' dir='ltr'>corporali</span> <span class='ocrx_word' id='word_1_267' title='bbox 583 1741 723 1799; x_wconf 74' lang='lat' dir='ltr'>quam</span> <span class='ocrx_word' id='word_1_268' title='bbox 754 1742 799 1786; x_wconf 92' lang='lat' dir='ltr'>in</span> <span class='ocrx_word' id='word_1_269' title='bbox 831 1743 1055 1799; x_wconf 87' lang='lat' dir='ltr'>spirituali</span> <span class='ocrx_word' id='word_1_270' title='bbox 1081 1744 1192 1800; x_wconf 88' lang='lat' dir='ltr'>vita,</span> <span class='ocrx_word' id='word_1_271' title='bbox 1217 1743 1273 1788; x_wconf 83' lang='lat' dir='ltr'>eo</span> <span class='ocrx_word' id='word_1_272' title='bbox 1296 1744 1421 1801; x_wconf 81' lang='lat' dir='ltr'>quod</span> <span class='ocrx_word' id='word_1_273' title='bbox 1446 1748 1518 1789; x_wconf 88' lang='lat' dir='ltr'>est</span> <span class='ocrx_word' id='word_1_274' title='bbox 1546 1756 1641 1788; x_wconf 91' lang='lat' dir='ltr'>non</span> <span class='ocrx_word' id='word_1_275' title='bbox 1664 1744 1815 1790; x_wconf 79' lang='lat' dir='ltr'>solum</span> <span class='ocrx_word' id='word_1_276' title='bbox 1849 1757 2005 1790; x_wconf 85' lang='lat' dir='ltr'>sacra-</span> 
     </span>
     <span class='ocr_line' id='line_1_26' title="bbox 102 1804 2005 1863; baseline 0.003 -16"><span class='ocrx_word' id='word_1_277' title='bbox 102 1805 333 1860; x_wconf 87' lang='lat' dir='ltr'>mentum,</span> <span class='ocrx_word' id='word_1_278' title='bbox 358 1804 442 1848; x_wconf 89' lang='lat' dir='ltr'>sed</span> <span class='ocrx_word' id='word_1_279' title='bbox 465 1808 644 1847; x_wconf 78' lang='lat' dir='ltr'>naturae</span> <span class='ocrx_word' id='word_1_280' title='bbox 667 1804 873 1849; x_wconf 74' lang='lat' dir='ltr'>ostiolum</span> <span class='ocrx_word' id='word_1_281' title='bbox 897 1806 969 1859; x_wconf 78' lang='lat'>(1).</span> <span class='ocrx_word' id='word_1_282' title='bbox 1002 1808 1068 1849; x_wconf 80' lang='lat' dir='ltr'>Ex</span> <span class='ocrx_word' id='word_1_283' title='bbox 1089 1805 1163 1850; x_wconf 89' lang='lat' dir='ltr'>his</span> <span class='ocrx_word' id='word_1_284' title='bbox 1185 1806 1326 1850; x_wconf 89' lang='lat' dir='ltr'>etiam</span> <span class='ocrx_word' id='word_1_285' title='bbox 1345 1812 1472 1863; x_wconf 87' lang='lat' dir='ltr'>patet</span> <span class='ocrx_word' id='word_1_286' title='bbox 1490 1810 1890 1851; x_wconf 85' lang='lat' dir='ltr'>sacramentorum</span> <span class='ocrx_word' id='word_1_287' title='bbox 1914 1819 2005 1854; x_wconf 90' lang='lat' dir='ltr'>nu-</span> 
     </span>
     <span class='ocr_line' id='line_1_27' title="bbox 103 1866 2006 1927; baseline 0.003 -18"><span class='ocrx_word' id='word_1_288' title='bbox 103 1877 278 1925; x_wconf 80' lang='lat' dir='ltr'>merus,</span> <span class='ocrx_word' id='word_1_289' title='bbox 300 1866 562 1911; x_wconf 82' lang='lat' dir='ltr'>secundum</span> <span class='ocrx_word' id='word_1_290' title='bbox 583 1866 707 1922; x_wconf 82' lang='lat' dir='ltr'>quod</span> <span class='ocrx_word' id='word_1_291' title='bbox 726 1867 1004 1911; x_wconf 82' lang='lat' dir='ltr'>ordinantur</span> <span class='ocrx_word' id='word_1_292' title='bbox 1024 1872 1186 1912; x_wconf 86' lang='lat' dir='ltr'>contra</span> <span class='ocrx_word' id='word_1_293' title='bbox 1205 1868 1436 1913; x_wconf 84' lang='lat' dir='ltr'>defectum</span> <span class='ocrx_word' id='word_1_294' title='bbox 1462 1868 1656 1926; x_wconf 83' lang='lat' dir='ltr'>peccati.</span> <span class='ocrx_word' id='word_1_295' title='bbox 1687 1871 1800 1912; x_wconf 87' lang='lat' dir='ltr'>Nam</span> <span class='ocrx_word' id='word_1_296' title='bbox 1827 1868 2006 1927; x_wconf 80' lang='lat' dir='ltr'>baptis-</span> 
     </span>
     <span class='ocr_line' id='line_1_28' title="bbox 103 1928 2006 1987; baseline 0.003 -16"><span class='ocrx_word' id='word_1_297' title='bbox 103 1939 210 1972; x_wconf 89' lang='lat' dir='ltr'>mus</span> <span class='ocrx_word' id='word_1_298' title='bbox 249 1928 491 1973; x_wconf 88' lang='lat' dir='ltr'>ordinatur</span> <span class='ocrx_word' id='word_1_299' title='bbox 531 1932 695 1972; x_wconf 87' lang='lat' dir='ltr'>contra</span> <span class='ocrx_word' id='word_1_300' title='bbox 734 1929 985 1973; x_wconf 82' lang='lat' dir='ltr'>carentiam</span> <span class='ocrx_word' id='word_1_301' title='bbox 1036 1930 1147 1974; x_wconf 84' lang='lat' dir='ltr'>vitae</span> <span class='ocrx_word' id='word_1_302' title='bbox 1189 1930 1473 1987; x_wconf 79' lang='lat' dir='ltr'>spiritualis3</span> <span class='ocrx_word' id='word_1_303' title='bbox 1512 1929 1804 1975; x_wconf 86' lang='lat' dir='ltr'>confirmatio</span> <span class='ocrx_word' id='word_1_304' title='bbox 1844 1936 2006 1977; x_wconf 76' lang='lat' dir='ltr'>contra</span> 
     </span>
     <span class='ocr_line' id='line_1_29' title="bbox 102 1989 2003 2047; baseline 0.003 -15"><span class='ocrx_word' id='word_1_305' title='bbox 102 1989 417 2034; x_wconf 87' lang='lat' dir='ltr'>infirmitatem</span> <span class='ocrx_word' id='word_1_306' title='bbox 438 1989 597 2046; x_wconf 84' lang='lat' dir='ltr'>animi,</span> <span class='ocrx_word' id='word_1_307' title='bbox 619 2002 726 2047; x_wconf 82' lang='lat' dir='ltr'>quae</span> <span class='ocrx_word' id='word_1_308' title='bbox 748 1990 797 2034; x_wconf 91' lang='lat' dir='ltr'>in</span> <span class='ocrx_word' id='word_1_309' title='bbox 814 2003 965 2047; x_wconf 88' lang='lat' dir='ltr'>nuper</span> <span class='ocrx_word' id='word_1_310' title='bbox 984 1991 1107 2036; x_wconf 87' lang='lat' dir='ltr'>natis</span> <span class='ocrx_word' id='word_1_311' title='bbox 1127 1991 1388 2047; x_wconf 66' lang='lat' dir='ltr'>invenitur,</span> <span class='ocrx_word' id='word_1_312' title='bbox 1413 1992 1698 2038; x_wconf 86' lang='lat' dir='ltr'>Eucharistia</span> <span class='ocrx_word' id='word_1_313' title='bbox 1712 1997 1871 2036; x_wconf 75' lang='lat' dir='ltr'>contra</span> <span class='ocrx_word' id='word_1_314' title='bbox 1892 1993 2003 2038; x_wconf 89' lang='lat' dir='ltr'>labi-</span> 
     </span>
     <span class='ocr_line' id='line_1_30' title="bbox 102 2051 2006 2113; baseline 0.003 -18"><span class='ocrx_word' id='word_1_315' title='bbox 102 2051 280 2096; x_wconf 85' lang='lat' dir='ltr'>litatem</span> <span class='ocrx_word' id='word_1_316' title='bbox 305 2052 447 2096; x_wconf 87' lang='lat' dir='ltr'>animi</span> <span class='ocrx_word' id='word_1_317' title='bbox 475 2053 533 2097; x_wconf 90' lang='lat' dir='ltr'>ad</span> <span class='ocrx_word' id='word_1_318' title='bbox 565 2052 886 2109; x_wconf 78' lang='lat' dir='ltr'>peccandum3</span> <span class='ocrx_word' id='word_1_319' title='bbox 915 2054 1192 2110; x_wconf 86' lang='lat' dir='ltr'>poenitentia</span> <span class='ocrx_word' id='word_1_320' title='bbox 1215 2059 1378 2099; x_wconf 89' lang='lat' dir='ltr'>contra</span> <span class='ocrx_word' id='word_1_321' title='bbox 1404 2055 1586 2100; x_wconf 87' lang='lat' dir='ltr'>actuale</span> <span class='ocrx_word' id='word_1_322' title='bbox 1618 2060 1877 2112; x_wconf 87' lang='lat' dir='ltr'>peccatum,</span> <span class='ocrx_word' id='word_1_323' title='bbox 1903 2062 2006 2113; x_wconf 88' lang='lat' dir='ltr'>post</span> 
     </span>
     <span class='ocr_line' id='line_1_31' title="bbox 102 2113 2001 2175; baseline 0.003 -18"><span class='ocrx_word' id='word_1_324' title='bbox 102 2113 387 2170; x_wconf 86' lang='lat' dir='ltr'>baptismum</span> <span class='ocrx_word' id='word_1_325' title='bbox 417 2115 746 2170; x_wconf 68' lang='lat' dir='ltr'>commissum,</span> <span class='ocrx_word' id='word_1_326' title='bbox 785 2120 994 2160; x_wconf 84' lang='lat' dir='ltr'>extrema</span> <span class='ocrx_word' id='word_1_327' title='bbox 1030 2117 1192 2162; x_wconf 88' lang='lat' dir='ltr'>unctio</span> <span class='ocrx_word' id='word_1_328' title='bbox 1224 2123 1388 2162; x_wconf 89' lang='lat' dir='ltr'>contra</span> <span class='ocrx_word' id='word_1_329' title='bbox 1419 2117 1640 2175; x_wconf 86' lang='lat' dir='ltr'>reliquias</span> <span class='ocrx_word' id='word_1_330' title='bbox 1679 2123 2001 2175; x_wconf 88' lang='lat' dir='ltr'>peccatorum,</span> 
     </span>
     <span class='ocr_line' id='line_1_32' title="bbox 102 2176 2004 2237; baseline 0.003 -18"><span class='ocrx_word' id='word_1_331' title='bbox 102 2187 208 2232; x_wconf 81' lang='lat' dir='ltr'>quae</span> <span class='ocrx_word' id='word_1_332' title='bbox 231 2176 406 2220; x_wconf 90' lang='lat' dir='ltr'>scilicet</span> <span class='ocrx_word' id='word_1_333' title='bbox 428 2188 522 2220; x_wconf 92' lang='lat' dir='ltr'>non</span> <span class='ocrx_word' id='word_1_334' title='bbox 544 2182 657 2221; x_wconf 89' lang='lat' dir='ltr'>sunt</span> <span class='ocrx_word' id='word_1_335' title='bbox 676 2177 963 2226; x_wconf 86' lang='lat' dir='ltr'>sufficienter</span> <span class='ocrx_word' id='word_1_336' title='bbox 981 2191 1065 2234; x_wconf 89' lang='lat' dir='ltr'>per</span> <span class='ocrx_word' id='word_1_337' title='bbox 1086 2178 1410 2236; x_wconf 87' lang='lat' dir='ltr'>poenitentiam</span> <span class='ocrx_word' id='word_1_338' title='bbox 1432 2180 1646 2237; x_wconf 82' lang='lat' dir='ltr'>sublatae,</span> <span class='ocrx_word' id='word_1_339' title='bbox 1670 2184 1750 2224; x_wconf 86' lang='lat' dir='ltr'>aut</span> <span class='ocrx_word' id='word_1_340' title='bbox 1772 2192 1828 2224; x_wconf 82' lang='lat' dir='ltr'>ex</span> <span class='ocrx_word' id='word_1_341' title='bbox 1854 2181 2004 2237; x_wconf 85' lang='lat' dir='ltr'>negli-</span> 
     </span>
     <span class='ocr_line' id='line_1_33' title="bbox 101 2237 2003 2295; baseline 0.003 -14"><span class='ocrx_word' id='word_1_342' title='bbox 101 2237 273 2292; x_wconf 84' lang='lat' dir='ltr'>gentia,</span> <span class='ocrx_word' id='word_1_343' title='bbox 297 2242 378 2281; x_wconf 90' lang='lat' dir='ltr'>aut</span> <span class='ocrx_word' id='word_1_344' title='bbox 400 2250 456 2282; x_wconf 85' lang='lat' dir='ltr'>ex</span> <span class='ocrx_word' id='word_1_345' title='bbox 480 2238 764 2295; x_wconf 58' lang='lat' dir='ltr'>ignorantia,</span> <span class='ocrx_word' id='word_1_346' title='bbox 786 2239 900 2284; x_wconf 90' lang='lat' dir='ltr'>ordo</span> <span class='ocrx_word' id='word_1_347' title='bbox 923 2244 1086 2284; x_wconf 89' lang='lat' dir='ltr'>contra</span> <span class='ocrx_word' id='word_1_348' title='bbox 1107 2241 1462 2287; x_wconf 88' lang='lat' dir='ltr'>dissolutionem</span> <span class='ocrx_word' id='word_1_349' title='bbox 1481 2241 1820 2295; x_wconf 80' lang='lat' dir='ltr'>multitudinis3</span> <span class='ocrx_word' id='word_1_350' title='bbox 1841 2244 2003 2287; x_wconf 85' lang='lat' dir='ltr'>matri-</span> 
     </span>
     <span class='ocr_line' id='line_1_34' title="bbox 100 2299 2003 2361; baseline 0.004 -19"><span class='ocrx_word' id='word_1_351' title='bbox 100 2299 312 2343; x_wconf 89' lang='lat' dir='ltr'>monium</span> <span class='ocrx_word' id='word_1_352' title='bbox 335 2299 384 2343; x_wconf 90' lang='lat' dir='ltr'>in</span> <span class='ocrx_word' id='word_1_353' title='bbox 405 2299 664 2345; x_wconf 89' lang='lat' dir='ltr'>remedium</span> <span class='ocrx_word' id='word_1_354' title='bbox 684 2306 847 2346; x_wconf 88' lang='lat' dir='ltr'>contra</span> <span class='ocrx_word' id='word_1_355' title='bbox 865 2303 1292 2359; x_wconf 86' lang='lat' dir='ltr'>concupiscentiam</span> <span class='ocrx_word' id='word_1_356' title='bbox 1322 2305 1613 2361; x_wconf 89' lang='lat' dir='ltr'>personalem</span> <span class='ocrx_word' id='word_1_357' title='bbox 1627 2341 1637 2359; x_wconf 91' lang='lat'>‚</span> <span class='ocrx_word' id='word_1_358' title='bbox 1666 2309 1713 2350; x_wconf 90' lang='lat' dir='ltr'>et</span> <span class='ocrx_word' id='word_1_359' title='bbox 1736 2309 1898 2350; x_wconf 83' lang='lat' dir='ltr'>contra</span> <span class='ocrx_word' id='word_1_360' title='bbox 1921 2305 2003 2350; x_wconf 87' lang='lat' dir='ltr'>de-</span> 
     </span>
     <span class='ocr_line' id='line_1_35' title="bbox 102 2362 2004 2424; baseline 0.004 -18"><span class='ocrx_word' id='word_1_361' title='bbox 102 2362 277 2406; x_wconf 88' lang='lat' dir='ltr'>fectum</span> <span class='ocrx_word' id='word_1_362' title='bbox 302 2362 636 2418; x_wconf 86' lang='lat' dir='ltr'>multitudinis,</span> <span class='ocrx_word' id='word_1_363' title='bbox 655 2364 734 2420; x_wconf 90' lang='lat' dir='ltr'>qui</span> <span class='ocrx_word' id='word_1_364' title='bbox 758 2376 841 2420; x_wconf 89' lang='lat' dir='ltr'>per</span> <span class='ocrx_word' id='word_1_365' title='bbox 860 2370 1059 2409; x_wconf 86' lang='lat' dir='ltr'>mortem</span> <span class='ocrx_word' id='word_1_366' title='bbox 1079 2365 1264 2411; x_wconf 88' lang='lat' dir='ltr'>accidit.</span> <span class='ocrx_word' id='word_1_367' title='bbox 1290 2367 1486 2420; x_wconf 87' lang='lat' dir='ltr'>Quidam</span> <span class='ocrx_word' id='word_1_368' title='bbox 1515 2367 1627 2412; x_wconf 83' lang='lat' dir='ltr'>vero</span> <span class='ocrx_word' id='word_1_369' title='bbox 1657 2368 1893 2424; x_wconf 88' lang='lat' dir='ltr'>accipiunt</span> <span class='ocrx_word' id='word_1_370' title='bbox 1919 2381 2004 2414; x_wconf 84' lang='lat' dir='ltr'>nu-</span> 
     </span>
     <span class='ocr_line' id='line_1_36' title="bbox 100 2428 2001 2486; baseline 0.005 -18"><span class='ocrx_word' id='word_1_371' title='bbox 100 2436 284 2468; x_wconf 89' lang='lat' dir='ltr'>merum</span> <span class='ocrx_word' id='word_1_372' title='bbox 317 2430 716 2470; x_wconf 85' lang='lat' dir='ltr'>sacramentorum</span> <span class='ocrx_word' id='word_1_373' title='bbox 751 2438 834 2481; x_wconf 84' lang='lat' dir='ltr'>per</span> <span class='ocrx_word' id='word_1_374' title='bbox 866 2428 1117 2483; x_wconf 88' lang='lat' dir='ltr'>quamdam</span> <span class='ocrx_word' id='word_1_375' title='bbox 1155 2429 1500 2486; x_wconf 89' lang='lat' dir='ltr'>adaptationem</span> <span class='ocrx_word' id='word_1_376' title='bbox 1535 2430 1596 2476; x_wconf 89' lang='lat' dir='ltr'>ad</span> <span class='ocrx_word' id='word_1_377' title='bbox 1635 2431 1828 2475; x_wconf 84' lang='lat' dir='ltr'>virtutes</span> <span class='ocrx_word' id='word_1_378' title='bbox 1867 2435 1913 2476; x_wconf 85' lang='lat' dir='ltr'>et</span> <span class='ocrx_word' id='word_1_379' title='bbox 1943 2433 2001 2477; x_wconf 87' lang='lat' dir='ltr'>ad</span> 
     </span>
     <span class='ocr_line' id='line_1_37' title="bbox 99 2486 2002 2551; baseline 0.003 -19"><span class='ocrx_word' id='word_1_380' title='bbox 99 2486 311 2532; x_wconf 87' lang='lat' dir='ltr'>defectus</span> <span class='ocrx_word' id='word_1_381' title='bbox 330 2488 575 2543; x_wconf 89' lang='lat' dir='ltr'>culparum</span> <span class='ocrx_word' id='word_1_382' title='bbox 596 2492 643 2532; x_wconf 88' lang='lat' dir='ltr'>et</span> <span class='ocrx_word' id='word_1_383' title='bbox 666 2488 1007 2546; x_wconf 85' lang='lat' dir='ltr'>poenalitatum,</span> <span class='ocrx_word' id='word_1_384' title='bbox 1031 2489 1241 2535; x_wconf 89' lang='lat' dir='ltr'>dicentes</span> <span class='ocrx_word' id='word_1_385' title='bbox 1270 2491 1396 2548; x_wconf 83' lang='lat' dir='ltr'>quod</span> <span class='ocrx_word' id='word_1_386' title='bbox 1419 2491 1527 2537; x_wconf 84' lang='lat' dir='ltr'>fidei</span> <span class='ocrx_word' id='word_1_387' title='bbox 1556 2492 1807 2549; x_wconf 88' lang='lat' dir='ltr'>respondet</span> <span class='ocrx_word' id='word_1_388' title='bbox 1829 2492 2002 2551; x_wconf 87' lang='lat' dir='ltr'>baptis-</span> 
     </span>
     <span class='ocr_line' id='line_1_38' title="bbox 99 2549 2002 2614; baseline 0.004 -21"><span class='ocrx_word' id='word_1_389' title='bbox 99 2560 224 2604; x_wconf 89' lang='lat' dir='ltr'>mus,</span> <span class='ocrx_word' id='word_1_390' title='bbox 250 2554 295 2593; x_wconf 88' lang='lat' dir='ltr'>et</span> <span class='ocrx_word' id='word_1_391' title='bbox 318 2549 560 2594; x_wconf 88' lang='lat' dir='ltr'>ordinatur</span> <span class='ocrx_word' id='word_1_392' title='bbox 583 2554 745 2594; x_wconf 88' lang='lat' dir='ltr'>contra</span> <span class='ocrx_word' id='word_1_393' title='bbox 772 2550 958 2607; x_wconf 92' lang='lat' dir='ltr'>culpam</span> <span class='ocrx_word' id='word_1_394' title='bbox 985 2551 1283 2607; x_wconf 72' lang='lat' dir='ltr'>originalem3</span> <span class='ocrx_word' id='word_1_395' title='bbox 1309 2553 1408 2610; x_wconf 90' lang='lat' dir='ltr'>spei</span> <span class='ocrx_word' id='word_1_396' title='bbox 1433 2558 1641 2598; x_wconf 85' lang='lat' dir='ltr'>extrema</span> <span class='ocrx_word' id='word_1_397' title='bbox 1662 2553 1839 2614; x_wconf 84' lang='lat' dir='ltr'>unctio,</span> <span class='ocrx_word' id='word_1_398' title='bbox 1861 2560 1907 2600; x_wconf 92' lang='lat' dir='ltr'>et</span> <span class='ocrx_word' id='word_1_399' title='bbox 1925 2569 2002 2600; x_wconf 88' lang='lat' dir='ltr'>or-</span> 
     </span>
     <span class='ocr_line' id='line_1_39' title="bbox 98 2610 1998 2670; baseline 0.004 -14"><span class='ocrx_word' id='word_1_400' title='bbox 98 2610 289 2656; x_wconf 84' lang='lat' dir='ltr'>dinatur</span> <span class='ocrx_word' id='word_1_401' title='bbox 305 2616 468 2655; x_wconf 83' lang='lat' dir='ltr'>contra</span> <span class='ocrx_word' id='word_1_402' title='bbox 484 2611 672 2668; x_wconf 91' lang='lat' dir='ltr'>culpam</span> <span class='ocrx_word' id='word_1_403' title='bbox 691 2611 943 2666; x_wconf 85' lang='lat' dir='ltr'>venialem;</span> <span class='ocrx_word' id='word_1_404' title='bbox 960 2614 1172 2659; x_wconf 88' lang='lat' dir='ltr'>charitati</span> <span class='ocrx_word' id='word_1_405' title='bbox 1193 2615 1497 2670; x_wconf 85' lang='lat' dir='ltr'>Eucharistia,</span> <span class='ocrx_word' id='word_1_406' title='bbox 1518 2620 1565 2660; x_wconf 85' lang='lat' dir='ltr'>et</span> <span class='ocrx_word' id='word_1_407' title='bbox 1583 2615 1824 2661; x_wconf 88' lang='lat' dir='ltr'>ordinatur</span> <span class='ocrx_word' id='word_1_408' title='bbox 1840 2622 1998 2663; x_wconf 87' lang='lat' dir='ltr'>contra</span> 
     </span>
    </p>
   </div>
   <div class='ocr_carea' id='block_1_5' title="bbox 14 2658 1999 2737">
    <p class='ocr_par' dir='ltr' id='par_1_5' title="bbox 14 2658 1999 2737">
     <span class='ocr_line' id='line_1_40' title="bbox 14 2658 1999 2737; baseline 0.005 -22"><span class='ocrx_word' id='word_1_409' title='bbox 14 2658 23 2682; x_wconf 69' lang='grc'>“·</span> <span class='ocrx_word' id='word_1_410' title='bbox 98 2673 418 2729; x_wconf 85' lang='lat' dir='ltr'>poenalitatem</span> <span class='ocrx_word' id='word_1_411' title='bbox 443 2673 658 2730; x_wconf 66' lang='lat' dir='ltr'>malitiae,</span> <span class='ocrx_word' id='word_1_412' title='bbox 690 2673 952 2730; x_wconf 59' lang='lat' dir='ltr'>prudentiae</span> <span class='ocrx_word' id='word_1_413' title='bbox 974 2676 1115 2734; x_wconf 83' lang='lat' dir='ltr'>ord0,</span> <span class='ocrx_word' id='word_1_414' title='bbox 1139 2680 1186 2721; x_wconf 89' lang='lat' dir='ltr'>et</span> <span class='ocrx_word' id='word_1_415' title='bbox 1207 2677 1452 2722; x_wconf 89' lang='lat' dir='ltr'>ordinatur</span> <span class='ocrx_word' id='word_1_416' title='bbox 1476 2685 1639 2722; x_wconf 88' lang='lat' dir='ltr'>contra</span> <span class='ocrx_word' id='word_1_417' title='bbox 1661 2678 1999 2737; x_wconf 76' lang='lat' dir='ltr'>ignorantiam3</span> 
     </span>
    </p>
   </div>
   <div class='ocr_carea' id='block_1_6' title="bbox 94 2733 2003 3164">
    <p class='ocr_par' dir='ltr' id='par_1_6' title="bbox 94 2733 2003 2917">
     <span class='ocr_line' id='line_1_41' title="bbox 94 2733 2003 2797; baseline 0.006 -20"><span class='ocrx_word' id='word_1_418' title='bbox 94 2733 289 2791; x_wconf 81' lang='lat' dir='ltr'>justitiae</span> <span class='ocrx_word' id='word_1_419' title='bbox 315 2735 604 2791; x_wconf 86' lang='lat' dir='ltr'>poenitentia,</span> <span class='ocrx_word' id='word_1_420' title='bbox 634 2739 681 2780; x_wconf 87' lang='lat' dir='ltr'>et</span> <span class='ocrx_word' id='word_1_421' title='bbox 710 2736 953 2781; x_wconf 87' lang='lat' dir='ltr'>ordinatur</span> <span class='ocrx_word' id='word_1_422' title='bbox 982 2742 1145 2783; x_wconf 88' lang='lat' dir='ltr'>contra</span> <span class='ocrx_word' id='word_1_423' title='bbox 1167 2744 1411 2795; x_wconf 82' lang='lat' dir='ltr'>peccatum</span> <span class='ocrx_word' id='word_1_424' title='bbox 1434 2740 1658 2796; x_wconf 79' lang='lat' dir='ltr'>mortale3</span> <span class='ocrx_word' id='word_1_425' title='bbox 1685 2742 2003 2797; x_wconf 81' lang='lat' dir='ltr'>temperantiae</span> 
     </span>
     <span class='ocr_line' id='line_1_42' title="bbox 98 2796 2002 2858; baseline 0.005 -19"><span class='ocrx_word' id='word_1_426' title='bbox 98 2796 467 2854; x_wconf 84' lang='lat' dir='ltr'>matrimonium,</span> <span class='ocrx_word' id='word_1_427' title='bbox 492 2803 538 2842; x_wconf 90' lang='lat' dir='ltr'>et</span> <span class='ocrx_word' id='word_1_428' title='bbox 560 2797 803 2842; x_wconf 89' lang='lat' dir='ltr'>ordinatur</span> <span class='ocrx_word' id='word_1_429' title='bbox 822 2807 985 2843; x_wconf 87' lang='lat' dir='ltr'>contra</span> <span class='ocrx_word' id='word_1_430' title='bbox 1004 2800 1453 2858; x_wconf 84' lang='lat' dir='ltr'>concupiscentiam3</span> <span class='ocrx_word' id='word_1_431' title='bbox 1477 2801 1737 2847; x_wconf 88' lang='lat' dir='ltr'>fortitudini</span> <span class='ocrx_word' id='word_1_432' title='bbox 1752 2802 2002 2849; x_wconf 87' lang='lat' dir='ltr'>confirma-</span> 
     </span>
     <span class='ocr_line' id='line_1_43' title="bbox 98 2857 1122 2917; baseline 0.006 -16"><span class='ocrx_word' id='word_1_433' title='bbox 98 2857 180 2913; x_wconf 85' lang='lat' dir='ltr'>tio,</span> <span class='ocrx_word' id='word_1_434' title='bbox 205 2863 252 2903; x_wconf 91' lang='lat' dir='ltr'>et</span> <span class='ocrx_word' id='word_1_435' title='bbox 270 2858 514 2903; x_wconf 87' lang='lat' dir='ltr'>ordinatur</span> <span class='ocrx_word' id='word_1_436' title='bbox 534 2864 697 2904; x_wconf 89' lang='lat' dir='ltr'>contra</span> <span class='ocrx_word' id='word_1_437' title='bbox 712 2859 1027 2906; x_wconf 86' lang='lat' dir='ltr'>infirmitatem</span> <span class='ocrx_word' id='word_1_438' title='bbox 1046 2864 1122 2917; x_wconf 75' lang='lat'>(2).</span> 
     </span>
    </p>

    <p class='ocr_par' dir='ltr' id='par_1_7' title="bbox 97 2920 2003 3164">
     <span class='ocr_line' id='line_1_44' title="bbox 108 2920 2001 2982; baseline 0.006 -20"><span class='ocrx_word' id='word_1_439' title='bbox 108 2950 111 2952; x_wconf 62' lang='lat'><strong><em>—</em></strong></span> <span class='ocrx_word' id='word_1_440' title='bbox 156 2920 221 2963; x_wconf 81' lang='lat' dir='ltr'>Ad</span> <span class='ocrx_word' id='word_1_441' title='bbox 234 2924 440 2976; x_wconf 78' lang='lat' dir='ltr'>primum</span> <span class='ocrx_word' id='word_1_442' title='bbox 459 2933 571 2978; x_wconf 85' lang='lat' dir='ltr'>ergo</span> <span class='ocrx_word' id='word_1_443' title='bbox 594 2920 868 2975; x_wconf 88' lang='lat' dir='ltr'>dicendum,</span> <span class='ocrx_word' id='word_1_444' title='bbox 891 2923 1015 2979; x_wconf 83' lang='lat' dir='ltr'>quod</span> <span class='ocrx_word' id='word_1_445' title='bbox 1038 2923 1162 2968; x_wconf 89' lang='lat' dir='ltr'>idem</span> <span class='ocrx_word' id='word_1_446' title='bbox 1189 2935 1336 2980; x_wconf 83' lang='lat' dir='ltr'>agens</span> <span class='ocrx_word' id='word_1_447' title='bbox 1354 2924 1609 2982; x_wconf 88' lang='lat' dir='ltr'>principale</span> <span class='ocrx_word' id='word_1_448' title='bbox 1633 2926 1781 2971; x_wconf 88' lang='lat' dir='ltr'>utitur</span> <span class='ocrx_word' id='word_1_449' title='bbox 1804 2927 2001 2974; x_wconf 88' lang='lat' dir='ltr'>diversis</span> 
     </span>
     <span class='ocr_line' id='line_1_45' title="bbox 98 2979 2003 3044; baseline 0.007 -21"><span class='ocrx_word' id='word_1_450' title='bbox 98 2979 424 3027; x_wconf 89' lang='lat' dir='ltr'>instrumentis</span> <span class='ocrx_word' id='word_1_451' title='bbox 456 2983 515 3028; x_wconf 87' lang='lat' dir='ltr'>ad</span> <span class='ocrx_word' id='word_1_452' title='bbox 550 2983 763 3029; x_wconf 88' lang='lat' dir='ltr'>diversos</span> <span class='ocrx_word' id='word_1_453' title='bbox 796 2984 1006 3042; x_wconf 86' lang='lat' dir='ltr'>effectus,</span> <span class='ocrx_word' id='word_1_454' title='bbox 1032 2986 1294 3031; x_wconf 80' lang='lat' dir='ltr'>secundum</span> <span class='ocrx_word' id='word_1_455' title='bbox 1326 2988 1679 3044; x_wconf 84' lang='lat' dir='ltr'>congruentiam</span> <span class='ocrx_word' id='word_1_456' title='bbox 1713 3000 1923 3044; x_wconf 88' lang='lat' dir='ltr'>operum.</span> <span class='ocrx_word' id='word_1_457' title='bbox 1948 2993 2003 3036; x_wconf 89' lang='lat' dir='ltr'>Et</span> 
     </span>
     <span class='ocr_line' id='line_1_46' title="bbox 98 3041 2000 3107; baseline 0.006 -20"><span class='ocrx_word' id='word_1_458' title='bbox 98 3041 310 3087; x_wconf 85' lang='lat' dir='ltr'>similiter</span> <span class='ocrx_word' id='word_1_459' title='bbox 332 3045 481 3089; x_wconf 88' lang='lat' dir='ltr'>virtus</span> <span class='ocrx_word' id='word_1_460' title='bbox 501 3045 660 3090; x_wconf 88' lang='lat' dir='ltr'>divina</span> <span class='ocrx_word' id='word_1_461' title='bbox 685 3051 731 3091; x_wconf 91' lang='lat' dir='ltr'>et</span> <span class='ocrx_word' id='word_1_462' title='bbox 757 3047 914 3103; x_wconf 85' lang='lat' dir='ltr'>passio</span> <span class='ocrx_word' id='word_1_463' title='bbox 936 3048 1100 3092; x_wconf 87' lang='lat' dir='ltr'>Christi</span> <span class='ocrx_word' id='word_1_464' title='bbox 1124 3053 1375 3106; x_wconf 88' lang='lat' dir='ltr'>operantur</span> <span class='ocrx_word' id='word_1_465' title='bbox 1395 3049 1444 3094; x_wconf 90' lang='lat' dir='ltr'>in</span> <span class='ocrx_word' id='word_1_466' title='bbox 1465 3049 1602 3094; x_wconf 88' lang='lat' dir='ltr'>nobis</span> <span class='ocrx_word' id='word_1_467' title='bbox 1624 3063 1708 3107; x_wconf 86' lang='lat' dir='ltr'>per</span> <span class='ocrx_word' id='word_1_468' title='bbox 1724 3051 1908 3096; x_wconf 85' lang='lat' dir='ltr'>diversa</span> <span class='ocrx_word' id='word_1_469' title='bbox 1926 3065 2000 3099; x_wconf 84' lang='lat' dir='ltr'>sa-</span> 
     </span>
     <span class='ocr_line' id='line_1_47' title="bbox 97 3108 1165 3164; baseline 0.007 -15"><span class='ocrx_word' id='word_1_470' title='bbox 97 3110 354 3159; x_wconf 86' lang='lat' dir='ltr'>cramenta,</span> <span class='ocrx_word' id='word_1_471' title='bbox 379 3108 511 3163; x_wconf 88' lang='lat' dir='ltr'>quasi</span> <span class='ocrx_word' id='word_1_472' title='bbox 529 3120 613 3164; x_wconf 91' lang='lat' dir='ltr'>per</span> <span class='ocrx_word' id='word_1_473' title='bbox 632 3108 817 3153; x_wconf 88' lang='lat' dir='ltr'>diversa</span> <span class='ocrx_word' id='word_1_474' title='bbox 838 3110 1165 3156; x_wconf 88' lang='lat' dir='ltr'>instrumenta.</span> 
     </span>
    </p>
   </div>
   <div class='ocr_carea' id='block_1_7' title="bbox 97 3247 2001 3536">
    <p class='ocr_par' dir='ltr' id='par_1_8' title="bbox 97 3247 2001 3536">
     <span class='ocr_line' id='line_1_48' title="bbox 139 3247 2001 3300; baseline 0.006 -19"><span class='ocrx_word' id='word_1_475' title='bbox 139 3248 183 3291; x_wconf 69' lang='grc'>(4)</span> <span class='ocrx_word' id='word_1_476' title='bbox 205 3247 249 3283; x_wconf 88' lang='lat' dir='ltr'>Ut</span> <span class='ocrx_word' id='word_1_477' title='bbox 272 3248 378 3289; x_wconf 83' lang='lat' dir='ltr'>igitur</span> <span class='ocrx_word' id='word_1_478' title='bbox 393 3252 542 3284; x_wconf 79' lang='lat' dir='ltr'>naluroe</span> <span class='ocrx_word' id='word_1_479' title='bbox 557 3252 716 3294; x_wconf 74' lang='lat' dir='ltr'>officium</span> <span class='ocrx_word' id='word_1_480' title='bbox 735 3253 776 3288; x_wconf 88' lang='lat' dir='ltr'>ad</span> <span class='ocrx_word' id='word_1_481' title='bbox 795 3255 1008 3295; x_wconf 84' lang='lat' dir='ltr'>corporalem</span> <span class='ocrx_word' id='word_1_482' title='bbox 1092 3255 1289 3291; x_wconf 83' lang='lat' dir='ltr'>institutum</span> <span class='ocrx_word' id='word_1_483' title='bbox 1319 3259 1370 3292; x_wconf 82' lang='lat' dir='ltr'>est</span> <span class='ocrx_word' id='word_1_484' title='bbox 1395 3257 1431 3291; x_wconf 89' lang='lat' dir='ltr'>in</span> <span class='ocrx_word' id='word_1_485' title='bbox 1457 3255 1590 3292; x_wconf 85' lang='lat' dir='ltr'>ratione</span> <span class='ocrx_word' id='word_1_486' title='bbox 1625 3257 1828 3293; x_wconf 81' lang='lat' dir='ltr'>sacramenti</span> <span class='ocrx_word' id='word_1_487' title='bbox 1862 3261 2001 3300; x_wconf 85' lang='lat' dir='ltr'>propter</span> 
     </span>
     <span class='ocr_line' id='line_1_49' title="bbox 98 3298 1711 3346; baseline 0.003 -13"><span class='ocrx_word' id='word_1_488' title='bbox 98 3298 205 3333; x_wconf 81' lang='lat' dir='ltr'>vitam</span> <span class='ocrx_word' id='word_1_489' title='bbox 229 3308 291 3338; x_wconf 87' lang='lat' dir='ltr'>per</span> <span class='ocrx_word' id='word_1_490' title='bbox 320 3298 571 3336; x_wconf 83' lang='lat' dir='ltr'>generationem</span> <span class='ocrx_word' id='word_1_491' title='bbox 596 3301 799 3335; x_wconf 82' lang='lat' dir='ltr'>ordinatur:</span> <span class='ocrx_word' id='word_1_492' title='bbox 818 3306 856 3335; x_wconf 83' lang='lat' dir='ltr'>ut</span> <span class='ocrx_word' id='word_1_493' title='bbox 884 3311 1009 3337; x_wconf 80' lang='lat' dir='ltr'>sacra·</span> <span class='ocrx_word' id='word_1_494' title='bbox 1093 3304 1223 3346; x_wconf 86' lang='lat' dir='ltr'>prolem</span> <span class='ocrx_word' id='word_1_495' title='bbox 1250 3305 1286 3338; x_wconf 88' lang='lat' dir='ltr'>in</span> <span class='ocrx_word' id='word_1_496' title='bbox 1301 3305 1364 3339; x_wconf 87' lang='lat' dir='ltr'>Dei</span> <span class='ocrx_word' id='word_1_497' title='bbox 1384 3305 1478 3339; x_wconf 87' lang='lat' dir='ltr'>cultu</span> <span class='ocrx_word' id='word_1_498' title='bbox 1492 3304 1711 3339; x_wconf 85' lang='lat' dir='ltr'>educandam.</span> 
     </span>
     <span class='ocr_line' id='line_1_50' title="bbox 98 3345 1999 3394; baseline 0.005 -15"><span class='ocrx_word' id='word_1_499' title='bbox 98 3349 260 3380; x_wconf 77' lang='lat' dir='ltr'>menium</span> <span class='ocrx_word' id='word_1_500' title='bbox 275 3347 354 3380; x_wconf 75' lang='lat' dir='ltr'>vero</span> <span class='ocrx_word' id='word_1_501' title='bbox 372 3345 474 3380; x_wconf 84' lang='lat' dir='ltr'>habet</span> <span class='ocrx_word' id='word_1_502' title='bbox 492 3358 553 3386; x_wconf 86' lang='lat' dir='ltr'>pro</span> <span class='ocrx_word' id='word_1_503' title='bbox 572 3347 639 3382; x_wconf 77' lang='lat' dir='ltr'>fine</span> <span class='ocrx_word' id='word_1_504' title='bbox 659 3349 764 3383; x_wconf 80' lang='lat' dir='ltr'>vitam</span> <span class='ocrx_word' id='word_1_505' title='bbox 779 3349 1004 3392; x_wconf 76' lang='lat' dir='ltr'>spirituatem,</span> <span class='ocrx_word' id='word_1_506' title='bbox 1136 3353 1179 3391; x_wconf 66' lang='lat'>(2)</span> <span class='ocrx_word' id='word_1_507' title='bbox 1191 3354 1348 3387; x_wconf 83' lang='lat' dir='ltr'>Rationes</span> <span class='ocrx_word' id='word_1_508' title='bbox 1360 3354 1587 3394; x_wconf 53' lang='lat' dir='ltr'>congruentiae</span> <span class='ocrx_word' id='word_1_509' title='bbox 1603 3353 1703 3392; x_wconf 85' lang='lat' dir='ltr'>hujus</span> <span class='ocrx_word' id='word_1_510' title='bbox 1715 3354 1847 3388; x_wconf 86' lang='lat' dir='ltr'>numeri</span> <span class='ocrx_word' id='word_1_511' title='bbox 1865 3358 1999 3394; x_wconf 72' lang='lat' dir='ltr'>possunt</span> 
     </span>
     <span class='ocr_line' id='line_1_51' title="bbox 98 3393 1999 3439; baseline 0.006 -13"><span class='ocrx_word' id='word_1_512' title='bbox 98 3405 165 3427; x_wconf 88' lang='lat' dir='ltr'>non</span> <span class='ocrx_word' id='word_1_513' title='bbox 177 3406 210 3426; x_wconf 80' lang='lat' dir='ltr'>in</span> <span class='ocrx_word' id='word_1_514' title='bbox 224 3393 427 3434; x_wconf 79' lang='lat' dir='ltr'>suscipiente</span> <span class='ocrx_word' id='word_1_515' title='bbox 443 3395 576 3429; x_wconf 70' lang='lat' dir='ltr'>tantam</span> <span class='ocrx_word' id='word_1_516' title='bbox 590 3395 641 3429; x_wconf 84' lang='lat' dir='ltr'>cui</span> <span class='ocrx_word' id='word_1_517' title='bbox 658 3399 748 3431; x_wconf 78' lang='lat' dir='ltr'>recte</span> <span class='ocrx_word' id='word_1_518' title='bbox 759 3397 919 3438; x_wconf 79' lang='lat' dir='ltr'>disposito</span> <span class='ocrx_word' id='word_1_519' title='bbox 930 3411 1006 3439; x_wconf 76' lang='lat' dir='ltr'>gra·</span> <span class='ocrx_word' id='word_1_520' title='bbox 1092 3400 1193 3434; x_wconf 83' lang='lat' dir='ltr'>etiam</span> <span class='ocrx_word' id='word_1_521' title='bbox 1213 3401 1359 3435; x_wconf 79' lang='lat' dir='ltr'>conferri</span> <span class='ocrx_word' id='word_1_522' title='bbox 1379 3406 1450 3434; x_wconf 88' lang='lat' dir='ltr'>tum</span> <span class='ocrx_word' id='word_1_523' title='bbox 1473 3401 1507 3434; x_wconf 87' lang='lat' dir='ltr'>in</span> <span class='ocrx_word' id='word_1_524' title='bbox 1529 3400 1672 3434; x_wconf 80' lang='lat' dir='ltr'>concilio</span> <span class='ocrx_word' id='word_1_525' title='bbox 1690 3400 1886 3436; x_wconf 77' lang='lat' dir='ltr'>Florentino</span> <span class='ocrx_word' id='word_1_526' title='bbox 1900 3430 1907 3439; x_wconf 84' lang='grc'>,</span> <span class='ocrx_word' id='word_1_527' title='bbox 1927 3407 1999 3437; x_wconf 79' lang='lat' dir='ltr'>tum</span> 
     </span>
     <span class='ocr_line' id='line_1_52' title="bbox 98 3442 1512 3483; baseline 0.006 -10"><span class='ocrx_word' id='word_1_528' title='bbox 98 3442 179 3475; x_wconf 82' lang='lat' dir='ltr'>tiam</span> <span class='ocrx_word' id='word_1_529' title='bbox 198 3442 329 3475; x_wconf 74' lang='lat' dir='ltr'>coril&#39;ert</span> <span class='ocrx_word' id='word_1_530' title='bbox 345 3443 430 3476; x_wconf 70' lang='lat' dir='ltr'>sicut</span> <span class='ocrx_word' id='word_1_531' title='bbox 449 3447 568 3477; x_wconf 84' lang='lat' dir='ltr'>caetera</span> <span class='ocrx_word' id='word_1_532' title='bbox 597 3450 818 3483; x_wconf 80' lang='lat' dir='ltr'>sacramenta,</span> <span class='ocrx_word' id='word_1_533' title='bbox 839 3447 896 3480; x_wconf 86' lang='lat' dir='ltr'>sed</span> <span class='ocrx_word' id='word_1_534' title='bbox 921 3454 953 3480; x_wconf 84' lang='lat' dir='ltr'>et</span> <span class='ocrx_word' id='word_1_535' title='bbox 970 3448 1005 3481; x_wconf 86' lang='lat' dir='ltr'>in</span> <span class='ocrx_word' id='word_1_536' title='bbox 1092 3449 1127 3482; x_wconf 89' lang='lat' dir='ltr'>in</span> <span class='ocrx_word' id='word_1_537' title='bbox 1144 3448 1345 3483; x_wconf 80' lang='lat' dir='ltr'>catechismo</span> <span class='ocrx_word' id='word_1_538' title='bbox 1360 3460 1512 3483; x_wconf 83' lang='lat' dir='ltr'>romano.</span> 
     </span>
     <span class='ocr_line' id='line_1_53' title="bbox 97 3490 1006 3536; baseline 0.007 -13"><span class='ocrx_word' id='word_1_539' title='bbox 97 3490 192 3524; x_wconf 71' lang='lat' dir='ltr'>broie</span> <span class='ocrx_word' id='word_1_540' title='bbox 220 3503 293 3532; x_wconf 75' lang='lat' dir='ltr'>quae</span> <span class='ocrx_word' id='word_1_541' title='bbox 325 3503 386 3532; x_wconf 85' lang='lat' dir='ltr'>per</span> <span class='ocrx_word' id='word_1_542' title='bbox 410 3491 670 3526; x_wconf 81' lang='lat' dir='ltr'>matrimonium</span> <span class='ocrx_word' id='word_1_543' title='bbox 693 3498 894 3534; x_wconf 77' lang='lat' dir='ltr'>generatur,</span> <span class='ocrx_word' id='word_1_544' title='bbox 925 3495 1006 3536; x_wconf 76' lang='lat' dir='ltr'>quia</span> 
     </span>
    </p>
   </div>
  </div>
 </body>
</html>
