2170 3808
801 219 996 271 QUAEST.
1027 220 1086 273 X,
1116 220 1235 263 ART.
1266 219 1333 262 111.
1927 219 2008 261 105

123 310 196 349 est
223 308 377 349 certus
411 313 634 346 numerus
665 313 759 345 non
793 301 943 344 solum
977 312 1138 345 eorum
1160 312 1264 356 quae
1292 303 1403 344 sunt
1423 299 1599 356 absque
1632 299 1929 356 generatione
1963 305 2009 343 et

125 366 432 424 corruptione,
463 363 544 408 sed
570 363 707 407 etiam
738 362 1068 419 generabilium
1090 366 1137 405 et
1156 362 1538 418 corruptibilium.
1565 362 1796 414 Quantum
1818 361 1928 404 vere
1948 360 2007 404 ad

125 427 265 471 alium
297 426 484 471 modum
507 423 698 474 sciendi,
723 423 878 466 anima
903 421 1066 466 Christi
1088 421 1135 464 in
1159 421 1305 466 Verbo
1336 422 1424 466 scit
1445 422 1647 475 infinita,
1673 421 1759 466 scit
1780 421 1923 475 enim,
1954 425 2008 464 ut

124 489 298 532 dictum
318 493 388 532 est
406 489 510 541 (art.
529 486 705 542 praec.),
737 484 893 528 omnia
916 496 1020 540 quae
1038 487 1149 527 sunt
1176 483 1225 526 in
1249 483 1454 539 potentia
1484 489 1723 527 creaturae.
1749 483 1876 528 Unde
1898 485 2006 526 cum

126 549 171 593 in
207 549 410 606 potentia
443 551 667 591 creaturae
703 546 799 590 sint
827 545 1024 598 infinita,
1057 556 1139 600 per
1168 544 1294 588 hunc
1322 545 1514 588 modum
1537 545 1624 589 scit
1657 543 1838 589 infinita
1865 543 2002 601 quasi

125 609 322 665 quadam
355 608 544 653 scientia
558 607 779 663 simplicis
798 605 1131 662 intelligentiae,
1153 617 1247 648 non
1273 611 1428 649 autem
1450 605 1645 648 scientia
1662 606 1867 650 visionis.

178 671 243 716 Ad
267 674 466 728 primum
483 680 592 724 ergo
609 669 876 724 dicendum,
893 668 1016 724 quod
1040 667 1288 723 infinitum,
1311 667 1431 711 sicut
1446 666 1494 709 in
1517 666 1665 722 prima
1684 672 1814 723 parte
1828 668 2004 712 dictum

124 737 196 775 est
225 735 400 788 (quaest.
424 745 499 785 vn,
532 735 618 774 art.
649 733 707 786 1),
729 729 970 786 dupliciter
991 728 1185 773 dicitur:
1210 740 1305 772 uno
1334 727 1472 772 modo
1501 728 1759 772 secundum
1780 729 2004 772 rationem

125 791 307 848 formae3
331 799 376 837 et
398 792 465 836 sic
487 793 654 837 dicitur
671 792 904 835 infinitum
930 790 1157 846 negative,
1179 789 1353 834 scilicet
1373 789 1420 834 id
1439 790 1563 846 quod
1586 794 1656 833 est
1674 790 1822 833 forma
1841 790 1913 834 vel
1933 802 2004 834 ac-

124 858 199 896 tus
219 867 309 898 non
329 854 551 898 limitatus
574 866 656 910 per
670 853 908 897 materiam
927 853 1001 896 vel
1022 852 1299 908 subjectum,
1317 851 1364 895 in
1382 863 1476 908 quo
1490 851 1766 907 recipiatur:
1784 851 2004 907 ethujus-

125 915 248 959 modi
280 916 526 970 infinitum,
563 917 786 972 quantum
831 919 903 959 est
935 915 992 959 de
1024 927 1091 971 se,
1128 918 1199 958 est
1237 913 1439 957 maxime
1472 913 1783 968 cognoscibile
1818 917 2004 969 propter

123 977 447 1031 perfectionem
465 980 612 1030 actus,
630 977 736 1021 licet
751 988 843 1020 non
860 976 920 1020 sit
933 974 1346 1031 comprehensibile
1359 974 1386 1018 a
1397 975 1604 1030 potentia
1617 975 1745 1018 finita
1756 980 2000 1018 creaturae:

125 1036 192 1079 sic
211 1038 332 1082 enim
363 1039 530 1083 dicitur
551 1042 669 1083 Deus
693 1038 916 1082 infinitus.
940 1039 994 1080 Et
1021 1037 1110 1081 tale
1131 1036 1363 1080 infinitum
1387 1036 1542 1079 anima
1564 1036 1725 1080 Christi
1748 1036 2000 1092 cognoscit,

125 1096 228 1142 licet
249 1111 342 1143 non
365 1099 738 1156 comprehendat.
771 1099 868 1143 Alio
895 1098 1032 1143 modo
1051 1098 1219 1142 dicitur
1247 1097 1479 1141 infinitum
1500 1097 1758 1142 secundum
1777 1097 2002 1141 rationem

125 1161 351 1205 materiae:
385 1161 509 1218 quod
530 1161 715 1218 quidem
741 1160 908 1205 dicitur
931 1160 1170 1217 privative,
1194 1172 1253 1204 ex
1270 1160 1359 1204 hoc
1388 1159 1563 1204 scilicet
1583 1160 1706 1216 qued
1739 1172 1833 1203 non
1863 1158 2001 1203 habet

123 1220 316 1266 formam
335 1235 474 1280 quam
492 1228 650 1267 natum
668 1227 739 1267 est
760 1223 956 1267 habere:
980 1227 1027 1266 et
1045 1235 1128 1279 per
1146 1223 1207 1266 hu
1215 1234 1272 1266 ne
1298 1222 1490 1267 modum
1511 1222 1682 1267 dicitur
1703 1222 1932 1266 infinitum
1953 1223 2000 1267 in

123 1285 394 1338 quantitate.
414 1285 516 1347 Tale
537 1289 690 1328 autern
712 1284 941 1328 infinitum
961 1296 1019 1327 ex
1040 1284 1112 1328 sui
1133 1283 1311 1328 ratione
1338 1288 1410 1328 est
1437 1284 1667 1341 ignotum,
1691 1284 1800 1340 quia
1828 1284 2001 1329 scilicet

122 1350 192 1388 est
214 1347 345 1402 quasi
364 1347 554 1391 materia
567 1359 674 1391 cum
692 1347 947 1403 privatione
962 1347 1135 1400 formae,
1160 1355 1213 1390 ut
1232 1346 1398 1390 dicitur
1421 1346 1574 1402 (Phys.
1594 1345 1675 1390 lib.
1696 1359 1757 1402 111,
1779 1351 1893 1390 text.
1913 1349 1998 1400 65).

123 1407 280 1451 Omnis
293 1413 445 1453 autem
464 1410 665 1465 cognitio
677 1415 747 1454 est
765 1420 847 1465 per
864 1409 1056 1452 formam
1079 1408 1152 1452 vel
1174 1413 1345 1453 actum.
1364 1408 1435 1452 Sic
1452 1420 1564 1464 ergo
1583 1408 1621 1452 si
1640 1408 1718 1464 huj
1725 1408 1906 1453 usmodi
1925 1408 2000 1452 in-

121 1467 301 1514 finitum
322 1471 536 1526 cognosci
558 1471 723 1515 debeat
743 1471 998 1515 secundnm
1021 1470 1210 1514 modum
1240 1469 1386 1526 ipsius
1406 1468 1595 1525 cogniti,
1624 1469 1908 1526 impossibile
1929 1472 2000 1514 est

121 1532 246 1587 quod
266 1538 586 1588 cognoscatur.
611 1536 689 1577 Est
706 1533 829 1578 enim
843 1533 1012 1577 modus
1031 1533 1178 1588 ipsius
1195 1537 1247 1576 ut
1261 1532 1513 1588 accipiatur
1531 1544 1640 1588 pars
1654 1532 1757 1588 ejus
1775 1538 1880 1589 post
1896 1545 1999 1589 par-

119 1597 235 1648 tem,
257 1600 310 1638 ut
331 1595 498 1640 dicitur
519 1596 670 1652 &Phys
694 1595 772 1639 lib.
796 1610 859 1650 ln,
884 1599 994 1639 text.
1017 1597 1071 1639 62
1088 1600 1135 1638 et
1157 1597 1240 1645 63).
1262 1597 1317 1638 Et
1335 1595 1423 1639 hoc
1447 1595 1584 1641 modo
1602 1607 1764 1640 verum
1788 1596 1997 1652 estquod

121 1654 222 1710 ejus
243 1658 542 1712 quantitatem
564 1657 911 1713 accipientibus,
936 1656 1109 1700 scilicet
1129 1661 1256 1712 parte
1275 1659 1463 1713 accepta
1480 1663 1585 1713 post
1602 1662 1794 1714 partem,
1815 1669 1998 1712 semper

122 1722 194 1760 est
207 1717 374 1774 aliquid
398 1725 527 1763 extra
543 1720 764 1775 accipere.
789 1719 875 1763 Sed
898 1719 1018 1763 sicut
1035 1718 1290 1762 materialia
1307 1724 1504 1774 possunt
1524 1719 1668 1774 accipi
1688 1719 1747 1762 ab
1765 1718 1996 1763 intellectu

122 1776 479 1824 immaterialiter
496 1786 543 1824 et
567 1781 713 1824 multa
735 1781 862 1825 unite
883 1780 965 1836 (υς
998 1780 1063 1824 ita
1081 1779 1259 1823 infinita
1280 1786 1472 1836 possunt
1495 1781 1640 1837 accipi
1671 1780 1730 1824 ab
1761 1780 1996 1824 intellectu

123 1849 216 1882 non
236 1852 317 1895 per
337 1841 525 1886 modum
547 1842 729 1895 infiniti,
755 1844 838 1887 sed
850 1843 980 1898 quasi
998 1842 1150 1885 finite:
1170 1847 1224 1885 ut
1245 1842 1312 1885 sic
1331 1854 1385 1886 ea
1408 1854 1513 1898 quae
1535 1847 1646 1887 sunt
1666 1842 1716 1886 in
1735 1842 1899 1898 seipsis
1921 1843 1996 1886 in-

121 1899 265 1955 finita,
296 1901 390 1946 sint
419 1902 465 1945 in
497 1903 732 1947 intellectu
759 1903 1082 1958 cognoscentis
1112 1903 1257 1946 finita.
1280 1905 1334 1945 Et
1366 1904 1453 1946 hoc
1483 1904 1628 1948 >modo
1658 1904 1813 1947 anima
1835 1904 1995 1949 Christi

122 1962 207 2004 scit
225 1962 419 2018 infinita,
436 1964 711 2020 inquantum
732 1965 908 2008 scilicet
930 1965 1016 2009 scit
1030 1959 1085 2008 ea
1102 1976 1194 2007 non
1217 1963 1518 2008 discurrendo
1531 1978 1614 2021 per
1632 1965 1832 2021 singula,
1852 1965 1996 2010 sedin

120 2022 275 2078 aliquo
296 2037 412 2079 uno3
427 2026 539 2080 puta
561 2027 607 2070 in
632 2026 785 2082 aliqua
804 2031 1031 2083 creatura,
1056 2025 1103 2068 in
1127 2025 1262 2080 cujus
1280 2025 1485 2080 potentia
1506 2027 1712 2070 existunt
1734 2026 1929 2083 infinita,
1952 2034 1999 2072 et

120 2084 430 2141 principaliter
448 2082 496 2130 in
518 2088 620 2143 ipso
637 2088 798 2132 VerbO.

173 2148 240 2190 Ad
269 2148 513 2191 secundum
534 2149 800 2206 dicendum,
819 2149 943 2206 qued
965 2148 1078 2192 nihil
1101 2148 1311 2204 prohibet
1327 2149 1501 2205 aliquid
1521 2162 1625 2194 esse
1648 2149 1879 2194 infinitum
1901 2163 1995 2196 uno

119 2208 273 2265 modo,
293 2209 414 2264 quod
445 2214 515 2254 est
533 2210 623 2254 alio
650 2212 787 2255 modo
809 2212 1013 2266 finitum,
1038 2210 1159 2255 sicut
1179 2211 1218 2253 si
1247 2211 1555 2266 imaginemur
1585 2212 1632 2255 in
1662 2212 1996 2267 quantitatibus

121 2270 403 2324 superficiem
434 2284 537 2328 quae
556 2274 614 2317 sit
633 2274 889 2318 secundum
915 2272 1250 2328 longitudinem
1278 2273 1481 2329 infinita,
1505 2274 1764 2318 secundum
1797 2274 1996 2320 latitudi-

121 2342 225 2374 nem
248 2337 400 2376 autem
423 2334 566 2378 finita.
593 2334 664 2379 Sic
688 2335 828 2391 igitur
850 2335 888 2378 si
915 2337 1074 2378 essent
1100 2333 1268 2377 infiniti
1296 2334 1507 2378 homines
1538 2347 1750 2391 numero,
1773 2334 1995 2381 haberent

119 2391 304 2447 quidem
336 2395 606 2440 infinitatem
630 2397 887 2441 secundum
920 2395 1110 2451 aliquid,
1134 2395 1308 2439 scilicet
1330 2396 1588 2439 secundum
1618 2396 1992 2452 multitudinem3

118 2455 374 2499 secundum
403 2462 554 2501 tamen
589 2458 798 2503 essentiae
815 2458 1041 2502 rationem
1061 2457 1285 2501 haberent
1305 2457 1547 2513 finitatem,
1571 2458 1625 2501 eo
1647 2458 1768 2514 qued
1788 2460 1994 2505 omnium

118 2517 317 2560 essentia
335 2523 458 2562 esset
486 2518 678 2564 limitata
701 2520 789 2564 sub
811 2520 986 2564 ratione
1005 2520 1146 2563 unius
1178 2519 1363 2576 speciei.
1394 2520 1480 2564 Sed
1511 2520 1556 2563 id
1576 2521 1700 2576 quod
1724 2525 1795 2564 est
1816 2521 1995 2578 simpli-

118 2575 231 2621 citer
254 2579 501 2637 infinitum,
523 2581 779 2626 secundum
802 2581 1014 2626 essentiae
1031 2582 1273 2638 rationem,
1297 2587 1367 2626 est
1395 2584 1529 2634 Deus,
1549 2582 1668 2626 utin
1700 2583 1848 2638 prima
1864 2591 1993 2640 parte

119 2637 293 2683 dictum
315 2644 387 2684 est
411 2643 589 2697 (quaest.
622 2657 697 2698 vu,
728 2649 813 2687 art.
845 2645 902 2697 2).
930 2644 1169 2699 Proprium
1191 2647 1346 2687 autem
1370 2643 1603 2698 objectum
1636 2643 1899 2689 intellectus
1923 2655 1995 2691 est

119 2702 236 2754 quod
255 2703 363 2755 quid
379 2707 459 2759 est,
481 2710 532 2748 ut
549 2704 717 2749 dicitur
733 2707 809 2758 (De
828 2705 999 2759 anima,
1022 2704 1102 2749 lib.
1122 2718 1183 2760 ιιι,
1204 2710 1316 2748 text.
1340 2707 1429 2762 26),
1449 2704 1509 2749 ad
1523 2705 1649 2761 quod
1666 2706 1864 2761 pertinet
1876 2708 1994 2752 ratio

119 2762 302 2816 speciei.
321 2762 390 2807 Sic
413 2763 553 2819 igitur
571 2766 725 2810 anima
747 2767 924 2820 Christi,
944 2772 1131 2823 propter
1157 2767 1244 2810 hoc
1262 2766 1385 2822 quod
1408 2765 1546 2810 habet
1564 2768 1863 2823 capacitatem
1887 2768 1995 2813 fini-

120 2825 230 2876 tam,
251 2823 299 2867 id
314 2826 436 2879 quod
459 2832 530 2871 est
542 2826 808 2884 simpliciter
821 2828 1052 2872 infinitum
1072 2827 1330 2872 secundum
1353 2828 1618 2885 essentiam,
1638 2828 1813 2874 scilicet
1847 2832 1990 2876 Deum

118 2883 301 2946 attingit
316 2885 518 2942 quidem,
547 2890 628 2933 sed
648 2902 740 2933 non
758 2889 1116 2946 comprehendit,
1135 2895 1188 2932 ut
1212 2889 1386 2932 dictum
1409 2894 1480 2933 est
1505 2891 1608 2943 (art.
1631 2893 1650 2932 1
1672 2890 1769 2945 huj.
1790 2894 1990 2947 quaest.).

117 2945 165 2989 Id
188 2950 342 2990 autem
369 2945 596 2994 infinitum
628 2952 752 3007 quod
772 2952 820 2995 in
841 2952 1062 2996 creaturis
1082 2956 1152 2995 est
1177 2950 1225 2993 in
1248 2951 1470 3006 potentia,
1493 2955 1644 3006 potest
1664 2953 1989 3007 comprehendi

116 3006 176 3050 ab
213 3007 366 3051 anima
399 3009 577 3066 Christi,
605 3012 712 3067 quia
739 3019 1031 3071 comparatur
1058 3013 1113 3057 ad
1141 3012 1290 3068 ipsam
1323 3013 1581 3057 secundum
1608 3014 1823 3058 essentiae
1850 3016 1991 3060 ratio-

116 3079 223 3111 nem
241 3070 314 3123 (2),
338 3080 395 3113 ex
412 3081 504 3126 qua
523 3076 652 3127 parte
670 3073 940 3119 infinitatem
964 3087 1058 3118 non
1081 3074 1235 3118 habet.
1258 3075 1371 3117 Nam
1401 3074 1537 3118 etiam
1552 3074 1814 3119 intellectus
1832 3083 1990 3122 noster

114 3129 329 3188 intelligit
343 3132 619 3188 universale,
643 3136 755 3191 puta
778 3142 988 3182 naturam
1011 3136 1196 3192 generis
1216 3136 1291 3179 vel
1311 3136 1495 3193 speciei,
1512 3137 1638 3193 quod
1651 3138 1988 3194 quodammodo

113 3192 250 3237 habet
273 3193 560 3252 infinitatem,
583 3196 858 3253 inquantum
873 3204 1023 3255 potest
1040 3199 1098 3243 de
1119 3196 1311 3241 infinitis
1332 3198 1589 3254 praedicari.

168 3254 232 3298 Ad
255 3258 434 3298 tertium
462 3256 727 3313 dicendum,
747 3258 870 3315 quod
894 3259 939 3303 id
968 3258 1093 3316 quod
1111 3263 1183 3301 est
1204 3257 1432 3303 infinitum
1466 3260 1685 3305 omnibus
1707 3261 1872 3316 modiS,
1893 3273 1985 3306 non

154 3349 198 3389 (ri)
212 3350 347 3391 Supple.
365 3351 468 3392 accipi
483 3357 639 3391 possuntt
665 3366 786 3395 nempe
799 3359 837 3390 ut
848 3367 909 3397 per
926 3366 1000 3389 mo-
1088 3354 1170 3388 tiam
1186 3353 1381 3397 virtualem;
1402 3355 1489 3390 sicut
1508 3357 1698 3392 universale
1719 3358 1807 3398 quod
1823 3356 1860 3390 in
1876 3369 1984 3391 exem-

112 3394 193 3430 dum
209 3397 308 3430 unius
323 3398 414 3438 quasi
434 3399 600 3435 collectim
615 3408 866 3440 cognoscantur.
1089 3400 1183 3442 plum
1206 3401 1439 3444 subjungitur.
1471 3405 1680 3439 illimitatam
1706 3404 1983 3446 potentialitatem

152 3443 195 3484 (2)
204 3443 275 3478 Nou
285 3446 464 3480 secundam
472 3447 749 3488 potentialitutem
758 3449 826 3485 sive
834 3449 1006 3484 continen·
1088 3447 1194 3485 habet
1219 3450 1276 3484 sed
1295 3453 1472 3487 essentium
1486 3452 1680 3488 limitatam.
