2170 3808
840 171 1038 223 QUAEsr.
1069 172 1152 226 XL,
1182 171 1299 214 ΛΒΤ.
1330 171 1364 214 1.
1958 171 2041 215 335

227 251 498 311 Respondet)
511 251 759 297 dicendum
771 251 896 308 qubd
910 252 1200 296 conversatio
1214 250 1380 296 Christi
1396 250 1500 295 talis
1510 250 1670 296 debuit
1686 262 1790 295 esse
1801 255 1855 295 ut
1871 263 2041 296 conve-

175 318 295 362 niret
311 313 394 360 fini
413 313 1025 365 incarnationis,secund1‘1m
1046 325 1185 369 quem
1202 313 1388 357 venitin
1408 313 1653 357 mundum.
1673 313 1803 357 Venit
1821 318 1976 356 autem
1992 313 2040 358 in

169 378 395 423 mundum
410 375 555 433 primb
568 374 755 432 quidem
769 375 827 418 ad
842 375 1232 418 manifestandum
1245 374 1502 429 veritatem,
1513 374 1634 418 sicut
1655 374 1753 430 ipse
1769 374 1879 418 dicit
1891 376 2036 425 (Joan.

169 453 286 493 xvffl,
300 440 371 494 37)
390 453 401 480 :
417 442 469 481 ln
491 438 572 480 boc
587 439 723 479 natus
745 437 858 488 sum,
876 440 918 480 et
940 437 1003 479 ad
1023 435 1106 479 Iwc
1127 438 1224 478 veni
1240 438 1290 477 in
1311 436 1600 486 munclunz‚ut
1623 439 1919 478 testimoniam
1937 448 2040 491 per-

161 500 348 544 -lzibeam
361 501 562 543 veritati.
579 500 631 542 Et
649 498 753 542 ideo
777 511 869 541 non
892 496 1090 542 debebat
1111 509 1162 540 se
1181 496 1583 551 occultare,vitam
1606 498 1858 541 solitariam
1875 509 2037 554 agens,

170 562 310 607 sedin
321 560 556 618 publicum
569 559 830 616 procedere,
846 559 1027 616 publice
1039 557 1480 615 praedicand0.Unde
1493 559 1705 609 (Lucaeiv,
1726 561 1799 612 43)
1823 559 1936 602 dixit
1951 559 2039 604 illis

173 624 253 680 qui
269 622 483 668 volebant
501 633 608 666 eum
633 621 872 666 detinere:
900 623 1016 677 Quia
1045 623 1088 664 et
1115 620 1225 662 aliis
1254 619 1506 663 civitatibus
1528 623 1702 675 oportet
1721 634 1788 663 me
1807 621 2037 677 evanqeli-

173 698 284 729 zare
299 697 488 742 reqnum
509 687 606 738 Dei,
619 686 725 740 qaia
744 684 843 727 ideo
865 686 1023 726 missas
1047 695 1161 727 sum.
1188 681 1415 737 Secundo,
1436 680 1566 725 venit
1588 681 1646 725 ad
1665 681 1752 724 hoc
1768 687 1818 725 ut
1831 683 2040 728 homines

167 746 196 790 a
212 750 403 803 peccato
422 745 653 802 liberaret,
669 745 926 790 secundum
948 744 1126 796 illud(1.
1149 744 1340 788 Timoth.
1364 757 1407 801 1,
1428 745 1499 798 15)
1517 757 1530 787 ι
1547 742 1756 786 Christus
1772 747 1900 787 Jesus
1920 748 2040 790 venit

168 812 216 852 in
240 809 357 852 hunc
378 808 592 851 mundum
616 811 874 863 peccatores
898 807 1048 850 salvos
1068 809 1235 861 facere.
1267 809 1320 850 Et
1346 805 1465 859 ideo,
1486 809 1540 849 ut
1560 806 1915 862 Chrysostomus
1932 806 2041 853 dicit

169 869 379 924 (habetur
398 869 444 913 in
464 872 559 913 Cat.
581 882 684 913 aur.
707 872 751 913 S.
775 871 875 924 Th„
897 882 999 925 sup.
1018 869 1133 913 illud
1153 872 1260 912 Luc.
1281 882 1320 912 ιν
1343 882 1353 910 ε
1379 871 1499 924 Quia
1519 871 1563 911 et
1581 868 1686 911 aliis
1704 869 1963 924 civitatib),
1983 868 2042 914 li—

168 931 283 975 eet-1
304 931 353 975 in
376 931 538 976 eodem
562 931 663 975 loco
683 931 1094 988 manendoxposset
1125 931 1329 975 Christus
1351 930 1410 974 ad
1435 942 1487 976 se
1508 941 1675 974 omnes
1700 930 1956 986 attrahere,
1990 937 2041 976 ut

168 991 270 1049 eJus
289 992 661 1050 praedicationem
679 992 920 1048 audirent3
945 1004 1036 1036 non
1062 997 1216 1036 tamen
1240 992 1328 1035 hoc
1345 989 1469 1049 fecit,
1489 990 1701 1047 praebens
1731 991 1865 1034 nobis
1885 1003 2041 1035 exem-

168 1053 320 1110 plum,
349 1058 402 1098 ut
423 1054 825 1109 perambulemus,
858 1058 905 1099 et
933 1053 1227 1110 requiramus
1249 1056 1553 1110 pereuntem,
1586 1052 1707 1097 sicut
1731 1057 1887 1108 pastor
1907 1064 2040 1097 ovem

168 1114 392 1170 perditam
407 1147 421 1170 ,
443 1121 490 1159 et
511 1115 718 1159 medicus
738 1114 914 1160 accedit
936 1114 995 1159 ad
1024 1114 1274 1157 infirmum.
1299 1132 1319 1152 »
1350 1113 1525 1168 Tertib,
1547 1114 1673 1158 venit
1701 1118 1753 1157 ut
1778 1126 1858 1170 per
1889 1114 2041 1170 ipsum

167 1175 420 1221 habeamus
442 1188 681 1221 accessum
700 1177 759 1221 ad
773 1179 936 1231 Deum,
953 1181 1005 1219 ut
1019 1174 1188 1219 dicitur
1201 1177 1345 1228 (Rom.
1368 1177 1430 1229 v).
1447 1177 1499 1218 Et
1516 1174 1621 1220 ideo
1635 1175 1917 1219 familiariter
1935 1188 2040 1220 cum

159 1235 430 1282 hominibus
450 1238 790 1296 conversando,
811 1237 1095 1282 conveniens
1114 1236 1202 1280 fuit
1220 1241 1273 1280 ut
1295 1236 1562 1280 hominibus
1587 1237 1802 1281 fiduciam
1833 1237 1963 1281 daret
1983 1236 2042 1282 ad
2104 1270 2109 1276 .

166 1309 218 1343 Se
236 1299 501 1345 accedendi.
525 1299 650 1343 Unde
673 1299 1112 1355 dicitur(Matth.1x,
1132 1301 1235 1354 10).
1259 1302 1456 1341 Factam
1478 1302 1570 1354 est,
1601 1299 1898 1341 discumbente
1917 1312 1968 1341 eo
1994 1302 2043 1342 in

164 1360 311 1416 domo,
332 1373 428 1404 ecce
447 1351 576 1404 'vnum
605 1361 840 1417 publicani
856 1364 900 1404 et
915 1364 1175 1417 peccatores
1200 1362 1423 1403 venientes
1453 1361 1789 1404 discumbebant
1817 1373 1917 1403 cum
1936 1363 2043 1404 ,Iesu

164 1424 208 1466 et
228 1422 464 1479 discipulis
483 1436 604 1479 eyus;
634 1423 760 1479 quod
789 1435 1028 1479 exponens
1051 1423 1359 1480 Hieronymus
1390 1422 1532 1467 dicit:
1563 1425 1877 1467 «Peccatores
1908 1422 2042 1466 vide-

163 1489 274 1529 runt
296 1484 595 1540 publicanum
625 1487 682 1538 (1)
703 1485 730 1528 a
759 1485 961 1541 peccatis
983 1485 1040 1528 ad
1075 1484 1267 1528 meliora
1296 1496 1600 1543 conversum,
1630 1483 1785 1528 locum
1809 1484 2042 1544 invenisse

163 1545 462 1603 poenitentiae,
486 1551 531 1590 et
553 1546 613 1590 ob
633 1546 679 1591 id
702 1547 839 1591 etiam
862 1546 950 1603 ipsi
973 1559 1066 1590 non
1088 1546 1337 1602 desperant
1357 1546 1571 1591 salutem.
1596 1565 1616 1584 n

217 1606 284 1652 Ad
301 1611 501 1663 primum
522 1619 632 1663 ergo
654 1608 925 1665 dicendum,
954 1607 1079 1665 quod
1099 1608 1307 1653 Christus
1329 1620 1412 1665 per
1433 1608 1766 1653 humanitatem
1794 1619 1926 1652 suam
1956 1618 2041 1651 vo·

165 1666 251 1711 luit
268 1668 561 1712 manifestare
589 1668 876 1714 divinitatem
898 1684 911 1714 ε
937 1674 983 1713 et
1012 1669 1114 1714 ideo
1134 1669 1453 1714 conversando
1476 1682 1584 1714 cum
1613 1669 1878 1713 hominibus
1898 1676 1908 1715 (’
1916 1668 2041 1725 quod

164 1732 235 1772 est
266 1729 502 1784 proprium
524 1729 763 1786 hominis),
800 1730 1113 1775 manifestavit
1145 1730 1363 1775 omnibus
1392 1743 1526 1775 suam
1560 1730 1848 1776 divinitatem
1872 1729 2040 1787 praedi-

164 1790 330 1842 cando.
353 1796 400 1835 et
419 1791 642 1836 miracula
660 1793 887 1847 faciendo,
906 1799 952 1837 et
971 1790 1242 1837 innocenter
1263 1798 1309 1838 et
1327 1794 1453 1849 J'uste
1475 1794 1596 1838 inter
1618 1794 1828 1838 homines
1846 1804 2040 1837 conver-

165 1853 310 1897 sando
329 1855 404 1907 (2).

217 1915 284 1959 Ad
312 1915 555 1958 secundum
576 1915 852 1972 dicendum,
876 1915 999 1972 qubd
1016 1949 1029 1972 ,
1052 1917 1172 1960 sicut
1189 1916 1238 1960 in
1261 1917 1467 1962 secunda
1489 1920 1619 1972 parte
1639 1917 1815 1961 dictum
1834 1922 1905 1960 est
1931 1919 1973 1970 (⁹2
1993 1920 2036 1973 2,

163 1980 327 2033 quaest.
348 1989 535 2032 cmxxxii,
555 1982 643 2021 art.
665 1980 709 2034 1,
729 1981 775 2021 et
786 1982 951 2033 quaest.
979 1991 1186 2022 cnxxxvm
1201 2011 1213 2033 ,
1235 1982 1321 2022 art.
1343 1984 1403 2035 6),
1427 1978 1522 2021 vita
1546 1977 1908 2033 contemplativa
1929 1977 2040 2023 sim-

161 2038 340 2094 pliciter
361 2044 432 2082 est
451 2038 614 2082 melior
634 2038 774 2094 quam
787 2039 936 2083 activa
956 2052 1059 2096 quae
1079 2044 1332 2096 occupatur
1343 2040 1466 2084 circa
1489 2040 1750 2096 corporales
1773 2044 1930 2083 actus:
1956 2039 2039 2086 sed

161 2100 254 2145 vita
274 2100 448 2154 activa,
468 2100 726 2144 secundum
750 2113 890 2156 quam
921 2101 1089 2158 aliquis
1114 2101 1410 2157 praedicando
1433 2105 1480 2145 et
1501 2100 1708 2146 docendo
1729 2101 2037 2158 contemplata

162 2161 263 2206 aliis
281 2161 445 2217 tradit,
469 2167 540 2205 est
558 2161 968 2218 perfectiorquam
991 2163 1083 2207 vita
1105 2175 1209 2219 quae
1232 2164 1382 2207 solum
1413 2168 1485 2208 est
1513 2163 1871 2220 contemplativa
1893 2177 1903 2206 :
1930 2163 2034 2220 quia

161 2223 264 2266 talis
287 2223 379 2266 vita
399 2222 713 2279 praesupponit
735 2222 1067 2267 abundantiam
1097 2224 1515 2280 contemplationis.
1537 2227 1592 2269 Et
1619 2225 1722 2269 ideo
1740 2224 1947 2268 Christus
1969 2229 2038 2269 ta—

160 2283 252 2328 lem
270 2283 413 2328 vitam
433 2283 586 2338 elegit.

213 2345 280 2390 Ad
300 2347 484 2388 tertium
506 2345 770 2401 dicendum,
801 2345 925 2401 qubd
952 2346 1071 2389 aetio
1098 2345 1262 2389 Christi
1279 2346 1367 2390 fuit
1390 2351 1547 2391 nostra
1565 2346 1824 2391 instructio.
1855 2349 1909 2391 Et
1932 2346 2037 2391 ideo

160 2410 210 2451 ut
229 2406 360 2451 daret
382 2406 644 2462 exemplum
667 2406 1047 2461 praedicatoribus
1061 2438 1074 2462 ,
1097 2406 1221 2463 qubd
1239 2420 1334 2451 non
1352 2420 1537 2464 semper
1555 2421 1606 2453 se
1625 2408 1791 2452 darent
1811 2407 1857 2451 in
1880 2406 2037 2464 publi-
2103 2440 2110 2448 s

158 2479 283 2524 cum,
301 2468 579 2524 quandoque
593 2469 811 2512 Dominus
827 2480 878 2512 se
894 2468 921 2512 a
938 2468 1085 2512 turbis
1105 2469 1309 2513 retraxit.
1333 2470 1463 2521 Quod
1482 2470 1670 2527 quidem
1688 2470 1856 2525 legitur
1872 2469 2036 2515 secisse

159 2533 346 2586 propter
364 2528 450 2573 tria
466 2543 477 2572 ι
495 2529 775 2586 quandoque
791 2530 979 2586 quidem
992 2535 1177 2586 propter
1188 2531 1478 2588 corporalem
1492 2530 1696 2588 quietem
1715 2546 1726 2573 ε
1743 2531 1868 2575 unde
1888 2530 2035 2581 (Marci

161 2603 224 2648 Vl,
245 2593 312 2641 31)
335 2590 502 2636 dicitur
521 2591 644 2647 quod
668 2591 889 2636 Dominus
910 2591 1025 2636 dixit
1047 2591 1286 2648 discipulis
1305 2607 1316 2634 ε
1337 2595 1493 2636 Venite
1518 2594 1717 2636 seorsum
1739 2596 1787 2636 in
1810 2594 2035 2637 desertum

159 2652 318 2704 locum,
333 2656 375 2695 et
393 2655 650 2707 requiescite
663 2654 907 2709 pusillam:
927 2658 1062 2697 erant
1078 2657 1196 2697 enim
1228 2656 1303 2709 qui
1326 2655 1558 2698 veniebant
1574 2657 1615 2700 et
1640 2656 1856 2698 redibant
1884 2655 2031 2710 malti,

159 2716 202 2756 et
220 2726 300 2756 nec
335 2716 530 2769 spatium
569 2715 880 2758 manducandi
914 2715 1153 2759 habebant.
1176 2715 1462 2771 Quandoque
1484 2716 1594 2759 vero
1614 2729 1757 2759 causa
1796 2715 2032 2761 orationis.

159 2773 287 2819 Unde
317 2773 486 2819 dicitur
520 2776 670 2828 (Lucae
693 2789 751 2831 w,
777 2778 883 2830 12):
913 2779 1109 2820 Factum
1131 2781 1196 2820 est
1231 2780 1278 2819 in
1310 2778 1405 2820 illis
1437 2778 1617 2833 diebus,
1641 2781 1752 2821 exiit
1775 2791 1821 2820 m
1842 2782 2034 2822 montem

158 2848 308 2891 orare,
326 2839 370 2879 et
384 2839 483 2878 erat
499 2840 766 2891 pernoctans
787 2840 835 2880 in
856 2841 1056 2881 oratione
1069 2840 1179 2881 Dei:
1192 2838 1273 2882 uhi
1295 2838 1358 2882 ait
1373 2838 1641 2883 Ambrosius
1661 2838 1784 2894 quod
1806 2855 1826 2876 «
1843 2839 1900 2883 ad
1918 2851 2035 2896 prae—

157 2899 288 2952 cepta
301 2895 484 2940 virtutis
499 2907 584 2940 suo
603 2909 690 2942 nos
711 2897 929 2943 informat
944 2899 1210 2955 exemplo.»
1236 2900 1518 2956 Quandoque
1545 2900 1656 2945 vero
1674 2906 1726 2944 ut
1759 2901 1942 2945 doceret
1963 2901 2034 2946 fa·

157 2969 315 3002 vorem
337 2958 592 3001 humanum
614 2959 774 3002 vitaime
798 2961 924 3005 Unde
945 2973 1086 3017 super
1108 2961 1222 3006 illud
1244 2963 1413 3015 matth.
1436 2968 1501 3015 v).
1527 2962 1692 3005 Videns
1715 2966 1839 3005 ,lesus
1859 2963 2029 3019 turbas,

159 3019 360 3062 ascendit
374 3022 422 3061 in
445 3022 654 3074 montem,
679 3019 790 3064 dicit
804 3021 1161 3079 Chrysostomus
1184 3023 1322 3093 (hom.
1343 3035 1396 3066 xv
1417 3022 1465 3066 in
1486 3024 1659 3078 Matth.,
1684 3023 1805 3067 circa
1828 3024 1976 3080 princ.
1981 3025 2028 3080 ):

159 3082 293 3124 <Per
314 3080 402 3124 hoc
425 3079 547 3136 qued
573 3092 667 3123 non
690 3079 738 3123 in
761 3082 949 3127 civitate
979 3088 1025 3127 et
1043 3084 1158 3141 foro,
1180 3084 1295 3128 sed
1285 3097 1332 3127 m
1367 3089 1541 3140 monte,
1559 3088 1604 3129 et
1623 3085 1872 3130 solitudine
1894 3086 2026 3145 sedit,

196 3200 239 3242 (l)
230 3199 307 3239 )Ita
330 3199 431 3235 codex
454 3200 569 3235 Alean.
589 3200 813 3242 Hieronymus
827 3213 887 3236 eon
868 3202 1044 3238 nformius.
1169 3204 1218 3245 (2)
1250 3203 1338 3237 Hine
1369 3203 1480 3238 dicere
1507 3207 1693 3246 potuerunt
1719 3205 1859 3246 apostoli
1881 3217 1891 3240 x
1922 3206 2028 3248 Quod

153 3246 245 3282 Editi
274 3246 394 3287 passim
419 3259 428 3281 ι
455 3248 629 3283 Videbam
659 3248 896 3291 publicanum
913 3250 936 3284 ὰ
964 3261 1044 3293 pec·
1129 3251 1201 3293 fuit
1217 3251 1260 3284 ab
1275 3252 1398 3291 initio,
1410 3251 1506 3296 quod
1522 3253 1745 3290 audivimas,
1762 3253 1856 3296 quod
1871 3254 2027 3291 vidimus

154 3297 266 3334 catis,
287 3299 349 3328 etc.
370 3295 458 3329 Edit.
479 3296 587 3336 llum,
615 3296 791 3331 Viderant
815 3297 1007 3340 publicani
1022 3299 1046 3332 ὰ
1130 3298 1247 3333 oculis
1261 3301 1420 3339 nostris,
1440 3299 1534 3343 quod
1550 3302 1821 3344 perspeximus,
1844 3304 1876 3334 et
1894 3311 2026 3336 manus

152 3343 309 3386 peccatis
321 3342 369 3376 ad
382 3343 535 3378 meliora
550 3345 716 3381 conversi
732 3345 850 3380 locam
866 3347 1044 3382 invenisse
1129 3349 1266 3379 nostroe
1287 3350 1604 3382 contrectaverunt
1627 3347 1670 3381 de
1686 3347 1789 3382 verbo
1812 3348 1934 3387 vitae..,
1959 3357 2024 3383 ane

152 3391 384 3432 poenitencioe,
407 3395 469 3425 etc.
992 3423 995 3425 .
1129 3395 1345 3429 nuntiamus
1359 3395 1456 3430 vobis
1469 3395 1509 3437 (Ι.
1527 3395 1674 3431 Joan.1l.
