<?xml version="1.0" encoding="UTF-8"?>
<!DOCTYPE html PUBLIC "-//W3C//DTD XHTML 1.0 Transitional//EN"
    "http://www.w3.org/TR/xhtml1/DTD/xhtml1-transitional.dtd">
<html xmlns="http://www.w3.org/1999/xhtml" xml:lang="en" lang="en">
 <head>
  <title>
</title>
<meta http-equiv="Content-Type" content="text/html;charset=utf-8" />
  <meta name='ocr-system' content='tesseract 3.04.00' />
  <meta name='ocr-capabilities' content='ocr_page ocr_carea ocr_par ocr_line ocrx_word'/>
</head>
<body>
  <div class='ocr_page' id='page_1' title='image "./summatheologica06thomuoft_0329.png"; bbox 0 0 2170 3808; ppageno 0'>
   <div class='ocr_carea' id='block_1_1' title="bbox 557 222 1915 281">
    <p class='ocr_par' dir='ltr' id='par_1_1' title="bbox 557 222 1915 281">
     <span class='ocr_line' id='line_1_1' title="bbox 557 222 1915 281; baseline 0.005 -17"><span class='ocrx_word' id='word_1_1' title='bbox 557 222 756 274; x_wconf 83' lang='lat' dir='ltr'>QUAEST.</span> <span class='ocrx_word' id='word_1_2' title='bbox 787 224 945 281; x_wconf 88' lang='lat' dir='ltr'>XXXV,</span> <span class='ocrx_word' id='word_1_3' title='bbox 976 226 1094 269; x_wconf 82' lang='lat' dir='ltr'>ART.</span> <span class='ocrx_word' id='word_1_4' title='bbox 1126 226 1178 268; x_wconf 90' lang='lat' dir='ltr'>VI</span> <span class='ocrx_word' id='word_1_5' title='bbox 1205 227 1272 269; x_wconf 90' lang='lat' dir='ltr'>ET</span> <span class='ocrx_word' id='word_1_6' title='bbox 1299 226 1385 269; x_wconf 85' lang='lat' dir='ltr'>vn.</span> <span class='ocrx_word' id='word_1_7' title='bbox 1831 228 1915 271; x_wconf 75' lang='lat'>293</span> 
     </span>
    </p>
   </div>
   <div class='ocr_carea' id='block_1_2' title="bbox 26 303 1920 1723">
    <p class='ocr_par' dir='ltr' id='par_1_2' title="bbox 27 303 1915 663">
     <span class='ocr_line' id='line_1_2' title="bbox 30 303 1914 362; baseline 0.003 -17"><span class='ocrx_word' id='word_1_8' title='bbox 30 314 248 359; x_wconf 75' lang='lat' dir='ltr'>ronymus</span> <span class='ocrx_word' id='word_1_9' title='bbox 264 303 374 348; x_wconf 91' lang='lat' dir='ltr'>dicit</span> <span class='ocrx_word' id='word_1_10' title='bbox 388 307 548 348; x_wconf 89' lang='lat' dir='ltr'>contra</span> <span class='ocrx_word' id='word_1_11' title='bbox 566 304 823 349; x_wconf 91' lang='lat' dir='ltr'>Helvidium</span> <span class='ocrx_word' id='word_1_12' title='bbox 844 308 962 362; x_wconf 88' lang='lat' dir='ltr'>(cap.</span> <span class='ocrx_word' id='word_1_13' title='bbox 976 310 1020 361; x_wconf 75' lang='lat'>4,</span> <span class='ocrx_word' id='word_1_14' title='bbox 1039 306 1087 349; x_wconf 90' lang='lat' dir='ltr'>in</span> <span class='ocrx_word' id='word_1_15' title='bbox 1102 306 1203 361; x_wconf 89' lang='lat' dir='ltr'>fin.)</span> <span class='ocrx_word' id='word_1_16' title='bbox 1228 321 1238 348; x_wconf 73' lang='grc' dir='ltr'>ι</span> <span class='ocrx_word' id='word_1_17' title='bbox 1264 306 1426 351; x_wconf 80' lang='lat' dir='ltr'>«Nulla</span> <span class='ocrx_word' id='word_1_18' title='bbox 1446 306 1509 351; x_wconf 89' lang='lat' dir='ltr'>ibi</span> <span class='ocrx_word' id='word_1_19' title='bbox 1530 306 1768 361; x_wconf 85' lang='lat' dir='ltr'>obstetrix,</span> <span class='ocrx_word' id='word_1_20' title='bbox 1786 307 1914 351; x_wconf 83' lang='lat' dir='ltr'>nulla</span> 
     </span>
     <span class='ocr_line' id='line_1_3' title="bbox 29 364 1912 425; baseline 0.004 -18"><span class='ocrx_word' id='word_1_21' title='bbox 29 364 397 409; x_wconf 80' lang='lat' dir='ltr'>muliercularum</span> <span class='ocrx_word' id='word_1_22' title='bbox 425 364 649 410; x_wconf 83' lang='lat' dir='ltr'>sedulitas</span> <span class='ocrx_word' id='word_1_23' title='bbox 666 365 928 410; x_wconf 65' lang='lat' dir='ltr'>intercessit</span> <span class='ocrx_word' id='word_1_24' title='bbox 966 383 977 410; x_wconf 79' lang='lat' dir='ltr'>z</span> <span class='ocrx_word' id='word_1_25' title='bbox 1002 372 1049 411; x_wconf 91' lang='lat' dir='ltr'>et</span> <span class='ocrx_word' id='word_1_26' title='bbox 1075 371 1240 425; x_wconf 88' lang='lat' dir='ltr'>mater,</span> <span class='ocrx_word' id='word_1_27' title='bbox 1271 374 1318 413; x_wconf 90' lang='lat' dir='ltr'>et</span> <span class='ocrx_word' id='word_1_28' title='bbox 1342 369 1567 413; x_wconf 84' lang='lat' dir='ltr'>obstetrix</span> <span class='ocrx_word' id='word_1_29' title='bbox 1598 369 1701 413; x_wconf 87' lang='lat' dir='ltr'>fuit.</span> <span class='ocrx_word' id='word_1_30' title='bbox 1725 371 1912 424; x_wconf 87' lang='lat' dir='ltr'>Pannis,</span> 
     </span>
     <span class='ocr_line' id='line_1_4' title="bbox 29 425 1915 488; baseline 0.004 -20"><span class='ocrx_word' id='word_1_31' title='bbox 29 425 189 483; x_wconf 75' lang='lat' dir='ltr'>nquit,</span> <span class='ocrx_word' id='word_1_32' title='bbox 208 427 397 472; x_wconf 84' lang='lat' dir='ltr'>involvit</span> <span class='ocrx_word' id='word_1_33' title='bbox 417 427 658 481; x_wconf 81' lang='lat' dir='ltr'>infantem,</span> <span class='ocrx_word' id='word_1_34' title='bbox 677 432 723 471; x_wconf 90' lang='lat' dir='ltr'>et</span> <span class='ocrx_word' id='word_1_35' title='bbox 741 429 899 484; x_wconf 88' lang='lat' dir='ltr'>posuit</span> <span class='ocrx_word' id='word_1_36' title='bbox 913 428 961 473; x_wconf 91' lang='lat' dir='ltr'>in</span> <span class='ocrx_word' id='word_1_37' title='bbox 982 429 1207 485; x_wconf 81' lang='lat' dir='ltr'>praesepio</span> <span class='ocrx_word' id='word_1_38' title='bbox 1229 444 1240 474; x_wconf 73' lang='grc' dir='ltr'><strong>ε</strong></span> <span class='ocrx_word' id='word_1_39' title='bbox 1260 441 1366 486; x_wconf 88' lang='lat' dir='ltr'>quae</span> <span class='ocrx_word' id='word_1_40' title='bbox 1380 430 1610 475; x_wconf 88' lang='lat' dir='ltr'>sententia</span> <span class='ocrx_word' id='word_1_41' title='bbox 1632 432 1915 488; x_wconf 86' lang='lat' dir='ltr'>apocrypho-</span> 
     </span>
     <span class='ocr_line' id='line_1_5' title="bbox 27 488 745 534; baseline -0.003 -3"><span class='ocrx_word' id='word_1_42' title='bbox 27 499 126 532; x_wconf 87' lang='lat' dir='ltr'>rum</span> <span class='ocrx_word' id='word_1_43' title='bbox 146 488 446 534; x_wconf 88' lang='lat' dir='ltr'>deliramenta</span> <span class='ocrx_word' id='word_1_44' title='bbox 464 489 745 534; x_wconf 82' lang='lat' dir='ltr'>convincit.»</span> 
     </span>
     <span class='ocr_line' id='line_1_6' title="bbox 106 553 1829 609; baseline 0.004 -17"><span class='ocrx_word' id='word_1_45' title='bbox 106 553 448 595; x_wconf 86' lang='lat' dir='ltr'>ARTICULUS</span> <span class='ocrx_word' id='word_1_46' title='bbox 476 554 581 594; x_wconf 85' lang='lat' dir='ltr'>vll.</span> <span class='ocrx_word' id='word_1_47' title='bbox 610 575 665 584; x_wconf 83' lang='lat'>—</span> <span class='ocrx_word' id='word_1_48' title='bbox 698 566 832 595; x_wconf 73' lang='lat' dir='ltr'>urium</span> <span class='ocrx_word' id='word_1_49' title='bbox 856 565 1268 596; x_wconf 70' lang='lat' dir='ltr'>cnmsrusnssnussmr</span> <span class='ocrx_word' id='word_1_50' title='bbox 1291 566 1334 595; x_wconf 82' lang='grc' dir='ltr'>ιΝ</span> <span class='ocrx_word' id='word_1_51' title='bbox 1351 566 1596 595; x_wconf 66' lang='lat' dir='ltr'>nummum</span> <span class='ocrx_word' id='word_1_52' title='bbox 1622 567 1739 598; x_wconf 70' lang='lat' dir='ltr'>mse!</span> <span class='ocrx_word' id='word_1_53' title='bbox 1755 555 1829 609; x_wconf 87' lang='lat'>(1).</span> 
     </span>
     <span class='ocr_line' id='line_1_7' title="bbox 223 619 1714 663; baseline 0.001 -8"><span class='ocrx_word' id='word_1_54' title='bbox 223 620 271 655; x_wconf 81' lang='lat' dir='ltr'>De</span> <span class='ocrx_word' id='word_1_55' title='bbox 285 619 337 654; x_wconf 86' lang='lat' dir='ltr'>his</span> <span class='ocrx_word' id='word_1_56' title='bbox 351 619 456 654; x_wconf 75' lang='lat' dir='ltr'>etiam</span> <span class='ocrx_word' id='word_1_57' title='bbox 470 619 571 660; x_wconf 76' lang='lat' dir='ltr'>infra,</span> <span class='ocrx_word' id='word_1_58' title='bbox 587 624 701 661; x_wconf 77' lang='lat' dir='ltr'>quaest.</span> <span class='ocrx_word' id='word_1_59' title='bbox 720 629 812 661; x_wconf 73' lang='lat' dir='ltr'>xlm,</span> <span class='ocrx_word' id='word_1_60' title='bbox 827 624 892 655; x_wconf 80' lang='lat' dir='ltr'>art.</span> <span class='ocrx_word' id='word_1_61' title='bbox 908 622 950 655; x_wconf 68' lang='lat'>40</span> <span class='ocrx_word' id='word_1_62' title='bbox 964 622 1003 655; x_wconf 78' lang='lat' dir='ltr'>ad</span> <span class='ocrx_word' id='word_1_63' title='bbox 1028 622 1059 660; x_wconf 83' lang='grc'>1,</span> <span class='ocrx_word' id='word_1_64' title='bbox 1074 625 1108 655; x_wconf 86' lang='lat' dir='ltr'>et</span> <span class='ocrx_word' id='word_1_65' title='bbox 1117 621 1240 656; x_wconf 77' lang='lat' dir='ltr'>Matth.</span> <span class='ocrx_word' id='word_1_66' title='bbox 1260 629 1300 661; x_wconf 77' lang='grc' dir='ltr'>ΙΙ,</span> <span class='ocrx_word' id='word_1_67' title='bbox 1317 626 1352 655; x_wconf 81' lang='lat' dir='ltr'>et</span> <span class='ocrx_word' id='word_1_68' title='bbox 1368 622 1489 663; x_wconf 85' lang='lat' dir='ltr'>Opuse.</span> <span class='ocrx_word' id='word_1_69' title='bbox 1506 630 1564 663; x_wconf 77' lang='lat' dir='ltr'>Lx,</span> <span class='ocrx_word' id='word_1_70' title='bbox 1593 633 1665 662; x_wconf 83' lang='lat' dir='ltr'>cap.</span> <span class='ocrx_word' id='word_1_71' title='bbox 1680 623 1714 656; x_wconf 65' lang='lat' dir='ltr'>h.</span> 
     </span>
    </p>

    <p class='ocr_par' dir='ltr' id='par_1_3' title="bbox 26 673 1916 914">
     <span class='ocr_line' id='line_1_8' title="bbox 78 673 1915 733; baseline 0.003 -16"><span class='ocrx_word' id='word_1_72' title='bbox 78 673 144 717; x_wconf 89' lang='lat' dir='ltr'>Ad</span> <span class='ocrx_word' id='word_1_73' title='bbox 173 675 420 730; x_wconf 90' lang='lat' dir='ltr'>septimum</span> <span class='ocrx_word' id='word_1_74' title='bbox 445 675 514 720; x_wconf 93' lang='lat' dir='ltr'>sic</span> <span class='ocrx_word' id='word_1_75' title='bbox 540 675 818 732; x_wconf 85' lang='lat' dir='ltr'>proceditur.</span> <span class='ocrx_word' id='word_1_76' title='bbox 852 679 895 720; x_wconf 85' lang='lat'>1.</span> <span class='ocrx_word' id='word_1_77' title='bbox 920 676 1109 720; x_wconf 87' lang='lat' dir='ltr'>Videtur</span> <span class='ocrx_word' id='word_1_78' title='bbox 1138 675 1264 733; x_wconf 82' lang='lat' dir='ltr'>quod</span> <span class='ocrx_word' id='word_1_79' title='bbox 1283 676 1490 721; x_wconf 88' lang='lat' dir='ltr'>Christus</span> <span class='ocrx_word' id='word_1_80' title='bbox 1510 687 1605 719; x_wconf 89' lang='lat' dir='ltr'>non</span> <span class='ocrx_word' id='word_1_81' title='bbox 1635 676 1848 721; x_wconf 86' lang='lat' dir='ltr'>debuerit</span> <span class='ocrx_word' id='word_1_82' title='bbox 1866 677 1915 722; x_wconf 87' lang='lat' dir='ltr'>in</span> 
     </span>
     <span class='ocr_line' id='line_1_9' title="bbox 26 734 1916 794; baseline 0.003 -18"><span class='ocrx_word' id='word_1_83' title='bbox 26 734 283 780; x_wconf 80' lang='lat' dir='ltr'>Bethlehem</span> <span class='ocrx_word' id='word_1_84' title='bbox 304 737 448 781; x_wconf 89' lang='lat' dir='ltr'>nasci.</span> <span class='ocrx_word' id='word_1_85' title='bbox 482 737 654 781; x_wconf 88' lang='lat' dir='ltr'>Dicitur</span> <span class='ocrx_word' id='word_1_86' title='bbox 674 737 797 781; x_wconf 91' lang='lat' dir='ltr'>enim</span> <span class='ocrx_word' id='word_1_87' title='bbox 822 740 921 792; x_wconf 87' lang='lat' dir='ltr'>(lsa.</span> <span class='ocrx_word' id='word_1_88' title='bbox 954 752 1000 792; x_wconf 90' lang='lat'>11,</span> <span class='ocrx_word' id='word_1_89' title='bbox 1024 741 1066 791; x_wconf 90' lang='grc'>3)</span> <span class='ocrx_word' id='word_1_90' title='bbox 1103 753 1114 782; x_wconf 92' lang='lat'><strong>:</strong></span> <span class='ocrx_word' id='word_1_91' title='bbox 1141 743 1208 781; x_wconf 90' lang='lat' dir='ltr'>De</span> <span class='ocrx_word' id='word_1_92' title='bbox 1243 741 1352 782; x_wconf 81' lang='lat' dir='ltr'>Sion</span> <span class='ocrx_word' id='word_1_93' title='bbox 1373 738 1513 780; x_wconf 75' lang='lat' dir='ltr'>exibit</span> <span class='ocrx_word' id='word_1_94' title='bbox 1542 737 1635 794; x_wconf 80' lang='lat' dir='ltr'>lex,</span> <span class='ocrx_word' id='word_1_95' title='bbox 1661 741 1705 780; x_wconf 77' lang='lat' dir='ltr'>et</span> <span class='ocrx_word' id='word_1_96' title='bbox 1735 740 1916 782; x_wconf 84' lang='lat' dir='ltr'>verbum</span> 
     </span>
     <span class='ocr_line' id='line_1_10' title="bbox 27 797 1914 854; baseline 0.005 -18"><span class='ocrx_word' id='word_1_97' title='bbox 27 797 204 838; x_wconf 81' lang='lat' dir='ltr'>Domini</span> <span class='ocrx_word' id='word_1_98' title='bbox 222 798 279 841; x_wconf 86' lang='lat' dir='ltr'>de</span> <span class='ocrx_word' id='word_1_99' title='bbox 293 799 562 842; x_wconf 81' lang='lat' dir='ltr'>Jerusalem.</span> <span class='ocrx_word' id='word_1_100' title='bbox 576 798 663 843; x_wconf 90' lang='lat' dir='ltr'>Sed</span> <span class='ocrx_word' id='word_1_101' title='bbox 681 799 888 843; x_wconf 85' lang='lat' dir='ltr'>Christus</span> <span class='ocrx_word' id='word_1_102' title='bbox 905 805 977 844; x_wconf 88' lang='lat' dir='ltr'>est</span> <span class='ocrx_word' id='word_1_103' title='bbox 994 798 1103 844; x_wconf 78' lang='lat' dir='ltr'>vere</span> <span class='ocrx_word' id='word_1_104' title='bbox 1120 799 1320 844; x_wconf 87' lang='lat' dir='ltr'>Verbum</span> <span class='ocrx_word' id='word_1_105' title='bbox 1340 799 1432 844; x_wconf 90' lang='lat' dir='ltr'>Dei.</span> <span class='ocrx_word' id='word_1_106' title='bbox 1454 802 1571 854; x_wconf 87' lang='lat' dir='ltr'>Ergo</span> <span class='ocrx_word' id='word_1_107' title='bbox 1587 799 1645 843; x_wconf 89' lang='lat' dir='ltr'>de</span> <span class='ocrx_word' id='word_1_108' title='bbox 1659 800 1914 845; x_wconf 82' lang='lat' dir='ltr'>Jerusalem</span> 
     </span>
     <span class='ocr_line' id='line_1_11' title="bbox 26 855 718 914; baseline 0.009 -15"><span class='ocrx_word' id='word_1_109' title='bbox 26 855 185 901; x_wconf 87' lang='lat' dir='ltr'>debuit</span> <span class='ocrx_word' id='word_1_110' title='bbox 206 859 386 914; x_wconf 88' lang='lat' dir='ltr'>prodire</span> <span class='ocrx_word' id='word_1_111' title='bbox 410 860 457 903; x_wconf 92' lang='lat' dir='ltr'>in</span> <span class='ocrx_word' id='word_1_112' title='bbox 473 860 718 905; x_wconf 88' lang='lat' dir='ltr'>mundum.</span> 
     </span>
    </p>

    <p class='ocr_par' dir='ltr' id='par_1_4' title="bbox 26 921 1918 1227">
     <span class='ocr_line' id='line_1_12' title="bbox 81 921 1915 981; baseline 0.003 -20"><span class='ocrx_word' id='word_1_113' title='bbox 81 921 124 962; x_wconf 75' lang='lat'>2.</span> <span class='ocrx_word' id='word_1_114' title='bbox 155 921 378 965; x_wconf 80' lang='lat' dir='ltr'>Praeterea</span> <span class='ocrx_word' id='word_1_115' title='bbox 396 922 564 975; x_wconf 81' lang='lat' dir='ltr'>(Matth.</span> <span class='ocrx_word' id='word_1_116' title='bbox 585 926 650 981; x_wconf 87' lang='grc' dir='ltr'>ιι),</span> <span class='ocrx_word' id='word_1_117' title='bbox 666 922 833 967; x_wconf 89' lang='lat' dir='ltr'>dicitur</span> <span class='ocrx_word' id='word_1_118' title='bbox 854 923 1079 979; x_wconf 89' lang='lat' dir='ltr'>scriptum</span> <span class='ocrx_word' id='word_1_119' title='bbox 1098 936 1201 969; x_wconf 90' lang='lat' dir='ltr'>esse</span> <span class='ocrx_word' id='word_1_120' title='bbox 1225 924 1283 969; x_wconf 91' lang='lat' dir='ltr'>de</span> <span class='ocrx_word' id='word_1_121' title='bbox 1304 923 1480 968; x_wconf 90' lang='lat' dir='ltr'>Christo</span> <span class='ocrx_word' id='word_1_122' title='bbox 1501 922 1626 980; x_wconf 72' lang='lat' dir='ltr'>qued</span> <span class='ocrx_word' id='word_1_123' title='bbox 1647 925 1915 968; x_wconf 80' lang='lat' dir='ltr'>Nazarenus</span> 
     </span>
     <span class='ocr_line' id='line_1_13' title="bbox 26 982 1916 1041; baseline 0.004 -20"><span class='ocrx_word' id='word_1_124' title='bbox 26 982 269 1037; x_wconf 74' lang='lat' dir='ltr'>vocabitur,</span> <span class='ocrx_word' id='word_1_125' title='bbox 292 984 417 1039; x_wconf 89' lang='lat' dir='ltr'>quod</span> <span class='ocrx_word' id='word_1_126' title='bbox 445 985 645 1030; x_wconf 86' lang='lat' dir='ltr'>sumitur</span> <span class='ocrx_word' id='word_1_127' title='bbox 679 997 739 1029; x_wconf 78' lang='lat' dir='ltr'>ex</span> <span class='ocrx_word' id='word_1_128' title='bbox 759 997 814 1029; x_wconf 96' lang='lat' dir='ltr'>eo</span> <span class='ocrx_word' id='word_1_129' title='bbox 835 985 960 1041; x_wconf 90' lang='lat' dir='ltr'>quod</span> <span class='ocrx_word' id='word_1_130' title='bbox 979 985 1196 1030; x_wconf 88' lang='lat' dir='ltr'>scribitur</span> <span class='ocrx_word' id='word_1_131' title='bbox 1227 988 1330 1040; x_wconf 88' lang='lat' dir='ltr'>(lsa.</span> <span class='ocrx_word' id='word_1_132' title='bbox 1350 1000 1409 1040; x_wconf 76' lang='lat' dir='ltr'>xi,</span> <span class='ocrx_word' id='word_1_133' title='bbox 1445 986 1487 1039; x_wconf 76' lang='lat'>1)</span> <span class='ocrx_word' id='word_1_134' title='bbox 1507 998 1520 1029; x_wconf 91' lang='lat'>:</span> <span class='ocrx_word' id='word_1_135' title='bbox 1540 985 1653 1028; x_wconf 85' lang='lat' dir='ltr'>Flos</span> <span class='ocrx_word' id='word_1_136' title='bbox 1677 986 1734 1028; x_wconf 89' lang='lat' dir='ltr'>de</span> <span class='ocrx_word' id='word_1_137' title='bbox 1757 986 1916 1029; x_wconf 84' lang='lat' dir='ltr'>radice</span> 
     </span>
     <span class='ocr_line' id='line_1_14' title="bbox 26 1046 1916 1104; baseline 0.003 -19"><span class='ocrx_word' id='word_1_138' title='bbox 26 1046 121 1099; x_wconf 81' lang='lat' dir='ltr'>ejus</span> <span class='ocrx_word' id='word_1_139' title='bbox 135 1047 343 1091; x_wconf 81' lang='lat' dir='ltr'>ascendet</span> <span class='ocrx_word' id='word_1_140' title='bbox 349 1062 368 1104; x_wconf 89' lang='lat'>‚·</span> <span class='ocrx_word' id='word_1_141' title='bbox 388 1048 606 1092; x_wconf 88' lang='lat' dir='ltr'>Nazareth</span> <span class='ocrx_word' id='word_1_142' title='bbox 627 1047 751 1092; x_wconf 92' lang='lat' dir='ltr'>enim</span> <span class='ocrx_word' id='word_1_143' title='bbox 772 1047 859 1091; x_wconf 90' lang='lat' dir='ltr'>ssos</span> <span class='ocrx_word' id='word_1_144' title='bbox 880 1047 1223 1104; x_wconf 79' lang='lat' dir='ltr'>interpretatur.</span> <span class='ocrx_word' id='word_1_145' title='bbox 1246 1048 1333 1092; x_wconf 91' lang='lat' dir='ltr'>Sed</span> <span class='ocrx_word' id='word_1_146' title='bbox 1359 1047 1559 1091; x_wconf 79' lang='lat' dir='ltr'>maxime</span> <span class='ocrx_word' id='word_1_147' title='bbox 1578 1047 1745 1103; x_wconf 88' lang='lat' dir='ltr'>aliquis</span> <span class='ocrx_word' id='word_1_148' title='bbox 1771 1047 1916 1091; x_wconf 90' lang='lat' dir='ltr'>deno-</span> 
     </span>
     <span class='ocr_line' id='line_1_15' title="bbox 28 1105 1918 1166; baseline 0.003 -19"><span class='ocrx_word' id='word_1_149' title='bbox 28 1105 230 1151; x_wconf 88' lang='lat' dir='ltr'>minatur</span> <span class='ocrx_word' id='word_1_150' title='bbox 247 1107 274 1151; x_wconf 77' lang='lat' dir='ltr'>a</span> <span class='ocrx_word' id='word_1_151' title='bbox 287 1109 388 1154; x_wconf 90' lang='lat' dir='ltr'>loco</span> <span class='ocrx_word' id='word_1_152' title='bbox 411 1123 509 1155; x_wconf 87' lang='lat' dir='ltr'>suae</span> <span class='ocrx_word' id='word_1_153' title='bbox 526 1109 794 1154; x_wconf 85' lang='lat' dir='ltr'>nativitatis.</span> <span class='ocrx_word' id='word_1_154' title='bbox 808 1111 926 1164; x_wconf 91' lang='lat' dir='ltr'>Ergo</span> <span class='ocrx_word' id='word_1_155' title='bbox 948 1108 1131 1154; x_wconf 88' lang='lat' dir='ltr'>videtur</span> <span class='ocrx_word' id='word_1_156' title='bbox 1145 1109 1271 1166; x_wconf 80' lang='lat' dir='ltr'>quod</span> <span class='ocrx_word' id='word_1_157' title='bbox 1289 1110 1338 1154; x_wconf 91' lang='lat' dir='ltr'>in</span> <span class='ocrx_word' id='word_1_158' title='bbox 1359 1109 1580 1154; x_wconf 85' lang='lat' dir='ltr'>Nazareth</span> <span class='ocrx_word' id='word_1_159' title='bbox 1596 1109 1726 1152; x_wconf 90' lang='lat' dir='ltr'>nasci</span> <span class='ocrx_word' id='word_1_160' title='bbox 1742 1109 1918 1153; x_wconf 83' lang='lat' dir='ltr'>debue-</span> 
     </span>
     <span class='ocr_line' id='line_1_16' title="bbox 27 1166 1052 1227; baseline 0.005 -17"><span class='ocrx_word' id='word_1_161' title='bbox 27 1166 102 1222; x_wconf 87' lang='lat' dir='ltr'>rit,</span> <span class='ocrx_word' id='word_1_162' title='bbox 125 1168 206 1213; x_wconf 91' lang='lat' dir='ltr'>ubi</span> <span class='ocrx_word' id='word_1_163' title='bbox 231 1170 370 1215; x_wconf 86' lang='lat' dir='ltr'>etiam</span> <span class='ocrx_word' id='word_1_164' title='bbox 392 1172 479 1216; x_wconf 88' lang='lat' dir='ltr'>fuit</span> <span class='ocrx_word' id='word_1_165' title='bbox 496 1175 747 1227; x_wconf 89' lang='lat' dir='ltr'>conceptus</span> <span class='ocrx_word' id='word_1_166' title='bbox 770 1174 818 1215; x_wconf 86' lang='lat' dir='ltr'>et</span> <span class='ocrx_word' id='word_1_167' title='bbox 834 1171 1052 1215; x_wconf 57' lang='lat' dir='ltr'>nutritus„</span> 
     </span>
    </p>

    <p class='ocr_par' dir='ltr' id='par_1_5' title="bbox 26 1231 1920 1644">
     <span class='ocr_line' id='line_1_17' title="bbox 81 1231 1915 1290; baseline 0.002 -17"><span class='ocrx_word' id='word_1_168' title='bbox 81 1231 124 1274; x_wconf 87' lang='grc'>3.</span> <span class='ocrx_word' id='word_1_169' title='bbox 154 1233 392 1290; x_wconf 84' lang='lat' dir='ltr'>Praeterea,</span> <span class='ocrx_word' id='word_1_170' title='bbox 415 1234 476 1278; x_wconf 87' lang='lat' dir='ltr'>ad</span> <span class='ocrx_word' id='word_1_171' title='bbox 506 1233 596 1278; x_wconf 93' lang='lat' dir='ltr'>hoc</span> <span class='ocrx_word' id='word_1_172' title='bbox 623 1233 848 1278; x_wconf 86' lang='lat' dir='ltr'>Dominus</span> <span class='ocrx_word' id='word_1_173' title='bbox 878 1237 1017 1276; x_wconf 90' lang='lat' dir='ltr'>natus</span> <span class='ocrx_word' id='word_1_174' title='bbox 1049 1232 1188 1276; x_wconf 90' lang='lat' dir='ltr'>estin</span> <span class='ocrx_word' id='word_1_175' title='bbox 1222 1232 1414 1288; x_wconf 91' lang='lat' dir='ltr'>mundo,</span> <span class='ocrx_word' id='word_1_176' title='bbox 1453 1236 1507 1276; x_wconf 91' lang='lat' dir='ltr'>ut</span> <span class='ocrx_word' id='word_1_177' title='bbox 1538 1232 1745 1276; x_wconf 84' lang='lat' dir='ltr'>veritatis</span> <span class='ocrx_word' id='word_1_178' title='bbox 1775 1232 1915 1277; x_wconf 87' lang='lat' dir='ltr'>fldem</span> 
     </span>
     <span class='ocr_line' id='line_1_18' title="bbox 27 1294 1917 1350; baseline 0.002 -17"><span class='ocrx_word' id='word_1_179' title='bbox 27 1294 339 1350; x_wconf 77' lang='lat' dir='ltr'>annuntiaret,</span> <span class='ocrx_word' id='word_1_180' title='bbox 357 1295 614 1340; x_wconf 83' lang='lat' dir='ltr'>secundum</span> <span class='ocrx_word' id='word_1_181' title='bbox 630 1294 745 1342; x_wconf 89' lang='lat' dir='ltr'>illud</span> <span class='ocrx_word' id='word_1_182' title='bbox 765 1297 910 1348; x_wconf 89' lang='lat' dir='ltr'>(Joan.</span> <span class='ocrx_word' id='word_1_183' title='bbox 931 1307 1051 1348; x_wconf 87' lang='lat' dir='ltr'>xv111,</span> <span class='ocrx_word' id='word_1_184' title='bbox 1065 1295 1135 1349; x_wconf 85' lang='grc'>37)</span> <span class='ocrx_word' id='word_1_185' title='bbox 1153 1307 1165 1336; x_wconf 77' lang='lat' dir='ltr'><em>z</em></span> <span class='ocrx_word' id='word_1_186' title='bbox 1186 1298 1240 1337; x_wconf 82' lang='lat' dir='ltr'>ln</span> <span class='ocrx_word' id='word_1_187' title='bbox 1260 1294 1344 1337; x_wconf 77' lang='lat' dir='ltr'>hoc</span> <span class='ocrx_word' id='word_1_188' title='bbox 1363 1296 1421 1349; x_wconf 76' lang='lat'>(2)</span> <span class='ocrx_word' id='word_1_189' title='bbox 1437 1297 1572 1337; x_wconf 79' lang='lat' dir='ltr'>natus</span> <span class='ocrx_word' id='word_1_190' title='bbox 1587 1307 1686 1336; x_wconf 80' lang='lat' dir='ltr'>sum</span> <span class='ocrx_word' id='word_1_191' title='bbox 1700 1295 1821 1336; x_wconf 83' lang='lat' dir='ltr'>etad</span> <span class='ocrx_word' id='word_1_192' title='bbox 1832 1294 1917 1336; x_wconf 78' lang='lat' dir='ltr'>hoc</span> 
     </span>
     <span class='ocr_line' id='line_1_19' title="bbox 26 1355 1916 1414; baseline 0.002 -18"><span class='ocrx_word' id='word_1_193' title='bbox 26 1357 126 1397; x_wconf 81' lang='lat' dir='ltr'>veni</span> <span class='ocrx_word' id='word_1_194' title='bbox 148 1358 197 1398; x_wconf 80' lang='lat' dir='ltr'>in</span> <span class='ocrx_word' id='word_1_195' title='bbox 222 1359 453 1411; x_wconf 79' lang='lat' dir='ltr'>mundum,</span> <span class='ocrx_word' id='word_1_196' title='bbox 479 1361 528 1401; x_wconf 76' lang='lat' dir='ltr'>ut</span> <span class='ocrx_word' id='word_1_197' title='bbox 560 1359 857 1401; x_wconf 82' lang='lat' dir='ltr'>testimonium</span> <span class='ocrx_word' id='word_1_198' title='bbox 875 1355 1138 1414; x_wconf 80' lang='lat' dir='ltr'>perhibeam</span> <span class='ocrx_word' id='word_1_199' title='bbox 1160 1359 1361 1400; x_wconf 81' lang='lat' dir='ltr'>veritati.</span> <span class='ocrx_word' id='word_1_200' title='bbox 1382 1355 1467 1401; x_wconf 86' lang='lat' dir='ltr'>Sed</span> <span class='ocrx_word' id='word_1_201' title='bbox 1497 1356 1586 1400; x_wconf 92' lang='lat' dir='ltr'>hoc</span> <span class='ocrx_word' id='word_1_202' title='bbox 1605 1355 1787 1399; x_wconf 69' lang='lat' dir='ltr'>facilins</span> <span class='ocrx_word' id='word_1_203' title='bbox 1815 1355 1916 1399; x_wconf 82' lang='lat' dir='ltr'>fieri</span> 
     </span>
     <span class='ocr_line' id='line_1_20' title="bbox 26 1415 1920 1474; baseline 0.002 -16"><span class='ocrx_word' id='word_1_204' title='bbox 26 1415 267 1473; x_wconf 85' lang='lat' dir='ltr'>potuisset,</span> <span class='ocrx_word' id='word_1_205' title='bbox 287 1418 327 1461; x_wconf 86' lang='lat' dir='ltr'>si</span> <span class='ocrx_word' id='word_1_206' title='bbox 353 1423 492 1463; x_wconf 83' lang='lat' dir='ltr'>natus</span> <span class='ocrx_word' id='word_1_207' title='bbox 521 1418 687 1464; x_wconf 86' lang='lat' dir='ltr'>fuisset</span> <span class='ocrx_word' id='word_1_208' title='bbox 711 1417 759 1462; x_wconf 91' lang='lat' dir='ltr'>in</span> <span class='ocrx_word' id='word_1_209' title='bbox 776 1417 961 1462; x_wconf 89' lang='lat' dir='ltr'>civitate</span> <span class='ocrx_word' id='word_1_210' title='bbox 988 1430 1196 1472; x_wconf 88' lang='lat' dir='ltr'>romana,</span> <span class='ocrx_word' id='word_1_211' title='bbox 1215 1430 1319 1474; x_wconf 86' lang='lat' dir='ltr'>quae</span> <span class='ocrx_word' id='word_1_212' title='bbox 1343 1421 1456 1462; x_wconf 80' lang='lat' dir='ltr'>tunc</span> <span class='ocrx_word' id='word_1_213' title='bbox 1472 1417 1761 1462; x_wconf 89' lang='lat' dir='ltr'>dominatum</span> <span class='ocrx_word' id='word_1_214' title='bbox 1790 1417 1920 1461; x_wconf 83' lang='lat' dir='ltr'>orbis</span> 
     </span>
     <span class='ocr_line' id='line_1_21' title="bbox 27 1476 1918 1535; baseline 0.001 -15"><span class='ocrx_word' id='word_1_215' title='bbox 27 1476 248 1535; x_wconf 76' lang='lat' dir='ltr'>habebat3</span> <span class='ocrx_word' id='word_1_216' title='bbox 267 1480 393 1525; x_wconf 90' lang='lat' dir='ltr'>unde</span> <span class='ocrx_word' id='word_1_217' title='bbox 422 1485 469 1525; x_wconf 92' lang='lat' dir='ltr'>et</span> <span class='ocrx_word' id='word_1_218' title='bbox 486 1481 654 1526; x_wconf 91' lang='lat' dir='ltr'>Paulus</span> <span class='ocrx_word' id='word_1_219' title='bbox 675 1480 893 1524; x_wconf 88' lang='lat' dir='ltr'>Romanis</span> <span class='ocrx_word' id='word_1_220' title='bbox 911 1479 1121 1524; x_wconf 88' lang='lat' dir='ltr'>scribens</span> <span class='ocrx_word' id='word_1_221' title='bbox 1149 1480 1260 1524; x_wconf 89' lang='lat' dir='ltr'>dicit</span> <span class='ocrx_word' id='word_1_222' title='bbox 1275 1482 1419 1534; x_wconf 85' lang='lat' dir='ltr'>(Rom.</span> <span class='ocrx_word' id='word_1_223' title='bbox 1443 1492 1474 1534; x_wconf 85' lang='grc' dir='ltr'>ι,</span> <span class='ocrx_word' id='word_1_224' title='bbox 1500 1481 1543 1533; x_wconf 88' lang='grc'>8)</span> <span class='ocrx_word' id='word_1_225' title='bbox 1576 1493 1587 1523; x_wconf 75' lang='lat' dir='ltr'><em>z</em></span> <span class='ocrx_word' id='word_1_226' title='bbox 1612 1480 1752 1522; x_wconf 82' lang='lat' dir='ltr'>Fides</span> <span class='ocrx_word' id='word_1_227' title='bbox 1768 1482 1918 1522; x_wconf 76' lang='lat' dir='ltr'>vestra</span> 
     </span>
     <span class='ocr_line' id='line_1_22' title="bbox 27 1540 1918 1644; baseline 0.003 -63"><span class='ocrx_word' id='word_1_228' title='bbox 27 1543 331 1644; x_wconf 49' lang='lat' dir='ltr'>{nnuntiatur</span> <span class='ocrx_word' id='word_1_229' title='bbox 353 1545 402 1585; x_wconf 78' lang='lat' dir='ltr'>in</span> <span class='ocrx_word' id='word_1_230' title='bbox 419 1546 625 1587; x_wconf 82' lang='lat' dir='ltr'>aniverso</span> <span class='ocrx_word' id='word_1_231' title='bbox 641 1543 825 1586; x_wconf 81' lang='lat' dir='ltr'>mundo.</span> <span class='ocrx_word' id='word_1_232' title='bbox 849 1545 968 1597; x_wconf 89' lang='lat' dir='ltr'>Ergo</span> <span class='ocrx_word' id='word_1_233' title='bbox 987 1542 1170 1586; x_wconf 86' lang='lat' dir='ltr'>videtur</span> <span class='ocrx_word' id='word_1_234' title='bbox 1188 1541 1312 1598; x_wconf 81' lang='lat' dir='ltr'>quod</span> <span class='ocrx_word' id='word_1_235' title='bbox 1327 1552 1421 1586; x_wconf 91' lang='lat' dir='ltr'>non</span> <span class='ocrx_word' id='word_1_236' title='bbox 1441 1540 1652 1586; x_wconf 87' lang='lat' dir='ltr'>debuerit</span> <span class='ocrx_word' id='word_1_237' title='bbox 1669 1540 1716 1583; x_wconf 92' lang='lat' dir='ltr'>in</span> <span class='ocrx_word' id='word_1_238' title='bbox 1738 1540 1918 1586; x_wconf 83' lang='lat' dir='ltr'>Bethle-</span> 
     </span>
    </p>

    <p class='ocr_par' dir='ltr' id='par_1_6' title="bbox 62 1604 312 1649">
     <span class='ocr_line' id='line_1_23' title="bbox 62 1604 312 1649; baseline 0.02 -5"><span class='ocrx_word' id='word_1_239' title='bbox 62 1613 136 1646; x_wconf 90' lang='lat' dir='ltr'>em</span> <span class='ocrx_word' id='word_1_240' title='bbox 167 1604 312 1649; x_wconf 85' lang='lat' dir='ltr'>nasci.</span> 
     </span>
    </p>

    <p class='ocr_par' dir='ltr' id='par_1_7' title="bbox 85 1663 1917 1723">
     <span class='ocr_line' id='line_1_24' title="bbox 85 1663 1917 1723; baseline 0 -17"><span class='ocrx_word' id='word_1_241' title='bbox 85 1663 172 1708; x_wconf 86' lang='lat' dir='ltr'>Sed</span> <span class='ocrx_word' id='word_1_242' title='bbox 204 1669 364 1709; x_wconf 81' lang='lat' dir='ltr'>eontra</span> <span class='ocrx_word' id='word_1_243' title='bbox 399 1670 471 1710; x_wconf 85' lang='lat' dir='ltr'>est</span> <span class='ocrx_word' id='word_1_244' title='bbox 505 1667 631 1723; x_wconf 88' lang='lat' dir='ltr'>quod</span> <span class='ocrx_word' id='word_1_245' title='bbox 665 1666 834 1712; x_wconf 86' lang='lat' dir='ltr'>dicitur</span> <span class='ocrx_word' id='word_1_246' title='bbox 861 1665 1004 1720; x_wconf 85' lang='lat' dir='ltr'>(Mich.</span> <span class='ocrx_word' id='word_1_247' title='bbox 1029 1679 1074 1721; x_wconf 80' lang='lat' dir='ltr'>v,</span> <span class='ocrx_word' id='word_1_248' title='bbox 1105 1666 1186 1719; x_wconf 74' lang='lat'>2):</span> <span class='ocrx_word' id='word_1_249' title='bbox 1220 1667 1282 1708; x_wconf 80' lang='lat' dir='ltr'>Et</span> <span class='ocrx_word' id='word_1_250' title='bbox 1322 1669 1371 1708; x_wconf 82' lang='lat' dir='ltr'>tu</span> <span class='ocrx_word' id='word_1_251' title='bbox 1392 1663 1647 1708; x_wconf 75' lang='lat' dir='ltr'>Bethlehem</span> <span class='ocrx_word' id='word_1_252' title='bbox 1683 1663 1917 1720; x_wconf 78' lang='lat' dir='ltr'>Ephrata,</span> 
     </span>
    </p>
   </div>
   <div class='ocr_carea' id='block_1_3' title="bbox 29 1726 1919 1831">
    <p class='ocr_par' dir='ltr' id='par_1_8' title="bbox 29 1726 1919 1831">
     <span class='ocr_line' id='line_1_25' title="bbox 29 1726 1919 1830; baseline 0.001 -63"><span class='ocrx_word' id='word_1_253' title='bbox 29 1726 248 1830; x_wconf 52' lang='grc' dir='ltr'>ξανυιὲῐαε</span> <span class='ocrx_word' id='word_1_254' title='bbox 280 1740 326 1770; x_wconf 84' lang='lat' dir='ltr'>es</span> <span class='ocrx_word' id='word_1_255' title='bbox 344 1730 394 1771; x_wconf 79' lang='lat' dir='ltr'>in</span> <span class='ocrx_word' id='word_1_256' title='bbox 427 1728 624 1772; x_wconf 83' lang='lat' dir='ltr'>millibus</span> <span class='ocrx_word' id='word_1_257' title='bbox 641 1729 764 1772; x_wconf 81' lang='lat' dir='ltr'>Iuda</span> <span class='ocrx_word' id='word_1_258' title='bbox 782 1744 798 1772; x_wconf 89' lang='grc'>.-</span> <span class='ocrx_word' id='word_1_259' title='bbox 816 1741 875 1772; x_wconf 74' lang='lat' dir='ltr'>eoe</span> <span class='ocrx_word' id='word_1_260' title='bbox 894 1731 937 1772; x_wconf 79' lang='lat' dir='ltr'>te</span> <span class='ocrx_word' id='word_1_261' title='bbox 967 1727 1080 1771; x_wconf 77' lang='lat' dir='ltr'>mihi</span> <span class='ocrx_word' id='word_1_262' title='bbox 1116 1728 1374 1783; x_wconf 76' lang='lat' dir='ltr'>eqredietar</span> <span class='ocrx_word' id='word_1_263' title='bbox 1394 1729 1470 1782; x_wconf 84' lang='lat' dir='ltr'>qui</span> <span class='ocrx_word' id='word_1_264' title='bbox 1501 1729 1561 1770; x_wconf 78' lang='lat' dir='ltr'>sit</span> <span class='ocrx_word' id='word_1_265' title='bbox 1592 1726 1847 1769; x_wconf 80' lang='lat' dir='ltr'>dominator</span> <span class='ocrx_word' id='word_1_266' title='bbox 1867 1729 1919 1768; x_wconf 76' lang='lat' dir='ltr'>in</span> 
     </span>
     <span class='ocr_line' id='line_1_26' title="bbox 57 1800 190 1831; baseline 0.023 -3"><span class='ocrx_word' id='word_1_267' title='bbox 57 1800 158 1830; x_wconf 78' lang='lat' dir='ltr'>srae</span> <span class='ocrx_word' id='word_1_268' title='bbox 179 1819 190 1831; x_wconf 89' lang='lat'>.</span> 
     </span>
    </p>
   </div>
   <div class='ocr_carea' id='block_1_4' title="bbox 33 1861 1925 2586">
    <p class='ocr_par' dir='ltr' id='par_1_9' title="bbox 33 1861 1921 2022">
     <span class='ocr_line' id='line_1_27' title="bbox 79 1861 1920 1915; baseline -0.001 -12"><span class='ocrx_word' id='word_1_269' title='bbox 79 1863 368 1904; x_wconf 89' lang='lat' dir='ltr'>CONCLUSIO.</span> <span class='ocrx_word' id='word_1_270' title='bbox 389 1885 437 1893; x_wconf 89' lang='lat'><em>-</em></span> <span class='ocrx_word' id='word_1_271' title='bbox 461 1863 565 1905; x_wconf 77' lang='lat' dir='ltr'>Cum</span> <span class='ocrx_word' id='word_1_272' title='bbox 579 1863 763 1905; x_wconf 86' lang='lat' dir='ltr'>Christus</span> <span class='ocrx_word' id='word_1_273' title='bbox 781 1864 836 1904; x_wconf 91' lang='lat' dir='ltr'>sit</span> <span class='ocrx_word' id='word_1_274' title='bbox 852 1863 973 1915; x_wconf 88' lang='lat' dir='ltr'>panis</span> <span class='ocrx_word' id='word_1_275' title='bbox 992 1864 1128 1912; x_wconf 89' lang='lat' dir='ltr'>vivus,</span> <span class='ocrx_word' id='word_1_276' title='bbox 1144 1867 1185 1903; x_wconf 89' lang='lat' dir='ltr'>et</span> <span class='ocrx_word' id='word_1_277' title='bbox 1203 1874 1251 1903; x_wconf 87' lang='lat' dir='ltr'>ex</span> <span class='ocrx_word' id='word_1_278' title='bbox 1269 1862 1425 1903; x_wconf 83' lang='lat' dir='ltr'>semine</span> <span class='ocrx_word' id='word_1_279' title='bbox 1443 1862 1573 1901; x_wconf 87' lang='lat' dir='ltr'>David</span> <span class='ocrx_word' id='word_1_280' title='bbox 1593 1861 1820 1902; x_wconf 77' lang='lat' dir='ltr'>secundum</span> <span class='ocrx_word' id='word_1_281' title='bbox 1835 1874 1920 1902; x_wconf 83' lang='lat' dir='ltr'>car-</span> 
     </span>
     <span class='ocr_line' id='line_1_28' title="bbox 33 1916 1921 1971; baseline -0.001 -14"><span class='ocrx_word' id='word_1_282' title='bbox 33 1929 129 1958; x_wconf 88' lang='lat' dir='ltr'>nem</span> <span class='ocrx_word' id='word_1_283' title='bbox 144 1918 290 1967; x_wconf 56' lang='lat' dir='ltr'>notus,</span> <span class='ocrx_word' id='word_1_284' title='bbox 303 1919 446 1959; x_wconf 79' lang='lat' dir='ltr'>merito</span> <span class='ocrx_word' id='word_1_285' title='bbox 465 1919 510 1958; x_wconf 90' lang='lat' dir='ltr'>in</span> <span class='ocrx_word' id='word_1_286' title='bbox 524 1918 761 1959; x_wconf 85' lang='lat' dir='ltr'>Bethlehem</span> <span class='ocrx_word' id='word_1_287' title='bbox 778 1920 888 1971; x_wconf 82' lang='lat' dir='ltr'>(quae</span> <span class='ocrx_word' id='word_1_288' title='bbox 905 1919 1054 1959; x_wconf 90' lang='lat' dir='ltr'>domus</span> <span class='ocrx_word' id='word_1_289' title='bbox 1064 1919 1185 1970; x_wconf 87' lang='lat' dir='ltr'>panis</span> <span class='ocrx_word' id='word_1_290' title='bbox 1199 1918 1519 1968; x_wconf 82' lang='lat' dir='ltr'>interpretatur),</span> <span class='ocrx_word' id='word_1_291' title='bbox 1538 1916 1582 1957; x_wconf 91' lang='lat' dir='ltr'>in</span> <span class='ocrx_word' id='word_1_292' title='bbox 1603 1929 1685 1968; x_wconf 85' lang='lat' dir='ltr'>qua</span> <span class='ocrx_word' id='word_1_293' title='bbox 1704 1921 1828 1956; x_wconf 81' lang='lat' dir='ltr'>natus</span> <span class='ocrx_word' id='word_1_294' title='bbox 1840 1918 1921 1956; x_wconf 80' lang='lat' dir='ltr'>fuit</span> 
     </span>
     <span class='ocr_line' id='line_1_29' title="bbox 33 1973 490 2022; baseline 0.002 -10"><span class='ocrx_word' id='word_1_295' title='bbox 33 1974 182 2022; x_wconf 88' lang='lat' dir='ltr'>David,</span> <span class='ocrx_word' id='word_1_296' title='bbox 205 1973 318 2014; x_wconf 87' lang='lat' dir='ltr'>nasci</span> <span class='ocrx_word' id='word_1_297' title='bbox 344 1973 490 2014; x_wconf 88' lang='lat' dir='ltr'>voluit.</span> 
     </span>
    </p>

    <p class='ocr_par' dir='ltr' id='par_1_10' title="bbox 35 2034 1925 2586">
     <span class='ocr_line' id='line_1_30' title="bbox 87 2034 1920 2093; baseline -0.001 -13"><span class='ocrx_word' id='word_1_298' title='bbox 87 2037 359 2092; x_wconf 90' lang='lat' dir='ltr'>Respondeo</span> <span class='ocrx_word' id='word_1_299' title='bbox 385 2036 633 2082; x_wconf 89' lang='lat' dir='ltr'>dicendum</span> <span class='ocrx_word' id='word_1_300' title='bbox 651 2036 776 2093; x_wconf 82' lang='lat' dir='ltr'>quod</span> <span class='ocrx_word' id='word_1_301' title='bbox 809 2036 1015 2081; x_wconf 89' lang='lat' dir='ltr'>Christus</span> <span class='ocrx_word' id='word_1_302' title='bbox 1033 2036 1082 2080; x_wconf 91' lang='lat' dir='ltr'>in</span> <span class='ocrx_word' id='word_1_303' title='bbox 1116 2035 1381 2080; x_wconf 87' lang='lat' dir='ltr'>Bethlehem</span> <span class='ocrx_word' id='word_1_304' title='bbox 1405 2034 1535 2079; x_wconf 89' lang='lat' dir='ltr'>nasci</span> <span class='ocrx_word' id='word_1_305' title='bbox 1555 2034 1717 2089; x_wconf 87' lang='lat' dir='ltr'>voluit,</span> <span class='ocrx_word' id='word_1_306' title='bbox 1748 2034 1920 2090; x_wconf 90' lang='lat' dir='ltr'>duplici</span> 
     </span>
     <span class='ocr_line' id='line_1_31' title="bbox 35 2095 1922 2155; baseline -0.002 -14"><span class='ocrx_word' id='word_1_307' title='bbox 35 2098 226 2142; x_wconf 86' lang='lat' dir='ltr'>ratione.</span> <span class='ocrx_word' id='word_1_308' title='bbox 245 2097 394 2141; x_wconf 83' lang='lat' dir='ltr'>Primo</span> <span class='ocrx_word' id='word_1_309' title='bbox 421 2098 625 2155; x_wconf 91' lang='lat' dir='ltr'>quidem,</span> <span class='ocrx_word' id='word_1_310' title='bbox 659 2097 768 2153; x_wconf 90' lang='lat' dir='ltr'>quia</span> <span class='ocrx_word' id='word_1_311' title='bbox 802 2098 954 2142; x_wconf 86' lang='lat' dir='ltr'>factus</span> <span class='ocrx_word' id='word_1_312' title='bbox 991 2101 1064 2142; x_wconf 89' lang='lat' dir='ltr'>est</span> <span class='ocrx_word' id='word_1_313' title='bbox 1085 2109 1144 2140; x_wconf 86' lang='lat' dir='ltr'>ex</span> <span class='ocrx_word' id='word_1_314' title='bbox 1173 2096 1351 2140; x_wconf 90' lang='lat' dir='ltr'>semine</span> <span class='ocrx_word' id='word_1_315' title='bbox 1370 2095 1509 2139; x_wconf 84' lang='lat' dir='ltr'>David</span> <span class='ocrx_word' id='word_1_316' title='bbox 1536 2095 1796 2140; x_wconf 79' lang='lat' dir='ltr'>secundum</span> <span class='ocrx_word' id='word_1_317' title='bbox 1821 2107 1922 2138; x_wconf 89' lang='lat' dir='ltr'>car-</span> 
     </span>
     <span class='ocr_line' id='line_1_32' title="bbox 38 2156 1925 2215; baseline -0.002 -12"><span class='ocrx_word' id='word_1_318' title='bbox 38 2171 160 2214; x_wconf 87' lang='lat' dir='ltr'>nem,</span> <span class='ocrx_word' id='word_1_319' title='bbox 182 2164 233 2203; x_wconf 90' lang='lat' dir='ltr'>ut</span> <span class='ocrx_word' id='word_1_320' title='bbox 263 2159 429 2203; x_wconf 87' lang='lat' dir='ltr'>dicitur</span> <span class='ocrx_word' id='word_1_321' title='bbox 448 2162 594 2214; x_wconf 91' lang='lat' dir='ltr'>(Rom.</span> <span class='ocrx_word' id='word_1_322' title='bbox 626 2173 656 2215; x_wconf 90' lang='lat'>1,</span> <span class='ocrx_word' id='word_1_323' title='bbox 680 2162 741 2215; x_wconf 89' lang='lat'>3),</span> <span class='ocrx_word' id='word_1_324' title='bbox 780 2159 856 2203; x_wconf 92' lang='lat' dir='ltr'>cui</span> <span class='ocrx_word' id='word_1_325' title='bbox 891 2159 1031 2204; x_wconf 86' lang='lat' dir='ltr'>etiam</span> <span class='ocrx_word' id='word_1_326' title='bbox 1069 2159 1189 2203; x_wconf 88' lang='lat' dir='ltr'>facta</span> <span class='ocrx_word' id='word_1_327' title='bbox 1212 2159 1362 2203; x_wconf 87' lang='lat' dir='ltr'>fuerat</span> <span class='ocrx_word' id='word_1_328' title='bbox 1380 2157 1676 2213; x_wconf 88' lang='lat' dir='ltr'>repromissio</span> <span class='ocrx_word' id='word_1_329' title='bbox 1710 2156 1925 2213; x_wconf 87' lang='lat' dir='ltr'>specialis</span> 
     </span>
     <span class='ocr_line' id='line_1_33' title="bbox 38 2220 1923 2277; baseline -0.002 -14"><span class='ocrx_word' id='word_1_330' title='bbox 38 2220 94 2263; x_wconf 91' lang='lat' dir='ltr'>de</span> <span class='ocrx_word' id='word_1_331' title='bbox 115 2221 314 2276; x_wconf 82' lang='lat' dir='ltr'>Christ03</span> <span class='ocrx_word' id='word_1_332' title='bbox 355 2220 612 2266; x_wconf 81' lang='lat' dir='ltr'>secundum</span> <span class='ocrx_word' id='word_1_333' title='bbox 633 2221 748 2266; x_wconf 88' lang='lat' dir='ltr'>illud</span> <span class='ocrx_word' id='word_1_334' title='bbox 779 2222 847 2275; x_wconf 88' lang='grc' dir='ltr'><strong>(ΙΙ.</strong></span> <span class='ocrx_word' id='word_1_335' title='bbox 879 2224 991 2277; x_wconf 89' lang='lat' dir='ltr'>Reg.</span> <span class='ocrx_word' id='word_1_336' title='bbox 1022 2222 1239 2276; x_wconf 80' lang='lat' dir='ltr'>xx111,1):</span> <span class='ocrx_word' id='word_1_337' title='bbox 1275 2221 1407 2262; x_wconf 75' lang='lat' dir='ltr'>Dixit</span> <span class='ocrx_word' id='word_1_338' title='bbox 1448 2222 1521 2262; x_wconf 85' lang='lat' dir='ltr'>vir</span> <span class='ocrx_word' id='word_1_339' title='bbox 1538 2222 1609 2262; x_wconf 83' lang='lat' dir='ltr'>cui</span> <span class='ocrx_word' id='word_1_340' title='bbox 1631 2222 1923 2261; x_wconf 72' lang='lat' dir='ltr'>constitutum</span> 
     </span>
     <span class='ocr_line' id='line_1_34' title="bbox 38 2280 1922 2339; baseline 0 -14"><span class='ocrx_word' id='word_1_341' title='bbox 38 2286 102 2325; x_wconf 81' lang='lat' dir='ltr'>est</span> <span class='ocrx_word' id='word_1_342' title='bbox 120 2283 176 2326; x_wconf 88' lang='lat' dir='ltr'>de</span> <span class='ocrx_word' id='word_1_343' title='bbox 198 2284 379 2327; x_wconf 79' lang='lat' dir='ltr'>Christo</span> <span class='ocrx_word' id='word_1_344' title='bbox 397 2286 483 2327; x_wconf 82' lang='lat' dir='ltr'>Dei</span> <span class='ocrx_word' id='word_1_345' title='bbox 511 2284 662 2328; x_wconf 86' lang='lat' dir='ltr'>Jacob.</span> <span class='ocrx_word' id='word_1_346' title='bbox 683 2286 737 2327; x_wconf 87' lang='lat' dir='ltr'>Et</span> <span class='ocrx_word' id='word_1_347' title='bbox 764 2283 869 2328; x_wconf 90' lang='lat' dir='ltr'>ideo</span> <span class='ocrx_word' id='word_1_348' title='bbox 900 2283 949 2327; x_wconf 92' lang='lat' dir='ltr'>in</span> <span class='ocrx_word' id='word_1_349' title='bbox 969 2283 1249 2339; x_wconf 77' lang='lat' dir='ltr'>Bethlehem,</span> <span class='ocrx_word' id='word_1_350' title='bbox 1275 2282 1332 2327; x_wconf 91' lang='lat' dir='ltr'>de</span> <span class='ocrx_word' id='word_1_351' title='bbox 1352 2294 1445 2337; x_wconf 92' lang='lat' dir='ltr'>qua</span> <span class='ocrx_word' id='word_1_352' title='bbox 1476 2285 1617 2325; x_wconf 89' lang='lat' dir='ltr'>natus</span> <span class='ocrx_word' id='word_1_353' title='bbox 1639 2281 1726 2324; x_wconf 89' lang='lat' dir='ltr'>suit</span> <span class='ocrx_word' id='word_1_354' title='bbox 1761 2280 1922 2336; x_wconf 86' lang='lat' dir='ltr'>David,</span> 
     </span>
     <span class='ocr_line' id='line_1_35' title="bbox 40 2341 1923 2402; baseline -0.001 -16"><span class='ocrx_word' id='word_1_355' title='bbox 40 2344 165 2388; x_wconf 90' lang='lat' dir='ltr'>nasci</span> <span class='ocrx_word' id='word_1_356' title='bbox 198 2345 358 2402; x_wconf 90' lang='lat' dir='ltr'>voluit,</span> <span class='ocrx_word' id='word_1_357' title='bbox 381 2349 434 2389; x_wconf 91' lang='lat' dir='ltr'>ut</span> <span class='ocrx_word' id='word_1_358' title='bbox 465 2357 523 2388; x_wconf 82' lang='lat' dir='ltr'>ex</span> <span class='ocrx_word' id='word_1_359' title='bbox 541 2344 644 2401; x_wconf 88' lang='lat' dir='ltr'>ipso</span> <span class='ocrx_word' id='word_1_360' title='bbox 661 2345 763 2389; x_wconf 92' lang='lat' dir='ltr'>loco</span> <span class='ocrx_word' id='word_1_361' title='bbox 785 2344 1040 2389; x_wconf 84' lang='lat' dir='ltr'>nativitatis</span> <span class='ocrx_word' id='word_1_362' title='bbox 1062 2342 1306 2399; x_wconf 84' lang='lat' dir='ltr'>promissio</span> <span class='ocrx_word' id='word_1_363' title='bbox 1343 2343 1387 2387; x_wconf 90' lang='lat' dir='ltr'>ei</span> <span class='ocrx_word' id='word_1_364' title='bbox 1418 2342 1540 2386; x_wconf 86' lang='lat' dir='ltr'>facta</span> <span class='ocrx_word' id='word_1_365' title='bbox 1559 2341 1748 2398; x_wconf 87' lang='lat' dir='ltr'>impleta</span> <span class='ocrx_word' id='word_1_366' title='bbox 1766 2346 1923 2385; x_wconf 90' lang='lat' dir='ltr'>osten-</span> 
     </span>
     <span class='ocr_line' id='line_1_36' title="bbox 39 2403 1924 2462; baseline -0.001 -14"><span class='ocrx_word' id='word_1_367' title='bbox 39 2405 225 2450; x_wconf 85' lang='lat' dir='ltr'>deretur</span> <span class='ocrx_word' id='word_1_368' title='bbox 257 2421 266 2447; x_wconf 92' lang='lat'>:</span> <span class='ocrx_word' id='word_1_369' title='bbox 299 2411 346 2450; x_wconf 89' lang='lat' dir='ltr'>et</span> <span class='ocrx_word' id='word_1_370' title='bbox 364 2407 450 2450; x_wconf 90' lang='lat' dir='ltr'>hoc</span> <span class='ocrx_word' id='word_1_371' title='bbox 467 2405 681 2462; x_wconf 90' lang='lat' dir='ltr'>designat</span> <span class='ocrx_word' id='word_1_372' title='bbox 701 2406 998 2462; x_wconf 88' lang='lat' dir='ltr'>Evangelista</span> <span class='ocrx_word' id='word_1_373' title='bbox 1029 2406 1190 2450; x_wconf 89' lang='lat' dir='ltr'>dicens</span> <span class='ocrx_word' id='word_1_374' title='bbox 1214 2407 1339 2459; x_wconf 89' lang='lat' dir='ltr'>(Luc.</span> <span class='ocrx_word' id='word_1_375' title='bbox 1356 2407 1399 2456; x_wconf 88' lang='lat'>11)</span> <span class='ocrx_word' id='word_1_376' title='bbox 1440 2416 1451 2445; x_wconf 74' lang='grc' dir='ltr'><strong>ε</strong></span> <span class='ocrx_word' id='word_1_377' title='bbox 1487 2406 1550 2447; x_wconf 81' lang='lat' dir='ltr'>Eo</span> <span class='ocrx_word' id='word_1_378' title='bbox 1587 2403 1704 2459; x_wconf 73' lang='lat' dir='ltr'>quad</span> <span class='ocrx_word' id='word_1_379' title='bbox 1730 2407 1842 2446; x_wconf 79' lang='lat' dir='ltr'>esset</span> <span class='ocrx_word' id='word_1_380' title='bbox 1866 2404 1924 2447; x_wconf 86' lang='lat' dir='ltr'>de</span> 
     </span>
     <span class='ocr_line' id='line_1_37' title="bbox 40 2464 1924 2524; baseline 0 -16"><span class='ocrx_word' id='word_1_381' title='bbox 40 2468 171 2510; x_wconf 81' lang='lat' dir='ltr'>domo</span> <span class='ocrx_word' id='word_1_382' title='bbox 209 2471 252 2510; x_wconf 81' lang='lat' dir='ltr'>et</span> <span class='ocrx_word' id='word_1_383' title='bbox 286 2468 469 2523; x_wconf 86' lang='lat' dir='ltr'>familia</span> <span class='ocrx_word' id='word_1_384' title='bbox 509 2469 676 2512; x_wconf 85' lang='lat' dir='ltr'>David.</span> <span class='ocrx_word' id='word_1_385' title='bbox 720 2467 957 2524; x_wconf 81' lang='lat' dir='ltr'>Secundo,</span> <span class='ocrx_word' id='word_1_386' title='bbox 991 2468 1130 2524; x_wconf 88' lang='lat' dir='ltr'>quia,</span> <span class='ocrx_word' id='word_1_387' title='bbox 1172 2474 1226 2510; x_wconf 91' lang='lat' dir='ltr'>ut</span> <span class='ocrx_word' id='word_1_388' title='bbox 1274 2464 1519 2521; x_wconf 87' lang='lat' dir='ltr'>Gregorius</span> <span class='ocrx_word' id='word_1_389' title='bbox 1542 2464 1653 2509; x_wconf 89' lang='lat' dir='ltr'>dicit</span> <span class='ocrx_word' id='word_1_390' title='bbox 1694 2465 1756 2517; x_wconf 90' lang='lat' dir='ltr'>(in</span> <span class='ocrx_word' id='word_1_391' title='bbox 1795 2464 1924 2509; x_wconf 88' lang='lat' dir='ltr'>hom.</span> 
     </span>
     <span class='ocr_line' id='line_1_38' title="bbox 40 2526 1925 2586; baseline 0 -16"><span class='ocrx_word' id='word_1_392' title='bbox 40 2540 129 2581; x_wconf 85' lang='lat' dir='ltr'>vm,</span> <span class='ocrx_word' id='word_1_393' title='bbox 171 2528 219 2572; x_wconf 91' lang='lat' dir='ltr'>in</span> <span class='ocrx_word' id='word_1_394' title='bbox 252 2530 445 2585; x_wconf 75' lang='lat' dir='ltr'>Evang,</span> <span class='ocrx_word' id='word_1_395' title='bbox 467 2541 632 2586; x_wconf 89' lang='lat' dir='ltr'>parum</span> <span class='ocrx_word' id='word_1_396' title='bbox 665 2529 691 2572; x_wconf 77' lang='lat' dir='ltr'>a</span> <span class='ocrx_word' id='word_1_397' title='bbox 725 2530 911 2585; x_wconf 87' lang='lat' dir='ltr'>princ.)‚</span> <span class='ocrx_word' id='word_1_398' title='bbox 942 2529 1239 2573; x_wconf 87' lang='lat' dir='ltr'>«Bethlehem</span> <span class='ocrx_word' id='word_1_399' title='bbox 1274 2527 1440 2571; x_wconf 89' lang='lat' dir='ltr'>domus</span> <span class='ocrx_word' id='word_1_400' title='bbox 1477 2527 1613 2583; x_wconf 88' lang='lat' dir='ltr'>panis</span> <span class='ocrx_word' id='word_1_401' title='bbox 1646 2526 1925 2582; x_wconf 86' lang='lat' dir='ltr'>interpreta-</span> 
     </span>
    </p>
   </div>
   <div class='ocr_carea' id='block_1_5' title="bbox 42 2588 1927 2647">
    <p class='ocr_par' dir='ltr' id='par_1_11' title="bbox 42 2584 2012 2656">
     <span class='ocr_line' id='line_1_39' title="bbox 42 2588 1927 2647; baseline -0.009 -4"><span class='ocrx_word' id='word_1_402' title='bbox 42 2592 116 2631; x_wconf 83' lang='lat' dir='ltr'>tur</span> <span class='ocrx_word' id='word_1_403' title='bbox 131 2590 205 2644; x_wconf 85' lang='lat'>(3).</span> <span class='ocrx_word' id='word_1_404' title='bbox 234 2593 338 2645; x_wconf 77' lang='lat' dir='ltr'>lpse</span> <span class='ocrx_word' id='word_1_405' title='bbox 359 2594 513 2634; x_wconf 85' lang='lat' dir='ltr'>autem</span> <span class='ocrx_word' id='word_1_406' title='bbox 529 2591 736 2635; x_wconf 87' lang='lat' dir='ltr'>Christus</span> <span class='ocrx_word' id='word_1_407' title='bbox 754 2595 826 2635; x_wconf 87' lang='lat' dir='ltr'>est</span> <span class='ocrx_word' id='word_1_408' title='bbox 845 2590 927 2647; x_wconf 88' lang='lat' dir='ltr'>qui</span> <span class='ocrx_word' id='word_1_409' title='bbox 954 2590 1018 2634; x_wconf 88' lang='lat' dir='ltr'>ait</span> <span class='ocrx_word' id='word_1_410' title='bbox 1047 2605 1058 2634; x_wconf 77' lang='lat' dir='ltr'><strong><em>z</em></strong></span> <span class='ocrx_word' id='word_1_411' title='bbox 1079 2593 1175 2646; x_wconf 74' lang='lat' dir='ltr'>qu</span> <span class='ocrx_word' id='word_1_412' title='bbox 1193 2602 1291 2632; x_wconf 82' lang='lat' dir='ltr'>sum</span> <span class='ocrx_word' id='word_1_413' title='bbox 1310 2590 1445 2644; x_wconf 80' lang='lat' dir='ltr'>panis</span> <span class='ocrx_word' id='word_1_414' title='bbox 1459 2591 1603 2643; x_wconf 83' lang='lat' dir='ltr'>vivus,</span> <span class='ocrx_word' id='word_1_415' title='bbox 1627 2590 1702 2643; x_wconf 83' lang='lat' dir='ltr'>qui</span> <span class='ocrx_word' id='word_1_416' title='bbox 1728 2588 1785 2630; x_wconf 87' lang='lat' dir='ltr'>de</span> <span class='ocrx_word' id='word_1_417' title='bbox 1814 2589 1927 2630; x_wconf 88' lang='lat' dir='ltr'>coelo</span> 
     </span>
    </p>
   </div>
   <div class='ocr_carea' id='block_1_6' title="bbox 42 2647 330 2695">
    <p class='ocr_par' dir='ltr' id='par_1_12' title="bbox 42 2647 330 2695">
     <span class='ocr_line' id='line_1_40' title="bbox 42 2647 330 2695; baseline 0.01 -3"><span class='ocrx_word' id='word_1_418' title='bbox 42 2647 282 2695; x_wconf 69' lang='lat' dir='ltr'>deseendit.</span> <span class='ocrx_word' id='word_1_419' title='bbox 309 2668 330 2688; x_wconf 87' lang='lat'>»</span> 
     </span>
    </p>
   </div>
   <div class='ocr_carea' id='block_1_7' title="bbox 95 2709 2009 2769">
    <p class='ocr_par' dir='ltr' id='par_1_13' title="bbox 95 2709 2009 2769">
     <span class='ocr_line' id='line_1_41' title="bbox 95 2709 2009 2769; baseline 0 -15"><span class='ocrx_word' id='word_1_420' title='bbox 95 2712 162 2755; x_wconf 90' lang='lat' dir='ltr'>Ad</span> <span class='ocrx_word' id='word_1_421' title='bbox 177 2716 377 2767; x_wconf 83' lang='lat' dir='ltr'>primum</span> <span class='ocrx_word' id='word_1_422' title='bbox 398 2723 508 2767; x_wconf 87' lang='lat' dir='ltr'>ergo</span> <span class='ocrx_word' id='word_1_423' title='bbox 521 2712 786 2769; x_wconf 89' lang='lat' dir='ltr'>dicendum,</span> <span class='ocrx_word' id='word_1_424' title='bbox 803 2712 928 2769; x_wconf 82' lang='lat' dir='ltr'>quod</span> <span class='ocrx_word' id='word_1_425' title='bbox 951 2712 1072 2756; x_wconf 90' lang='lat' dir='ltr'>sicut</span> <span class='ocrx_word' id='word_1_426' title='bbox 1088 2711 1230 2756; x_wconf 88' lang='lat' dir='ltr'>David</span> <span class='ocrx_word' id='word_1_427' title='bbox 1250 2710 1300 2754; x_wconf 88' lang='lat' dir='ltr'>in</span> <span class='ocrx_word' id='word_1_428' title='bbox 1318 2709 1582 2754; x_wconf 90' lang='lat' dir='ltr'>Bethlehem</span> <span class='ocrx_word' id='word_1_429' title='bbox 1598 2714 1737 2753; x_wconf 89' lang='lat' dir='ltr'>natus</span> <span class='ocrx_word' id='word_1_430' title='bbox 1756 2715 1842 2767; x_wconf 86' lang='lat' dir='ltr'>est,</span> <span class='ocrx_word' id='word_1_431' title='bbox 1862 2711 1926 2756; x_wconf 89' lang='lat' dir='ltr'>ita</span> <span class='ocrx_word' id='word_1_432' title='bbox 1993 2716 2009 2758; x_wconf 75' lang='grc'>,’</span> 
     </span>
    </p>
   </div>
   <div class='ocr_carea' id='block_1_8' title="bbox 43 2770 1979 2831">
    <p class='ocr_par' dir='ltr' id='par_1_14' title="bbox 43 2770 1979 2831">
     <span class='ocr_line' id='line_1_42' title="bbox 43 2770 1979 2831; baseline 0 -17"><span class='ocrx_word' id='word_1_433' title='bbox 43 2771 180 2814; x_wconf 89' lang='lat' dir='ltr'>etiam</span> <span class='ocrx_word' id='word_1_434' title='bbox 193 2770 444 2817; x_wconf 82' lang='lat' dir='ltr'>Jerusalem</span> <span class='ocrx_word' id='word_1_435' title='bbox 458 2775 612 2831; x_wconf 85' lang='lat' dir='ltr'>elegit,</span> <span class='ocrx_word' id='word_1_436' title='bbox 625 2779 679 2818; x_wconf 90' lang='lat' dir='ltr'>ut</span> <span class='ocrx_word' id='word_1_437' title='bbox 691 2774 740 2818; x_wconf 90' lang='lat' dir='ltr'>in</span> <span class='ocrx_word' id='word_1_438' title='bbox 756 2786 811 2818; x_wconf 88' lang='lat' dir='ltr'>ea</span> <span class='ocrx_word' id='word_1_439' title='bbox 830 2774 987 2819; x_wconf 82' lang='lat' dir='ltr'>sedern</span> <span class='ocrx_word' id='word_1_440' title='bbox 998 2774 1128 2830; x_wconf 86' lang='lat' dir='ltr'>regni</span> <span class='ocrx_word' id='word_1_441' title='bbox 1145 2772 1465 2828; x_wconf 88' lang='lat' dir='ltr'>constitueret,</span> <span class='ocrx_word' id='word_1_442' title='bbox 1485 2774 1532 2814; x_wconf 91' lang='lat' dir='ltr'>et</span> <span class='ocrx_word' id='word_1_443' title='bbox 1540 2771 1763 2826; x_wconf 84' lang='lat' dir='ltr'>templum</span> <span class='ocrx_word' id='word_1_444' title='bbox 1777 2771 1852 2815; x_wconf 91' lang='lat' dir='ltr'>Dei</span> <span class='ocrx_word' id='word_1_445' title='bbox 1863 2772 1926 2816; x_wconf 88' lang='lat' dir='ltr'>ibi</span> <span class='ocrx_word' id='word_1_446' title='bbox 1976 2798 1979 2802; x_wconf 91' lang='lat'><em>-</em></span> 
     </span>
    </p>
   </div>
   <div class='ocr_carea' id='block_1_9' title="bbox 44 2824 2005 2954">
    <p class='ocr_par' dir='ltr' id='par_1_15' title="bbox 44 2824 2005 2954">
     <span class='ocr_line' id='line_1_43' title="bbox 44 2824 2005 2893; baseline 0.001 -18"><span class='ocrx_word' id='word_1_447' title='bbox 44 2833 314 2890; x_wconf 82' lang='lat' dir='ltr'>aedificaret3</span> <span class='ocrx_word' id='word_1_448' title='bbox 336 2840 382 2878; x_wconf 90' lang='lat' dir='ltr'>et</span> <span class='ocrx_word' id='word_1_449' title='bbox 405 2835 472 2879; x_wconf 89' lang='lat' dir='ltr'>sic</span> <span class='ocrx_word' id='word_1_450' title='bbox 490 2836 743 2880; x_wconf 86' lang='lat' dir='ltr'>Jerusalem</span> <span class='ocrx_word' id='word_1_451' title='bbox 777 2836 930 2893; x_wconf 86' lang='lat' dir='ltr'>elegit,</span> <span class='ocrx_word' id='word_1_452' title='bbox 950 2840 1003 2879; x_wconf 91' lang='lat' dir='ltr'>ut</span> <span class='ocrx_word' id='word_1_453' title='bbox 1031 2839 1155 2879; x_wconf 88' lang='lat' dir='ltr'>esset</span> <span class='ocrx_word' id='word_1_454' title='bbox 1177 2834 1339 2878; x_wconf 87' lang='lat' dir='ltr'>civitas</span> <span class='ocrx_word' id='word_1_455' title='bbox 1359 2833 1498 2878; x_wconf 91' lang='lat' dir='ltr'>simul</span> <span class='ocrx_word' id='word_1_456' title='bbox 1513 2833 1682 2888; x_wconf 76' lang='lat' dir='ltr'>regalis¹</span> <span class='ocrx_word' id='word_1_457' title='bbox 1702 2836 1749 2876; x_wconf 82' lang='lat' dir='ltr'>et</span> <span class='ocrx_word' id='word_1_458' title='bbox 1771 2845 1927 2877; x_wconf 89' lang='lat' dir='ltr'>sacer-</span> <span class='ocrx_word' id='word_1_459' title='bbox 1984 2824 2005 2893; x_wconf 35' lang='grc' dir='ltr'>’ᾖ</span> 
     </span>
     <span class='ocr_line' id='line_1_44' title="bbox 44 2893 2005 2954; baseline 0.001 -16"><span class='ocrx_word' id='word_1_460' title='bbox 44 2895 223 2939; x_wconf 89' lang='lat' dir='ltr'>dotalis.</span> <span class='ocrx_word' id='word_1_461' title='bbox 246 2897 554 2940; x_wconf 88' lang='lat' dir='ltr'>Sacerdotium</span> <span class='ocrx_word' id='word_1_462' title='bbox 574 2903 728 2942; x_wconf 85' lang='lat' dir='ltr'>autem</span> <span class='ocrx_word' id='word_1_463' title='bbox 745 2898 907 2943; x_wconf 87' lang='lat' dir='ltr'>Christi</span> <span class='ocrx_word' id='word_1_464' title='bbox 922 2904 967 2941; x_wconf 91' lang='lat' dir='ltr'>et</span> <span class='ocrx_word' id='word_1_465' title='bbox 981 2898 1020 2954; x_wconf 87' lang='lat' dir='ltr'>ej</span> <span class='ocrx_word' id='word_1_466' title='bbox 1029 2910 1082 2941; x_wconf 89' lang='lat' dir='ltr'>us</span> <span class='ocrx_word' id='word_1_467' title='bbox 1095 2908 1291 2952; x_wconf 87' lang='lat' dir='ltr'>regnum</span> <span class='ocrx_word' id='word_1_468' title='bbox 1308 2893 1541 2951; x_wconf 77' lang='lat' dir='ltr'>praecipue</span> <span class='ocrx_word' id='word_1_469' title='bbox 1552 2898 1926 2939; x_wconf 84' lang='lat' dir='ltr'>consummatum</span> <span class='ocrx_word' id='word_1_470' title='bbox 2002 2899 2005 2906; x_wconf 66' lang='lat'><strong>⁴</strong></span> 
     </span>
    </p>
   </div>
   <div class='ocr_carea' id='block_1_10' title="bbox 43 2955 1927 3199">
    <p class='ocr_par' dir='ltr' id='par_1_16' title="bbox 43 2955 1927 3199">
     <span class='ocr_line' id='line_1_45' title="bbox 45 2955 1924 3012; baseline -0.001 -13"><span class='ocrx_word' id='word_1_471' title='bbox 45 2963 116 3000; x_wconf 87' lang='lat' dir='ltr'>est</span> <span class='ocrx_word' id='word_1_472' title='bbox 146 2957 192 3000; x_wconf 90' lang='lat' dir='ltr'>in</span> <span class='ocrx_word' id='word_1_473' title='bbox 218 2956 318 3012; x_wconf 86' lang='lat' dir='ltr'>ejus</span> <span class='ocrx_word' id='word_1_474' title='bbox 341 2957 555 3012; x_wconf 91' lang='lat' dir='ltr'>passione</span> <span class='ocrx_word' id='word_1_475' title='bbox 583 2972 596 3002; x_wconf 91' lang='lat'><strong>:</strong></span> <span class='ocrx_word' id='word_1_476' title='bbox 630 2963 677 3003; x_wconf 91' lang='lat' dir='ltr'>et</span> <span class='ocrx_word' id='word_1_477' title='bbox 711 2959 815 3005; x_wconf 88' lang='lat' dir='ltr'>ideo</span> <span class='ocrx_word' id='word_1_478' title='bbox 848 2960 1178 3004; x_wconf 89' lang='lat' dir='ltr'>convenienter</span> <span class='ocrx_word' id='word_1_479' title='bbox 1210 2956 1470 3001; x_wconf 89' lang='lat' dir='ltr'>Bethlehem</span> <span class='ocrx_word' id='word_1_480' title='bbox 1506 2955 1645 3010; x_wconf 89' lang='lat' dir='ltr'>elegit</span> <span class='ocrx_word' id='word_1_481' title='bbox 1681 2955 1924 3012; x_wconf 84' lang='lat' dir='ltr'>nativitati,</span> 
     </span>
     <span class='ocr_line' id='line_1_46' title="bbox 43 3016 1924 3075; baseline 0.001 -15"><span class='ocrx_word' id='word_1_482' title='bbox 43 3018 295 3062; x_wconf 85' lang='lat' dir='ltr'>Jerusalem</span> <span class='ocrx_word' id='word_1_483' title='bbox 335 3018 448 3062; x_wconf 83' lang='lat' dir='ltr'>vero</span> <span class='ocrx_word' id='word_1_484' title='bbox 487 3020 707 3074; x_wconf 84' lang='lat' dir='ltr'>passioni.</span> <span class='ocrx_word' id='word_1_485' title='bbox 760 3021 971 3065; x_wconf 87' lang='lat' dir='ltr'>Similiter</span> <span class='ocrx_word' id='word_1_486' title='bbox 1013 3021 1150 3064; x_wconf 87' lang='lat' dir='ltr'>etiam</span> <span class='ocrx_word' id='word_1_487' title='bbox 1190 3031 1274 3075; x_wconf 90' lang='lat' dir='ltr'>per</span> <span class='ocrx_word' id='word_1_488' title='bbox 1317 3020 1404 3062; x_wconf 91' lang='lat' dir='ltr'>hoc</span> <span class='ocrx_word' id='word_1_489' title='bbox 1446 3017 1683 3061; x_wconf 90' lang='lat' dir='ltr'>hominum</span> <span class='ocrx_word' id='word_1_490' title='bbox 1732 3016 1924 3071; x_wconf 85' lang='lat' dir='ltr'>gloriam</span> 
     </span>
     <span class='ocr_line' id='line_1_47' title="bbox 45 3077 1927 3138; baseline 0 -16"><span class='ocrx_word' id='word_1_491' title='bbox 45 3079 313 3135; x_wconf 82' lang='lat' dir='ltr'>confutavit,</span> <span class='ocrx_word' id='word_1_492' title='bbox 349 3079 430 3135; x_wconf 88' lang='lat' dir='ltr'>qui</span> <span class='ocrx_word' id='word_1_493' title='bbox 473 3080 727 3135; x_wconf 84' lang='lat' dir='ltr'>gloriantur</span> <span class='ocrx_word' id='word_1_494' title='bbox 760 3082 817 3126; x_wconf 89' lang='lat' dir='ltr'>de</span> <span class='ocrx_word' id='word_1_495' title='bbox 855 3083 945 3126; x_wconf 92' lang='lat' dir='ltr'>hoc</span> <span class='ocrx_word' id='word_1_496' title='bbox 967 3083 1092 3138; x_wconf 72' lang='lat' dir='ltr'>qued</span> <span class='ocrx_word' id='word_1_497' title='bbox 1132 3094 1188 3125; x_wconf 87' lang='lat' dir='ltr'>ex</span> <span class='ocrx_word' id='word_1_498' title='bbox 1213 3078 1478 3124; x_wconf 83' lang='lat' dir='ltr'>civitatibus</span> <span class='ocrx_word' id='word_1_499' title='bbox 1520 3077 1754 3121; x_wconf 88' lang='lat' dir='ltr'>nobilibus</span> <span class='ocrx_word' id='word_1_500' title='bbox 1788 3079 1927 3134; x_wconf 89' lang='lat' dir='ltr'>origi—</span> 
     </span>
     <span class='ocr_line' id='line_1_48' title="bbox 46 3140 1927 3199; baseline -0.001 -13"><span class='ocrx_word' id='word_1_501' title='bbox 46 3154 154 3186; x_wconf 91' lang='lat' dir='ltr'>nem</span> <span class='ocrx_word' id='word_1_502' title='bbox 184 3142 377 3195; x_wconf 84' lang='lat' dir='ltr'>ducunt,</span> <span class='ocrx_word' id='word_1_503' title='bbox 408 3142 456 3185; x_wconf 92' lang='lat' dir='ltr'>in</span> <span class='ocrx_word' id='word_1_504' title='bbox 494 3142 665 3199; x_wconf 89' lang='lat' dir='ltr'>quibus</span> <span class='ocrx_word' id='word_1_505' title='bbox 688 3143 825 3186; x_wconf 87' lang='lat' dir='ltr'>etiam</span> <span class='ocrx_word' id='word_1_506' title='bbox 853 3144 1085 3199; x_wconf 79' lang='lat' dir='ltr'>praecipue</span> <span class='ocrx_word' id='word_1_507' title='bbox 1106 3144 1269 3186; x_wconf 91' lang='lat' dir='ltr'>volunt</span> <span class='ocrx_word' id='word_1_508' title='bbox 1289 3141 1523 3185; x_wconf 86' lang='lat' dir='ltr'>honorari.</span> <span class='ocrx_word' id='word_1_509' title='bbox 1547 3140 1752 3184; x_wconf 86' lang='lat' dir='ltr'>Christus</span> <span class='ocrx_word' id='word_1_510' title='bbox 1771 3146 1927 3184; x_wconf 86' lang='lat' dir='ltr'>autem</span> 
     </span>
    </p>
   </div>
   <div class='ocr_carea' id='block_1_11' title="bbox 46 3234 1930 3374">
    <p class='ocr_par' dir='ltr' id='par_1_17' title="bbox 46 3234 1930 3374">
     <span class='ocr_line' id='line_1_49' title="bbox 87 3234 1928 3278; baseline -0.002 -8"><span class='ocrx_word' id='word_1_511' title='bbox 87 3238 125 3276; x_wconf 62' lang='grc' dir='ltr'>(Ἰ)</span> <span class='ocrx_word' id='word_1_512' title='bbox 145 3238 194 3271; x_wconf 82' lang='lat' dir='ltr'>De</span> <span class='ocrx_word' id='word_1_513' title='bbox 215 3237 278 3271; x_wconf 86' lang='lat' dir='ltr'>boc</span> <span class='ocrx_word' id='word_1_514' title='bbox 302 3237 445 3270; x_wconf 79' lang='lat' dir='ltr'>articulo</span> <span class='ocrx_word' id='word_1_515' title='bbox 466 3236 581 3271; x_wconf 76' lang='lat' dir='ltr'>confer</span> <span class='ocrx_word' id='word_1_516' title='bbox 598 3236 685 3278; x_wconf 84' lang='lat' dir='ltr'>quod</span> <span class='ocrx_word' id='word_1_517' title='bbox 705 3237 834 3271; x_wconf 84' lang='lat' dir='ltr'>dictum</span> <span class='ocrx_word' id='word_1_518' title='bbox 858 3242 907 3271; x_wconf 79' lang='lat' dir='ltr'>est</span> <span class='ocrx_word' id='word_1_519' title='bbox 927 3239 944 3271; x_wconf 69' lang='lat' dir='ltr'>{a</span> <span class='ocrx_word' id='word_1_520' title='bbox 1069 3239 1112 3278; x_wconf 79' lang='lat'>(5)</span> <span class='ocrx_word' id='word_1_521' title='bbox 1131 3237 1281 3276; x_wconf 68' lang='lat' dir='ltr'>Atlans-y</span> <span class='ocrx_word' id='word_1_522' title='bbox 1311 3239 1429 3276; x_wconf 70' lang='lat' dir='ltr'>gomer</span> <span class='ocrx_word' id='word_1_523' title='bbox 1447 3235 1478 3269; x_wconf 78' lang='lat' dir='ltr'>la</span> <span class='ocrx_word' id='word_1_524' title='bbox 1503 3235 1578 3276; x_wconf 83' lang='lat' dir='ltr'>paix</span> <span class='ocrx_word' id='word_1_525' title='bbox 1605 3236 1724 3269; x_wconf 70' lang='lat' dir='ltr'>celeste</span> <span class='ocrx_word' id='word_1_526' title='bbox 1738 3261 1746 3275; x_wconf 87' lang='lat'>,</span> <span class='ocrx_word' id='word_1_527' title='bbox 1767 3234 1928 3268; x_wconf 73' lang='lat' dir='ltr'>exclamat</span> 
     </span>
     <span class='ocr_line' id='line_1_50' title="bbox 49 3282 1927 3327; baseline -0.001 -10"><span class='ocrx_word' id='word_1_528' title='bbox 49 3284 216 3318; x_wconf 81' lang='lat' dir='ltr'>Rossuctio</span> <span class='ocrx_word' id='word_1_529' title='bbox 240 3285 461 3325; x_wconf 54' lang='lat' dir='ltr'>(Elei-&gt;alioue</span> <span class='ocrx_word' id='word_1_530' title='bbox 489 3296 557 3319; x_wconf 75' lang='lat' dir='ltr'>sur</span> <span class='ocrx_word' id='word_1_531' title='bbox 584 3286 633 3320; x_wconf 79' lang='lat' dir='ltr'>les</span> <span class='ocrx_word' id='word_1_532' title='bbox 665 3287 846 3327; x_wconf 74' lang='lat' dir='ltr'>mysteres,</span> <span class='ocrx_word' id='word_1_533' title='bbox 869 3293 944 3318; x_wconf 81' lang='lat' dir='ltr'>xvi·</span> <span class='ocrx_word' id='word_1_534' title='bbox 1029 3286 1228 3323; x_wconf 81' lang='lat' dir='ltr'>Bossuetius‚</span> <span class='ocrx_word' id='word_1_535' title='bbox 1246 3284 1276 3317; x_wconf 77' lang='lat' dir='ltr'>la</span> <span class='ocrx_word' id='word_1_536' title='bbox 1291 3284 1364 3324; x_wconf 83' lang='lat' dir='ltr'>paix</span> <span class='ocrx_word' id='word_1_537' title='bbox 1384 3283 1440 3318; x_wconf 83' lang='lat' dir='ltr'>des</span> <span class='ocrx_word' id='word_1_538' title='bbox 1454 3294 1553 3322; x_wconf 74' lang='lat' dir='ltr'>anges</span> <span class='ocrx_word' id='word_1_539' title='bbox 1571 3283 1720 3317; x_wconf 75' lang='lat' dir='ltr'>devenue</span> <span class='ocrx_word' id='word_1_540' title='bbox 1738 3282 1769 3315; x_wconf 80' lang='lat' dir='ltr'>la</span> <span class='ocrx_word' id='word_1_541' title='bbox 1783 3283 1927 3316; x_wconf 82' lang='lat' dir='ltr'>nourri-</span> 
     </span>
     <span class='ocr_line' id='line_1_51' title="bbox 46 3329 1930 3374; baseline -0.003 -7"><span class='ocrx_word' id='word_1_542' title='bbox 46 3333 204 3372; x_wconf 76' lang='lat' dir='ltr'>semaine,</span> <span class='ocrx_word' id='word_1_543' title='bbox 224 3333 340 3366; x_wconf 61' lang='lat' dir='ltr'>elevat.</span> <span class='ocrx_word' id='word_1_544' title='bbox 361 3341 395 3365; x_wconf 73' lang='lat' dir='ltr'>vt</span> <span class='ocrx_word' id='word_1_545' title='bbox 412 3338 444 3366; x_wconf 90' lang='lat' dir='ltr'>et</span> <span class='ocrx_word' id='word_1_546' title='bbox 460 3336 536 3374; x_wconf 82' lang='lat' dir='ltr'>vu).</span> <span class='ocrx_word' id='word_1_547' title='bbox 1031 3339 1105 3365; x_wconf 86' lang='lat' dir='ltr'>ture</span> <span class='ocrx_word' id='word_1_548' title='bbox 1127 3332 1167 3365; x_wconf 90' lang='lat' dir='ltr'>dc</span> <span class='ocrx_word' id='word_1_549' title='bbox 1185 3331 1346 3365; x_wconf 81' lang='lat' dir='ltr'>l&#39;homnie</span> <span class='ocrx_word' id='word_1_550' title='bbox 1370 3344 1378 3365; x_wconf 90' lang='lat'>:</span> <span class='ocrx_word' id='word_1_551' title='bbox 1405 3331 1586 3370; x_wconf 78' lang='lat' dir='ltr'>regardons</span> <span class='ocrx_word' id='word_1_552' title='bbox 1610 3335 1719 3364; x_wconf 80' lang='lat' dir='ltr'>tontes</span> <span class='ocrx_word' id='word_1_553' title='bbox 1746 3330 1792 3362; x_wconf 80' lang='lat' dir='ltr'>les</span> <span class='ocrx_word' id='word_1_554' title='bbox 1810 3329 1930 3368; x_wconf 71' lang='lat' dir='ltr'>e&#39;glises</span> 
     </span>
    </p>
   </div>
   <div class='ocr_carea' id='block_1_12' title="bbox 49 3376 1931 3468">
    <p class='ocr_par' dir='ltr' id='par_1_18' title="bbox 49 3376 1931 3468">
     <span class='ocr_line' id='line_1_52' title="bbox 85 3376 1931 3421; baseline -0.003 -7"><span class='ocrx_word' id='word_1_555' title='bbox 85 3381 127 3419; x_wconf 59' lang='lat'>(2³</span> <span class='ocrx_word' id='word_1_556' title='bbox 160 3381 353 3414; x_wconf 78' lang='lat' dir='ltr'>Arcusativo</span> <span class='ocrx_word' id='word_1_557' title='bbox 383 3391 458 3413; x_wconf 82' lang='lat' dir='ltr'>casu</span> <span class='ocrx_word' id='word_1_558' title='bbox 477 3380 570 3420; x_wconf 80' lang='lat' dir='ltr'>quasi</span> <span class='ocrx_word' id='word_1_559' title='bbox 605 3380 654 3414; x_wconf 80' lang='lat' dir='ltr'>ad</span> <span class='ocrx_word' id='word_1_560' title='bbox 690 3380 754 3414; x_wconf 82' lang='lat' dir='ltr'>hoc</span> <span class='ocrx_word' id='word_1_561' title='bbox 770 3380 827 3421; x_wconf 74' lang='grc' dir='ltr'>(ιἰς</span> <span class='ocrx_word' id='word_1_562' title='bbox 846 3380 949 3420; x_wconf 73' lang='grc' dir='ltr'>τοῦτο)</span> <span class='ocrx_word' id='word_1_563' title='bbox 1030 3391 1162 3413; x_wconf 82' lang='lat' dir='ltr'>comme</span> <span class='ocrx_word' id='word_1_564' title='bbox 1188 3382 1281 3414; x_wconf 71' lang='lat' dir='ltr'>etant</span> <span class='ocrx_word' id='word_1_565' title='bbox 1314 3380 1342 3412; x_wconf 87' lang='lat' dir='ltr'>la</span> <span class='ocrx_word' id='word_1_566' title='bbox 1375 3379 1467 3412; x_wconf 85' lang='lat' dir='ltr'>vraie</span> <span class='ocrx_word' id='word_1_567' title='bbox 1498 3378 1681 3418; x_wconf 64' lang='lat' dir='ltr'>Bethleem,</span> <span class='ocrx_word' id='word_1_568' title='bbox 1707 3382 1737 3410; x_wconf 77' lang='lat' dir='ltr'>et</span> <span class='ocrx_word' id='word_1_569' title='bbox 1774 3376 1805 3410; x_wconf 80' lang='lat' dir='ltr'>la</span> <span class='ocrx_word' id='word_1_570' title='bbox 1837 3376 1931 3410; x_wconf 74' lang='lat' dir='ltr'>vraie</span> 
     </span>
     <span class='ocr_line' id='line_1_53' title="bbox 49 3425 1679 3468; baseline -0.001 -8"><span class='ocrx_word' id='word_1_571' title='bbox 49 3435 86 3461; x_wconf 85' lang='lat' dir='ltr'>ut</span> <span class='ocrx_word' id='word_1_572' title='bbox 102 3440 174 3462; x_wconf 86' lang='lat' dir='ltr'>mox</span> <span class='ocrx_word' id='word_1_573' title='bbox 190 3444 197 3467; x_wconf 70' lang='grc' dir='ltr'>ς</span> <span class='ocrx_word' id='word_1_574' title='bbox 217 3429 249 3461; x_wconf 90' lang='lat' dir='ltr'>id</span> <span class='ocrx_word' id='word_1_575' title='bbox 266 3430 362 3462; x_wconf 79' lang='lat' dir='ltr'>estin</span> <span class='ocrx_word' id='word_1_576' title='bbox 381 3439 458 3461; x_wconf 86' lang='lat' dir='ltr'>cum</span> <span class='ocrx_word' id='word_1_577' title='bbox 477 3429 592 3462; x_wconf 81' lang='lat' dir='ltr'>linem.</span> <span class='ocrx_word' id='word_1_578' title='bbox 1032 3427 1158 3461; x_wconf 80' lang='lat' dir='ltr'>maison</span> <span class='ocrx_word' id='word_1_579' title='bbox 1175 3427 1219 3460; x_wconf 80' lang='lat' dir='ltr'>du</span> <span class='ocrx_word' id='word_1_580' title='bbox 1235 3427 1313 3468; x_wconf 76' lang='lat' dir='ltr'>pain</span> <span class='ocrx_word' id='word_1_581' title='bbox 1329 3428 1368 3460; x_wconf 84' lang='lat' dir='ltr'>de</span> <span class='ocrx_word' id='word_1_582' title='bbox 1385 3427 1437 3461; x_wconf 85' lang='lat' dir='ltr'>vie</span> <span class='ocrx_word' id='word_1_583' title='bbox 1453 3429 1502 3467; x_wconf 70' lang='lat' dir='ltr'>(ve</span> <span class='ocrx_word' id='word_1_584' title='bbox 1524 3425 1679 3464; x_wconf 53' lang='lat' dir='ltr'>elevat).</span> 
     </span>
    </p>
   </div>
  </div>
 </body>
</html>
