2170 3808
625 245 821 297 QUAEST.
851 244 962 298 XIX,
993 243 1111 285 ART.
1140 242 1157 284 1
1184 242 1248 284 ET
1275 241 1324 284 11.
1834 241 1918 282 179

39 335 85 380 ti(
97 346 226 389 nem,
243 335 380 390 prout
399 334 471 376 est
485 340 563 374 res
580 326 808 384 quaedam.
828 324 900 369 Sic
921 323 1062 379 igitur
1074 322 1279 379 operatio
1297 333 1401 378 quae
1419 324 1490 366 est
1504 320 1720 365 humanae
1738 324 1916 363 naturae

22 383 80 438 >in
114 394 302 449 Christo,
334 393 607 448 inquantum
629 391 701 431 est
723 385 1083 435 instrumentum
1107 382 1381 438 Divinitatis,
1405 393 1497 425 non
1521 386 1592 426 est
1613 381 1700 424 alia
1722 381 1781 424 ab
1804 392 1916 450 ope-

38 457 213 500 radone
235 452 503 508 divinitatis3
523 461 618 494 non
637 447 759 492 enim
774 452 845 491 est
868 446 956 490 alia
977 444 1170 490 salvatio
1187 443 1280 500 qua
1300 443 1448 488 salvat
1466 443 1731 487 humanitas
1753 441 1914 486 Christi

41 525 78 562 et
106 517 324 562 Divinitas
346 515 474 572 ejus:
497 511 635 557 habet
656 515 810 555 tamen
831 510 1034 554 humana
1062 511 1231 551 natura
1254 506 1301 550 in
1323 506 1516 562 Christo,
1543 506 1821 562 inquantum
1844 510 1915 549 est

42 583 203 623 natura
221 576 445 634 quaedam,
460 572 709 631 quamdam
732 570 963 627 propriam
978 568 1291 625 operationem
1311 570 1479 623 praeter
1499 566 1719 622 divinam,
1742 571 1794 610 ut
1814 566 1914 611 dic-

40 644 79 682 tt
93 650 137 682 m
157 643 228 684 est
245 639 307 693 (in
329 649 455 693 corp.
478 639 599 689 art.).
1331 689 1341 698 ·
1511 689 1521 697 ι
1652 689 1661 698 .

91 701 158 746 Ad
180 704 360 745 tertium
380 696 641 751 dicendum,
664 694 788 752 quod
813 693 991 751 operari
1017 695 1088 736 est
1105 692 1371 748 hypostasis
1393 689 1707 744 subslstent1s‚
1729 690 1814 734 sed
1835 702 1914 734 se-

37 762 241 807 cundum
272 762 463 806 formam
481 763 528 804 et
548 761 760 802 naturam
780 756 808 799 a
831 768 925 812 qua
945 752 1150 810 operatio
1169 751 1371 809 speciem
1393 750 1571 806 recipit.
1596 753 1648 794 Et
1667 750 1770 795 ideo
1792 752 1820 795 a
1841 751 1918 796 di·

37 824 252 868 versitate
272 824 522 868 formarum
540 832 623 865 seu
635 824 906 863 naturarum
923 821 993 861 est
1006 815 1188 860 diversa
1203 812 1382 870 species
1392 813 1736 870 operationum2
1753 813 1837 858 sed
1854 813 1914 858 ab

37 885 211 929 unitate
229 883 488 942 hypostasis
508 886 579 926 est
600 880 754 924 unitas
779 878 1036 923 secundum
1059 887 1322 929 numerum,
1343 877 1571 930 quantum
1594 873 1651 917 ad
1677 875 1911 941 operatio-

38 956 142 988 nem
165 945 358 1002 speciei:
385 944 505 988 sicut
520 941 642 999 ignis
661 941 799 985 habet
819 939 936 984 duas
954 938 1247 994 operationes
1260 935 1414 993 specie
1432 935 1714 990 differentes,
1737 934 1914 980 scilicet

35 1004 292 1050 illuminare
310 1010 356 1050 et
376 1004 644 1058 calefacere,
665 1002 921 1047 secundum
942 999 1247 1045 differentiam
1273 996 1391 1042 lucis
1409 1000 1457 1041 et
1474 997 1665 1054 caloris;
1691 1003 1737 1041 et
1755 1002 1910 1049 tamen

35 1072 105 1111 est
121 1079 213 1111 una
233 1077 424 1111 numero
446 1064 720 1110 illuminatio
733 1063 854 1119 ignis
876 1061 1015 1107 simul
1032 1059 1355 1105 illuminantis.
1371 1061 1424 1102 Et
1443 1058 1654 1103 similiter
1668 1060 1714 1102 in
1735 1059 1914 1103 Christo

33 1133 211 1181 oportet
230 1128 353 1184 quod
377 1126 470 1171 sint
494 1126 599 1170 duae
616 1125 906 1182 operationes
930 1122 1083 1180 specie
1104 1121 1366 1166 differentes
1390 1120 1648 1164 secundum
1672 1121 1775 1177 ejus
1793 1120 1912 1165 duas

34 1195 245 1244 naturas,
280 1188 495 1246 quaelibet
522 1192 673 1232 tamen
703 1185 1021 1243 operationum
1043 1188 1115 1228 est
1145 1195 1240 1228 una
1266 1193 1460 1227 numero
1489 1180 1538 1225 in
1569 1181 1746 1227 Christo
1772 1181 1911 1226 simul

33 1249 167 1306 facta,
199 1251 319 1296 sicut
341 1263 432 1295 una
454 1249 704 1294 ambulatio
726 1253 773 1293 et
792 1259 887 1292 una
910 1246 1105 1291 sanatio.

87 1311 153 1355 Ad
169 1315 382 1368 quartum
403 1309 665 1365 dicendum,
687 1309 812 1365 quod
829 1320 934 1352 esse
954 1311 1002 1352 et
1022 1305 1203 1363 operari
1227 1310 1298 1350 est
1320 1317 1533 1361 personae
1553 1304 1581 1349 a
1605 1310 1794 1361 natur33
1819 1306 1908 1350 ali-

37 1375 103 1415 ter
120 1377 273 1416 tamen
290 1379 334 1416 et
348 1372 494 1418 aliter.
522 1374 635 1416 Nam
655 1382 758 1415 esse
783 1369 985 1427 pertinet
1005 1367 1065 1412 ad
1084 1367 1232 1424 ipsam
1260 1366 1640 1411 constitutionem
1674 1379 1906 1424 personae,

0 1431 1 1444 ³
35 1434 166 1478 etsie
183 1434 410 1490 quantum
424 1432 482 1477 ad
498 1434 585 1477 hoc
602 1444 653 1477 se
673 1431 810 1476 habet
829 1430 876 1475 in
894 1429 1070 1474 ratione
1094 1428 1302 1483 termini;
1328 1433 1373 1472 et
1392 1428 1497 1473 ideo
1518 1429 1675 1472 unitas
1698 1441 1910 1485 personae

35 1494 227 1550 requirit
243 1495 469 1539 unitatem
491 1493 640 1550 ipsius
658 1505 762 1537 esse
778 1491 994 1548 completi
1008 1496 1054 1534 et
1072 1489 1345 1547 personalis.
1371 1490 1459 1534 Sed
1486 1489 1692 1545 operatio
1711 1495 1784 1534 est
1803 1490 1910 1547 qui-

34 1553 140 1598 dam
159 1556 350 1600 effectus
372 1567 585 1612 personae
606 1554 864 1599 secundum
882 1553 1083 1609 aliquam
1107 1552 1302 1596 formam
1321 1551 1398 1595 vel
1412 1556 1641 1596 naturam.
1663 1552 1790 1596 Unde
1801 1551 1909 1609 plu-

34 1616 190 1661 ralitas
210 1617 526 1674 operationum
549 1629 641 1660 non
662 1615 932 1673 praejudicat
953 1613 1116 1658 unitati
1141 1613 1388 1670 personali.

90 1676 155 1720 Ad
172 1681 372 1732 quintum
396 1677 658 1732 dicendum,
689 1676 813 1733 quod
843 1676 968 1720 aliud
1006 1679 1078 1719 est
1095 1675 1333 1731 proprium
1357 1681 1599 1730 operatum
1628 1674 1909 1731 operationis

35 1728 218 1794 divinae,
243 1743 290 1782 et
310 1738 590 1794 operationis
611 1738 825 1782 humanae
850 1737 900 1780 in
919 1736 1119 1791 Christo,
1152 1735 1272 1780 sicut
1301 1740 1539 1792 operatum
1567 1735 1805 1791 proprium
1836 1735 1909 1780 di-

35 1798 151 1840 vinae
180 1798 459 1854 operationis
478 1804 549 1843 est
581 1799 760 1842 sanatio
781 1798 966 1854 leprosi,
997 1802 1238 1853 operatum
1262 1804 1418 1842 autem
1435 1796 1674 1853 proprium
1692 1797 1909 1841 humanae

35 1864 212 1905 naturae
229 1863 301 1903 est
316 1859 418 1916 ejus
438 1863 697 1903 contactus.
714 1861 1002 1903 Concurrunt
1021 1862 1177 1902 autem
1197 1857 1347 1902 ambae
1368 1859 1661 1916 operationes
1683 1858 1741 1904 ad
1759 1871 1906 1903 unum

33 1924 288 1976 operatum,
309 1921 566 1964 secundum
580 1920 703 1976 qued
724 1932 820 1964 una
843 1924 1009 1964 natura
1028 1919 1122 1975 agit
1139 1931 1248 1964 cum
1266 1920 1593 1964 communione
1618 1920 1825 1976 alterius,
1855 1924 1910 1965 ut

31 1979 204 2025 dictum
221 1986 291 2025 est
312 1981 373 2032 {in
396 1993 522 2037 corp.
547 1983 665 2036 art.).

99 2044 439 2087 ARTICULUS
466 2046 527 2087 ΙΙ.
550 2067 606 2074 -
634 2056 771 2087 uranu
801 2055 842 2085 m
862 2054 1033 2085 cinusro
1053 2055 1141 2086 smr
1164 2055 1318 2085 prunas
1342 2055 1620 2087 orenumnns
1640 2057 1832 2090 numum.

81 2104 147 2147 Ad
169 2103 427 2148 secundum
448 2103 516 2147 sic
528 2103 808 2159 proceditur.
833 2106 875 2147 1.
893 2103 1083 2148 Videtur
1102 2102 1226 2158 quod
1248 2102 1293 2146 in
1320 2103 1496 2148 Christo
1516 2104 1610 2149 sint
1632 2106 1790 2161 plures
1815 2106 1908 2150 hu-

29 2175 180 2208 manae
210 2165 515 2221 operationes.
553 2164 759 2209 Christus
792 2165 930 2220 enim,
964 2164 1240 2220 inquantum
1271 2165 1424 2222 hom0,
1454 2166 1767 2211 communicat
1796 2180 1906 2212 cum

29 2225 196 2280 plantis
206 2226 255 2270 in
270 2231 435 2271 natura
445 2226 680 2283 nutritiva,
693 2238 801 2270 cum
819 2226 1099 2271 animalibus
1117 2231 1272 2271 autem
1287 2226 1335 2270 in
1352 2232 1516 2271 natura
1535 2229 1775 2285 sensitiva,
1797 2241 1904 2275 cum

30 2287 204 2342 angelis
233 2287 408 2332 veroin
432 2293 596 2332 natura
618 2287 915 2346 intellectiva,
940 2288 1061 2332 sicut
1089 2293 1137 2332 et
1163 2288 1316 2335 caeteri
1342 2289 1566 2334 homines.
1600 2291 1687 2335 Sed
1717 2290 1806 2335 alia
1834 2298 1905 2337 est
1936 2344 1939 2347 ,

29 2347 233 2403 operatio
266 2348 450 2405 plantae,
484 2348 758 2405 inquantum
791 2354 863 2394 est
893 2349 1077 2406 planta3
1101 2354 1148 2394 et
1170 2349 1258 2393 alia
1282 2348 1511 2409 animalis,
1537 2350 1814 2408 inquantum
1834 2359 1905 2398 est

29 2407 214 2453 animal.
236 2410 353 2465 Ergo
366 2409 589 2465 Christus,
605 2410 881 2466 inquantum
896 2415 968 2455 est
985 2412 1140 2464 homo,
1162 2411 1301 2455 habet
1323 2410 1479 2466 plures
1490 2413 1800 2468 operationes.

82 2472 124 2514 9..
155 2471 393 2524 Praeterea,
424 2470 639 2526 potentiae
660 2476 706 2516 et
727 2471 912 2516 habitus
930 2471 1281 2529 distinguuntur
1299 2474 1558 2518 secundum
1575 2480 1725 2520 actus.
1747 2475 1834 2521 Sed
1856 2477 1905 2520 iu

29 2530 182 2575 anima
201 2531 366 2576 Christi
379 2531 570 2577 fuerunt
583 2532 779 2577 diversae
793 2533 1025 2590 potentiae,
1041 2539 1088 2578 et
1106 2533 1274 2579 diversi
1290 2535 1489 2578 habitus.
1514 2538 1632 2593 Ergo
1653 2541 1698 2581 et
1707 2536 1903 2584 diversae

29 2591 330 2647 operationes.
1043 2597 1045 2601 ’

83 2655 124 2697 3.
156 2655 393 2711 Praeterea,
415 2653 721 2700 instrumenta
745 2654 915 2700 debent
938 2668 1042 2700 esse
1064 2656 1408 2713 proportionata
1424 2659 1902 2715 operationibus.Cor-

29 2723 118 2770 pus
138 2719 292 2760 autem
322 2716 580 2761 humanum
607 2716 747 2761 habet
782 2716 963 2761 diversa
998 2717 1208 2761 membra
1230 2718 1487 2763 differ-entia
1526 2722 1784 2766 secundum
1814 2723 1902 2768 for-

31 2784 153 2817 mam
175 2777 251 2830 (1).
283 2778 401 2833 Ergo
427 2777 619 2823 diversis
651 2778 997 2835 operationibus
1032 2779 1203 2824 debent
1237 2792 1342 2824 esse
1378 2782 1739 2829 accommodata.
1786 2786 1902 2830 Sunt

31 2845 141 2889 ergo
160 2834 208 2879 in
229 2837 404 2882 Christo
427 2838 621 2883 diversae
633 2839 924 2895 operationes
945 2840 1203 2885 secundum
1226 2841 1476 2886 humana-m
1502 2847 1733 2887 naturam.

86 2897 172 2941 Sed
192 2902 350 2943 contra
365 2901 594 2958 estquod,
614 2901 735 2946 sicut
753 2905 1064 2947 Damascenus
1082 2903 1193 2947 dicit
1214 2905 1354 2956 (Orth.
1388 2904 1466 2949 fid.
1491 2904 1574 2949 lib.
1606 2918 1669 2960 ιιι,
1700 2918 1802 2963 cap.
1826 2910 1898 2963 15,

30 2964 137 3003 ante
160 2959 316 3015 med.),
341 2961 544 3016 operatio
565 2963 773 3018 sequitur
804 2968 1034 3010 naturam.
1071 2965 1159 3010 Sed
1181 2965 1229 3008 in
1262 2964 1439 3010 Christo
1475 2970 1548 3011 est
1587 2970 1768 3012 tantum
1804 2981 1900 3014 una

31 3028 194 3064 natura
209 3022 430 3066 humana.
459 3024 577 3079 Ergo
598 3023 647 3067 in
665 3025 841 3070 Christo
861 3026 948 3071 fuit
975 3039 1069 3071 una
1090 3028 1272 3071 tantum
1289 3027 1496 3084 operatio
1514 3028 1735 3075 humana.

76 3094 364 3136 CONCLUSIO.
383 3099 437 3143 ξ-
462 3096 565 3137 Gum
593 3097 736 3138 nullus
756 3099 879 3139 fuerit
907 3101 949 3140 in
979 3102 1139 3142 Christo
1158 3102 1361 3142 sensitivae
1385 3102 1512 3153 partis
1529 3107 1692 3154 motus,
1721 3105 1794 3157 qui
1816 3117 1898 3147 non

30 3151 127 3187 esset
144 3149 168 3188 a
187 3150 340 3188 ratione
354 3150 581 3201 ordinatus,
603 3152 780 3203 ipsaeque
797 3154 922 3194 etiam
936 3156 1187 3206 operationes
1207 3156 1413 3197 naturales
1431 3160 1471 3197 et
1490 3159 1714 3210 corporales
1734 3161 1898 3211 aliqua-

31 3200 119 3241 liter
138 3202 189 3242 ad
211 3203 298 3253 ejus
319 3204 573 3246 voluntatem
598 3206 889 3258 pertinuerint,
923 3210 1184 3260 perspicuum
1210 3213 1268 3250 est
1285 3211 1420 3251 multo
1444 3212 1578 3263 magis
1603 3224 1734 3254 unam
1754 3226 1836 3255 esse
1853 3216 1899 3254 in

36 3254 186 3298 &bristo
202 3259 492 3308 operationem,
507 3259 633 3311 quam
651 3262 695 3300 in
718 3273 971 3314 quocumque
988 3263 1069 3303 alio
1086 3263 1268 3305 homine.

81 3326 350 3382 Respondeo
363 3327 610 3375 dicendum
632 3330 769 3387 quod,
796 3332 904 3387 quia
925 3331 1064 3376 homo
1080 3338 1150 3377 est
1171 3333 1218 3378 id
1235 3335 1361 3391 quod
1382 3340 1453 3381 est
1476 3337 1734 3383 secundum
1761 3337 1900 3381 ratio·

66 3460 109 3502 (4)
141 3462 387 3498 Accidentalem
414 3465 466 3500 vel
494 3466 684 3509 partialem,
718 3479 786 3502 non
814 3467 918 3503 etiam
939 3467 1190 3506 substantialem
1205 3471 1258 3509 vel
1272 3473 1420 3508 totalem.
