2170 3808
1009 292 1176 332 mulix-

601 420 665 465 ⁴ms
689 418 961 449 vaINITATn
986 418 1027 447 B.
1053 416 1210 446 uiuum.
1237 426 1285 436 —
1309 407 1481 455 Quaestio
1507 408 1570 446 28.

144 497 270 538 Utrum
289 495 400 536 fuerit
418 494 522 544 virgo
539 493 579 532 in
598 491 852 580 cgntcipiendo.

192 565 240 575 —
382 563 431 573 -
595 553 619 591 p
644 553 661 578 r
679 553 716 578 u.

193 615 241 622 —
288 590 525 642 permanserit
544 589 648 637 virgo
670 591 755 638 post
779 590 937 637 partum.

193 660 241 670 —-
287 642 413 680 votum
435 638 656 687 virginitatis
679 636 855 675 emiserit.

547 736 603 765 m:
628 733 978 765 DESPONSATIONE
1004 732 1160 762 MATRIS
1186 731 1273 761 nm.
1300 743 1348 750 -
1375 721 1545 768 Quoestio
1573 724 1634 761 29.

146 812 271 855 Utriim
287 812 455 851 Christus
477 809 643 849 debuerit
668 809 712 848 de
735 807 955 857 desponsata
974 807 1088 845 nasci.

191 881 239 889 —-
286 859 402 899 fuerit
423 869 548 897 verum
570 857 840 900 matrimonium
863 856 957 893 inter
979 857 1130 893 matrem
1153 854 1296 892 Domini
1323 861 1360 892 et
1383 854 1534 903 Joseph.

500 957 556 986 DE
577 954 941 986 ANNUNTIATIONAE
967 953 1113 982 BEATAE
1139 952 1342 982 vmfflms.
1370 965 1416 972 -
1438 943 1606 990 Quaestio
1630 945 1691 982 30.

143 1033 270 1073 Utrnm
292 1031 514 1071 conveniens
533 1030 646 1068 fuerit
669 1028 875 1068 annuntiari
899 1027 933 1066 ei
958 1027 1118 1113 quodAin
1141 1026 1184 1112 ela
1208 1026 1452 1075 generandum
1479 1029 1569 1064 erat.

143 1129 194 1168 De
219 1128 326 1167 modo
352 1138 417 1177 per
440 1136 547 1176 quem
570 1126 605 1164 ei
626 1123 836 1164 annuntiari
858 1085 1027 1161 debeffr
1080 1086 1150 1124 nge
1166 1085 1240 1112 um·

142 1178 194 1216 De
218 1176 344 1215 ordine
366 1173 663 1214 annuntiationis.

302 1274 359 1302 m:
383 1270 673 1303 CONCEPTIONE
696 1270 953 1300 SALVATORIS
981 1270 1186 1305 QUANTUM
1213 1271 1268 1300 An
1292 1269 1513 1300 MATERIAH
1536 1270 1591 1298 nn
1619 1269 1705 1304 QUA
1729 1268 1890 1300 conpos

670 1326 770 1355 mus
797 1326 871 1354 EST
898 1325 1164 1355 CONCEPTUM.
1193 1337 1240 1344 —-
1265 1316 1435 1363 Quaestio
1462 1318 1523 1354 31.

115 1438 121 1453 ,
142 1402 269 1442 Utrum
286 1411 369 1440 caro
393 1399 531 1439 Christi
554 1399 665 1438 fuerit
687 1402 831 1448 sumpta
858 1399 902 1437 de
924 1398 1051 1436 Adam.

286 1448 398 1487 fuerit
419 1450 563 1497 sumpta
585 1447 629 1486 de
653 1448 779 1486 David.

312 1496 498 1545 enealogia
519 1495 654 1534 Christi
676 1495 931 1534 convenienter
954 1498 1099 1534 texatur
1127 1496 1171 1534 ab
1192 1494 1442 1543 Evangelista.

288 1508 452 1584 {emerit
473 1544 654 1583 Christum
677 1544 777 1583 nasci
799 1545 843 1582 de
872 1543 1022 1582 femina.

288 1593 399 1631 fuerit
420 1593 464 1631 de
484 1592 691 1641 purissimis
713 1592 950 1640 sanguinibus
976 1592 1129 1640 virginis
1151 1592 1234 1640 ejus
1257 1603 1392 1642 corpus
1414 1593 1622 1630 formatum.

288 1651 372 1681 caro
392 1640 530 1680 Christi
552 1640 663 1679 fuerit
686 1641 720 1678 in
745 1640 905 1689 antiquis
927 1640 1092 1689 patribus
1115 1640 1316 1678 secundum
1336 1641 1474 1689 aliquid
1497 1640 1692 1689 signatum.

286 1737 306 1776 f
369 1688 598 1776 ‚t—dffl‘imaitrss1
611 1688 908 1774 partlihlgzgueArliff
929 1691 1077 1774 [ἔξοπο
1100 1689 1273 1727 obnoxia.

304 1748 381 1777 ueri
620 1748 661 1774 In
701 1748 722 1775 u
787 1749 798 1773 1
897 1747 934 1774 ra
996 1764 1006 1774 .

189 1471 238 1766 ΙΙΙΙΙΙΙ

407 1834 464 1863 DE
485 1834 778 1864 CONCEPTIONE
802 1835 969 1864 CHRISTI
998 1834 1203 1869 QUANTUM
1226 1826 1288 1865 ΑΠ’
1306 1835 1554 1865 PRINCIPIUM
1580 1833 1779 1864 ACTIVUM.

966 1882 1134 1928 Quaestz'o
1160 1884 1222 1920 32.

145 1957 271 1998 UtriIm
291 1958 450 2007 Spiritus
470 1960 616 1997 sanctus
637 1957 748 1995 fuerit
768 1957 989 2006 principium
1016 1957 1173 1994 activum
1197 1957 1235 1993 in
1257 1956 1499 2004 conceptione
1522 1955 1672 1993 Christi.

192 2026 239 2032 —
288 2006 407 2055 possit
427 2006 500 2044 dici
526 2006 622 2055 quod
648 2005 814 2043 Christus
837 2004 886 2042 sit
907 2007 1106 2052 conceptus
1131 2005 1174 2042 de
1201 2005 1338 2052 Spiritu
1366 2007 1505 2042 sancto.

192 2073 240 2083 —
433 2074 480 2081 -
647 2053 804 2101 Spiritus
830 2055 976 2091 sanctus
999 2054 1047 2090 sit
1068 2056 1173 2101 pater
1199 2052 1334 2090 Christi
1358 2052 1555 2090 secundum
1578 2062 1736 2090 carnem.

192 2122 238 2129 —
287 2102 399 2140 Beata
418 2101 530 2149 Virgo
555 2101 693 2149 aliquid
721 2100 838 2138 active
861 2101 977 2149 egerit
997 2100 1036 2138 in
1057 2100 1296 2149 conceptione
1320 2100 1469 2138 Christi.

413 2198 468 2239 121³:
492 2198 608 2228 nono
631 2198 683 2227 ET
710 2197 870 2228 ORDINE
895 2197 1205 2228 coNGEPTIONIS
1232 2198 1414 2227 CHRISTI.
1440 2210 1486 2216 -
1511 2190 1680 2235 Quaestio
1700 2191 1763 2228 33.

144 2273 271 2312 Utrilm
286 2284 418 2323 corpus
443 2273 580 2312 Christi
600 2273 639 2310 in
659 2272 779 2321 primo
799 2272 950 2310 instanti
974 2272 1225 2321 conceptionis
1250 2271 1360 2309 fuerit
1384 2272 1589 2311 formatum.

192 2343 238 2350 —
285 2322 326 2359 in
345 2322 464 2371 primo
485 2321 634 2359 instanti
656 2321 907 2370 conceptionis
930 2321 1042 2358 fuerit
1067 2320 1088 2358 a
1105 2321 1222 2359 Verbo
1247 2321 1460 2358 animatum.

192 2438 238 2446 -—
286 2417 479 2467 conceptio
498 2417 563 2456 illa
583 2417 696 2456 fuerit
715 2416 890 2456 naturalis
915 2417 976 2455 vel
997 2416 1227 2455 miraculosa.
1244 2372 1484 2417 assumptum·

510 2516 566 2545 mr
590 2515 876 2546 PERFECTIONE
900 2514 1051 2543 Pnoms
1077 2514 1321 2544 CONCEPTAE.
1349 2527 1397 2533 —-
1423 2506 1592 2553 Quaestio
1616 2508 1675 2546 34.

143 2589 268 2629 Utriim
285 2590 325 2628 in
345 2589 463 2639 primo
483 2589 633 2628 instanti
655 2589 905 2638 conceptionis
932 2589 1097 2627 Christus
1119 2588 1232 2626 fuerit
1255 2588 1500 2629 sanctificatus
1522 2601 1588 2639 per
1611 2591 1779 2639 gratiam.

124 2646 129 2651 ·
191 2659 238 2665 —
286 2637 326 2676 in
347 2638 473 2677 eodem
494 2638 644 2677 instanti
665 2638 831 2676 habuerit
852 2648 957 2676 usum
980 2637 1087 2674 liberi
1113 2636 1268 2674 arbitrii.

191 2706 238 2714 --
430 2705 479 2715 -
668 2687 828 2734 potuerit
850 2685 995 2724 mereri.

190 2753 236 2760 —
432 2755 479 2763 --
670 2734 782 2772 fucrit
803 2733 909 2782 plene
933 2735 1228 2783 comprehensor.

600 2833 655 2862 nt:
681 2833 933 2863 NATIVITATE
960 2833 1232 2863 SALVATORIS.
1256 2844 1304 2853 -
1327 2825 1497 2873 Quaestio
1521 2826 1584 2863 35.

146 2901 272 2941 Utriim
290 2904 460 2942 nativitas
482 2903 531 2942 sit
551 2908 701 2951 naturae,
730 2917 775 2944 an
801 2916 981 2954 personae.

196 2972 242 2977 —
291 2952 433 2990 Christo
460 2951 507 2989 sit
531 2953 755 2992 attribuenda
777 2955 847 2992 alia
869 2954 1040 2992 nativitas
1067 2956 1199 3001 practer
1224 2955 1410 2991 aeternam.

195 3019 242 3027 —-
292 2999 488 3037 secundnm
510 3001 736 3039 nativitatem
758 3003 993 3051 temporalem
1016 3002 1123 3039 beata
1145 3001 1255 3049 Virgo
1279 3001 1327 3039 sit
1348 3004 1463 3038 mater
1484 3001 1634 3039 Christi.

193 3065 240 3074 -
291 3046 421 3084 debeat
443 3046 513 3084 dici
532 3053 646 3086 mater
668 3049 745 3087 Dei.

195 3115 241 3121 —
292 3094 459 3150 Christus
483 3095 675 3133 secundum
702 3097 790 3134 duas
814 3097 1008 3135 filiationes
1030 3097 1080 3135 sit
1101 3096 1197 3133 filius
1222 3095 1284 3133 Dei
1334 3096 1421 3133 atris
1445 3098 1482 3134 et
1503 3096 1660 3144 Virginis
1683 3097 1827 3137 matris.

145 3142 194 3180 De
219 3141 325 3181 modo
348 3143 563 3189 nativltatis‚
586 3142 703 3180 utrum
725 3144 865 3183 scilicet
890 3145 999 3183 fuerit
1024 3147 1131 3182 natus
1154 3144 1234 3182 sine
1257 3143 1301 3181 do
1320 3154 1381 3182 ore
1404 3145 1544 3182 matris.

145 3188 271 3228 Utrum
289 3191 508 3228 conveniens
535 3190 645 3229 fuerit
666 3201 746 3228 eum
770 3193 869 3230 nasci
890 3193 927 3230 in
949 3194 1149 3231 Bethleem.

192 3257 239 3265 -
289 3238 400 3276 fuerit
420 3248 579 3287 congruo
605 3241 769 3287 tempore
791 3243 911 3279 natus.

529 3337 584 3365 DE
606 3337 968 3366 MANIFESTATIONE
990 3337 1159 3367 CHRISTI
1183 3337 1298 3366 NATI.
1325 3349 1373 3355 —
1397 3327 1569 3375 Quaestio
1593 3328 1653 3366 36.

145 3407 270 3447 Utrum
287 3408 458 3447 nativitas
479 3409 613 3449 Christi
640 3411 803 3449 debuerit
827 3421 907 3449 esse
929 3411 1095 3449 omnibus
1121 3411 1328 3450 manifesta.

191 3477 239 3483 --
290 3457 452 3494 debuerit
474 3459 548 3496 anti
576 3458 680 3496 uibus
703 3458 942 3497 manifestari.

144 3503 280 3548 Quibus
306 3504 529 3543 manifestari
576 3506 727 3544 chuerit.

146 3551 274 3590 Utrum
292 3552 458 3591 debuerit
478 3553 558 3603 ipse
576 3554 822 3602 manifestare,
841 3554 901 3593 vel
924 3554 1049 3603 potius
1071 3556 1298 3595 manifestari
1321 3566 1385 3606 per
1406 3556 1512 3595 alios.
