2170 3808
800 221 998 273 QUAEST.
1029 220 1171 274 LXIX,
1202 219 1320 262 ART.
1350 219 1455 262 vm.
1987 218 2067 260 613

187 301 238 345 in
271 300 372 344 aliis
388 333 401 356 ,
441 300 624 345 videtur
654 300 780 357 quod
818 301 1010 357 quidam
1048 300 1270 357 majorem
1309 299 1504 356 gratiam
1540 301 1888 354 consequantur
1925 296 2067 353 quam

188 361 282 406 alii.

240 426 283 468 4.
316 425 540 468 Praeterea
554 456 566 478 ,
586 423 775 479 quidam
795 425 842 468 in
867 425 1096 481 baptismo
1115 426 1468 480 consequuntur
1489 434 1583 466 non
1607 422 1758 466 solum
1781 419 2067 476 spiritualem

186 485 399 541 salutem,
425 486 509 531 sed
528 485 666 530 etiam
682 487 986 543 corporalem,
1011 486 1131 530 sicut
1153 490 1280 542 patet
1298 485 1356 529 de
1373 482 1693 539 Constantino,
1713 483 1791 540 qui
1815 483 1863 526 in
1888 482 2065 538 baptis-

186 558 263 592 mo
284 548 537 595 mundatus
555 552 627 592 est
660 549 686 591 a
715 549 844 604 lepra
861 550 934 602 (1).
962 550 1060 592 Non
1079 552 1236 592 autem
1251 558 1415 591 omnes
1430 546 1601 590 infirmi
1620 545 1908 602 corporalem
1928 544 2059 588 salu-

186 612 279 654 tem
297 613 648 665 consequuntur
663 609 711 653 in
732 609 977 666 baptismo,
999 607 1261 666 Baptismus
1284 619 1395 663 ergo
1418 619 1512 651 non
1529 606 1668 668 habet
1682 606 1907 662 aequalem
1924 605 2064 649 effec-

185 673 286 714 tum
309 669 356 713 in
377 670 610 714 omnibus.

242 732 330 776 Sed
355 736 516 774 contra
541 735 612 776 est
636 731 762 789 quod
784 731 952 776 dicitur
986 732 1167 788 (Ephes.
1194 744 1252 786 iv,
1278 732 1347 786 5):
1376 732 1476 773 Una
1505 730 1633 785 fides,
1658 742 1796 772 unum
1819 729 2057 784 baptisma.

187 793 433 838 Uniformis
472 798 625 838 autem
663 806 815 838 causae
858 798 930 838 est
962 793 1207 838 uniformis
1239 793 1446 837 effectus.
1478 794 1596 847 Ergo
1636 790 1894 846 baptismus
1924 789 2063 834 habet

186 855 411 911 aequalem
437 855 652 899 effectum
671 855 718 899 in
742 855 976 900 omnibus.

235 922 587 962 CONCLUSIO.—
602 924 835 975 Baptismus
862 935 957 964 eum
981 924 1168 963 effectum
1189 922 1239 962 ad
1255 932 1379 974 quem
1412 919 1720 971 producendum
1746 921 1805 959 est
1832 919 2060 968 institutus,

188 977 413 1029 spiritualis
435 978 639 1018 nimirum
659 979 756 1018 vitae
781 980 1026 1026 novitatem,
1050 979 1093 1018 in
1113 977 1308 1018 omnibus
1334 976 1543 1027 aequaliter
1563 974 1844 1016 accedentibus
1865 974 2062 1025 aequalem

188 1031 322 1081 habet,
339 1033 440 1072 alios
454 1034 547 1072 vero
559 1034 724 1074 effectus
739 1045 819 1074 non
837 1033 1022 1084 aequales,
1046 1033 1114 1073 sed
1128 1031 1355 1074 secundum
1369 1030 1522 1071 divinae
1538 1029 1802 1082 providentiae
1817 1029 2002 1069 ordinem
2014 1029 2060 1068 in

187 1085 436 1137 quibusdam
450 1088 635 1139 majores,
654 1089 699 1128 in
712 1088 915 1129 aliis'vero
932 1090 1110 1128 minores
1130 1087 1264 1127 habet.

246 1150 514 1205 Respondeo
542 1151 790 1196 dicendum
817 1150 942 1208 quod
963 1150 1133 1207 duplex
1157 1155 1227 1194 est
1246 1149 1438 1194 effectus
1470 1148 1712 1205 baptismi,
1737 1158 1861 1191 unus
1886 1159 1970 1203 per
1991 1158 2058 1202 se,

189 1216 235 1254 et
284 1211 403 1255 alius
439 1224 521 1268 per
560 1213 790 1258 accidens.
848 1214 932 1256 Per
974 1224 1026 1256 se
1074 1211 1262 1267 quidem
1305 1211 1498 1256 effectus
1538 1209 1756 1266 baptismi
1798 1213 1870 1254 est
1917 1207 1964 1253 id
2002 1208 2062 1254 ad

190 1272 316 1328 quod
355 1272 614 1329 baptismus
653 1278 725 1318 est
760 1274 1017 1326 institutus,
1060 1272 1236 1316 scilicet
1279 1272 1338 1316 ad
1362 1271 1732 1328 regenerandum
1766 1269 1976 1314 homines
2010 1269 2060 1313 in

190 1332 474 1388 spiritualem
513 1334 679 1389 vitam3
720 1338 765 1378 et
795 1335 923 1378 hunc
962 1333 1178 1377 effectum
1209 1332 1447 1388 aequaliter
1487 1332 1596 1376 facit
1632 1332 1680 1375 in
1723 1330 1942 1375 omnibus
1980 1331 2062 1387 qui

190 1393 429 1449 aequaliter
460 1407 510 1439 se
542 1394 715 1439 habent
744 1394 804 1439 ad
832 1394 1131 1451 baptismum.
1174 1394 1302 1438 Unde
1332 1394 1441 1450 quia
1467 1405 1632 1437 omnes
1663 1393 1795 1449 pueri
1823 1392 2062 1449 aequaliter

190 1466 240 1498 se
272 1456 444 1499 habent
472 1456 528 1500 ad
555 1456 837 1512 baptismum
873 1449 997 1512 (quia
1021 1468 1113 1499 non
1148 1456 1195 1500 in
1219 1456 1309 1500 fide
1329 1455 1530 1511 propria,
1553 1454 1638 1499 sed
1662 1455 1711 1497 in
1733 1453 1825 1498 fide
1846 1454 2061 1499 Ecclesiae

189 1517 514 1576 baptizantur),
526 1530 688 1561 omnes
707 1517 928 1570 aequalem
947 1518 1163 1561 effectum
1178 1517 1438 1574 percipiunt
1449 1517 1494 1560 in
1508 1516 1752 1573 baptismo.
1766 1515 1916 1559 Adulti
1931 1516 2058 1572 vero,

192 1579 298 1634 'quia
320 1592 402 1635 per
423 1580 653 1635 propriam
671 1579 810 1623 fidem
826 1578 884 1623 ad
903 1579 1183 1636 baptismum
1200 1580 1441 1634 accedunt,
1459 1591 1553 1622 non
1570 1577 1807 1635 aequaliter
1825 1589 1876 1621 se
1890 1577 2062 1622 habent

191 1641 250 1684 ad
265 1640 575 1697 baptismum:
603 1641 790 1698 quidam
813 1640 936 1685 enim
967 1653 1071 1685 cum
1093 1641 1273 1697 maJori,
1298 1640 1486 1697 quidam
1504 1652 1611 1685 cum
1634 1639 1799 1684 minori
1817 1639 2060 1684 devotione

191 1703 249 1747 ad
274 1703 556 1759 baptismum
581 1703 834 1759 accedunt,
855 1710 897 1747 et
928 1703 1032 1747 ideo
1060 1702 1249 1759 quidam
1275 1703 1404 1760 plus,
1434 1702 1622 1760 quidam
1653 1702 1810 1745 minus
1832 1701 1890 1746 de
1913 1701 2061 1756 gratia

192 1765 410 1809 novitatis
434 1765 684 1822 accipiunt,
718 1765 839 1808 sicut
870 1764 1007 1808 etiam
1039 1765 1097 1808 ab
1130 1765 1293 1809 eodem
1327 1765 1436 1819 igne
1465 1764 1632 1820 accipit
1658 1763 1763 1820 plus
1792 1763 1958 1807 caloris
1979 1764 2061 1819 qui

190 1826 297 1883 plus
316 1827 355 1872 ei
379 1827 741 1884 appropinquat3
764 1826 870 1870 licet
894 1826 1034 1882 ignis,
1057 1830 1283 1882 quantum
1308 1832 1379 1871 est
1401 1827 1458 1871 de
1482 1839 1548 1883 se,
1571 1825 1808 1882 aequaliter
1824 1825 1883 1869 ad
1896 1837 2060 1870 omnes

191 1900 329 1934 suum
352 1890 552 1934 calorem
577 1888 785 1933 effundat
804 1891 878 1943 (2).
909 1889 1108 1932 Effectus
1128 1893 1285 1933 autem
1315 1888 1529 1945 baptismi
1551 1900 1634 1944 per
1655 1887 1871 1931 accidens
1893 1892 1981 1941 est,
2001 1887 2061 1932 ad

191 1963 329 2008 quem
347 1952 604 2008 baptismus
625 1963 718 1994 non
738 1955 809 1994 est
821 1951 1085 2006 ordinatus,
1111 1951 1191 1995 sed
1209 1951 1366 1995 divina
1380 1951 1527 1995 virtus
1544 1951 1633 1994 hoc
1653 1950 1702 1993 in
1725 1949 1951 2005 baptismo
1969 1949 2060 1993 mi-

190 2014 400 2058 raculose
414 2017 646 2069 operatur,
671 2012 790 2056 sicut
809 2025 949 2068 super
965 2012 1078 2056 illud
1102 2014 1231 2057 Rom.
1251 2026 1294 2056 V1
1319 2027 1329 2056 ε
1361 2015 1418 2056 Ut
1438 2013 1562 2056 ultra
1584 2025 1672 2055 non
1693 2015 1939 2055 serviamus
1953 2024 2060 2068 pec-

189 2081 308 2133 cate,
333 2076 444 2121 dicit
459 2076 615 2120 Glossa
637 2075 879 2131 Augustini
904 2077 981 2128 (De
1003 2079 1234 2131 peccator.
1260 2074 1411 2119 merit.
1435 2079 1480 2119 et
1501 2074 1682 2118 remiss.
1706 2073 1783 2118 lib.
1810 2087 1841 2130 1,
1862 2086 1964 2129 cap.
1985 2076 2056 2130 39,

189 2142 298 2182 ante
313 2138 455 2192 med.)
477 2153 488 2179 :
511 2156 530 2176 «
550 2139 648 2181 Non
665 2137 752 2181 hoc
768 2141 1015 2193 praestatur
1029 2137 1076 2180 in
1092 2137 1337 2192 baptismo,
1360 2136 1449 2180 nisi
1466 2135 1584 2180 forte
1600 2136 1820 2180 miraculo
1839 2135 2060 2180 ineffabili

188 2201 428 2255 creatoris,
450 2204 504 2244 ut
524 2199 599 2243 lex
620 2198 814 2256 peccati,
845 2210 950 2255 quae
969 2202 1038 2242 est
1066 2198 1113 2242 in
1135 2198 1372 2253 membriS,
1403 2201 1593 2255 prorsus
1614 2198 1925 2253 extinguatur.
1952 2217 1972 2238 »
2006 2200 2059 2242 Et

189 2262 303 2307 tales
322 2262 512 2306 effectus
534 2273 628 2305 non
659 2260 894 2316 aequaliter
916 2260 1235 2316 suscipiuntur
1259 2261 1319 2303 ab
1350 2260 1568 2304 omnibus
1595 2259 1853 2315 baptizatis,
1880 2259 2059 2304 etiamsi

188 2335 295 2368 cum
313 2324 478 2380 aequali
498 2322 740 2368 devotione
757 2322 980 2366 accedant
1002 2334 1012 2363 ε
1030 2322 1111 2366 sed
1133 2321 1461 2377 dispensantur
1478 2321 1745 2378 hujusmodi
1767 2320 1959 2365 effectus
1982 2333 2058 2365 se-

188 2386 393 2430 cundum
411 2386 619 2430 ordinem
636 2384 940 2441 providentiae
961 2383 1147 2428 divinae.

239 2448 306 2493 Ad
333 2451 530 2504 primum
551 2459 660 2502 ergo
681 2446 946 2502 dicendum,
980 2445 1104 2501 quod
1122 2445 1316 2490 minima
1338 2444 1487 2501 gratia
1508 2444 1795 2501 baptismaUs
1821 2444 2058 2491 sufficiens

185 2514 257 2554 est
282 2510 338 2554 ad
364 2509 615 2554 delendum
642 2512 811 2553 cuncta
830 2512 1035 2565 peccata.
1056 2507 1183 2552 Unde
1203 2508 1292 2552 hoc
1313 2520 1407 2551 non
1428 2511 1499 2551 est
1514 2512 1702 2563 propter
1720 2506 1942 2562 majorem
1959 2506 2058 2551 effl-

185 2571 359 2616 caciam
378 2571 614 2628 baptismi,
627 2570 753 2627 quod
766 2570 814 2613 in
835 2569 1113 2626 quibusdam
1132 2570 1280 2626 plura,
1302 2570 1350 2613 in
1371 2569 1650 2626 quibusdam
1666 2572 1820 2612 autem
1841 2568 2058 2622 pauciora

184 2638 372 2690 peccata
395 2633 548 2688 solvit,
573 2633 657 2677 sed
681 2636 868 2688 propter
893 2631 1204 2676 conditionem
1232 2631 1445 2688 subJecti,
1478 2631 1587 2687 quia
1611 2631 1659 2674 in
1687 2630 1892 2686 quolibet
1920 2629 2058 2676 solvit

186 2694 512 2750 quodcumque
531 2694 776 2738 invenerit.

239 2755 307 2800 Ad
335 2756 578 2798 secundum
608 2755 856 2800 dicendum
873 2787 886 2812 ,
912 2754 1037 2811 quod
1059 2754 1147 2797 boc
1168 2752 1296 2810 quod
1315 2753 1364 2798 in
1387 2753 1629 2810 baptizatis
1649 2752 1797 2809 maj0r
1814 2753 1887 2797 vel
1905 2752 2057 2798 minor

185 2816 331 2874 gratia
352 2821 558 2871 apparet,
583 2821 734 2872 potest
751 2815 996 2873 dupliciter
1010 2815 1313 2869 contingere:
1335 2827 1428 2859 uno
1446 2816 1584 2858 modo
1603 2815 1711 2870 quia
1731 2826 1857 2858 unus
1878 2813 1926 2857 in
1944 2814 2057 2871 bap-

181 2880 321 2924 tismo
338 2877 531 2935 percipit
550 2878 772 2934 majorem
789 2878 986 2934 gratiam
1002 2876 1140 2933 quam
1161 2877 1280 2921 alius
1301 2882 1488 2934 propter
1506 2876 1794 2921 devotionem
1814 2876 2054 2934 majorem,

182 2947 235 2986 ut
255 2941 430 2985 dictum
454 2944 524 2984 est
559 2940 622 2994 (in
658 2952 784 2996 corp.
821 2943 950 2996 art.);
989 2939 1079 2983 alio
1108 2939 1247 2982 modo
1278 2940 1385 2996 quia
1415 2938 1594 2982 etiamsi
1617 2938 1842 2994 aequalem
1861 2939 2056 2994 gratiam

181 3003 452 3060 percipiant,
478 3014 571 3045 non
600 3001 839 3057 aequaliter
870 3004 925 3046 ea
950 3005 1165 3056 utuntur,
1192 3000 1273 3045 sed
1295 3013 1421 3045 unus
1439 3000 1693 3045 studiosius
1712 3001 1760 3044 in
1779 3012 1836 3045 ea
1858 3000 2055 3057 proficit,

182 3066 300 3110 alius
320 3077 403 3120 per
425 3063 755 3119 negligentiam
779 3065 937 3119 gratiae
958 3063 1035 3108 Dei
1056 3063 1200 3107 deest.

220 3160 264 3203 (l)
288 3161 343 3195 Sic
369 3160 405 3195 iu
431 3172 571 3196 romano
609 3161 752 3195 concilio
775 3161 798 3195 2
818 3161 880 3196 sub
906 3162 1073 3203 sylvestro
1157 3161 1289 3196 dissert.
1314 3161 1378 3203 25,
1408 3160 1616 3196 Benedictini
1647 3161 1795 3196 Maur-ini
1822 3161 1858 3196 in
1894 3162 1984 3196 notis
2012 3160 2056 3197 ad

180 3209 270 3250 quod
300 3210 463 3243 Baronius
491 3208 732 3247 immanibus,
751 3213 833 3243 tom.
849 3218 873 3249 ι,
891 3209 932 3243 ad
947 3221 1072 3243 annum
1158 3210 1251 3243 Orat.
1284 3209 1319 3243 S.
1346 3209 1514 3243 Ambrosii
1545 3209 1585 3243 de
1610 3208 1705 3243 obitu
1735 3209 1928 3251 Theodosii,
1952 3208 2054 3244 Tillo-

177 3258 254 3298 524,
285 3257 377 3292 velut
402 3269 519 3292 verum
535 3262 568 3291 et
587 3256 816 3291 authenticum
847 3257 981 3298 probat.
1008 3257 1073 3292 Sed
1157 3258 1319 3296 montius,
1339 3256 1480 3298 Ficum,
1497 3260 1561 3290 etc.

178 3310 330 3338 auctores
353 3305 555 3339 recentiores
580 3308 698 3338 tenent
721 3304 975 3338 Constantinum
993 3305 1072 3345 bap·
1198 3305 1241 3346 (2)
1267 3304 1457 3340 Concilium
1470 3305 1711 3340 Tridentinum
1725 3305 2053 3347 definivitjustitiam

178 3352 316 3386 tizatum
331 3352 429 3386 fuisse
448 3352 482 3384 in
496 3350 659 3385 suburbio
676 3351 878 3385 Nicomediae
893 3352 954 3386 sub
971 3352 1073 3386 finem
1157 3353 1191 3387 in
1208 3352 1373 3393 baptismo
1389 3353 1494 3394 recipi
1506 3353 1687 3388 secundum
1706 3354 1880 3394 propriam
1895 3358 2053 3395 cujusque

177 3398 254 3434 vitae
282 3410 290 3432 ε
315 3399 363 3433 ita
385 3398 634 3440 Papebrochius
652 3398 694 3432 ad
721 3398 810 3433 diem
828 3398 864 3433 21
895 3400 989 3438 maii.
1005 3400 1073 3434 An·
1156 3400 1410 3442 dispositionem
1433 3404 1465 3435 et
1482 3403 1764 3442 cooperationem.

178 3445 289 3479 tonius
303 3446 383 3486 Pagi
399 3447 439 3481 ad
457 3458 583 3481 annum
597 3446 673 3487 524,
688 3446 798 3482 Natal.
817 3447 910 3482 Alex.
925 3459 1011 3482 succ.
1024 3455 1073 3494 w,
