2170 3808
146 217 231 260 264
699 215 899 267 QUAEST.
927 214 1076 269 XXXI,
1100 215 1218 257 ART.
1247 216 1302 258 VI
1329 217 1395 258 ΕΤ
1424 216 1506 259 Vll.

147 296 405 358 signatam,
423 296 543 341 sicut
572 308 660 341 nec
684 308 879 354 corpora
901 295 1097 339 aliorum
1121 295 1366 340 hominum
1387 298 1464 353 (1),
1489 297 1605 342 utin
1625 297 1776 354 prima
1807 299 1939 354 parte
1959 295 2052 342 dle-

147 361 249 404 tum
272 366 345 405 est
367 363 550 416 (quaest.
570 364 617 402 et
639 362 724 402 art.
748 357 834 401 ult.
853 357 913 402 ad
926 359 987 413 4).

200 420 268 466 Ad
298 425 498 478 primum
529 432 642 477 ergo
674 419 951 477 dicendum,
990 418 1119 478 quod
1135 420 1244 464 cum
1263 419 1432 465 dicitur
1447 421 1656 466 Christus
1674 421 1821 466 fuisse
1835 421 1885 465 in
1907 419 2051 465 Adam

146 483 410 528 secundum
446 483 771 540 corpulentam
804 482 1139 540 substantiam,
1173 494 1268 526 non
1308 486 1379 526 est
1409 482 1764 540 intelligendum
1792 484 1882 528 hoc
1913 481 2053 527 modo

145 544 274 602 quod
294 556 465 601 corpus
493 545 657 590 Christi
684 545 733 589 in
755 545 901 590 Adam
937 545 1079 589 fuerit
1107 544 1324 601 quaedam
1355 546 1626 602 corpulenta
1655 544 1944 601 substantia3
1969 543 2054 590 sed

145 605 257 663 quia
276 607 550 664 corpulenta
573 607 838 652 substantia
857 606 1067 664 corporis
1090 606 1273 664 Christi,
1289 606 1337 651 id
1363 611 1450 664 est,
1475 608 1668 653 materia
1688 620 1830 666 quam
1853 605 2054 663 sumpsit

145 678 206 712 ex
226 668 430 724 Virgine,
450 669 538 713 fuit
555 669 604 713 in
628 669 774 714 Adam
794 668 917 713 siout
938 668 984 712 in
1011 667 1241 725 principio
1264 667 1431 724 activo,
1448 681 1543 713 non
1564 674 1722 715 autem
1745 669 1865 714 sicut
1884 668 1934 712 in
1954 679 2053 712 ma-

145 729 294 775 teriali
316 731 548 788 principio
570 746 582 774 :
608 732 718 788 quia
742 731 921 776 scilicet
938 742 1023 787 per
1040 730 1262 775 virtutem
1292 731 1609 787 generativam
1643 732 1751 777 Adae
1777 736 1825 777 et
1855 730 2054 776 aliorum

147 790 207 837 ab
233 792 381 838 Adam
400 793 789 839 descendentium
804 804 960 850 usque
983 792 1044 838 ad
1059 794 1109 837 B.
1134 792 1386 850 Virginem,
1411 793 1588 839 factum
1606 799 1679 840 est
1696 798 1751 840 ut
1768 793 1848 839 illa
1861 792 2054 839 materia

149 860 490 911 praepararetur
513 854 571 899 ad
594 859 875 911 conceptum
898 853 1107 911 corporis
1130 854 1311 899 Christi.
1343 857 1443 899 Non
1471 859 1629 900 autem
1651 855 1740 901 fuit
1758 855 1952 900 materia
1973 854 2054 900 illa

147 915 344 978 formata
361 917 410 961 in
427 928 599 974 corpus
615 916 780 961 Christi
798 928 883 974 per
899 916 1122 960 virtutem
1136 916 1331 961 seminis
1348 916 1408 962 ab
1426 917 1571 963 Adam
1589 918 1862 964 derivatam.
1882 920 1937 963 Et
1948 916 2055 962 ideo

146 979 355 1025 Christus
377 979 546 1025 dicitur
567 979 714 1024 fuisse
737 979 787 1023 in
809 979 955 1024 Adam
977 979 1266 1036 originaliter
1283 980 1544 1025 secundum
1562 980 1886 1038 corpulentam
1913 979 2056 1025 subs-

147 1040 360 1099 tantiam,
382 1054 478 1086 non
495 1045 654 1086 autem
671 1041 931 1086 secundum
945 1040 1220 1085 seminalem
1238 1041 1482 1086 rationem.

201 1103 269 1148 Ad
293 1104 542 1148 secundum
559 1103 825 1159 dicendum,
843 1103 970 1161 qued
987 1104 1204 1161 quamvis
1214 1116 1384 1161 corpus
1399 1105 1564 1150 Christi
1582 1116 1679 1149 non
1691 1103 1895 1150 fueritin
1910 1105 2055 1149 Adam
2077 1119 2082 1123 ·

146 1169 195 1210 et
218 1165 266 1209 in
290 1166 393 1212 aliis
416 1166 628 1225 patribus
650 1166 914 1212 secundum
937 1166 1212 1211 seminalem
1237 1167 1466 1211 rationem
1492 1169 1580 1224 (2)3
1612 1178 1784 1225 corpus
1812 1172 1971 1212 tamen
2001 1168 2053 1212 B.

146 1226 364 1287 Virginis,
397 1229 524 1288 quod
545 1242 606 1274 ex
628 1228 809 1274 semine
842 1229 986 1273 maris
1009 1233 1082 1273 est
1102 1234 1401 1286 conceptum,
1435 1229 1525 1274 fuit
1550 1228 1601 1273 in
1625 1229 1771 1274 Adam
1795 1233 1842 1274 et
1869 1228 1918 1272 in
1951 1226 2055 1274 aliis

146 1291 358 1347 patribus
388 1291 651 1337 secundum
685 1291 915 1335 rationem
945 1290 1237 1335 seminalem.
1283 1293 1337 1335 Et
1369 1290 1475 1336 ideo
1509 1291 1743 1336 mediante
1768 1293 1816 1335 B.
1851 1290 2053 1347 Virgine,

147 1352 355 1399 Christus
377 1353 640 1399 secundum
664 1365 855 1398 carnem
880 1353 1050 1398 dicitur
1068 1365 1175 1399 esse
1196 1365 1255 1398 ex
1275 1354 1456 1398 semine
1473 1354 1617 1399 David
1641 1367 1724 1411 per
1747 1354 1938 1399 modum
1960 1352 2057 1398 ori-

148 1426 287 1472 ginls.

202 1478 270 1523 Ad
300 1481 484 1522 tertium
512 1477 785 1534 dicendum,
816 1477 943 1534 quod
978 1477 1189 1523 Christus
1221 1477 1364 1523 habet
1395 1478 1671 1523 affinitatem
1699 1476 1760 1522 ad
1794 1478 2056 1522 humanum

147 1551 300 1598 genus
320 1541 582 1586 secundum
601 1540 952 1585 similitudinem
977 1540 1175 1598 speciei3
1201 1541 1458 1586 similitudo
1482 1546 1638 1586 autem
1663 1539 1835 1598 speciei
1853 1539 2058 1585 attendi-

147 1606 225 1647 tur
244 1616 339 1648 non
370 1603 633 1648 secundum
663 1601 906 1647 materiam
928 1608 1172 1660 remotam,
1196 1603 1280 1649 sed
1319 1603 1581 1649 secundum
1616 1603 1859 1648 materiam
1896 1601 2057 1659 proxi-

145 1675 273 1710 mam
299 1669 347 1710 et
380 1665 644 1711 secundum
675 1665 958 1722 principium
993 1665 1216 1721 activum,
1241 1666 1368 1724 quod
1383 1669 1577 1723 generat
1594 1665 1684 1710 sibi
1706 1664 1856 1710 simile
1872 1664 1922 1709 in
1949 1662 2072 1721 spe-'

145 1726 234 1772 cie.
261 1726 336 1773 Sic
351 1727 493 1784 igitur
512 1727 715 1771 affinitas
731 1726 897 1771 Christi
912 1727 974 1772 ad
983 1727 1244 1772 humanum
1267 1740 1420 1785 genus
1443 1727 1732 1773 sufficienter
1753 1730 2057 1771 conservatur

146 1801 234 1847 per
259 1790 348 1835 hoc
377 1789 501 1847 quod
527 1801 701 1846 corpus
722 1789 889 1834 Christi
910 1788 1164 1835 formatum
1192 1794 1264 1835 est
1285 1803 1345 1835 ex
1377 1790 1691 1847 sanguinibus
1723 1787 1940 1845 Virginis,
1971 1788 2056 1834 de-

146 1851 309 1896 rivatis
335 1852 599 1896 secundum
620 1851 850 1907 originem
880 1851 940 1895 ab
962 1852 1107 1897 Adam
1131 1856 1179 1897 et
1207 1852 1310 1897 aliis
1333 1852 1561 1910 patribus.
1587 1853 1678 1896 Nec
1701 1851 1843 1895 refert
1859 1850 1919 1896 ad
1936 1850 2058 1895 hanc

147 1913 226 1958 affl
234 1912 441 1971 nitatem,
455 1912 789 1970 undecumque
806 1912 1001 1957 materia
1023 1913 1210 1959 illorum
1229 1914 1518 1971 sanguinum
1541 1917 1731 1969 sumpta
1747 1911 1915 1967 fuerit3
1936 1911 2058 1956 sicut

149 1987 238 2019 nec
249 1975 337 2020 hoc
355 1974 499 2020 refert
520 1973 570 2018 in
593 1974 895 2031 generatione
915 1975 1113 2020 aliorum
1131 1975 1394 2035 hominum,
1418 1975 1542 2021 sicut
1562 1975 1612 2019 in
1634 1974 1784 2031 prima
1802 1978 1934 2031 parte
1956 1973 2056 2019 dic-

151 2042 247 2082 tum
270 2041 342 2081 est
358 2039 544 2093 (quaest.
571 2050 716 2093 cxvm,
740 2042 828 2082 art.
849 2040 911 2091 1).

208 2101 555 2143 ARTICULUS
594 2102 701 2142 Vll.
735 2123 789 2130 —
830 2112 968 2143 ornum
998 2113 1106 2144 cmo
1135 2113 1297 2144 cumsri
1327 2113 1370 2143 m
1398 2111 1600 2142 ruamus
1630 2110 1780 2140 russmr
1808 2110 1995 2143 racemo

961 2175 1139 2206 onuoxm
1163 2163 1239 2218 (3).

653 2230 702 2264 De
719 2229 773 2264 his
784 2230 888 2265 etiam
912 2232 1079 2274 Sent.111,
1096 2231 1177 2266 dist.
1195 2231 1230 2273 5,
1251 2234 1370 2274 quaest.
1389 2238 1439 2271 lv,
1460 2233 1526 2264 art.
1542 2230 1573 2264 4.

204 2283 271 2330 Ad
290 2283 541 2340 septimum
562 2283 632 2328 sic
644 2283 926 2340 proceditur.
943 2288 986 2329 1.
1008 2284 1196 2330 Videtur
1213 2283 1340 2342 quod
1365 2295 1473 2327 caro
1494 2282 1659 2327 Christi
1673 2282 1722 2326 in
1747 2280 1954 2339 antiquis
1971 2294 2057 2340 pa-

150 2347 303 2392 tribus
326 2350 518 2402 peccato
540 2345 714 2390 infecta
731 2358 827 2389 non
842 2346 994 2391 fuerit.
1018 2347 1193 2391 Dicitur
1211 2346 1335 2391 enim
1359 2347 1482 2401 (Sap.
1501 2346 1591 2402 vn),
1622 2344 1749 2402 quod
1778 2344 1828 2388 in
1849 2344 2056 2390 divinam

150 2409 428 2467 sapientiam
450 2408 569 2451 nihil
595 2410 882 2463 inquinatum
903 2411 1118 2454 incurrit.
1142 2410 1350 2453 Christus
1368 2411 1526 2452 autem
1545 2411 1618 2453 est
1636 2407 1715 2452 Dei
1737 2406 1983 2465 sapientia,
2003 2411 2058 2452 ut

151 2470 321 2517 dicitur
338 2471 388 2527 (1.
411 2467 615 2514 Corinth.
633 2473 681 2523 1).
702 2472 824 2525 Ergo
843 2481 952 2514 caro
975 2470 1078 2527 eJ‘us
1094 2481 1340 2527 nunquam
1360 2473 1554 2526 peccato
1572 2468 1819 2526 inquinata
1838 2468 1942 2513 fuit.
2035 2482 2038 2485 ·

206 2535 249 2578 2.
271 2534 516 2586 Praeterea,
538 2535 856 2576 Damascenus
875 2531 988 2576 dicit
1009 2533 1151 2587 (Orth.
1172 2532 1253 2577 fid.
1266 2532 1348 2576 lib.
1363 2544 1427 2588 111,
1441 2543 1546 2588 cap.
1559 2534 1604 2586 2,
1617 2531 1645 2575 a
1659 2531 1786 2576 med.
1801 2535 1849 2576 et
1867 2543 1969 2589 cap.
1983 2534 2053 2588 11,

150 2594 179 2639 ὲ
196 2595 384 2653 princ.)‚
407 2593 535 2651 quod
556 2594 766 2638 Christus
782 2595 1011 2651 primitias
1036 2601 1207 2640 nostrae
1225 2597 1406 2639 naturae
1425 2593 1695 2650 assumpsit.
1727 2593 1814 2638 Sed
1834 2593 1883 2637 in
1906 2592 2057 2649 primo

149 2662 277 2704 statu
301 2669 410 2703 caro
439 2657 648 2702 humana
669 2670 764 2701 non
793 2661 893 2701 erat
917 2663 1108 2714 peccato
1136 2657 1325 2703 infecta.
1352 2659 1474 2714 Ergo
1506 2668 1615 2701 caro
1648 2656 1811 2701 Christi
1846 2667 1942 2700 non
1968 2654 2057 2700 fuit

148 2719 321 2765 infecta
341 2719 494 2765 necin
516 2719 677 2778 Adam,
702 2719 854 2764 necin
879 2719 982 2764 aliis
1000 2719 1230 2777 patribus.

202 2785 247 2828 3.
279 2785 524 2839 Praeterea,
548 2782 840 2839 Augustinus
863 2781 976 2827 dicit
1010 2784 1173 2840 (Super
1200 2784 1365 2827 GeneS.
1396 2781 1458 2827 ad
1479 2781 1569 2827 litt.
1602 2780 1685 2826 lib.
1720 2794 1764 2838 x,
1792 2791 1896 2836 cap.
1929 2781 2002 2836 20,
2028 2779 2058 2823 a

148 2845 310 2903 med.),
327 2845 454 2903 quod
483 2861 505 2883 α
519 2849 688 2889 natura
702 2845 910 2889 humana
927 2856 1113 2902 semper
1131 2844 1294 2890 habuit
1319 2854 1428 2889 cum
1446 2843 1644 2889 vulnere
1666 2841 1879 2887 vulneris
1905 2841 2058 2887 medi-

149 2906 320 2953 cinam.
337 2926 359 2947 »
383 2907 471 2952 Sed
491 2906 537 2951 id
557 2907 682 2964 quod
702 2912 774 2952 est
793 2907 1019 2952 infectum
1049 2920 1143 2953 non
1163 2910 1317 2965 potest
1334 2918 1439 2952 esse
1468 2905 1680 2952 vulneris
1696 2903 1945 2960 medicina,
1972 2904 2056 2951 sed

149 2969 301 3024 magis
319 2969 475 3026 ipsum
494 2969 672 3027 indiget
690 2970 939 3015 medicina.
966 2973 1086 3027 Ergo
1104 2982 1291 3028 semper
1304 2969 1353 3014 in
1369 2972 1539 3014 natura
1554 2970 1762 3014 humana
1778 2967 1867 3012 fuit
1879 2965 2056 3024 aliquid

148 3042 246 3076 non
267 3030 511 3089 infectum,
537 3045 597 3077 ex
618 3045 713 3090 quo
733 3033 1031 3090 postmodum
1048 3037 1122 3078 est
1141 3033 1313 3089 corpus
1332 3031 1497 3076 Christi
1520 3031 1788 3076 formatum.

207 3092 296 3138 Sed
324 3098 485 3138 contra
510 3099 583 3140 est
614 3095 741 3153 quod
762 3108 934 3152 corpus
961 3095 1126 3141 Christi
1163 3108 1260 3140 non
1282 3095 1482 3140 refertur
1513 3094 1574 3139 ad
1594 3093 1740 3138 Adam
1769 3095 1816 3136 et
1845 3091 1908 3137 ad
1938 3090 2054 3136 alios

194 3231 240 3275 (l)
254 3231 301 3266 Ex
324 3229 378 3265 his
402 3230 549 3270 intelligi
573 3235 693 3274 potest,
714 3231 762 3267 ait
786 3232 933 3274 Sylvius,
954 3244 1061 3274 neque
1186 3232 1231 3275 (2)
1254 3232 1350 3267 Ratio
1375 3232 1547 3268 seminalis
1568 3235 1620 3266 est
1644 3231 1694 3266 vis
1721 3230 1830 3265 activa
1854 3229 1998 3265 existens
2015 3228 2052 3263 in

153 3279 363 3322 Calatinum,
378 3290 488 3319 neque
506 3279 588 3312 alios
600 3280 761 3321 quosdam
777 3293 845 3315 esse
864 3281 1058 3324 audiendos,
1145 3281 1273 3316 semine
1289 3281 1397 3322 patris
1410 3280 1452 3314 ad
1470 3280 1589 3314 foetum
1605 3279 1869 3314 efformandum.

152 3327 668 3370 quidixeruntDeuminAdamo
677 3328 861 3368 designasse
870 3333 904 3363 et
913 3331 1004 3371 quasi
1013 3341 1060 3363 se·
1186 3330 1230 3370 (5)
1251 3327 1464 3362 Affirmative
1498 3328 1681 3367 respondet
1706 3328 1739 3360 S.
1760 3327 1900 3367 Doctor,
1926 3324 1974 3359 ita
1988 3322 2052 3358 sci·

151 3377 439 3416 parassealiquam
448 3379 577 3417 partem
588 3375 796 3418 substantiae,
810 3390 882 3417 quse
898 3389 1000 3418 usque
1016 3378 1058 3412 ad
1145 3376 1227 3411 licet
1245 3380 1284 3410 ut
1309 3376 1347 3410 in
1370 3375 1529 3410 Patribus
1547 3374 1636 3408 nihil
1658 3378 1744 3409 esset
1763 3374 1915 3408 immune
1939 3373 1958 3405 11
1978 3381 2052 3411 pec·

151 3422 191 3457 B.
204 3423 381 3464 Virginem
391 3436 452 3466 per
466 3423 681 3458 succedentes
700 3425 934 3462 generationes
946 3430 1059 3459 trans·
1143 3431 1229 3466 cato,
1262 3424 1304 3459 de
1342 3436 1408 3465 quo
1446 3423 1661 3464 postmodum
1691 3421 1896 3456 formaretur
1931 3429 2050 3460 corpus

151 3469 369 3514 funderetur,
382 3477 414 3507 et
427 3484 464 3506 ex
479 3483 543 3513 qua
558 3471 681 3506 Clu-isti
699 3483 819 3511 corpus
834 3472 1055 3508 formaretur.
1144 3472 1284 3506 Ciu-isti.
