2170 3808
155 101 238 145 134
760 95 959 149 QUAEST.
989 95 1075 149 xxi,
1107 94 1227 137 Am.
1255 74 1276 136 i
1302 93 1366 136 ET
1394 93 1446 137 ιι.

212 180 276 224 Ad
302 182 506 235 quintum
528 176 795 230 dicendum,
832 175 953 232 quod
992 173 1231 231 poenitens
1261 173 1493 219 laudabile
1523 173 1788 230 exemplum
1818 174 1929 220 dare
1962 172 2062 232 po·-v

108 230 110 233 ⁵
157 244 266 296 test,
288 253 382 285 non
417 253 476 285 ex
497 252 552 284 eo
572 236 698 294 quod
728 235 954 293 peccavit,
975 235 1059 280 sed
1088 235 1136 279 in
1160 236 1249 279 hoc
1273 234 1399 292 quod
1430 235 1688 280 voluntarie
1720 247 1910 292 poenam
1943 246 2050 279 sus-

158 303 274 348 tinet
287 316 373 360 pro
396 306 603 359 peccato.
625 297 751 343 Unde
774 298 979 342 Christus
1001 297 1127 341 dedit
1146 297 1402 342 maximum
1419 298 1682 354 exemplum
1695 296 2047 354 poenitentibus,

156 365 269 411 dum
281 378 372 409 non
388 377 473 421 pro
488 367 679 420 peccato
691 360 891 417 proprio,
902 360 986 405 sed
1003 373 1085 416 pro
1097 364 1286 417 peccato
1301 361 1498 405 aliorum
1513 359 1658 404 voluit
1674 370 1864 416 poenam
1875 357 2049 405 subire.

294 432 640 476 ARTlcULUS
670 432 727 472 ΙΙ.
752 453 802 460 -
839 442 974 471 ornum
1005 442 1046 473 m
1086 441 1259 472 cumsro
1300 442 1446 472 ramur
1474 442 1609 473 tomus
1638 440 1805 472 maccam
1835 427 1909 482 (1).

162 503 211 539 Do
225 503 279 538 his
292 502 397 537 eliam
412 499 518 543 infra,
536 502 654 541 quaest.
669 507 777 541 nvn,
792 504 861 533 art.
874 499 897 534 5
913 511 1009 540 corp.
1023 503 1057 532 et
1072 498 1114 533 ad
1138 499 1168 541 ·l‚
1187 504 1222 533 ct
1241 499 1336 533 Sent.
1357 507 1413 541 m,
1427 498 1505 534 dist.
1521 498 1575 540 47,
1592 502 1708 540 quest.
1723 506 1750 539 ι,
1763 502 1831 534 ort.
1845 496 1879 538 4,
1890 501 2008 539 quast.
2021 505 2050 531 ιι

844 546 887 581 ad
904 548 938 589 4,
956 552 991 582 et
1006 549 1128 589 Opusc.
1146 556 1184 586 ιι,
1201 559 1275 587 cap.
1289 547 1364 581 226.

211 610 279 656 Ad
311 609 573 654 secundum
598 607 667 653 sic
698 608 977 666 proceditur.
1017 612 1058 653 1.
1086 608 1273 663 Videtur
1295 607 1421 664 quod
1441 607 1490 653 in
1524 608 1703 654 Christo
1735 606 1874 651 fuerit
1902 606 2050 651 fomes

156 671 350 730 peccati.
373 672 440 716 Ab
467 672 632 716 eodem
665 670 790 716 enim
810 671 1036 728 prinprio
1060 671 1295 716 derivatur
1318 671 1464 715 fomes
1485 670 1678 728 peccati,
1698 675 1744 715 et
1770 667 2050 726 passibilitas

155 733 385 792 corporis,
408 734 506 779 sive
528 734 801 790 mortalitas,
826 733 1002 778 scilicet
1032 745 1090 777 ex
1123 733 1435 778 subtractione
1467 733 1707 790 originalis
1735 732 1945 788 J'ustitiae,
1969 742 2051 788 per

157 807 300 854 quam
320 795 461 841 simul
480 794 724 840 inferiores
744 794 869 839 vires
890 794 1059 839 animae
1081 795 1403 839 subdebantur
1426 795 1590 840 rationi
1608 801 1654 840 et
1672 806 1842 851 corpus
1864 792 2046 838 animae.

157 858 244 904 Sed
265 859 310 902 in
332 858 509 902 Christo
530 857 616 902 fuit
635 857 918 914 passibilitas
936 857 1144 914 corporis
1167 863 1213 902 et
1233 856 1509 903 mortalitas.
1528 860 1647 914 Ergo
1664 858 1805 902 etiam
1826 856 1875 900 in
1893 867 1948 901 eo
1966 855 2051 901 fuit

157 920 306 965 fomes
326 920 520 977 peccati.
1718 947 1721 950 -

212 984 256 1026 2.
289 983 531 1035 Praeterea,
555 980 677 1024 sicut
690 983 1007 1024 Damascenus
1020 979 1131 1025 dicit
1151 980 1294 1033 (Orth.
1316 977 1393 1024 fid.
1411 980 1494 1025 lib.
1514 995 1576 1038 111,
1595 993 1698 1037 cap.
1721 984 1765 1034 4,
1784 985 1832 1024 et
1853 991 1957 1036 cap.
1976 982 2046 1036 15,

157 1042 186 1087 a
203 1043 364 1097 med.),
391 1061 410 1080 α
431 1043 722 1099 beneplacito
761 1042 931 1088 divinae
955 1042 1207 1087 voluntatis
1230 1043 1581 1099 permittebatur
1602 1043 1730 1086 carni
1751 1042 1913 1086 Christi
1937 1041 2048 1098 pati,

155 1110 202 1150 et
233 1106 412 1162 operari
442 1117 546 1161 quae
569 1105 768 1161 propria.
796 1123 816 1144 »
845 1105 930 1149 Sed
954 1105 1191 1161 proprium
1215 1110 1285 1149 est
1305 1105 1432 1148 carni
1456 1113 1508 1149 ut
1532 1105 1830 1161 concupiscat
1847 1103 2050 1148 delecta-

155 1166 267 1211 bilia
292 1166 396 1211 sibi.
419 1167 531 1210 Cum
550 1165 691 1222 igitur
716 1166 828 1210 nihil
851 1165 979 1210 aliud
996 1166 1056 1211 sit
1078 1167 1227 1211 fomes
1241 1167 1382 1223 quam
1402 1166 1792 1222 concupiscentia,
1815 1170 1866 1209 ut
1883 1165 2053 1210 dicitur
2125 1175 2131 1179 ’

156 1227 206 1272 in
227 1228 387 1272 Glossa
410 1230 556 1281 (Rom.
584 1241 640 1271 vu
662 1228 815 1272 interl.
836 1234 882 1272 et
900 1228 1000 1272 ord.
1025 1241 1131 1284 sup.
1156 1228 1288 1287 illud,
1317 1232 1436 1272 Nam
1454 1230 1860 1286 concupiscentiam
1882 1229 2048 1271 nescie-

156 1290 293 1344 bam),
317 1290 503 1334 videtur
522 1290 647 1348 quod
666 1290 713 1333 iu
732 1291 909 1334 Christo
929 1291 1068 1335 suerit
1086 1291 1236 1335 fomes
1259 1290 1452 1348 peccati.

213 1355 256 1396 3.
289 1354 528 1408 Praeterea,
550 1351 728 1395 ratione
749 1351 920 1396 fomitis
952 1352 1125 1408 peccati
1148 1366 1257 1396 caro
1288 1355 1563 1408 concupiscit
1585 1353 1804 1406 adversas
1821 1355 2047 1409 spiritum,

157 1418 210 1458 ut
233 1413 398 1459 dicitur
418 1413 531 1468 (Gal.
554 1428 596 1469 v,
621 1417 709 1467 17).
726 1414 816 1458 Sed
831 1414 960 1459 tanto
981 1415 1173 1470 spiritus
1190 1415 1452 1460 ostenditur
1467 1415 1627 1459 fortior
1643 1419 1689 1459 et
1708 1414 1857 1470 magis
1880 1413 2051 1469 dignus

156 1479 346 1530 corona,
370 1476 546 1532 quanto
576 1475 727 1531 magis
762 1483 950 1533 superat
986 1478 1165 1521 hostem
1182 1511 1196 1534 ,
1219 1478 1397 1522 scilicet
1417 1476 1843 1534 concupiscentiam
1878 1476 2050 1532 carnis,

157 1537 417 1582 secundum
440 1537 555 1581 illud
574 1539 639 1590 (tl.
657 1538 767 1581 Tim.
787 1552 834 1594 n,
848 1541 892 1594 5)
908 1553 919 1582 :
938 1542 1037 1582 Non
1051 1540 1360 1595 coronabitur,
1377 1543 1464 1582 nisi
1485 1543 1560 1594 qui
1578 1540 1777 1594 leqitime
1793 1542 2048 1582 certaverit.

156 1598 364 1643 Christus
377 1604 531 1642 autem
548 1598 708 1642 habuit
724 1599 1027 1643 fortissimum
1043 1606 1091 1644 et
1101 1600 1533 1645 victoriosissimum
1544 1601 1774 1657 spiritum,
1790 1606 1837 1644 et
1850 1598 2051 1644 maxime

157 1659 353 1716 dignum
386 1660 586 1717 corona,
617 1659 877 1704 secundum
907 1661 1023 1705 illud
1060 1665 1215 1718 (Apoc.
1258 1676 1315 1717 vi,
1354 1666 1398 1718 2)
1429 1677 1442 1706 t
1472 1663 1594 1705 Data
1623 1665 1688 1705 est
1721 1663 1762 1704 ei
1794 1675 1976 1717 corona,
2006 1664 2052 1705 et

156 1724 294 1764 exivit
318 1724 520 1776 vincens,
546 1725 594 1764 ut
614 1724 827 1765 vinceret.
850 1722 1035 1768 Videtur
1056 1735 1169 1779 ergo
1191 1723 1318 1780 quod
1346 1724 1396 1769 in
1419 1724 1596 1770 Christo
1613 1723 1816 1768 maxime
1840 1723 2052 1768 debuerit

156 1793 263 1826 esse
283 1782 432 1826 fomes
461 1783 654 1839 peccati.

211 1844 299 1889 Sed
317 1850 479 1887 contra
495 1850 566 1888 est
584 1845 710 1900 quod
723 1844 1230 1904 dicitur(Matth.1,20):
1256 1848 1388 1903 Quod
1404 1850 1453 1890 in
1467 1861 1523 1891 ea
1541 1851 1695 1891 natum
1715 1851 1797 1903 est,
1807 1849 1863 1892 de
1876 1851 2050 1905 Spiritu

155 1910 314 1950 sancto
336 1913 417 1949 est.
429 1907 518 1951 Sed
537 1907 731 1963 Spiritus
746 1914 938 1952 sanctus
955 1910 1160 1954 excludit
1174 1914 1415 1966 peccatum
1431 1914 1478 1955 et
1492 1910 1838 1954 inclinationem
1858 1911 2047 1969 peccati,

156 1979 262 2025 quae
284 1969 560 2024 importatur
591 1969 779 2014 nomine
809 1969 996 2014 fomitis.
1015 1974 1132 2028 Ergo
1153 1972 1202 2016 in
1226 1972 1405 2016 Christo
1435 1984 1530 2016 non
1565 1972 1651 2016 fuit
1681 1972 1831 2018 fomes
1855 1973 2047 2030 peccati.

203 2035 496 2076 CONCLUSlO.
525 2057 573 2064 -—
598 2036 701 2076 Cum
731 2037 773 2076 in
794 2037 957 2078 Christo
976 2038 1111 2079 virtus
1139 2051 1235 2079 cum
1259 2039 1391 2090 gratia
1409 2039 1533 2079 fuerit
1560 2040 1789 2080 secundum
1812 2039 2050 2092 perfectissi-

156 2102 274 2132 mum
293 2093 482 2141 gradum,
504 2093 619 2132 nullo
638 2093 761 2134 modo
782 2094 862 2134 fuit
877 2095 920 2134 in
938 2096 1027 2146 ipso
1050 2097 1175 2136 fomes
1194 2097 1358 2147 peccati.

211 2156 485 2211 Respondeo
516 2155 765 2211 dicendum
799 2158 940 2214 quod,
965 2158 1085 2203 sicut
1118 2172 1260 2215 supra
1280 2159 1459 2205 dictum
1490 2165 1561 2205 est
1583 2162 1778 2216 (quaest.
1813 2174 1890 2219 vn,
1914 2166 2001 2206 art.
2022 2164 2052 2205 2
2123 2173 2126 2176 ·

156 2220 204 2261 et
224 2218 284 2271 9),
309 2217 516 2261 Christus
536 2218 870 2273 perfectissime
900 2220 1061 2265 habuit
1087 2222 1283 2277 gratiam
1302 2227 1351 2267 et
1374 2233 1538 2267 omnes
1558 2222 1769 2267 virtutes.
1789 2222 1941 2267 Virtus
1963 2235 2049 2268 au-

159 2281 252 2323 tem
277 2279 480 2334 moralis,
502 2291 608 2335 quae
629 2285 701 2324 est
724 2280 774 2324 in
796 2280 1048 2326 irrationali
1072 2284 1133 2337 (2)
1152 2289 1282 2339 parte
1302 2284 1489 2340 animae,
1508 2296 1612 2329 eam
1634 2284 1741 2329 facit
1758 2297 1863 2330 esse
1885 2286 2047 2330 rationi

157 2340 416 2397 subjectam
434 2356 448 2396 ς
468 2346 516 2385 et
542 2340 672 2386 tanto
692 2344 842 2399 magis
876 2345 1052 2400 quanto
1082 2345 1328 2402 perfectior
1358 2346 1496 2390 fuerit
1516 2347 1693 2402 virtum
1716 2346 1838 2391 sicut
1870 2353 2050 2405 tempe-

156 2403 308 2447 rantia
337 2403 765 2460 concupiscibilem,
786 2410 835 2448 et
856 2403 1079 2451 fortitudo
1097 2414 1143 2451 et
1171 2408 1482 2452 mansuetudo
1499 2408 1791 2465 irascibilem,
1810 2414 1862 2454 ut
1892 2409 1939 2453 in
1972 2422 2050 2455 se-

156 2465 311 2510 cunda
335 2470 463 2520 parte
485 2464 661 2509 dictum
692 2470 764 2510 est
783 2471 815 2519 (1
844 2471 886 2520 ⁶2,
908 2475 1072 2524 quaest.
1105 2482 1188 2523 tvi,
1209 2474 1293 2514 art.
1319 2472 1378 2524 4).
1403 2471 1470 2515 Ad
1489 2471 1715 2515 rationem
1739 2477 1894 2516 autem
1916 2470 2048 2517 fomi-

158 2526 218 2570 tis
246 2526 446 2582 pertinet
468 2526 705 2571 inclinatio
731 2529 966 2574 sensualis
994 2530 1231 2586 appetitus
1250 2531 1298 2575 in
1323 2531 1369 2576 id
1389 2532 1514 2588 quod
1533 2538 1605 2576 est
1625 2538 1787 2576 contra
1806 2533 2047 2579 rationem.

157 2588 230 2633 Sic
250 2588 390 2644 igitur
420 2594 545 2644 patet
566 2589 691 2645 qued
710 2592 887 2646 quanto
904 2593 1054 2636 virtus
1081 2593 1126 2635 in
1148 2593 1303 2649 aliquo
1332 2594 1470 2638 fuerit
1503 2594 1653 2650 magis
1681 2594 1901 2653 perfecta,
1925 2596 2050 2641 tanto

157 2650 307 2706 magis
331 2650 378 2694 in
399 2663 454 2694 eo
478 2650 746 2695 debilitatur
766 2654 836 2697 vis
858 2654 1045 2699 fomitis.
1069 2657 1182 2699 Cum
1206 2656 1347 2711 igitur
1371 2656 1417 2700 in
1445 2657 1623 2701 Christo
1646 2657 1785 2702 fuerit
1802 2658 1954 2703 virtus
1974 2670 2052 2703 se—

156 2711 362 2757 cundum
386 2712 775 2767 persect'lssimum
796 2715 1010 2771 gradum,
1028 2729 1324 2773 consequens
1344 2723 1415 2763 est
1433 2717 1558 2774 quod
1573 2719 1619 2762 in
1641 2731 1696 2762 eo
1711 2719 1858 2763 fomes
1875 2719 2051 2775 peccati

157 2785 252 2818 non
275 2773 436 2827 fuerit,
459 2775 566 2818 cum
583 2775 723 2819 etiam
745 2776 831 2820 iste
851 2777 1060 2823 desectus
1084 2791 1178 2822 non
1201 2780 1261 2824 sit
1279 2779 1550 2825 ordinabilis
1573 2780 1633 2826 ad
1653 2780 2049 2837 satisfaciendum,

157 2835 242 2880 sed
259 2835 414 2891 potius
435 2835 625 2880 inclinet
654 2838 713 2882 ad
736 2840 1019 2884 contrarium
1042 2841 1342 2886 satisfactioni
1362 2845 1438 2896 (3).

211 2897 277 2942 Ad
295 2899 494 2953 primum
524 2910 637 2954 ergo
656 2898 924 2958 dicendum,
953 2901 1079 2958 quod
1103 2903 1347 2948 inferiores
1367 2903 1491 2948 vires
1506 2904 1793 2960 pertinentes
1821 2904 1882 2949 ad
1902 2905 2051 2951 sensi·

156 2957 297 3003 bilem
322 2959 578 3015 appetitum
598 2961 871 3006 naturaliter
889 2969 1000 3007 sunt
1018 2964 1274 3009 obedibiles
1291 2964 1485 3020 rationi3
1512 2977 1606 3009 non
1632 2971 1787 3010 autem
1810 2966 1934 3011 vires
1947 2979 2049 3012 cor-

157 3020 356 3078 porales,
378 3021 452 3065 vel
470 3022 720 3066 humorum
739 3024 1066 3080 corporalium,
1089 3026 1161 3071 vel
1180 3027 1319 3071 etiam
1336 3026 1483 3083 ipsius
1506 3026 1671 3071 animae
1691 3027 1980 3085 vegetabilis,
1996 3031 2049 3073 ut

198 3144 244 3186 (Ι)
263 3144 382 3178 Fomes
406 3145 446 3178 <le
470 3158 536 3186 quo
555 3146 609 3179 hic
631 3146 743 3185 agitur
772 3153 867 3182 notat
885 3148 954 3183 vim
980 3149 1062 3184 iusi·
1147 3150 1204 3189 42)
1220 3150 1398 3185 damnatus
1408 3155 1458 3186 est
1475 3151 1670 3186 Theodorus
1685 3152 1938 3191 Mopsuestanus
1960 3153 2049 3193 quod

157 3195 227 3227 tam
242 3204 314 3231 quoe
331 3198 461 3226 nonest
477 3193 567 3227 aliud
588 3196 688 3234 quam
713 3194 895 3230 habitualis
912 3202 946 3231 et
960 3197 1060 3231 inor-
1146 3197 1269 3232 dixerit
1302 3211 1310 3232 :
1349 3199 1474 3233 Alium
1506 3209 1582 3234 esse
1617 3200 1685 3233 Dei
1725 3199 1892 3240 Verbum,
1928 3200 2049 3234 alium

158 3238 269 3274 dinata
289 3241 556 3280 concupiscentia
575 3241 742 3276 sensibilis
759 3244 938 3284 appetitus.
1145 3246 1348 3287 Christum,
1380 3248 1403 3282 ίι
1420 3248 1657 3291 passionibus
1685 3249 1821 3281 animoe
1849 3252 1883 3282 et
1910 3247 2050 3283 deside-

199 3289 243 3330 (2)
262 3289 314 3323 ltu
334 3290 410 3324 Mss.
428 3296 461 3324 et
477 3290 556 3323 editi
572 3291 706 3330 passim.
720 3291 787 3334 At,
804 3293 843 3326 in
858 3294 1056 3328 rationali.
1143 3295 1214 3329 riis
1233 3297 1358 3330 carnis
1375 3296 1564 3330 molestias
1579 3296 1789 3338 patientem.

201 3337 239 3378 (5)
265 3337 352 3372 Hinc
370 3337 404 3371 in
425 3338 542 3379 synod.
566 3346 585 3372 v
604 3339 751 3377 generali
774 3340 896 3382 (collat.
917 3341 960 3383 8,
981 3353 1053 3376 can.
