2170 3808
665 170 862 222 QUAEST.
890 171 997 224 LVI,
1027 171 1144 213 ART.
1173 171 1191 212 1
1220 170 1286 212 ΕΤ
1313 171 1363 213 Π.
1873 170 1956 210 475

84 255 148 299 est
161 251 566 309 perfectissimum,
582 253 653 295 est
675 250 912 307 exemplar
927 251 1028 307 eJ'us
1041 251 1164 307 quod
1176 254 1247 294 est
1259 249 1416 294 minus
1430 247 1684 307 perfectum
1698 247 1954 292 secundum

83 326 217 359 suum
245 314 434 358 modum
450 314 521 369 (1),
544 316 590 357 et
611 311 712 357 ideo
741 313 1014 358 resurrectio
1034 312 1197 357 Christi
1213 316 1286 356 est
1307 324 1450 356 causa
1477 311 1754 368 exemplaris
1785 315 1954 354 nostrae

82 375 450 428 resurrectionis,
478 373 603 430 quod
627 373 814 429 quidem
846 373 1158 419 necessarium
1173 377 1261 428 est,
1280 385 1373 417 non
1392 385 1448 418 ex
1467 376 1596 430 parte
1615 371 1950 428 resuscitantis,

81 436 157 494 qui
176 448 271 480 non
290 436 465 492 indiget
487 435 754 492 exemplari,
786 435 866 480 sed
887 448 944 481 ex
970 439 1101 492 parte
1123 434 1516 490 resuscitatorum,
1538 446 1657 491 quos
1689 438 1867 491 oportet
1887 434 1953 479 illi

81 498 403 543 resurrectioni
414 497 707 554 conformari,
722 498 980 543 secundum
993 496 1293 553 illudss‘hilip.
1311 510 1373 552 m,
1386 498 1457 551 21)
1476 508 1488 539 ι
1503 498 1775 551 Reformabit
1791 509 1953 553 corpus

82 561 353 604 humilitatis
375 563 538 603 nostrae
573 561 903 615 confiquratam
937 561 1118 615 corpori
1144 559 1372 602 claritatis
1411 570 1502 601 saae
1537 560 1612 611 (2).
1636 557 1760 602 Licet
1798 562 1957 602 autem'

80 620 322 666 efficientia
343 619 695 665 resurrectionis
713 621 876 665 Christi
897 632 948 665 se
970 619 1189 664 extendat
1207 620 1267 664 ad
1284 618 1671 664 resurrectionem
1690 623 1784 662 tam
1803 618 1953 663 bono-

80 693 181 727 rum
193 683 333 740 quam
348 682 597 737 malorum,
612 679 936 739 exemplati-itas
954 687 1108 726 tamen
1129 683 1231 738 eJus
1246 694 1296 726 se
1307 680 1515 726 extendit
1529 680 1714 736 proprie
1726 679 1879 724 solum
1893 680 1952 726 ad

79 745 240 802 honos,
254 744 334 802 qui
349 750 460 789 sunt
479 744 586 789 facti
603 744 863 790 conformes
878 744 1288 801 filiationisipsius,
1305 748 1356 787 ut
1372 743 1541 788 dicitur
1561 744 1706 796 (Rom.
1730 744 1838 796 vni).

130 805 197 850 Ad
227 809 441 863 quartum
477 806 741 862 dicendum,
763 806 887 863 quod
909 806 1167 851 secundum
1192 806 1417 850 rationem
1449 804 1721 857 efficientiae,
1745 815 1851 860 quae
1872 802 1952 849 de-

78 867 247 924 pendet
264 881 323 913 ex
337 868 507 912 virtute
526 867 698 925 divina,
717 867 1021 913 communiter
1039 872 1132 912 tam
1156 880 1282 912 mors
1300 867 1461 912 Christi
1478 866 1618 924 quam
1637 866 1775 910 etiam
1794 878 1953 910 resur-

77 929 234 987 rectio,
257 933 329 974 est
359 942 503 974 031153
534 934 627 975 tam
660 930 989 975 destructionis
1018 930 1181 974 mortis
1209 929 1349 986 quam
1375 927 1677 985 reparationis
1705 927 1839 985 vitae3
1870 927 1952 972 sed

77 991 334 1036 secundum
352 992 579 1036 rationem
601 992 964 1049 exemplaritatis
979 1003 1105 1037 mors
1120 991 1298 1047 Christi,
1322 1002 1405 1048 per
1425 1002 1567 1047 quam
1597 989 1787 1034 recessit
1816 988 1845 1033 a
1859 988 1952 1034 vita

76 1053 272 1108 mortali,
293 1057 365 1098 est
389 1066 535 1108 causa.
552 1054 880 1100 destructionis
907 1054 1068 1099 mortis
1098 1058 1289 1106 nostrae;
1313 1052 1588 1098 resurrectio
1612 1052 1719 1096 vero
1740 1051 1842 1109 eJus
1871 1062 1952 1107 per

75 1123 216 1168 quam
245 1114 476 1159 inchoavit
508 1115 653 1160 vitam
683 1115 1007 1173 immortalem,
1027 1119 1096 1159 est
1130 1126 1272 1159 causa
1300 1112 1605 1170 reparationis
1623 1112 1730 1157 vitae
1764 1117 1949 1157 nostrae.

76 1175 230 1220 Passio
254 1181 407 1222 tamen
419 1177 583 1222 Christi
601 1181 672 1223 est
694 1177 885 1235 insuper
904 1176 1154 1232 meritoria,
1172 1180 1380 1232 utsupra
1397 1174 1573 1219 dictum
1595 1179 1667 1220 est
1684 1177 1779 1232 (qu.
1805 1188 1950 1232 xtvm,

78 1239 165 1279 art.
185 1238 244 1291 1).

130 1299 471 1343 ARTICULUS
499 1300 558 1342 11.
581 1321 638 1331 —
659 1311 799 1342 (11111111
819 1311 1099 1342 1155031150110
1119 1310 1276 1342 1111111511
1306 1311 1368 1342 srr
1396 1309 1519 1342 CAUSA
1547 1309 1898 1341 Rasunnscrioms

865 1373 1074 1403 1111111111οΜ
1095 1361 1171 1413 (3).

648 1429 697 1464 De
712 1429 764 1464 his
779 1427 882 1464 etiam
899 1429 980 1466 locis
999 1441 1112 1472 supra,
1129 1432 1194 1464 art.
1210 1430 1224 1463 1
1244 1428 1379 1463 notatis.

24 1510 32 1525 2
128 1482 194 1526 Ad
214 1482 470 1528 seeundum
488 1483 554 1528 sic
573 1484 853 1541 proceditur.
878 1488 920 1529 1
939 1484 1126 1529 Videtur
1147 1482 1271 1542 quod
1290 1482 1566 1528 resurrectio
1588 1482 1752 1527 Christi
1776 1495 1869 1526 non
1893 1483 1952 1527 sit

74 1556 216 1588 causa
230 1535 582 1590 resurrectionis
603 1546 881 1592 animarum.
904 1547 1018 1592 Dicit
1041 1546 1167 1591 enim
1190 1546 1476 1602 Augustinus
1495 1551 1652 1601 (super
1672 1547 1799 1588 Joan
1817 1549 1948 1590 tract.

76 1608 147 1661 23,
167 1610 274 1650 ante
303 1607 426 1652 med.
433 1610 444 1660 )
450 1607 607 1663 ,quod
636 1626 655 1646 «
675 1620 868 1664 corpora
896 1614 1147 1665 resurgunt
1167 1620 1249 1664 per
1267 1607 1658 1664 dispensationem
1683 1606 1948 1664 humanam,

74 1666 158 1711 sed
183 1667 350 1713 animae
370 1674 619 1726 resurgunt
641 1681 723 1726 per
746 1670 1052 1714 substantiam
1074 1668 1167 1714 Dei.
1187 1688 1207 1707 υ
1242 1668 1326 1713 Sed
1355 1667 1629 1714 resurrectio
1661 1668 1823 1713 Christi
1855 1680 1949 1712 non

76 1728 274 1784 pertinet
291 1729 350 1776 ad
371 1730 681 1776 substantiam
702 1732 796 1788 Dei,
820 1732 902 1777 sed
935 1731 994 1777 ad
1027 1730 1417 1788 dispensationem
1453 1731 1720 1774 humanam.
1747 1732 1863 1785 Ergo
1879 1742 1951 1775 re-

75 1790 300 1835 surrectio
338 1792 502 1837 Christi
525 1827 539 1849 ,
584 1793 668 1838 etsi
702 1794 761 1837 sit
800 1806 941 1838 causa
974 1792 1326 1838 resurrectionis
1374 1803 1635 1848 corporum,
1665 1803 1759 1835 non
1795 1796 1950 1836 tamen

73 1850 257 1896 videtur
275 1863 378 1897 esse
399 1865 540 1898 causa
557 1854 907 1899 resurrectionis
927 1854 1205 1898 animarum.

129 1914 172 1957 2.
197 1914 436 1972 Praeterea,
452 1927 623 1972 corpus
645 1927 739 1959 non
751 1916 846 1972 agit
865 1916 910 1959 in
930 1915 1161 1971 spiritum.
1185 1914 1271 1960 Sed
1286 1914 1560 1959 resurrectio
1576 1913 1744 1957 Christi
1751 1925 1835 1970 pei
1839 1914 1952 1959 tinet

74 1971 134 2017 311
151 1984 321 2029 corpus
339 1973 459 2030 ejus,
480 1975 605 2032 quod
623 1975 790 2020 cecidit
808 1989 888 2032 per
910 1981 1124 2021 mortem.
1143 1978 1261 2032 Ergo
1280 1975 1557 2022 resurrectio
1580 1974 1741 2018 Christi
1766 1987 1858 2018 non
1880 1981 1951 2021 est

71 2045 216 2080 eausa
237 2038 588 2082 resurrectionis
608 2038 885 2084 animarum.

129 2098 173 2141 3.
195 2098 431 2151 Praeterea,
453 2099 564 2155 quia
582 2100 858 2145 resurrectio
877 2100 1039 2145 Christi
1062 2104 1134 2146 est
1148 2112 1289 2145 causa
1309 2098 1661 2143 resurrectionis
1684 2111 1946 2156 corporum,

75 2157 283 2203 omnium
322 2172 515 2216 corpora
548 2167 804 2219 resurgent,
827 2163 1083 2208 secundum
1111 2162 1227 2207 1111111
1253 2163 1301 2217 (1.
1323 2160 1523 2206 Corinth.
1554 2175 1625 2217 xv,
1650 2163 1750 2214 51):
1787 2165 1950 2204 Omnes

75 2221 252 2276 quidem
282 2235 580 2278 resurqemus.
617 2225 703 2269 Sed
737 2237 829 2270 non
864 2224 1071 2270 omnium
1115 2224 1283 2269 animae
1316 2228 1577 2279 resurgent,
1611 2223 1720 2280 quia
1761 2223 1949 2279 quidam

75 2281 199 2325 ibant
213 2284 260 2325 in
273 2283 541 2339 suppliciam
561 2289 793 2343 aeternam,
824 2291 876 2331 ut
898 2287 1065 2331 dicitur
1094 2286 1264 2341 (Matth.
1295 2298 1398 2342 xxv,
1420 2286 1509 2340 46).
1535 2287 1653 2340 Ergo
1674 2285 1950 2330 resurrectio

71 2343 238 2388 Christi
254 2356 347 2388 non
363 2349 434 2389 est
455 2359 596 2390 031153
612 2349 965 2393 resurrectionis
985 2348 1263 2393 animarum.

129 2409 171 2450 4.
215 2407 450 2461 Praeterea,
491 2410 766 2454 resurrectio
797 2410 1055 2454 animarum
1086 2410 1138 2454 fit
1165 2421 1249 2466 per
1286 2408 1606 2454 remissionem
1635 2412 1946 2465 peccatorum.

74 2467 161 2520 Sed
189 2468 274 2512 hoc
295 2468 467 2513 factum
500 2476 571 2514 est
596 2483 678 2527 per
704 2471 867 2516 Christi
898 2471 1180 2528 passionem,
1206 2471 1465 2516 secundum
1498 2469 1612 2514 illud
1634 2473 1787 2526 (Apoc.
1816 2484 1845 2526 1,
1872 2473 1944 2524 5):

73 2532 207 2573 Lavit
226 2543 304 2573 nos
325 2531 355 2574 ὰ
366 2534 566 2587 peccatis
587 2536 750 2576 nostris
766 2538 813 2577 in
826 2536 1044 2590 sanquine
1061 2547 1156 2576 suo.
1175 2535 1292 2588 Ergo
1316 2531 1668 2577 resurrectionis
1689 2532 1946 2576 animarum

73 2591 224 2647 magis
241 2596 312 2636 est
328 2604 468 2636 causa
487 2593 647 2638 Christi
666 2595 819 2651 passio
841 2608 980 2652 quam
1000 2607 1039 2652 e]
1047 2608 1102 2639 us
1124 2594 1414 2639 resurrectio.

130 2652 216 2697 Sed
246 2658 405 2697 contra
440 2656 510 2699 est
541 2657 666 2711 quod
687 2658 930 2713 Apostolus
953 2657 1062 2702 dicit
1092 2659 1237 2712 (Rom.
1262 2669 1319 2709 iv,
1342 2658 1446 2710 25):
1471 2659 1733 2699 Resurreoez‘t
1758 2659 1947 2711 propter

71 2715 432 2768 justificationem
456 2721 676 2774 nostram,
699 2732 803 2775 quae
827 2719 940 2764 nihil
971 2718 1095 2763 aliud
1121 2722 1192 2763 est
1212 2717 1352 2774 quam
1367 2717 1644 2761 resuirectio
1663 2717 1944 2774 animarum3

74 2780 119 2820 et
137 2787 278 2831 Super
293 2777 407 2822 illud
422 2778 536 2822 Psal.
558 2793 682 2824 xxix:
701 2781 777 2824 Ad
790 2795 1022 2838 vesperum
1039 2781 1346 2825 demorabitur
1360 2782 1505 2836 fletu-5,
1527 2779 1635 2823 dicit
1652 2778 1808 2822 Glossa
1822 2753 1947 2836 quod

77 2853 97 2874 «
121 2839 394 2883 resurrectio
413 2840 574 2884 Christi
596 2846 666 2886 est
689 2855 830 2887 causa
846 2843 1195 2888 resurrectionis
1216 2846 1400 2900 nostrae,
1416 2845 1461 2885 et
1474 2840 1640 2884 animae
1662 2841 1709 2884 in
1730 2842 1944 2896 praesenti

71 2903 119 2942 et
132 2900 336 2956 corporis
358 2900 405 2944 in
429 2901 599 2946 futuro.
627 2921 648 2941 »ι
2015 2914 2017 2917 ’

119 2967 401 3008 CONCLUSIO.
425 2991 473 2997 —
498 2969 601 3009 Gum
627 2972 862 3012 resurrectio
881 2972 1033 3014 Christi
1054 2973 1099 3011 in
1129 2972 1283 3012 virtute
1309 2969 1541 3010 divinitatis
1574 2973 1680 3019 agat,
1710 2981 1789 3008 non
1824 2970 1944 3011 modo

109 3070 134 3112 (1
142 3069 213 3109 iVel
228 3070 438 3111 transpositis
446 3070 569 3110 verbis.
585 3074 639 3107 est
651 3073 850 3107 secundam
857 3085 961 3109 suum

67 3119 218 3154 modum
238 3119 429 3162 eoeemplar
449 3121 527 3164 ejus
544 3121 639 3163 quod
656 3124 709 3155 est
733 3123 857 3156 minus
875 3133 963 3164 per—

71 3166 212 3211 lectum,
226 3171 344 3200 etsens
330 3179 384 3202 5115
408 3173 455 3201 est
468 3170 546 3208 quo
548 3169 554 3201 1
572 3168 767 3212 perfectius
785 3172 835 3203 est
856 3181 964 3203 exem-

64 3213 145 3258 plar
172 3215 296 3249 minus
329 3215 480 3256 perfecti
511 3221 610 3256 prout
640 3216 720 3249 min
718 3229 750 3250 15
779 3217 964 3257 perfectum

73 3261 198 3296 imitari
215 3267 320 3304 potest
342 3262 374 3295 id
400 3265 455 3302 μιὸ
470 3263 477 3296 i
494 3269 541 3298 est
557 3265 678 3309 perfec
683 3266 769 3305 tius,
790 3265 844 3298 cui
867 3266 965 3305 plene

71 3308 236 3349 adaequari
252 3321 318 3342 non
336 3315 456 3349 potest.

119 3356 162 3396 (2)
182 3358 220 3390 Et
237 3357 333 3391 Rom.
352 3366 413 3391 vl:
424 3358 468 3391 Si
482 3359 723 3400 complantati
733 3359 822 3399 sacti
834 3369 962 3393 sumas

73 3403 314 3440 similitudini
330 3408 460 3442 nzoitis
489 3406 711 3450 01α3,εἰ1111ιῑ
730 3411 761 3439 et
781 3417 965 3441 resurrec-

1047 3075 1160 3109 tionis
1183 3076 1330 3108 erimus.
1359 3073 1400 3107 Et
1417 3072 1540 3114 Ephes.
1561 3079 1595 3106 tv
1616 3084 1624 3106 ε
1648 3072 1793 3106 Induite
1811 3083 1944 3107 not-um

1047 3123 1239 3161 hominem,
1262 3125 1325 3155 etc.

1090 3169 1134 3211 (5)
1155 3169 1201 3202 Ex
1217 3168 1315 3203 dictis
1330 3168 1366 3202 in
1384 3167 1447 3201 hoc
1462 3166 1603 3201 articulo
1619 3171 1651 3201 et
1665 3168 1866 3209 praecedenti
1886 3181 1943 3203 se-

1048 3218 1175 3258 qnitur,
1202 3222 1239 3250 ut
1265 3217 1504 3250 animadvortit
1525 3215 1668 3256 Sylvius,
1691 3217 1777 3257 quod
1807 3229 1867 3258 per
1890 3230 1943 3250 re-

1048 3264 1292 3298 surrectionem
1317 3264 1442 3297 Christi
1468 3264 1505 3296 B.
1527 3263 1671 3298 Thomas
1690 3277 1756 3298 non
1778 3265 1942 3305 intelligat

1048 3312 1156 3351 ipsum
1168 3318 1278 3346 actum
1302 3311 1567 3349 resurrectionis,
1585 3312 1641 3352 qui
1666 3314 1777 3346 statim
1796 3314 1939 3352 transiit,

1047 3359 1102 3393 sed
1127 3364 1196 3399 ejus
1218 3361 1416 3399 terminum,
1439 3358 1566 3393 scilicet
1585 3359 1767 3400 perfectam
1783 3361 1941 3394 humani—

1048 3411 1149 3441 tatem
1168 3419 1204 3442 ex
1221 3408 1338 3443 iisdem
1356 3419 1493 3449 corpore
1512 3412 1544 3442 et
1560 3407 1670 3442 31111113
1686 3414 1903 3443 constantem.
