2170 3808
198 198 281 242 308
819 200 1019 250 QUAEST.
1051 201 1252 255 XXXVll,
1283 203 1402 246 ΛΒΤ.
1431 204 1465 247 l.

202 291 417 324 sermone
446 280 714 335 Epiphaniae
739 281 1006 336 (utsupra).
1035 282 1178 325 Judaei
1203 287 1357 327 autem
1389 284 1652 330 indicantes
1673 286 1742 330 eis
1762 286 1918 331 locum
1943 290 2104 333 nativi-

205 342 309 385 tatis
323 342 504 397 Christi,
534 359 554 379 «
572 341 750 386 similes
769 342 878 386 facti
900 349 1012 386 sunt
1044 343 1190 388 fabris
1213 357 1334 388 arcae
1356 348 1465 400 Noe,
1485 347 1565 402 qui
1581 347 1701 398 aliiS,
1725 348 1803 392 ubi
1836 349 2101 406 evaderent,

204 404 356 459 praesti
366 407 603 457 terunt3et
622 403 709 459 ipsi
734 403 906 447 ‹liluvio
920 405 1175 460 perierunt.
1207 406 1463 451 Audierunt
1485 415 1531 452 et
1554 408 1769 454 abierunt
1787 411 2102 468 inquisitores,

204 464 423 508 dixerunt
445 469 491 507 et
512 470 842 508 remanserunt
870 465 1085 510 doctores
1117 466 1294 510 similes
1326 466 1559 523 lapidibus
1587 469 1843 526 milliariis,
1877 470 1956 527 qui
1981 472 2103 516 VIam

203 526 484 582 ostendunt,
512 539 598 570 nec
620 526 879 569 ambulant.
905 545 925 564 υ
955 527 1113 571 Divino
1137 527 1277 572 etiam
1317 532 1436 572 nutu
1473 529 1649 574 factum
1686 537 1784 587 est,
1808 536 1883 585 ut,
1915 538 2101 587 aspectu

204 587 350 631 stellae
373 588 637 644 subtracto,
661 589 785 644 magi
810 590 1015 632 humano
1038 601 1183 634 sensu
1219 589 1267 633 in
1299 591 1553 635 Jerusalem
1588 592 1735 648 irent,
1757 596 2018 648 quaerentes
2055 594 2101 638 in

204 648 388 692 civitate
411 649 539 705 regia
559 652 729 706 Regem
754 655 939 702 natum,
963 655 1016 694 ut
1048 650 1096 694 in
1120 651 1375 695 Jerusalem
1397 652 1546 710 primo
1566 654 1730 698 Christi
1766 654 1986 698 nativitas
2017 667 2103 710 pu-

205 709 323 755 blice
342 713 715 767 annuntiaretur,
730 713 989 756 secundum
1003 712 1291 768 iilud(1sa.u,
1307 716 1350 768 3)
1367 718 1458 758 :De
1471 717 1581 758 Sion
1598 718 1740 760 exibit
1757 717 1849 771 lex,
1866 720 1907 759 et
1924 717 2104 760 verbum

203 777 386 817 Domini
404 775 461 817 de
482 774 738 817 Jerusalem
747 788 765 829 ,·
786 778 833 818 et
862 780 915 818 ut
937 775 1076 818 etiam
1099 775 1253 819 studio
1276 787 1521 832 magorum
1551 778 1610 823 de
1643 778 1782 834 longe
1812 777 2099 822 venientium

203 835 509 880 damnaretur
524 836 789 880 ‚ludaeorum
810 835 994 892 pigritia
1012 837 1156 893 prope
1174 838 1491 883 existentium.

261 898 327 942 Ad
357 901 573 953 quartum
596 897 848 943 dicendum
864 933 874 950 ‚
896 898 1043 955 quod,
1066 899 1187 943 sicut
1219 899 1575 957 Chrysostomus
1601 901 1746 955 (alius
1783 902 1970 956 auctor)
1994 900 2104 946 dicit

204 961 370 1016 (Super
393 960 547 1004 Matth.
569 960 694 1004 hom.
725 974 777 1016 11,
798 959 847 1003 in
865 961 946 1017 Op.
966 959 1167 1016 imperf„
1190 961 1416 1017 aliquant.
1435 962 1463 1005 a
1485 962 1678 1020 princ.)‚
1700 980 1721 1001 «
1743 963 1783 1008 si
1813 963 1937 1019 magi
1965 967 2105 1006 terre·

206 1033 320 1065 num
339 1033 497 1077 regem
516 1026 782 1079 quaerentes
804 1021 873 1066 sic
891 1022 1199 1079 invenissent,
1215 1022 1419 1068 fuissent
1436 1023 1642 1080 confusi,
1657 1025 1767 1080 quia
1790 1024 1902 1069 tanti
1927 1024 2106 1068 itineris

204 1083 413 1128 laborem
432 1084 535 1128 sine
553 1096 697 1128 causa
712 1083 1032 1140 suscepissent
1054 1099 1065 1128 z
1085 1084 1210 1128 unde
1228 1096 1315 1129 nec
1332 1085 1622 1141 adorassent,
1646 1098 1734 1130 nec
1750 1098 1947 1130 munera
1965 1085 2103 1129 obtu-

206 1145 386 1190 lissent.
411 1148 543 1190 Nunc
572 1150 730 1190 autem
763 1145 874 1202 quia
902 1146 1142 1190 coelestem
1161 1157 1320 1201 regem
1353 1146 1641 1202 quaerebant,
1672 1147 1760 1192 etsi
1796 1147 1910 1192 nihil
1938 1146 2107 1204 regalis

205 1207 492 1252 excellentiae
515 1209 563 1252 in
588 1221 643 1252 eo
671 1208 906 1266 viderent,
931 1212 1087 1252 tamen
1119 1208 1266 1253 solius
1288 1209 1434 1253 stellae
1456 1209 1721 1254 testimonio
1743 1208 1973 1265 contenti,
1999 1220 2107 1253 eum

205 1270 536 1314 adoraverunt.
561 1269 727 1314 Vident
744 1269 870 1314 enim
893 1270 1147 1325 hominem,
1168 1274 1214 1314 et
1233 1277 1497 1326 agnoscunt
1524 1274 1686 1326 Deum,
1710 1278 1757 1316 et
1785 1271 1987 1316 offerunt
2007 1282 2107 1314 mu-

206 1343 320 1376 nera
339 1331 555 1387 dignitati
569 1331 733 1375 Christi
757 1332 1089 1388 congruentiaz,
1112 1343 1279 1376 aurum
1291 1333 1481 1389 quidem
1496 1333 1630 1390 quasi
1650 1334 1747 1390 regi
1767 1345 1959 1389 magno,
1979 1333 2104 1388 thus,

206 1393 332 1450 quod
354 1393 401 1437 in
423 1394 501 1437 Dei
518 1392 744 1437 sacrificio
766 1394 972 1450 ponitur,
993 1393 1261 1438 immolatur
1279 1398 1331 1439 ut
1354 1397 1471 1438 Deo:
1488 1395 1695 1452 myrrha,
1710 1396 1803 1451 qua
1817 1399 2107 1439 mortuorum

206 1467 401 1512 corpora
423 1455 724 1511 condiuntur,
749 1455 984 1511 praebetur
1001 1460 1223 1511 tanquam
1242 1469 1327 1512 pro
1353 1456 1503 1500 salute
1519 1457 1731 1500 omnium
1749 1457 1992 1501 morituro,
2016 1475 2036 1494 »ι
2058 1458 2108 1499 In

206 1530 301 1574 quo
334 1517 495 1573 etiam,
518 1521 571 1561 ut
594 1517 842 1572 Gregorius
875 1517 985 1562 dicit
1014 1518 1155 1570 (hom.
1183 1532 1209 1560 x
1227 1518 1277 1562 in
1310 1520 1505 1574 Evang.,
1525 1530 1647 1562 vers,
1678 1518 1794 1572 fin.),
1817 1519 2107 1574 instruimur,

211 1597 232 1618 «
258 1583 311 1623 ut
331 1583 441 1623 nato
473 1578 573 1634 regi
605 1589 790 1634 aurum,
811 1589 894 1634 per
911 1579 1038 1634 quod
1057 1579 1344 1634 significatur
1365 1578 1609 1635 sapientia,
1633 1578 1884 1624 offeramus
1902 1579 1950 1623 in
1969 1591 2109 1623 cons-

208 1645 346 1698 pectu
377 1641 480 1697 ers
513 1640 755 1697 sapientiae
773 1640 951 1685 lumine
971 1641 1300 1697 splendentes:
1323 1641 1428 1685 thus
1445 1645 1626 1691 autem,
1647 1653 1731 1698 per
1749 1641 1876 1698 quod
1899 1641 2113 1698 exprimi-

208 1708 286 1748 tur
313 1703 535 1748 orationis
557 1702 758 1757 devotio,
777 1702 1018 1746 offerimus
1049 1705 1156 1756 Deo,
1179 1703 1219 1747 si
1253 1715 1338 1760 per
1370 1702 1634 1747 orationum
1668 1703 1823 1748 studia
1854 1705 1946 1747 Deo
1968 1715 2112 1748 suave

209 1765 383 1822 aliquid
407 1765 616 1810 redolere
635 1764 901 1820 valeamus3
925 1766 1164 1821 myrrham
1194 1770 1379 1821 autem,
1401 1776 1510 1822 quae
1538 1764 1770 1820 significat
1799 1765 2113 1810 mortificatio-

209 1841 318 1873 nem
340 1828 512 1884 carnis,
537 1827 790 1885 offerimus,
811 1827 851 1872 si
876 1827 1031 1873 carnis
1048 1828 1160 1871 vitia
1182 1840 1266 1884 per
1288 1827 1617 1872 abstinentiam
1634 1827 1982 1874 mortificemUS.
2006 1847 2027 1868 υ

850 1928 1156 1993 QUAESTlo
1196 1928 1457 1981 XXXVII.

210 2071 272 2107 DE
306 2071 565 2123 LEGALIBUS
598 2068 734 2106 GlRGA
762 2070 962 2106 PUERUM
990 2070 1137 2106 JESUM
1173 2069 1487 2121 OBSERVATIS,
1513 2070 1562 2106 IN
1595 2070 1823 2113 QUATUOR
1853 2068 2116 2106 ARTICULOS

1078 2147 1243 2184 DlVlSA.

264 2225 416 2265 Deinde
437 2223 787 2264 considerandum
803 2227 866 2265 est
884 2224 934 2264 de
954 2224 1264 2265 circumcisione
1278 2223 1447 2265 Christi.
1469 2225 1518 2264 Et
1532 2224 1632 2274 quia
1650 2222 1906 2265 circumcisio
1923 2225 1984 2264 est
2008 2234 2115 2275 quae-

212 2280 309 2321 dam
325 2280 518 2331 professio
545 2278 647 2328 legis
667 2279 945 2329 observandae,
968 2278 1202 2319 secundum
1226 2278 1333 2318 illud
1358 2277 1507 2328 (Galat.
1534 2290 1578 2328 v,
1597 2279 1662 2328 3):
1684 2279 1890 2329 Testisicor
1913 2279 2024 2317 omni
2046 2279 2118 2316 ho-

215 2337 318 2374 mini
337 2335 640 2374 circumcidenti
659 2347 715 2382 se,
733 2336 929 2384 quoniam
949 2334 1106 2372 debitor
1125 2340 1182 2373 est
1196 2335 1394 2373 universae
1411 2334 1512 2383 legis
1528 2334 1748 2383 {aciendae‚
1771 2333 1899 2372 simul
1921 2333 2016 2373 cum
2042 2333 2118 2374 hoc

213 2389 483 2442 quaerendum
499 2393 557 2429 est
576 2388 626 2429 de
646 2388 741 2429 aliis
766 2389 968 2439 legalibus
991 2389 1098 2429 circa
1122 2400 1297 2439 puerum
1315 2389 1455 2428 Jesum
1482 2387 1718 2429 observatis.
1735 2388 1853 2428 Unde
1874 2392 2119 2440 quaeruntur

215 2450 391 2498 quatuor
408 2458 419 2485 :
447 2451 481 2483 1⁰
498 2445 554 2484 De
570 2444 658 2495 ejus
672 2443 996 2484 circumcisione.
1013 2463 1061 2472 —
1080 2450 1120 2482 2⁰
1138 2443 1195 2483 De
1210 2441 1395 2483 nominis
1412 2444 1692 2494 impositione.
1709 2464 1755 2472 —
1772 2448 1812 2482 3⁰
1830 2443 1886 2483 De
1903 2443 1937 2494 ej
1946 2454 1993 2482 us
2010 2442 2119 2483 obla-

215 2504 340 2542 tione.
354 2523 399 2531 -
416 2504 457 2540 4·
477 2501 532 2540 De
552 2500 698 2540 matris
714 2501 972 2550 purgatione.

437 2570 785 2621 ARTICULUS
815 2579 853 2620 1.
871 2600 928 2607 —
948 2588 1086 2619 n'rmm
1105 2587 1301 2618 cnmsrus
1319 2588 1522 2618 nassussmr
1550 2587 1790 2619 cmcuricim
1815 2576 1894 2630 (1).

215 2647 266 2682 De
292 2648 346 2682 his
370 2647 475 2681 etiam
504 2646 608 2688 infra,
626 2650 744 2687 quaest.
773 2653 828 2688 XL,
846 2648 911 2680 art.
931 2645 952 2680 4
967 2656 1060 2728 οοὸᾭ.
1077 2648 1112 2679 et
1137 2645 1231 2679 Sent.
1259 2644 1405 2728 lvhdist.
1432 2645 1466 2686 Ἰ,
1504 2649 1624 2687 quaest.
1650 2653 1689 2687 11,
1712 2648 1779 2679 art.
1807 2644 1841 2685 2,
1865 2648 1981 2687 quaest.
2003 2653 2057 2687 111,
2083 2648 2119 2680 et

1026 2706 1119 2736 puse.
1136 2702 1192 2734 Lx,
1213 2705 1286 2736 cap.
1329 2721 1337 2728 .

272 2753 340 2798 Ad
370 2752 572 2809 primum
609 2751 677 2796 sic
697 2749 979 2808 proceditur.
1000 2754 1042 2794 1.
1063 2749 1251 2794 Videtur
1279 2749 1404 2807 quod
1425 2751 1633 2796 Christus
1655 2763 1752 2794 non
1781 2750 1997 2795 debuerit
2029 2751 2118 2795 cir-

216 2814 416 2862 cumcidi
427 2847 436 2856 .
447 2814 670 2858 Veniente
693 2812 820 2865 enim
840 2811 1048 2867 veritate,
1061 2816 1213 2856 cessat
1229 2810 1395 2868 figura.
1409 2812 1496 2858 Sed
1508 2811 1799 2857 circumcisio
1819 2812 1908 2857 fuit
1925 2812 2118 2857 Abrahae

217 2882 449 2936 praecepta
479 2876 530 2920 in
564 2876 753 2932 signum
778 2874 996 2929 foederis,
1030 2874 1156 2931 quod
1190 2878 1290 2918 erat
1320 2873 1379 2919 de
1407 2874 1586 2919 semine
1619 2874 1882 2931 nascituro,
1907 2879 1959 2919 ut
1994 2879 2118 2931 patet

219 2943 345 2994 (Gen.
367 2940 488 2994 xvn).
509 2941 602 2983 Hoc
630 2943 788 2983 autem
818 2937 975 2982 foedus
1006 2936 1093 2981 fuit
1111 2937 1160 2980 in
1197 2936 1361 2981 Christi
1397 2937 1636 2982 nativitate
1667 2937 1968 2994 completum.
1999 2939 2118 2994 Ergo

218 3002 511 3047 circumcisio
528 3000 684 3046 statim
706 3012 889 3045 cessare
913 2999 1089 3044 debuit.
1269 3036 1273 3039 .

273 3069 314 3109 2.
339 3067 578 3118 Praeterea,
597 3065 752 3107 omnis
770 3061 932 3106 Christi
947 3061 1085 3116 actio,
1101 3065 1259 3105 nostra
1278 3064 1350 3105 est
1364 3060 1626 3118 instructio,
1643 3060 1770 3105 unde
1785 3059 1954 3105 dicitur
1972 3063 2116 3115 (Joan.

220 3141 322 3182 xm,
348 3130 418 3179 15)
443 3139 457 3170 ε
483 3121 756 3181 Exemplum
787 3125 894 3168 dedi
915 3125 1052 3180 vobiS,
1076 3128 1128 3167 ut
1151 3124 1530 3179 quemadmodum
1550 3137 1630 3180 eqo
1661 3125 1772 3177 feci,
1793 3126 1863 3166 ita
1883 3126 1927 3166 et
1949 3137 2023 3166 vos
2043 3125 2118 3178 fa-

224 3188 377 3235 ciatz'S.
389 3188 477 3232 Sed
500 3200 587 3231 nos
603 3200 698 3231 non
720 3187 947 3232 debemus
965 3186 1254 3242 circumcidi,
1274 3186 1534 3231 secundum
1547 3185 1663 3230 illud
1678 3184 1789 3239 (Gal.
1808 3199 1850 3241 v,
1868 3188 1910 3239 2)
1935 3201 1946 3229 :
1968 3188 2018 3228 Si
2033 3187 2118 3229 cir-

224 3253 549 3305 cumcidimini,
573 3249 787 3293 Christus
810 3250 931 3292 vobis
950 3249 1066 3292 nihil
1087 3249 1308 3306 proderit.
1328 3251 1448 3304 Ergo
1466 3247 1648 3292 videtur
1670 3246 1796 3303 quod
1814 3258 1899 3291 nec
1914 3246 2118 3292 Christus

225 3313 438 3360 debuerit
459 3311 742 3356 circumcidi.

266 3393 309 3432 (i)
329 3389 570 3425 circumcisum
587 3399 654 3422 csse
670 3387 724 3422 die
736 3393 852 3421 octavo
863 3391 1007 3422 testatur
1021 3387 1129 3423 Evan-
1214 3388 1293 3423 dies
1320 3389 1410 3424 octo,
1428 3389 1470 3420 ut
1485 3385 1817 3419 circumcideretur
1831 3394 1926 3428 puer
1945 3397 1957 3423 ‚·
1974 3383 2117 3425 ideoque

225 3440 353 3480 gelista.
370 3438 483 3474 dicens
514 3450 522 3471 :
559 3437 757 3478 Postquam
782 3437 1029 3470 consummati
1042 3439 1130 3470 sunt
1214 3432 1479 3469 circumcisionis
1496 3430 1714 3478 festivitatem
1736 3432 1883 3467 Ecclesia
1897 3430 2056 3465 celebrat.
