2170 3808
649 231 846 284 QUAEST.
878 233 998 288 xxv,
1027 234 1146 278 ART.
1176 234 1228 277 1v
1255 234 1321 277 ET
1347 233 1396 278 v.
1888 236 1972 280 217

92 316 110 359 ί
124 327 150 360 e
167 314 378 359 hostibus
400 314 715 370 triumphavit,
751 314 1011 359 secundum
1037 314 1152 360 iuud
1175 314 1362 368 (Coloss.
1396 329 1442 371 n,
1460 318 1526 365 14)
1553 330 1564 359 :
1590 319 1743 372 Ipsum
1775 315 1881 358 tulit
1915 316 1972 359 de

90 378 255 432 medio,
281 378 458 434 affiqens
493 375 608 418 illud
636 379 776 432 cruci,
813 380 857 420 et
885 377 1086 437 spoliaras
1106 378 1391 433 principatus
1417 380 1462 419 et
1489 379 1732 431 potestates
1761 378 1972 419 traduoeit

90 438 368 491 confidenter
385 437 543 494 palam
565 437 855 492 triumphans
883 437 992 480 illos
1020 439 1069 480 in
1097 440 1350 493 semetipso,
1374 440 1426 481 Et
1452 437 1555 482 ideo
1588 437 1698 482 dicit
1726 436 1972 494 Apostolus

89 502 139 551 (l.
158 499 358 544 Corinth.
381 513 413 553 ι,
434 501 504 554 18)
526 513 537 542 :
565 499 759 542 Verbum
778 499 925 542 crucis
938 498 1227 554 pereuntibus
1246 498 1427 553 quidem
1448 499 1647 542 stultitia
1676 501 1768 554 θείς
1795 498 1866 541 his
1888 511 1971 542 au·

91 566 180 604 tem
203 563 280 616 qui
295 561 415 604 salvi
433 562 562 615 fiunt,
587 561 639 604 id
662 564 727 603 est
746 561 886 616 nobis,
909 562 1054 604 virtus
1070 562 1154 601 Dei
1170 563 1254 603 est.

143 623 210 667 Ad
227 623 464 666 secundum
484 621 750 678 dicendum,
770 622 892 679 quod
918 634 1033 667 crux
1053 620 1230 675 Christi,
1251 619 1360 665 licet
1381 632 1476 664 non
1501 620 1641 664 fuerit
1668 620 1801 664 unita
1820 620 1967 664 Verbo

88 682 164 727 Dei
184 683 232 727 in
251 695 462 740 persona,
482 682 570 726 fuit
590 687 745 727 tamen
766 683 807 727 ei
832 682 963 727 unita
989 682 1144 739 aliquo
1175 681 1266 726 alio
1296 681 1453 733 modo,
1489 681 1663 725 scilicet
1682 693 1765 737 per
1797 693 1971 737 reprae·

88 745 393 788 sentationem
413 749 466 788 et-
477 749 759 788 contactum.
785 746 837 788 Et
853 744 941 788 hac
962 744 1060 788 sola
1080 743 1256 788 ratione
1280 742 1523 787 exhibetur
1546 742 1588 786 ei
1607 742 1882 786 reverentia.

141 805 207 850 Ad
231 809 414 850 tertium
438 805 704 860 dicendum„
730 805 856 861 quod
873 806 1101 862 quantum
1131 805 1190 850 ad
1209 805 1436 848 rationem
1466 806 1708 847 contactus
1736 802 1967 847 membro-

86 878 190 911 rum
226 866 404 923 Christi,
427 867 674 912 adoramus
706 879 798 911 non
832 867 982 911 solum
1017 878 1222 921 crucem,
1247 865 1330 911 sed
1358 865 1498 910 etiam
1529 863 1686 908 omnia
1720 875 1824 919 quae
1857 869 1968 908 sunt

86 927 251 973 Christi
274 927 428 973 :unde
452 929 762 973 Damascenus
782 929 892 973 dicit
916 928 1054 983 (Orth.
1088 925 1167 973 fid.
1203 927 1280 972 lib.
1311 941 1368 982 ιν,
1397 939 1498 983 cap,
1530 928 1601 980 12,
1635 924 1758 969 circa
1784 924 1926 978 med.)
1952 940 1964 965 :

90 1008 109 1028 «ι
128 989 380 1035 Pretiosum
414 990 607 1049 lignum,
630 995 684 1035 ut
705 991 1044 1036 sanctificatum
1065 995 1191 1035 tactu
1221 988 1368 1034 sancti
1400 988 1608 1045 corporis
1633 991 1680 1032 et
1699 986 1961 1042 sanguinis,

86 1049 301 1096 decenter
324 1052 612 1097 adorandum
632 1065 645 1096 ε
664 1052 839 1108 clavos,
874 1053 1164 1109 indumenta,
1189 1051 1419 1107 lanceam,
1443 1056 1489 1094 et
1522 1062 1655 1094 sacra
1686 1049 1789 1105 ejus
1813 1048 1963 1092 taber-

85 1113 267 1169 nacula,
286 1126 391 1170 quae
413 1118 524 1158 sunt
545 1127 766 1171 praesepe,
789 1115 1010 1171 spelunca
1034 1120 1079 1159 et
1097 1113 1380 1170 hujusmodi.
1403 1131 1423 1151 »
1450 1114 1542 1155 lsta
1577 1117 1733 1155 tamen
1764 1122 1859 1154 non
1890 1122 1964 1154 re-

84 1175 624 1233 praesentantimaginem
648 1176 828 1231 Christi,
846 1177 966 1221 sicut
984 1189 1116 1232 crux,
1134 1188 1240 1233 quae
1257 1174 1425 1219 dicitur
1444 1173 1631 1229 signum
1650 1172 1730 1216 filii
1746 1171 1963 1227 hominis,

83 1236 208 1291 quod
230 1237 468 1294 apparebit
486 1237 533 1281 in
557 1237 693 1297 coelo,
730 1242 780 1282 ut
802 1238 970 1283 dicitur
989 1238 1152 1292 (Matth.
1175 1238 1305 1292 xxiv).
1330 1235 1529 1292 Ideoque
1549 1234 1824 1279 mulieribus
1851 1233 1966 1277 dixit

82 1298 277 1354 angelus
307 1299 454 1352 (Marci
471 1312 556 1355 xvi,
582 1302 624 1353 6)
651 1313 662 1342 :
685 1303 835 1343 Jesum
859 1303 1060 1356 quaericis
1079 1303 1369 1343 Nazarenum
1403 1298 1702 1352 crucifixum;
1725 1307 1819 1339 non
1851 1295 1966 1340 dixit

84 1357 371 1417 lanceatum,
393 1353 780 1415 sed'crucz'fioeum.
800 1363 854 1405 Et
885 1361 993 1406 inde
1019 1364 1091 1405 est
1121 1359 1246 1417 quod
1276 1370 1463 1403 crucem
1494 1357 1656 1402 Christi
1689 1368 1965 1401 veneramur

81 1417 130 1463 in
156 1432 450 1477 quacumque
467 1421 679 1479 materia,
697 1434 791 1466 non
813 1428 967 1466 autem
987 1421 1239 1476 imaginem
1263 1420 1519 1475 clavorum,
1543 1418 1616 1462 vel
1634 1430 1965 1475 quorumcum-

82 1493 173 1536 que
190 1482 471 1538 hujusmodi.

83 1543 424 1588 ARTICULUS
441 1547 502 1589 V.
524 1568 581 1577 —
609 1558 744 1588 urnam
767 1559 902 1589 MATER
924 1558 1084 1589 cmusri
1108 1558 1170 1589 srr
1196 1556 1415 1588 AnonAnnA
1435 1556 1692 1587 Anonnioun
1715 1556 1872 1585 Lunna
1886 1544 1961 1595 (1).

182 1612 230 1646 De
244 1612 296 1646 his
309 1613 410 1648 etiam
425 1613 447 1648 2
463 1613 497 1654 2,
511 1615 627 1655 quaest.
642 1621 718 1655 cm,
739 1620 806 1648 art.
826 1615 847 1650 4
865 1614 907 1649 ad
920 1615 955 1656 2,
976 1618 1012 1650 et
1030 1614 1128 1649 sent.
1147 1622 1201 1654 m,
1219 1613 1297 1647 dist.
1312 1613 1345 1652 9,
1362 1616 1478 1654 quoest.
1497 1621 1523 1654 1,
1541 1617 1607 1646 art.
1622 1611 1654 1650 2.
1673 1616 1791 1652 quaest.
1806 1620 1860 1646 m.

137 1666 203 1710 Ad
217 1667 430 1723 quintum
445 1668 513 1713 sic
536 1669 814 1725 proceditur.
841 1673 883 1714 1.
906 1669 1094 1715 Videtur
1113 1667 1239 1725 quod
1260 1670 1401 1712 Mater
1420 1666 1498 1710 Dei
1523 1666 1584 1710 sit
1599 1666 1833 1710 adoranda
1855 1666 1963 1710 ado-

84 1725 260 1773 ratione
288 1729 446 1774 latriae.
478 1730 666 1775 Videtur
684 1731 809 1775 enim
839 1731 962 1776 idem
990 1731 1140 1775 honor
1160 1742 1265 1775 esse
1294 1728 1587 1774 exhibendus
1604 1728 1741 1772 matri
1763 1727 1886 1783 regis
1918 1734 1963 1774 et

83 1788 181 1843 regi
200 1803 212 1844 ς
231 1790 355 1835 unde
375 1790 540 1835 dicitur
558 1791 640 1846 (111.
660 1794 768 1848 Reg.
800 1806 847 1846 11,
870 1795 957 1848 19),
992 1791 1118 1847 quod
1143 1794 1312 1848 positus
1347 1793 1410 1833 est
1444 1789 1633 1832 thronus
1667 1792 1806 1832 ventri
1825 1793 1958 1846 reqz‘s,

82 1862 181 1905 quae
197 1853 315 1894 sedit
336 1853 399 1894 ad
419 1853 655 1895 dexteram
677 1856 773 1908 eJus
792 1868 806 1894 .·
826 1858 872 1897 et
888 1853 1175 1908 Augustinus
1191 1852 1327 1905 (alius
1343 1855 1519 1903 auctor)
1539 1851 1648 1895 dicit
1667 1851 1730 1905 gin
1746 1863 1885 1895 serm.
1904 1854 1963 1896 De

82 1912 420 1969 Assumptione‚
447 1925 548 1969 cap.
573 1916 615 1971 6,
647 1913 770 1957 circa
799 1914 941 1968 med.)
970 1927 981 1957 z
1021 1932 1040 1952 «
1057 1915 1288 1958 Thronum
1305 1913 1381 1957 Dei
1407 1919 1453 1956 et
1477 1913 1731 1957 thalamum
1763 1913 1960 1970 Domini,

81 1972 271 2017 domum
290 1978 430 2030 atque
446 1973 798 2019 tabernaculum
818 1975 998 2031 Christi,
1020 1975 1217 2032 dignum
1233 1982 1301 2019 est
1316 1974 1376 2018 ibi
1398 1986 1500 2018 esse
1518 1974 1598 2018 uhi
1613 1979 1684 2019 est
1701 1975 1816 2031 ipse.
1832 1992 1853 2012 ι»
1874 1975 1961 2019 Sed

81 2033 287 2079 Christus
308 2035 525 2079 adoratur
535 2036 803 2081 adoratione
823 2036 982 2081 latriae.
1005 2040 1121 2093 Ergo
1144 2042 1191 2081 et
1207 2042 1355 2080 mater
1373 2037 1489 2092 eJ‘us.

135 2097 175 2139 ἓ.
208 2098 446 2147 Praeterea,
464 2099 775 2141 Damascenus
791 2098 902 2142 dicit
922 2099 1060 2152 (Orth.
1082 2098 1162 2144 fid.
1190 2098 1268 2142 lib.
1295 2111 1353 2155 lv,
1378 2110 1480 2153 cap.
1511 2100 1580 2152 17,
1610 2097 1669 2142 ad
1690 2097 1815 2155 fin.)‚
1836 2098 1961 2154 quud

78 2156 227 2201 honor
241 2158 401 2202 matris
422 2158 619 2202 retertur
639 2159 698 2203 ad
717 2159 878 2204 filium.
900 2162 987 2205 Sed
1001 2160 1123 2205 filius
1137 2160 1357 2204 adoratur
1375 2159 1642 2204 adoratione
1656 2159 1818 2203 latriae.
1842 2162 1959 2217 Ergo

79 2221 126 2261 et
147 2222 308 2262 mater.

134 2281 176 2324 3.
207 2282 442 2336 Praeterea‚
479 2280 770 2337 conjunctior
799 2286 870 2327 est
892 2283 1066 2327 Christo
1095 2287 1243 2327 mater
1271 2283 1374 2338 ejus
1394 2282 1534 2340 quam
1571 2295 1701 2327 crux.
1733 2284 1821 2329 Sed
1843 2296 1957 2329 crux

80 2339 295 2446 agoratur
323 2340 590 2387 adoratione
623 2342 784 2387 latriae.
819 2346 938 2400 Ergo
967 2348 1015 2389 et
1048 2349 1196 2389 mater
1231 2344 1393 2388 Christi
1422 2349 1494 2389 est
1516 2344 1782 2390 adoratione
1813 2347 1957 2392 latriae

79 2413 105 2445 a
139 2402 326 2446 oranda.

134 2464 220 2508 Sed
235 2468 395 2507 contra
413 2468 483 2509 est
511 2465 636 2522 qued
657 2471 803 2511 mater
821 2468 897 2513 Dei
923 2473 994 2513 est
1022 2481 1139 2525 pura
1158 2474 1383 2513 creatura.
1417 2471 1512 2513 Non
1548 2481 1660 2526 ergo
1691 2469 1733 2514 ei
1763 2470 1957 2516 debetur

77 2524 281 2569 adoratio
303 2525 475 2584 latriae,

126 2592 412 2634 CONCLUSIO.
437 2616 483 2623 -
497 2596 617 2636 Beata
632 2596 765 2646 Virgo,
785 2598 880 2636 cum
897 2598 950 2637 sit
965 2601 1147 2638 creatura
1172 2598 1400 2649 rationalis,
1424 2611 1507 2638 non
1527 2599 1665 2648 latria,
1685 2597 1755 2640 sed
1777 2600 1956 2652 inquan-

79 2650 169 2686 tum
187 2650 315 2686 mater
335 2647 407 2687 Dei
424 2652 497 2697 est,
514 2648 759 2701 hyperdulia
780 2651 986 2692 adoranda
1002 2656 1076 2692 est.
1451 2660 1453 2665 ’

132 2709 410 2765 Respondeo
421 2711 669 2757 dicendum
692 2714 816 2770 quod
837 2714 944 2770 quia
967 2714 1101 2758 latria
1120 2715 1206 2759 soli
1229 2717 1320 2760 Deo
1341 2716 1552 2775 debetur,
1580 2718 1695 2760 nulli
1733 2724 1954 2763 creaturae

83 2768 270 2814 debetur
292 2771 438 2828 latria,
477 2778 613 2829 prout
643 2780 901 2820 creaturam
934 2777 1194 2821 secundum
1225 2789 1276 2821 se
1307 2790 1602 2823 veneramur.
1636 2779 1758 2823 Licet
1797 2786 1951 2825 autem

81 2834 300 2876 creaturae
323 2832 614 2880 insensibiles
635 2849 729 2880 non
764 2837 857 2882 sint
892 2850 1087 2895 capaces
1119 2839 1430 2884 venerationis
1462 2840 1720 2884 secundum
1744 2842 1951 2899 seipsas,

77 2895 288 2935 creatura
322 2897 471 2939 tamen
494 2897 730 2942 rationalis
751 2903 822 2943 est
854 2912 1002 2955 capax
1034 2901 1346 2946 venerationis
1372 2902 1634 2946 secundum
1666 2902 1880 2959 seipsam.
1901 2906 1955 2948 Et

78 2951 182 2997 ideo
201 2951 315 2996 nulli
337 2966 464 3010 purae
478 2962 699 3002 creaturae
721 2960 932 3004 rationali
951 2960 1146 3005 debetur
1163 2961 1317 3005 cultus
1342 2962 1502 3006 latriae.
1528 2963 1639 3006 cum
1660 2963 1799 3019 igitur
1818 2964 1954 3009 beata

76 3013 212 3068 Virgo
243 3014 303 3058 sit
328 3027 444 3070 pura
476 3024 684 3062 creatura
712 3021 946 3078 rationalis
965 3055 976 3077 ‚
1014 3035 1107 3066 non
1137 3023 1333 3067 debetur
1367 3024 1408 3068 ei
1446 3023 1652 3068 adoratio
1684 3025 1953 3083 latriae„sed

77 3074 225 3119 solum
260 3078 494 3121 veneratio
528 3078 694 3136 duliae3
719 3083 998 3128 eminentius
1032 3089 1187 3129 tamen
1218 3085 1358 3142 quam
1394 3086 1574 3131 caeteris
1605 3089 1854 3146 creaturis,
1881 3090 1949 3133 in·

76 3142 302 3192 quantum
325 3138 424 3194 ipsa
453 3145 523 3184 est
541 3145 687 3201 mater
706 3143 783 3186 Dei
803 3159 815 3188 :
840 3151 885 3189 et
906 3146 1009 3191 ideo
1032 3146 1198 3191 dicitur
1224 3148 1348 3203 qued
1372 3148 1567 3193 debetur
1597 3150 1639 3194 ei
1663 3162 1755 3194 non
1776 3152 1953 3208 qualis-

76 3209 277 3253 cumque
307 3199 445 3257 dulia,
470 3201 550 3246 sed
577 3203 864 3258 hyperdulia.

114 3301 157 3343 (l)
176 3301 271 3336 Circa
301 3302 398 3342 hujus
415 3304 551 3339 articuli
580 3305 770 3340 doctrinam
790 3307 968 3344 observan-
1052 3310 1157 3350 diani,
1173 3312 1209 3346 in
1232 3312 1331 3347 aliam
1348 3317 1476 3353 nartem
1495 3315 1713 3360 declinantes,
1732 3319 1822 3353 ultra
1854 3319 1951 3353 deco-

72 3347 153 3382 dum
179 3355 229 3384 est
250 3349 350 3404 fuisse
372 3353 556 3387 contrarias
577 3353 618 3387 de
641 3354 677 3388 B.
697 3354 836 3394 Virgine
862 3357 968 3391 Maria
1052 3371 1129 3392 rum
1162 3371 1235 3394 eam
1264 3361 1510 3405 glorificarunt,
1534 3366 1627 3406 quasi
1649 3367 1794 3401 honoros
1820 3367 1946 3404 divinos

74 3393 236 3439 haereses;
265 3397 320 3431 alii
339 3403 376 3433 ut
399 3400 748 3444 antidicomarianitae,
777 3405 877 3438 nimis
903 3405 968 3439 exi·
1052 3405 1237 3442 meruisset.
1283 3409 1348 3443 Sed
1375 3410 1524 3445 medium
1557 3416 1649 3446 tenet
1676 3414 1836 3456 Ecclesia,
1867 3415 1946 3450 veri·

72 3441 153 3477 liter
183 3445 222 3478 de
251 3446 319 3487 ipsa
349 3452 534 3489 senserunt,
567 3449 624 3482 alii
651 3453 742 3491 νει-ὸ,
764 3457 800 3485 ut
834 3452 966 3493 collyri·
1053 3455 1132 3489 tntis
1151 3457 1323 3496 magistra.
