2170 3808
775 166 973 217 QUAEST.
1004 165 1141 221 XLVI,
1169 165 1285 208 ART.
1317 163 1364 207 V.
1931 161 2016 204 383

135 252 470 308 obstupuerunt.
493 250 609 303 Ergo
645 246 827 291 videtur
847 246 971 302 quod
994 246 1214 302 inqlorius
1236 244 1389 298 fuerit,
1409 242 1683 288 sustinendo
1707 253 1890 286 omnem
1906 254 2014 297 pas-

136 314 313 358 sionem
340 312 607 355 humanam.
1791 365 1799 373 ·
1855 363 1865 374 .

189 377 233 418 3.
264 377 500 426 Praeterea,
525 369 680 425 passio
703 369 864 413 Christi
883 368 1095 413 ordinata
1127 372 1200 411 est
1216 366 1276 411 ad
1290 366 1608 410 liberationem
1629 365 1828 408 hominis
1849 376 1876 407 a
1901 375 2014 420 pec-

135 439 254 490 cato,
274 440 326 479 ut
348 446 489 489 supra
510 431 684 477 dictum
707 435 777 475 est
802 433 903 486 (art.
926 433 951 470 3
975 430 1071 485 huj.
1096 428 1299 485 quaest.).
1333 427 1419 471 Sed
1440 428 1644 470 Christus
1669 427 1793 471 venit
1815 426 2012 470 liberare

132 495 344 541 homines
362 494 420 538 ab
441 493 565 538 omni
597 504 767 548 genere
790 496 1100 547 peccatorum.
1129 492 1247 544 Ergo
1279 488 1440 534 debuit
1459 489 1551 542 pati
1572 501 1709 532 omne
1732 500 1881 544 genus
1902 499 2011 543 pas-

110 582 113 587 v
135 569 335 601 sionum.
1589 590 1592 593 .

186 618 270 663 Sed
289 620 445 661 contra
463 619 533 660 est
547 614 671 671 quod
691 613 858 657 dieitur
879 615 1022 666 (Joan.
1038 612 1230 667 x1x‚3‘.‘>.)‚
1249 610 1373 666 quod
1391 611 1554 652 milites
1569 613 1708 664 primi
1722 612 1901 665 quidem
1915 613 2011 664 fre-

132 681 292 734 qerunt
313 689 465 731 crura,
490 679 535 718 et
566 676 758 717 alterius
777 678 854 729 qui
876 675 1119 727 crucifixus
1140 676 1205 715 est
1228 684 1327 714 cum
1362 684 1444 726 θος
1476 671 1539 713 ad
1569 674 1718 714 Jesum
1738 676 1889 713 autem
1911 672 2011 715 cam

132 742 366 794 venissent,
393 750 482 781 non
499 738 732 792 freqerunt
749 737 845 790 eJus
860 748 1013 779 crura.
1034 737 1131 779 Non
1148 745 1259 790 ergo
1276 744 1445 789 passus
1460 737 1530 775 est
1552 743 1736 775 omnem
1758 732 2010 778 humanam

132 801 415 855 passionem.

178 866 464 907 CONCLUSIO.
494 887 543 894 —
571 866 718 903 Passus
739 868 799 903 est
819 864 1007 903 Christus
1023 874 1165 903 omnes
1188 863 1395 914 passiones
1416 862 1638 909 humanas,
1658 871 1740 900 non
1762 861 1930 911 quidem
1947 873 2006 902 se·

129 920 310 961 cundum
328 920 516 971 speciem,
538 917 607 958 sed
629 918 855 958 secundum
877 929 1021 967 genus,
1041 920 1089 956 ut
1108 921 1241 957 totum
1260 916 1494 955 humanum
1514 916 1638 954 etiam
1657 926 1704 954 ex
1726 915 1799 954 hoc
1818 915 2008 956 liberasse

157 987 258 1016 enus
273 976 485 1016 diceretur.

130 987 157 1025 g
183 1037 454 1094 Respondeo
475 1035 719 1080 dicendum
751 1034 876 1091 quod
894 1034 1135 1091 passiones
1157 1033 1376 1077 humanae
1402 1036 1600 1087 possunt
1618 1031 1900 1076 considerari
1921 1032 2002 1078 du-

128 1097 336 1153 pliciter:
366 1110 461 1142 uno
491 1097 627 1141 modo
659 1096 884 1152 quantum
919 1096 977 1140 ad
1001 1095 1229 1151 speciem
1254 1099 1300 1138 et
1334 1093 1401 1138 sie
1439 1106 1530 1136 non
1559 1094 1762 1148 oportuit
1780 1094 2005 1140 Chr1stum

127 1160 221 1214 pati
239 1171 423 1203 omnem
446 1158 727 1215 passionem,
751 1157 860 1213 quia
879 1155 1322 1213 multae‚passionum
1355 1154 1534 1211 species
1554 1154 1640 1197 sibi
1674 1155 1873 1199 invicem
1896 1169 2005 1201 eon-

127 1221 392 1277 trariantur,
411 1221 530 1265 sicut
547 1219 806 1264 combustio
824 1219 871 1262 in
891 1219 1016 1274 igne,
1040 1224 1088 1262 et
1115 1216 1375 1262 submersio
1389 1217 1436 1260 iu
1455 1229 1576 1272 aqua
1598 1231 1608 1258 ε
1627 1217 1860 1273 loquimur
1881 1219 2004 1263 enim

126 1293 251 1326 nunc
273 1282 329 1326 de
361 1280 654 1338 passionibus
695 1279 754 1324 ab
785 1279 1046 1324 extrinseco
1068 1279 1231 1335 illatis3
1255 1279 1364 1335 quia
1396 1278 1637 1334 passiones
1665 1278 1722 1322 ab
1756 1279 2006 1325 intrinseco

123 1347 355 1395 causatas,
380 1343 500 1386 sicut
518 1341 942 1396 suntaegritudiues
963 1341 1243 1397 corporales,
1266 1353 1358 1384 non
1375 1340 1528 1384 decuit
1546 1352 1653 1383 eum
1674 1340 1783 1396 pati,
1803 1346 2006 1399 utsupra

125 1404 298 1448 dictum
321 1409 391 1448 est
425 1405 520 1460 (qu.
547 1417 634 1457 xiv„
668 1407 754 1447 art.
781 1406 842 1457 4).
866 1402 954 1447 Sed
977 1402 1233 1447 secundum
1256 1414 1406 1458 genus
1423 1414 1589 1458 passus
1612 1407 1682 1445 est
1697 1414 1880 1446 omnem
1901 1416 2005 1459 pas-

123 1465 303 1509 sionem
324 1465 591 1509 humanam.
614 1464 743 1516 Quod
768 1464 956 1520 quidem
975 1467 1126 1519 potest
1151 1463 1431 1508 considerari
1452 1461 1690 1517 tripliciter
1712 1475 1722 1505 :
1754 1476 1849 1507 uno
1868 1465 2005 1510 modo

125 1538 182 1570 ex
201 1531 330 1581 parte
345 1525 602 1581 hominum,
623 1526 651 1568 a
672 1525 842 1582 quibus
858 1537 1025 1580 passus
1044 1531 1130 1569 est.
1149 1527 1317 1568 Passus
1329 1528 1402 1570 est
1421 1524 1545 1568 euim
1563 1523 1735 1579 aliquid
1751 1530 1797 1568 et
1811 1524 1837 1567 a
1852 1527 2005 1581 genti-

124 1586 262 1641 libus,
281 1591 326 1630 et
347 1586 375 1629 a
395 1588 414 1629 J
421 1587 578 1642 udaeis‚
597 1591 643 1630 et
661 1586 689 1629 a
707 1586 942 1640 masculis,
961 1592 1008 1633 et
1021 1587 1049 1631 ὲ
1064 1586 1283 1644 foeminis,
1301 1591 1355 1630 ut
1372 1590 1498 1642 patet
1511 1586 1568 1630 de
1587 1586 1767 1630 ancillis
1784 1599 2006 1632 accusan-

125 1647 249 1692 tibus
268 1650 467 1692 Petrum.
492 1651 659 1692 Passus
674 1653 745 1692 est
766 1649 903 1692 etiam
921 1653 966 1694 et
985 1648 1011 1692 a
1031 1649 1334 1705 pr'mcipibus,
1358 1654 1403 1692 et
1423 1648 1450 1690 a
1469 1647 1692 1691 ministris
1709 1660 1887 1704 eorum,
1908 1654 1955 1695 et
1976 1651 2004 1695 a

124 1709 440 1766 popularibus,
465 1710 723 1754 secundum
739 1710 852 1756 illud
872 1714 926 1765 (1)
958 1711 1091 1765 (Psal.
1114 1725 1158 1767 n,
1193 1712 1234 1765 1)
1260 1724 1271 1755 z
1295 1714 1445 1767 Quare
1467 1713 1748 1764 fremuerunt
1768 1714 2005 1768 yentes,¹et

122 1771 277 1828 populi
297 1771 508 1813 meditati
527 1775 632 1814 sunt
662 1771 853 1814 inania?
872 1775 1130 1815 Astiterunt
1150 1785 1274 1827 reyes
1304 1776 1453 1828 terrae,
1477 1775 1519 1814 et
1550 1774 1776 1827 principes
1793 1786 2004 1818 convene-

75 1879 84 1883 *
123 1835 230 1875 runt
251 1835 298 1874 in
318 1845 455 1874 unum
487 1834 706 1875 adversus
743 1836 998 1887 Dominum,
1024 1837 1069 1877 et
1093 1835 1311 1877 adversas
1332 1835 1564 1878 Christum
1599 1835 1709 1888 ejus.
1745 1837 1913 1880 Passus
1931 1843 2004 1882 est

122 1893 261 1937 etiam
284 1894 310 1936 a
331 1893 636 1938 familiaribus
657 1898 704 1939 et
728 1896 875 1951 notis3
900 1895 1022 1940 sicut
1042 1900 1169 1951 patet
1195 1896 1253 1941 de
1273 1895 1389 1940 Juda
1409 1907 1516 1940 eum
1536 1896 1774 1952 prodente„
1798 1901 1844 1941 et
1872 1900 2003 1944 Petro

122 1954 276 2009 ipsum
300 1960 496 2009 negante
515 1958 590 2007 (2).
615 1955 868 2000 Aliamodo
889 1961 1014 2012 patet
1042 1956 1164 2001 idem
1183 1968 1240 2001 ex
1261 1960 1392 2013 parte
1421 1967 1581 2000 eorum
1608 1956 1654 1999 in
1674 1957 1842 2012 quibus
1864 1959 2003 2005 homo

119 2020 273 2070 potest
296 2017 600 2071 path-Passus
623 2023 694 2061 est
712 2018 835 2062 enim
851 2019 1058 2063 Christus
1075 2019 1122 2062 in
1146 2018 1245 2063 suis
1264 2018 1424 2063 amieis
1446 2031 1551 2062 eum
1570 2018 1892 2064 deserentibus
1916 2036 1926 2064 ε
1952 2022 2001 2066 in

120 2075 242 2120 fama
261 2089 345 2133 per
364 2077 670 2133 blasphemias
693 2085 853 2123 contra
873 2093 980 2124 eum
999 2081 1222 2136 prolatas3
1241 2080 1287 2124 in
1310 2082 1483 2125 honore
1501 2089 1548 2124 et
1567 2081 1710 2136 gloria
1731 2093 1812 2137 per
1830 2081 2001 2128 irrisio-

120 2149 206 2182 nes
225 2144 271 2182 et
289 2139 593 2183 contumelias
615 2139 655 2183 ei
676 2140 826 2184 illatas
844 2156 856 2196 3
878 2142 925 2184 in
951 2142 1090 2186 iebus
1110 2154 1190 2198 per
1208 2143 1295 2186 hoc
1310 2142 1435 2199 quod
1449 2143 1586 2186 etiam
1606 2143 1814 2188 vestibus
1833 2144 2001 2201 spolia-

119 2202 197 2242 tus
212 2203 309 2254 est3
331 2199 377 2242 in
402 2201 555 2244 anima
585 2213 667 2257 per
691 2202 941 2258 tristitiam,
969 2204 1158 2248 taedium
1183 2208 1228 2248 et
1250 2205 1487 2259 timorem3
1513 2204 1561 2247 in
1584 2216 1775 2260 corpore
1793 2217 1874 2261 per
1895 2207 2001 2253 vul-

119 2271 232 2303 nera
267 2265 312 2303 et
335 2260 714 2319 flagellasTertio,
738 2255 890 2319 polest
906 2264 1189 2308 considerari
1207 2269 1434 2320 quantum
1467 2264 1524 2308 ad
1550 2266 1755 2321 corporis
1774 2267 1996 2313 membra.

118 2321 285 2363 Passus
306 2326 378 2365 est
409 2322 534 2365 euim
570 2323 776 2367 Christus
811 2324 858 2368 in
883 2325 1033 2381 capite
1068 2325 1376 2382 pungentium
1410 2325 1649 2382 spinarum
1681 2339 1926 2387 eoronam3
1950 2330 1997 2374 in

117 2379 331 2424 manibus
349 2382 607 2436 etpedibus
630 2383 844 2429 fixionem
871 2386 1132 2441 clavorum3
1159 2386 1205 2430 in
1229 2387 1342 2431 faeie
1360 2387 1517 2443 alapas
1539 2392 1583 2431 et
1602 2394 1753 2444 sputa,
1775 2394 1820 2433 et
1835 2390 1882 2434 in
1903 2395 1998 2436 toto

116 2453 307 2498 corpore
328 2443 646 2499 flagella.'l⁴*uit
660 2447 794 2491 etiam
810 2461 978 2504 passus
997 2449 1255 2493 secuudum
1275 2461 1461 2493 omnem
1474 2462 1664 2494 sensum
1686 2463 1959 2508 corporeum
1982 2467 1995 2497 ε

117 2503 373 2548 seeundum
397 2510 569 2550 tae-tum
588 2505 791 2565 quidem,
817 2510 1078 2566 flagellatus
1098 2516 1142 2555 et
1164 2511 1308 2555 clavis
1335 2511 1572 2567 confixus3
1594 2514 1851 2558 secundum
1882 2527 1997 2572 gus-

116 2567 234 2619 tum,
270 2565 374 2610 felle
407 2572 452 2611 et
484 2573 614 2612 aceto
652 2575 862 2626 potatus3
889 2572 1146 2615 secundum
1178 2572 1415 2627 olfactum„
1441 2573 1487 2616 in
1529 2573 1630 2617 loco
1667 2574 1827 2619 foetido
1860 2577 1995 2622 cada-

116 2635 278 2670 verum
300 2632 602 2684 mortuorum,
638 2631 716 2686 qui
754 2632 922 2676 dieitur
951 2633 1178 2686 calvariae,
1217 2646 1452 2690 appensus
1477 2634 1706 2690 patibul03
1738 2638 1994 2683 secundum

118 2686 342 2744 auditum,
390 2689 631 2734 lacessitus
667 2692 860 2737 vocibus
916 2695 1336 2751 blasphemantium
1392 2700 1438 2739 et
1479 2695 1795 2752 irridentium3
1828 2711 1995 2744 secun-

118 2745 229 2790 dum
245 2748 596 2802 visiim‚5·idens
614 2758 808 2798 matrem
837 2760 882 2800 et
898 2756 1175 2812 discipulum
1196 2770 1323 2812 quem
1344 2758 1579 2812 ἀὶἰὶςεὸαι,
1598 2754 1762 2802 flentes
1781 2762 1873 2813 (3).-

172 2806 236 2850 Ad
248 2811 446 2862 primum
465 2822 573 2866 ergo
596 2813 857 2872 dicendum,
884 2817 1007 2873 quod
1022 2819 1215 2862 verbum
1236 2819 1350 2863 illud
1370 2818 1521 2862 Hilarii
1549 2824 1618 2863 est
1641 2819 1993 2876 intelligendum

117 2872 342 2937 quantum
375 2870 434 2914 ad
452 2873 605 2916 omnia
640 2886 810 2929 genera
838 2879 1121 2937 passionum,
1162 2891 1255 2922 non
1291 2884 1445 2923 autem
1484 2881 1710 2935 quantum
1745 2882 1801 2925 ad
1832 2894 1995 2928 omnes

118 2938 313 2982 species.

159 3042 208 3098 (ᾗ)
231 3043 327 3086 Quod
353 3045 474 3079 Petrus
495 3046 641 3087 applicat
662 3048 793 3085 Christo
812 3064 890 3086 cum
916 3066 1009 3096 apos·
1135 3056 1183 3097 (ὅ)
1202 3056 1337 3090 Stantos
1349 3059 1460 3090 autem
1480 3056 1638 3097 exprimit
1659 3069 1750 3093 sacer
1764 3061 1872 3094 textus
1885 3061 1992 3101 (loen.

115 3090 194 3124 tohs
210 3092 296 3147 (²5⁰ss
317 3100 364 3147 iv,
382 3092 448 3130 25).
499 3141 507 3150 =
1094 3112 1166 3144 xlx,
1180 3104 1247 3144 26),
1265 3103 1322 3137 sed
1338 3103 1413 3144 quis
1428 3103 1560 3138 dubitat
1578 3104 1658 3144 quin
1674 3105 1812 3141 fuissent
1826 3107 1944 3143 flentes
1956 3109 1992 3143 in

158 3137 200 3179 (2)
216 3138 279 3192 liic
292 3145 402 3192 agitur
416 3145 550 3194 'tantum
568 3141 608 3176 de
623 3144 802 3183 generibus
820 3147 1010 3187 passionum
1095 3155 1166 3186 tam
1177 3150 1386 3185 lamentabili
1400 3153 1599 3192 spectaculo,
1615 3154 1701 3192 quod
1722 3160 1895 3190 extraneos
1911 3168 1992 3197 quo-

115 3197 189 3226 quae
207 3197 241 3218 v1
268 3192 301 3219 et
319 3187 444 3241 rii-aliud
468 3188 612 3223 humans
633 3198 770 3231 possunt
787 3193 875 3228 ellici
899 3208 908 3228 ε
934 3208 1011 3230 nam
1095 3209 1159 3239 que
1185 3199 1377 3238 provocavit
1403 3200 1444 3233 ad
1472 3198 1649 3234 flendum?
1678 3202 1763 3236 ilinc
1783 3203 1817 3236 in
1846 3203 1994 3243 quodam

115 3232 206 3273 quod
224 3240 355 3267 sectarll
376 3234 600 3276 dogmatizant
626 3238 792 3274 Christum
815 3241 946 3277 dolores
959 3245 1011 3276 in-
1095 3246 1225 3279 cantico
1244 3257 1302 3280 suo
1327 3245 1495 3281 Ecclesia:
1515 3247 1643 3282 Stabat
1664 3254 1784 3284 mater
1803 3250 1991 3291 dolorosa,

113 3278 201 3315 ferni
219 3291 256 3314 ac
275 3281 507 3317 damnatorum
525 3295 560 3318 in
582 3297 642 3319 nac
664 3286 730 3320 vita
750 3300 900 3328 passum,
918 3295 1010 3327 ejus-
1088 3294 1206 3336 juxta
1243 3304 1385 3330 crucem
1424 3295 1652 3336 lacrumosa,
1687 3297 1774 3331 dum
1814 3297 1994 3341 pendebat

117 3328 192 3362 dem
212 3335 261 3363 est
277 3329 491 3370 blasphemiae
505 3344 581 3366 cum
597 3334 656 3367 illo
682 3335 820 3377 Calvini,
839 3337 1010 3372 Christum
1094 3340 1208 3382 filius.

117 3374 355 3417 desperationis
370 3390 483 3413 vocem
499 3381 657 3423 emisisse,
674 3383 721 3417 ait
740 3384 883 3424 Sylvius.

254 3443 310 3475 vi.
1773 3449 1820 3490 '13
