2170 3808
759 197 955 250 QUAEST.
985 195 1154 253 XXXII,
1184 194 1302 236 ΛΒΤ.
1335 193 1405 236 111.
1942 191 2020 234 271

95 296 97 298 ’
138 285 318 344 Christi,
341 286 526 340 propter
544 278 783 324 materiam
807 289 947 334 quam
967 277 1015 320 in
1037 274 1336 330 conceptione
1366 272 1469 330 ejus
1498 271 1787 317 ministravit.
1813 273 1931 328 Ergo
1951 272 2026 315 vi-

140 347 275 394 detur
295 343 421 402 quod
440 342 577 387 etiam
597 339 790 396 Spiritus
807 342 998 383 sanctus
1014 335 1161 393 possit
1177 334 1266 379 dici
1287 338 1418 391 pater
1440 333 1560 391 eJuS‚
1582 337 1768 391 propter
1789 333 1878 377 hoc
1899 332 2027 391 quod

139 408 226 454 fuit
244 405 520 466 principium
542 401 746 447 activum
774 400 821 444 in
844 398 1145 455 conceptione
1169 397 1330 452 ipsius.
1868 456 1879 466 .
1909 456 1920 466 ·

193 472 236 514 2.
270 471 510 521 Praeterea,
538 463 659 508 sicut
679 466 859 507 mentes
888 461 1084 505 aliorum
1112 462 1379 502 sanctorum
1404 456 1665 502 formantur
1694 469 1776 515 per
1807 458 2025 514 Sp1r1tum

139 533 373 585 sanctum,
392 529 456 573 ita
474 526 613 572 etiam
630 536 801 580 corpus
816 522 980 568 Christi
998 526 1069 565 est
1083 532 1166 577 per
1182 518 1403 575 Spiritum
1421 523 1637 564 sanctum
1655 520 1918 564 formatum.
1939 517 2027 564 Sed

139 592 216 638 alii
239 591 386 638 sancti
399 593 585 648 propter
598 586 865 645 praedictam
875 583 1199 629 formationem
1214 581 1434 627 dicuntur
1448 580 1530 626 filii
1545 581 1687 626 totius
1696 582 1927 627 Trinitatis
1946 583 2024 640 (1),

138 658 184 699 et
217 665 299 710 per
336 660 630 707 consequens
674 647 868 704 Spiritus
914 644 1076 690 sancti.
1116 643 1302 687 Videtur
1326 653 1438 698 ergo
1470 641 1594 699 quod
1625 642 1831 688 Christus
1859 642 2027 689 debeat

139 714 230 760 dici
262 713 386 760 filius
423 711 617 768 Spiritus
646 709 812 763 sancti,
846 708 1127 764 inquantum
1157 716 1327 762 corpus
1362 702 1465 760 ejus
1505 708 1576 749 est
1604 703 1632 748 a
1663 703 1832 760 Spiritu
1864 708 2027 750 sancto

137 774 489 889 fogmgtgtgg}ea'
514 836 634 878 Deus
648 831 816 876 dicitur
839 833 970 887 pater
989 832 1147 872 noster
1170 826 1428 871 secundum
1447 825 1535 871 hoc
1553 826 1679 884 quod
1696 838 1782 871 nos
1805 825 1928 883 fecit,
1952 839 2026 873 se-

136 899 340 945 cundum
367 895 483 942 illud
505 897 702 950 (Deuter.
723 905 855 949 xxxn,
877 893 919 946 6)
937 905 948 934 :
974 893 1132 935 Nonne
1154 891 1247 946 ipse
1269 892 1337 933 est
1357 891 1494 946 pater
1518 892 1635 946 tuus,
1666 891 1743 945 qui
1762 890 1962 946 possedit
1983 894 2027 934 te

135 964 181 1004 et
196 962 319 1016 fecit,
347 962 390 1003 et
414 959 587 1002 creavit
612 954 687 1000 te?
706 954 794 1000 Sed
819 951 1014 1010 Spiritus
1037 954 1229 996 sanctus
1251 950 1360 995 fecit
1386 962 1556 1007 corpus
1575 950 1755 1007 Christi,
1778 955 1829 995 ut
1851 950 2027 997 dictum

134 1025 208 1066 est
225 1023 328 1077 (art.
350 1023 373 1066 1
400 1018 497 1076 huj.
518 1019 633 1075 qu.).
655 1019 774 1073 Ergo
812 1014 1005 1072 Spiritus
1027 1017 1219 1058 sanctus
1237 1012 1375 1057 debet
1403 1012 1493 1058 dici
1515 1016 1647 1070 pater
1669 1012 1833 1058 Christi
1854 1025 2027 1058 secun-

135 1082 247 1128 dum
265 1094 435 1139 eorpus
454 1080 513 1126 ab
533 1081 636 1137 ipso
656 1079 923 1124 formatum.
1190 1137 1199 1146 ο
1397 1136 1406 1144 .

189 1145 276 1190 Sed
298 1148 458 1189 contra
485 1147 555 1187 est
574 1141 700 1199 quod
722 1139 1010 1196 Augustinus
1040 1137 1151 1182 dicit
1173 1139 1235 1191 (m
1269 1136 1452 1181 Enchlr.
1481 1149 1581 1193 cap.
1610 1138 1714 1194 40):
1753 1157 1772 1176 u
1790 1140 1933 1183 Natus
1954 1143 2027 1184 est

133 1206 336 1251 Christus
355 1206 413 1250 de
434 1203 603 1261 Spiritu
622 1206 784 1247 sancto
798 1213 891 1245 non
911 1199 1034 1244 sicut
1047 1198 1186 1254 filius,
1206 1202 1253 1242 et
1268 1199 1325 1244 de
1343 1197 1480 1243 Maria
1500 1198 1682 1254 Virgine
1703 1199 1824 1244 sicut
1841 1200 1981 1246 filius.
2000 1219 2022 1239 υ

181 1272 475 1314 CONCLUSIO.
486 1293 533 1300 —
549 1270 653 1311 Gum
669 1269 780 1321 quod
795 1267 1025 1310 seeundum
1042 1267 1257 1318 perfectam
1272 1267 1473 1307 rationem
1487 1266 1537 1307 de
1550 1267 1692 1319 aliquo
1703 1267 1867 1317 dicitur,
1882 1279 2026 1309 secun·

132 1327 235 1369 dum
248 1328 527 1379 imperfectam
546 1325 749 1365 rationem
766 1324 815 1365 de
829 1322 972 1365 eodem
996 1333 1079 1361 non
1100 1321 1275 1370 dicatur,
1295 1325 1334 1362 et
1349 1321 1535 1362 Christus
1551 1323 1608 1361 sit
1628 1322 1761 1362 Filius
1777 1323 1847 1362 Dei
1871 1323 2026 1364 ratione

131 1382 403 1434 generationis
421 1384 597 1430 aeternae,
613 1378 842 1420 secundum
855 1377 1073 1430 perfectam
1091 1376 1325 1417 Filiationis
1339 1377 1562 1426 rationem3
1578 1389 1826 1429 consequens
1841 1381 1914 1426 est,
1930 1389 2026 1419 eum

133 1449 205 1479 nec
223 1439 380 1478 ratione
404 1434 641 1485 creationis„
668 1445 742 1475 nec
764 1434 920 1475 ratione
940 1432 1251 1485 justificationis
1275 1431 1430 1472 Filium
1452 1432 1628 1483 Spiritus
1656 1433 1787 1472 sancti
1805 1435 1878 1472 aut
1900 1434 2026 1475 totius

133 1492 358 1542 Trinitatis,
373 1490 455 1532 diei
469 1491 622 1532 debere.
1966 1544 1968 1546 ³

187 1554 456 1611 Respondeo
478 1552 729 1598 dicendum
751 1550 876 1608 quod
896 1549 1085 1593 nomina
1112 1549 1401 1605 paternitatis
1430 1554 1478 1593 et
1502 1550 1822 1606 maternitatis,
1845 1557 1890 1595 et
1910 1551 2026 1595 filia-

133 1617 270 1661 tionis
289 1616 636 1672 generationem
652 1616 1026 1670 consequuntur3
1051 1623 1143 1655 non
1169 1615 1324 1655 tamon
1344 1611 1615 1668 quamlibet,
1638 1612 1721 1657 sed
1741 1613 1923 1670 proprie
1945 1626 2028 1670 ge·

133 1679 419 1723 nerationem
442 1677 716 1731 viventium,
749 1678 795 1719 et
823 1672 1054 1730 praecipue
1083 1673 1369 1718 animalium.
1393 1676 1491 1717 Non
1516 1674 1640 1718 enim
1669 1674 1868 1719 dicimus
1900 1676 2026 1732 quod

133 1739 256 1796 ignis
282 1743 532 1795 generatus
553 1737 614 1781 sit
635 1736 758 1780 filius
779 1735 901 1791 ignis
934 1734 1218 1791 generantis,
1248 1735 1337 1779 nisi
1364 1734 1482 1779 forte
1505 1735 1762 1780 secundum
1783 1737 2027 1794 metapho-

132 1813 256 1858 ram3
277 1800 361 1846 sed
392 1800 481 1844 hoc
514 1799 664 1843 solum
687 1796 885 1842 dicimus
903 1796 952 1840 in
976 1796 1273 1853 animalibus,
1296 1808 1496 1854 quorum
1521 1798 1758 1854 generatio
1783 1803 1854 1843 est
1874 1799 2027 1856 magis

131 1862 347 1920 perfecta.
373 1862 462 1905 Nec
475 1865 627 1905 tamen
650 1870 787 1903 omne
806 1858 931 1914 quod
949 1857 995 1901 in
1018 1858 1296 1902 animalibus
1315 1864 1580 1915 generatur,
1607 1856 1842 1904 filiationis
1861 1861 2027 1917 accipit

132 1934 319 1979 nomen,
341 1923 424 1968 sed
437 1922 590 1976 solum
605 1920 719 1965 illud
735 1920 858 1976 quod
877 1923 1125 1975 generatur
1143 1919 1191 1963 in
1211 1919 1561 1965 similitudinem
1577 1922 1858 1976 generantis.
1878 1923 2023 1983 Unde,

131 1985 250 2031 sicut
273 1984 560 2041 Augustinus
583 1982 692 2028 dicit
713 1982 776 2036 (in
800 1981 980 2025 Enchir.
1007 1993 1109 2037 cap.
1133 1984 1222 2036 39),
1246 1994 1340 2026 non
1365 1983 1563 2026 dicimus
1585 1983 1711 2040 quod
1730 1984 1925 2040 capillus
1944 1985 2025 2042 qui

132 2047 338 2091 nascitur
356 2057 415 2090 ex
443 2044 646 2099 homine,
671 2042 731 2087 sit
749 2043 872 2087 filius
898 2042 1122 2098 hominis,
1151 2055 1237 2087 nec
1256 2044 1394 2088 etiam
1419 2044 1616 2088 dicimus
1644 2045 1770 2100 quod
1786 2045 1925 2090 homo
1943 2047 2025 2104 qui

130 2108 351 2163 nascitur,
375 2106 434 2151 sit
450 2105 574 2150 filius
588 2104 803 2161 seminis3
829 2104 938 2160 quia
958 2115 1045 2148 nec
1060 2104 1256 2160 capillus
1275 2105 1413 2150 habet
1434 2106 1783 2151 similitudinem
1804 2107 2023 2168 hominis,

131 2181 218 2214 nec
235 2169 373 2213 homo
391 2166 473 2225 qui
495 2165 702 2211 nascitur
721 2177 780 2210 ex
799 2164 992 2220 semine,
1011 2164 1151 2209 habet
1172 2165 1520 2211 similitudinem
1540 2166 1748 2223 seminis,
1768 2168 1850 2213 sed
1872 2169 2025 2214 homi-

131 2229 206 2274 nis
221 2228 501 2286 generantis.
518 2230 572 2272 Et
587 2228 626 2273 si
645 2227 834 2284 quidem
853 2227 1055 2284 perfecta
1072 2227 1132 2272 sit
1151 2229 1419 2285 similitudo,
1437 2230 1521 2274 erit
1535 2231 1737 2287 perfecta
1754 2229 1912 2277 filiatio
1928 2237 2023 2279 tam

129 2290 179 2336 in
198 2290 366 2337 divinis
391 2290 531 2348 quam
554 2290 602 2333 in
622 2289 866 2344 humanis3
890 2289 930 2333 si
949 2295 1105 2334 autem
1125 2290 1185 2334 sit
1205 2291 1458 2335 similitudo
1472 2291 1757 2348 imperfecta,
1779 2293 1865 2338 erit
1884 2296 2023 2342 etiam

129 2351 287 2397 filiatio
308 2351 598 2409 imperfecta,
621 2351 742 2396 sicut
764 2351 810 2395 in
832 2351 1018 2395 homine
1041 2357 1112 2395 est
1134 2353 1347 2408 quaedam
1369 2353 1622 2398 similitudo
1636 2355 1713 2399 Dei
1736 2355 2020 2417 imperfecta,

129 2418 176 2459 et
195 2415 474 2471 inquantum
493 2417 676 2457 creatus
693 2417 763 2457 est
781 2413 839 2457 ad
859 2412 1109 2469 imaginem
1133 2414 1224 2471 Dei,
1243 2419 1289 2458 et
1308 2415 1586 2471 inquantum
1605 2421 1840 2462 recreatus
1860 2424 1930 2463 est
1949 2432 2022 2465 se-

128 2476 335 2521 cundum
350 2474 699 2521 similitudinem
719 2474 876 2531 gratiae
894 2490 903 2518 :
922 2480 967 2519 et
988 2475 1090 2520 ideo
1109 2479 1307 2532 utroque
1321 2476 1459 2521 modo
1472 2477 1632 2533 potest
1640 2478 1778 2523 homo
1794 2480 1884 2525 dici
1898 2481 2023 2527 filius

129 2537 222 2595 Dei,
246 2542 292 2582 et
307 2537 416 2594 quia
436 2536 612 2582 scilicet
632 2541 702 2581 est
723 2540 903 2581 creatus
924 2537 982 2582 ad
998 2537 1245 2592 imaginem
1263 2538 1382 2594 ejus,
1406 2543 1453 2583 et
1471 2539 1580 2595 quia
1595 2545 1666 2585 est
1684 2540 1726 2585 ei
1741 2543 2023 2589 assimilatus

128 2610 211 2655 per
233 2597 444 2655 gratiam.
472 2623 528 2630 —
548 2600 629 2643 Est
646 2602 803 2643 autem
824 2598 1214 2643 considerandum
1233 2599 1359 2656 quod
1378 2599 1492 2644 illud
1511 2601 1637 2657 quod
1655 2601 1713 2646 de
1731 2602 1886 2659 aliquo
1906 2604 2022 2649 dici-

128 2663 206 2704 tur
227 2659 487 2704 secundum
507 2659 759 2717 perfectam
777 2660 1022 2714 rationem,
1045 2672 1137 2703 non
1154 2665 1226 2704 est
1247 2661 1497 2705 dicendum
1512 2661 1570 2706 de
1588 2673 1643 2706 eo
1666 2664 1925 2709 secundum
1943 2678 2022 2710 ra-

129 2720 303 2766 tionem
313 2720 651 2778 imperfectam3
670 2720 791 2765 sicut
805 2721 914 2777 quia
930 2722 1136 2765 Socrates
1149 2721 1315 2765 dicitur
1328 2722 1601 2783 naturaliter
1611 2724 1750 2768 homo
1761 2727 1934 2771 secund
1943 2730 2021 2772 um

130 2781 363 2837 propriam
379 2781 607 2827 rationem
623 2782 841 2840 hominis,
863 2795 956 2827 nun
964 2795 1103 2839 quam
1122 2781 1289 2827 dicitur
1308 2785 1446 2828 homo
1461 2784 1717 2829 secundum
1734 2785 1861 2831 illam
1876 2788 2020 2845 signi-

130 2841 390 2886 ficationem
411 2845 504 2899 qua
521 2843 702 2900 pictura
721 2844 922 2888 hominis
936 2844 1103 2889 dicitur
1117 2845 1270 2901 hom0,
1291 2844 1399 2889 licet
1415 2846 1533 2890 forte
1550 2846 1650 2902 ipse
1664 2847 1945 2894 assimiletur
1957 2850 2021 2895 al·

132 2902 217 2948 teri
237 2902 429 2947 homini.
452 2928 508 2936 —
529 2905 732 2949 Christus
748 2910 903 2951 autem
923 2910 994 2950 est
1014 2905 1151 2950 Filius
1166 2905 1242 2949 Dei
1258 2905 1516 2950 secundum
1530 2907 1781 2963 perfectam
1797 2909 2019 2956 rationem

130 2963 389 3020 filiationis3
412 2963 538 3009 unde
553 2967 766 3021 quamvis
786 2968 1045 3012 secundum
1066 2968 1319 3011 humanam
1341 2972 1554 3012 naturam
1574 2967 1635 3013 sit
1652 2973 1836 3015 creatus
1855 2975 1901 3016 et
1914 2970 2020 3028 Jus-

130 3025 358 3081 tificatusg
378 3037 474 3070 non
496 3029 651 3070 tamen
673 3027 810 3072 debet
832 3028 922 3074 dici
942 3029 1082 3072 Filius
1110 3028 1188 3073 Dei
1206 3040 1357 3085 neque
1383 3029 1562 3074 ratione
1580 3030 1842 3089 creationis,
1867 3045 2019 3090 neque

131 3086 309 3132 ratione
332 3086 687 3145 J‘ustificationis,
712 3089 796 3133 sed
813 3090 965 3135 solum
992 3090 1169 3134 ratione
1191 3090 1502 3146 generationis
1527 3095 1726 3151 aeternae,
1760 3094 2016 3140 secundum

131 3159 271 3203 quam
301 3153 374 3193 est
396 3145 520 3193 filius
543 3149 688 3193 Patris
707 3150 866 3194 solius.
890 3154 942 3195 Et
966 3151 1068 3195 ideo
1087 3151 1216 3195 nullo
1235 3151 1373 3196 modo
1394 3151 1532 3197 debet
1551 3152 1640 3198 dici
1671 3154 1876 3199 Christus
1896 3155 2019 3200 filius
2090 3165 2092 3167 ·

132 3208 323 3266 §spiritus
341 3211 503 3263 sancti,
526 3222 614 3254 nec
628 3211 764 3254 etiam
786 3211 926 3255 totius
952 3212 1197 3256 Trinitatis.

184 3271 250 3315 Ad
269 3275 466 3326 primum
479 3283 590 3327 ergo
604 3272 849 3317 dicendum
862 3307 873 3327 ,
894 3273 1019 3329 quod
1039 3275 1243 3319 Christus
1258 3279 1508 3332 conceptus
1526 3280 1597 3322 est
1609 3277 1667 3322 de
1681 3277 1816 3321 Maria
1833 3278 2017 3334 Virgine

171 3372 494 3414 (l)AEquivalente1-‚
511 3375 585 3408 cum
600 3375 761 3409 dicuntur
775 3375 838 3409 filii
852 3376 911 3410 Dei
927 3376 1032 3418 (loan.
1054 3385 1078 3419 ῐ,
1093 3377 1146 3418 12,
1172 3377 1269 3413 Rom.
1295 3387 1372 3420 vul,
1400 3379 1455 3421 Μ,
1477 3381 1585 3416 Galat.
1613 3389 1665 3421 111,
1684 3380 1739 3422 26,
1758 3379 1881 3422 Philip.
1905 3389 1947 3423 Π,
1961 3382 2015 3422 13,

131 3431 169 3460 nt
183 3426 480 3467 et1.10an.1n‚4.
