2170 3808
187 184 271 228 152
865 177 1064 230 QUAEsr.
1089 177 1192 233 xvi,
1215 178 1333 220 ΛΒΤ.
1357 179 1408 221 v.

189 263 538 309 ARTICULUS
575 262 634 304 V.
676 283 729 290 —-
768 272 902 302 urium
933 272 986 301 EA
1015 269 1108 308 QUAE
1138 269 1396 301 convumuwr
1425 270 1535 300 rimo
1576 269 1744 300 neumis
1773 269 1941 299 possm-r
1971 269 2085 300 raaz-n

246 340 381 371 mmm
411 339 462 368 1>ss
492 337 632 367 nix-nu
664 336 842 377 mrum,
872 336 924 365 m·
954 335 1006 365 na
1036 334 1204 365 numm
1232 334 1284 364 EA
1314 333 1405 370 011AE
1435 333 1692 364 couvi-„mum
1722 333 1830 363 rimo
1860 333 1928 362 nm
1956 321 2031 373 (1).

246 389 313 433 Ad
336 387 554 445 quintum
588 384 657 430 sic
688 384 969 442 proceditur.
994 387 1037 429 1.
1059 383 1246 428 Videtur
1261 381 1394 439 >quod
1416 395 1470 427 ea
1494 394 1600 439 quae
1626 387 1739 426 sunt
1763 381 1978 425 humanae
1999 393 2088 425 na·

194 456 326 508 turae,
363 448 545 506 p'ossint
577 446 667 492 dici
706 447 763 492 de
798 450 964 490 natura
1002 445 1175 490 divina.
1212 446 1273 488 Ea
1310 443 1436 489 enim
1472 457 1577 501 quae
1608 448 1720 488 sunt
1752 442 1969 486 humanae
2002 453 2088 485 na-

193 515 329 566 turae,
350 510 664 566 praedicantur
685 508 743 553 de
769 508 878 552 Filio
911 508 987 553 Dei
1023 512 1070 552 et
1098 507 1156 552 de
1186 509 1291 551 Deo,
1314 506 1402 550 Sed
1423 509 1544 550 Deus
1564 510 1636 551 est
1657 518 1743 549 sua
1767 509 1946 547 natura.
1971 504 2090 559 Ergo

133 570 135 574 ⁴
192 584 248 616 ea
266 584 372 628 quae
394 577 506 616 sunt
530 576 707 615 naturae
730 571 962 623 humanae,
985 573 1183 626 possunt
1203 566 1444 624 praedicari
1462 566 1520 612 de
1539 567 1696 612 divina
1713 570 1894 610 natura.
2123 611 2127 615 ,

248 637 291 678 2.
316 637 552 688 Praeterea,
573 645 683 678 caro
701 632 901 690 pertinet
919 632 978 675 ad
996 635 1209 675 naturam
1231 631 1499 675 humanam.
1515 629 1617 682 Sed,
1635 628 1756 673 sicut
1772 627 1880 673 dicit
1905 630 2091 672 Damas-
2125 646 2130 670 ·.

193 708 341 741 cenus
360 697 504 751 (Orth.
523 693 601 741 fid.
620 695 700 740 lib.
719 709 781 751 ιιι,
802 706 904 751 cap.
925 697 968 751 6,
992 693 1116 738 circa
1139 693 1220 737 fin.
1242 697 1291 737 et
1311 703 1414 748 cap.
1442 695 1484 746 7,
1508 692 1536 735 a
1560 691 1721 748 med.)‚
1749 708 1769 729 κ
1787 689 1986 735 dicimus
2004 701 2091 734 na.-
2128 723 2138 755 -;

194 761 349 802 turam
361 757 494 802 Verbi
515 757 804 801 incarnatam
826 768 946 811 esse,
965 755 1227 800 secundum
1247 754 1409 799 beatos
1431 753 1732 798 Athanasium
1752 757 1795 796 et
1808 750 2044 808 cyrillum.
2067 769 2088 789 »ι

194 820 313 876 Ergo
333 819 516 864 videtur
535 818 661 876 quod
680 818 781 875 pari
800 819 979 862 ratione
999 829 1056 862 ea
1074 829 1179 873 quae
1201 820 1314 861 sunt
1336 817 1553 861 humanae
1586 819 1778 870 naturae,
1799 813 1981 871 possint
2001 811 2093 858 dici
2136 820 2146 852 ῑ

194 880 252 926 (16
273 882 430 926 divina
456 886 640 926 natura.

249 945 293 988 3.
316 945 554 999 Praeterea,
578 954 634 987 ea
649 953 754 999 quae
773 945 884 985 sunt
902 940 1071 985 divinae
1091 945 1286 999 naturae,
1305 940 1592 985 conveniunt
1608 939 1826 984 humanae
1846 942 2024 982 naturae
2043 936 2092 981 in
2141 967 2154 997 ἐκ

196 1003 390 1059 Christo,
418 1003 537 1048 sicut
565 1015 852 1059 cognoscere
879 1002 1034 1046 sutura
1057 1006 1103 1047 et
1122 1001 1294 1046 habere
1314 1000 1598 1046 salutiferam
1626 999 1861 1045 virtutem.
1886 1001 2004 1055 Ergo
2021 997 2093 1043 vi-
2139 995 2159 1035 »ἑῑ

197 1064 335 1135 detur
373 1065 500 1122 quod
524 1065 624 1122 pari
649 1064 829 1110 ratione
848 1077 902 1108 ea
924 1076 1030 1121 quae
1056 1069 1166 1109 sunt
1188 1065 1406 1108 humanae
1430 1067 1610 1107 naturae
1630 1062 1809 1119 possint
1836 1061 1926 1107 dici
1949 1061 2007 1106 de
2024 1060 2091 1106 di·

195 1134 525 1242 Ἦέἓᾱῃῖἓῗιῇἑι
548 1192 619 1233 est
641 1189 765 1245 quod
790 1191 1104 1232 Damascenus
1126 1187 1236 1231 dicit
1269 1187 1408 1241 (Orth.
1445 1186 1523 1231 fid.
1559 1185 1639 1230 lib.
1665 1199 1728 1242 ιιι,
1762 1198 1863 1242 cap.
1902 1188 1945 1239 4,
1971 1184 2094 1230 circa

197 1251 371 1306 med.):
400 1270 420 1289 «
439 1251 661 1296 Deitatem
691 1250 1126 1308 quidemdicentes
1165 1263 1257 1294 non
1291 1250 1589 1294 nominamus
1624 1248 1682 1294 (16
1712 1260 1768 1293 66
1800 1261 1907 1305 quae
1935 1247 2094 1292 huma-

200 1313 359 1359 nitatis
383 1314 604 1359 idiomata
627 1318 755 1368 sunt,
793 1313 840 1358 id
874 1317 945 1358 est
973 1312 1277 1369 proprietates
1308 1328 1320 1358 :
1359 1326 1454 1357 non
1489 1313 1613 1357 enim
1652 1311 1849 1356 dicimus
1871 1311 2093 1356 Deitatem
2154 1364 2156 1366 v

196 1375 484 1432 passibilem,
505 1375 580 1420 vel
603 1375 868 1420 creabilem.
895 1393 914 1411 »ι
936 1373 1087 1419 Deitas
1107 1378 1262 1418 autem
1286 1379 1357 1419 est
1378 1374 1535 1419 divina
1556 1377 1734 1417 natura.
1761 1375 1879 1430 Ergo
1902 1384 1956 1417 ea
1989 1383 2095 1429 quae

198 1443 312 1482 sunt
336 1439 553 1482 humanae
574 1442 751 1481 naturae
771 1436 972 1493 propria,
998 1448 1090 1480 non
1112 1441 1310 1492 possunt
1329 1436 1418 1481 dici
1437 1437 1494 1481 de
1514 1435 1672 1480 divina
1691 1440 1873 1479 natura.

246 1506 537 1546 CONCLUSIO.
555 1528 602 1535 —
623 1506 726 1546 Cum
750 1517 831 1545 non
851 1504 991 1545 eadem
1011 1505 1066 1544 sit
1083 1509 1227 1544 natura
1245 1504 1390 1545 divina
1409 1508 1448 1545 et
1466 1505 1662 1553 humana,
1682 1504 1939 1555 perspicuum
1957 1506 2017 1545 est
2034 1515 2095 1551 ea,

196 1573 291 1613 quae
314 1561 510 1602 humanae
534 1565 692 1601 naturae
710 1565 824 1611 sunt,
840 1574 919 1601 non
943 1572 1056 1610 posse
1073 1561 1122 1600 de
1144 1559 1287 1601 divina
1311 1564 1457 1600 natura
1475 1560 1521 1601 in
1538 1561 1738 1601 abstracto
1757 1560 1983 1612 praedicari.

256 1625 532 1681 Respondeo
570 1625 817 1670 dicendum
852 1625 977 1682 quod
1009 1637 1065 1670 ea
1087 1637 1192 1681 quae
1223 1630 1334 1670 sunt
1364 1624 1550 1682 propria
1583 1624 1753 1679 unius,
1779 1637 1872 1669 non
1897 1628 2097 1681 possunt

202 1687 312 1732 vere
349 1687 408 1731 de
442 1686 532 1731 alio
564 1686 830 1744 praedicari,
853 1686 941 1731 nisi
964 1686 1022 1731 de
1052 1699 1106 1731 eo
1129 1687 1253 1743 quod
1286 1690 1357 1731 est
1385 1686 1510 1732 idem
1539 1686 1631 1742 illi3
1652 1686 1773 1731 sicut
1800 1686 1974 1730 risibile
2001 1698 2095 1731 non

201 1748 421 1793 convenit
444 1749 533 1793 nisi
568 1749 608 1793 ei
631 1749 757 1805 quod
779 1753 851 1793 est
870 1749 1023 1793 hom0.
1045 1751 1095 1792 ln
1121 1748 1343 1807 mysterio
1372 1753 1528 1793 autem
1552 1747 1886 1792 incarnationis
1912 1761 2005 1792 non
2024 1752 2096 1793 est

201 1810 366 1855 eadem
387 1816 555 1855 natura
574 1811 732 1856 divina
754 1815 801 1856 et
827 1811 1056 1866 humanaz,
1079 1811 1161 1855 sed
1183 1810 1346 1855 eadem
1369 1816 1441 1856 est
1467 1811 1731 1867 hypostasis
1752 1810 1996 1867 utriusque
2014 1823 2096 1856 na·
2166 1827 2167 1830 ¹

200 1875 334 1917 turae.
363 1875 418 1916 Et
438 1872 541 1917 ideo
573 1885 628 1917 ea
661 1884 766 1928 quae
804 1877 914 1916 sunt
948 1872 1090 1916 unius
1118 1877 1296 1916 naturae
1317 1884 1410 1916 non
1430 1879 1629 1928 possunt
1655 1871 1712 1917 de
1731 1871 1818 1915 alia
1837 1871 2094 1928 praedicari,
2168 1888 2170 1891 ·

203 1934 465 1978 secundum
485 1933 608 1991 quod
632 1933 679 1977 in
705 1933 937 1978 abstracto
958 1933 1280 1989 significantur
1302 1936 1380 1989 (2).
1399 1933 1594 1978 Nomina
1615 1933 1728 1978 vero
1749 1937 1966 1978 concreta
1987 1946 2097 1991 sup-

203 2001 387 2052 ponunt
426 1996 716 2054 hypostasim
755 2002 962 2041 naturae:
989 2002 1035 2041 et
1057 1995 1160 2040 ideo
1193 1996 1511 2041 indifferenter
1546 1995 1783 2053 praedicari
1822 2000 2022 2052 possunt
2043 2008 2098 2042 ea

201 2069 309 2114 quae
334 2057 394 2102 ad
415 2062 664 2114 utramque
684 2062 900 2102 naturam
924 2058 1170 2114 pertinent,
1204 2059 1264 2103 de.
1295 2058 1562 2102 nominihus
1582 2056 1841 2102 concretis:
1862 2057 1960 2103 sive
1981 2057 2098 2104 illud

203 2130 375 2163 nomen
405 2119 461 2164 de
480 2131 573 2176 quo
593 2119 828 2175 dicuntur,
847 2121 925 2164 det
946 2120 1201 2175 intelligere
1219 2124 1467 2176 utramque
1490 2126 1704 2164 naturam
1721 2153 1734 2175 ‚
1753 2118 1874 2164 sicut
1904 2120 1993 2164 hoc
2014 2132 2097 2166 no-

205 2192 316 2224 men
339 2181 569 2236 Christus,
590 2180 635 2224 in
661 2193 754 2237 quo
777 2181 1050 2237 intelligitur
1075 2187 1120 2225 et
1140 2181 1360 2224 Divinitas
1381 2193 1567 2237 ungens
1581 2187 1627 2225 et
1644 2181 1911 2226 humanitas
1923 2187 2093 2239 uncta3

204 2242 303 2287 sive
326 2242 479 2286 solum
500 2242 705 2287 divinam
738 2248 968 2295 naturam,
998 2243 1118 2287 sicut
1143 2244 1231 2287 hoc
1256 2255 1423 2288 nomen
1445 2248 1578 2300 Deus,
1603 2243 1677 2288 vel
1693 2243 1841 2287 Filius
1863 2247 1972 2300 θεῖ,-
1994 2238 2098 2290 sive

201 2304 351 2349 solnm
386 2309 598 2348 naturam
629 2305 910 2357 humanam,
935 2305 1055 2349 sicut
1087 2306 1174 2349 hoc
1203 2317 1372 2350 nomen
1405 2306 1553 2360 homo,
1578 2305 1651 2350 vel
1678 2309 1823 2350 lesus.
1852 2307 1980 2351 Unde
2008 2310 2097 2352 Leo

200 2378 322 2423 papa
351 2366 461 2410 dicit
488 2366 533 2409 in
554 2367 747 2423 epistola
772 2367 831 2411 ad
856 2366 1123 2412 Palaestinos
1147 2369 1216 2419 (83
1239 2366 1359 2412 inter
1380 2368 1504 2413 med.
1525 2372 1572 2413 et
1592 2368 1721 2424 fin.):
1752 2385 1772 2406 ιι
1788 2369 1886 2413 Non
1906 2368 2097 2415 interest

202 2440 262 2473 ex
282 2440 375 2485 qua
396 2427 606 2472 Christus
631 2428 893 2472 substantia
912 2428 1201 2485 nominetur3
1226 2429 1334 2473 cum
1366 2429 1739 2487 inseparabiliter
1755 2435 1973 2476 manente
1992 2432 2097 2476 uni-

203 2494 298 2535 tate
318 2502 544 2547 personae,
560 2490 683 2535 idem
705 2490 765 2534 sit
784 2495 830 2535 et
849 2495 974 2535 totus
996 2490 1198 2535 hominis
1223 2491 1346 2536 filius
1369 2496 1558 2550 propter
1577 2503 1766 2538 carnem
1801 2495 1849 2537 et
1870 2495 1996 2538 totus
2018 2493 2095 2539 Dei

204 2551 345 2596 Filius
363 2557 551 2610 propter
566 2565 708 2597 unam
728 2565 836 2597 cum
856 2555 988 2598 Patre
1007 2553 1244 2598 Deitatem.
1265 2573 1284 2593 »

258 2613 325 2658 Ad
342 2616 546 2670 primum
569 2625 680 2671 ergo
705 2614 981 2672 dicendum,
1003 2614 1129 2671 quod
1158 2615 1203 2659 in
1239 2615 1411 2661 divinis
1438 2616 1622 2662 realiter
1654 2620 1725 2662 est
1747 2616 1872 2662 idem
1894 2628 2095 2673 persona

203 2687 311 2720 cum
332 2680 527 2720 natura:
553 2680 599 2720 et
621 2677 798 2722 ratione
818 2677 960 2734 huJ‘us
980 2677 1232 2722 identitatis
1254 2677 1412 2723 divina
1434 2684 1601 2723 natura
1622 2678 1898 2736 praedicatur
1911 2679 1969 2724 de
1984 2678 2095 2723 Filio

202 2737 276 2782 Dei
294 2752 306 2794 ς
333 2742 601 2783 nontamen
618 2743 690 2783 est
711 2739 832 2784 idem
854 2739 1021 2785 modus
1039 2739 1356 2797 significandi3
1378 2745 1424 2786 et
1441 2740 1545 2786 ideo
1568 2741 1780 2798 quaedam
1802 2740 2023 2786 dicuntur
2038 2741 2098 2786 de

202 2800 313 2845 Filio
348 2800 424 2845 Dei
453 2813 559 2858 quae
588 2813 682 2846 non
716 2801 935 2846 dicuntur
950 2802 1008 2847 de
1046 2802 1202 2847 divina
1222 2807 1416 2859 natura3
1441 2803 1561 2848 sicut
1590 2803 1789 2849 dicimus
1808 2801 1933 2860 quod
1955 2803 2096 2848 Filius

202 2862 280 2906 Dei
322 2867 393 2907 est
424 2863 638 2921 genitus3
679 2876 771 2907 non
817 2868 973 2909 tamen
997 2864 1196 2909 dicimus
1239 2864 1365 2922 quod
1403 2869 1570 2910 natura
1609 2865 1769 2911 divina
1807 2865 1869 2910 sit
1906 2865 2064 2922 genita
2081 2899 2094 2924 ‚

205 2931 255 2968 ut
291 2924 335 2968 in
365 2925 511 2981 prima
540 2930 671 2983 parte
714 2926 924 2972 habitum
964 2931 1038 2972 est
1075 2929 1271 2984 (quaest.
1307 2941 1450 2984 xxxix,
1485 2932 1572 2973 art.
1610 2930 1689 2982 5).
1724 2930 1777 2974 Et
1812 2927 2023 2973 similiter
2045 2927 2097 2972 in

203 2987 425 3042 mysterio
458 2988 792 3033 Inearnationis
829 2989 1027 3034 dicimus
1060 2989 1185 3047 quod
1212 2989 1353 3034 Filius
1383 2989 1459 3034 Dei
1495 3002 1661 3046 passus
1689 2994 1790 3045 est3
1816 3001 1910 3034 non
1940 2994 2097 3035 autem

202 3047 402 3092 dicimus
425 3049 548 3105 quod
566 3050 720 3095 divina
745 3056 912 3096 natura
941 3053 1001 3097 sit
1022 3065 1176 3109 passa.

256 3110 322 3154 Ad
344 3113 589 3156 secundum
618 3113 890 3170 dicendum,
913 3115 1037 3172 quod
1066 3115 1322 3161 incarnatio
1353 3115 1505 3172 magis
1536 3115 1752 3171 importat
1777 3113 2001 3159 unionem
2037 3114 2099 3160 ad

203 3183 394 3217 carnem
426 3174 567 3230 quam
594 3176 750 3220 carnis
775 3177 1118 3234 proprietatem.
1154 3180 1355 3235 Utraque
1383 3182 1539 3223 autem
1562 3181 1727 3221 natura
1751 3175 1799 3220 in
1823 3176 2002 3221 Christo
2025 3181 2097 3221 est

204 3232 335 3278 unita
365 3234 497 3279 alteri
526 3236 575 3280 in
609 3249 837 3294 persona;
875 3239 1053 3285 ratione
1084 3240 1221 3298 quus
1250 3239 1438 3285 unionis
1469 3243 1515 3285 et
1543 3238 1699 3284 divina
1729 3242 1897 3283 natura
1930 3236 2099 3282 dicitur

251 3373 292 3414 (Ι)
309 3373 347 3407 Ιιι
362 3372 424 3407 hoc
443 3373 588 3409 articulo
603 3375 639 3407 S.
657 3375 782 3409 Doctor
799 3376 908 3410 varias
924 3376 1055 3418 regulas
1071 3377 1111 3413 de
1243 3379 1287 3420 (2)
1313 3378 1410 3422 Quod
1434 3376 1522 3412 redit
1549 3376 1592 3411 ad
1615 3375 1746 3415 regulas
1777 3386 1858 3417 quas
1888 3373 2100 3416 exposuimus

206 3419 406 3456 idiomatum
427 3422 732 3458 communicatione
747 3423 904 3459 instituit.
1197 3426 1271 3469 (art.
1291 3426 1336 3467 4).
