<?xml version="1.0" encoding="UTF-8"?>
<!DOCTYPE html PUBLIC "-//W3C//DTD XHTML 1.0 Transitional//EN"
    "http://www.w3.org/TR/xhtml1/DTD/xhtml1-transitional.dtd">
<html xmlns="http://www.w3.org/1999/xhtml" xml:lang="en" lang="en">
 <head>
  <title>
</title>
<meta http-equiv="Content-Type" content="text/html;charset=utf-8" />
  <meta name='ocr-system' content='tesseract 3.04.00' />
  <meta name='ocr-capabilities' content='ocr_page ocr_carea ocr_par ocr_line ocrx_word'/>
</head>
<body>
  <div class='ocr_page' id='page_1' title='image "./summatheologica06thomuoft_0356.png"; bbox 0 0 2170 3808; ppageno 0'>
   <div class='ocr_carea' id='block_1_1' title="bbox 227 189 1603 244">
    <p class='ocr_par' dir='ltr' id='par_1_1' title="bbox 227 189 1603 244">
     <span class='ocr_line' id='line_1_1' title="bbox 227 189 1603 244; baseline -0.004 -7"><span class='ocrx_word' id='word_1_1' title='bbox 227 197 311 238; x_wconf 74' lang='lat'>320</span> <span class='ocrx_word' id='word_1_2' title='bbox 753 194 827 244; x_wconf 84' lang='lat' dir='ltr'>QU</span> <span class='ocrx_word' id='word_1_3' title='bbox 830 191 956 234; x_wconf 81' lang='lat' dir='ltr'>AE-ST</span> <span class='ocrx_word' id='word_1_4' title='bbox 985 190 1196 244; x_wconf 84' lang='lat' dir='ltr'>XXXVIII,</span> <span class='ocrx_word' id='word_1_5' title='bbox 1231 190 1351 232; x_wconf 82' lang='lat' dir='ltr'>ART.</span> <span class='ocrx_word' id='word_1_6' title='bbox 1379 190 1415 232; x_wconf 88' lang='lat' dir='ltr'><strong>V</strong></span> <span class='ocrx_word' id='word_1_7' title='bbox 1443 189 1508 233; x_wconf 88' lang='lat' dir='ltr'>ET</span> <span class='ocrx_word' id='word_1_8' title='bbox 1537 190 1603 232; x_wconf 87' lang='lat' dir='ltr'>Vl.</span> 
     </span>
    </p>
   </div>
   <div class='ocr_carea' id='block_1_2' title="bbox 231 267 2133 3248">
    <p class='ocr_par' dir='ltr' id='par_1_2' title="bbox 231 267 2127 445">
     <span class='ocr_line' id='line_1_2' title="bbox 284 267 2127 330; baseline -0.004 -10"><span class='ocrx_word' id='word_1_9' title='bbox 284 275 349 320; x_wconf 90' lang='lat' dir='ltr'>Ad</span> <span class='ocrx_word' id='word_1_10' title='bbox 363 277 566 330; x_wconf 74' lang='lat' dir='ltr'>primum</span> <span class='ocrx_word' id='word_1_11' title='bbox 585 283 698 328; x_wconf 84' lang='lat' dir='ltr'>ergo</span> <span class='ocrx_word' id='word_1_12' title='bbox 721 271 987 326; x_wconf 85' lang='lat' dir='ltr'>dicendum,</span> <span class='ocrx_word' id='word_1_13' title='bbox 1010 271 1135 327; x_wconf 84' lang='lat' dir='ltr'>quod</span> <span class='ocrx_word' id='word_1_14' title='bbox 1159 271 1366 314; x_wconf 89' lang='lat' dir='ltr'>nondum</span> <span class='ocrx_word' id='word_1_15' title='bbox 1388 271 1596 315; x_wconf 88' lang='lat' dir='ltr'>Christus</span> <span class='ocrx_word' id='word_1_16' title='bbox 1625 273 1726 315; x_wconf 88' lang='lat' dir='ltr'>erat</span> <span class='ocrx_word' id='word_1_17' title='bbox 1747 268 1884 324; x_wconf 76' lang='lat' dir='ltr'>plene</span> <span class='ocrx_word' id='word_1_18' title='bbox 1902 267 2127 313; x_wconf 83' lang='lat' dir='ltr'>manifes-</span> 
     </span>
     <span class='ocr_line' id='line_1_3' title="bbox 233 329 2129 391; baseline -0.004 -10"><span class='ocrx_word' id='word_1_19' title='bbox 233 341 357 381; x_wconf 85' lang='lat' dir='ltr'>tatus</span> <span class='ocrx_word' id='word_1_20' title='bbox 380 348 435 380; x_wconf 92' lang='lat' dir='ltr'>eo</span> <span class='ocrx_word' id='word_1_21' title='bbox 457 334 716 391; x_wconf 86' lang='lat' dir='ltr'>baptizato:</span> <span class='ocrx_word' id='word_1_22' title='bbox 744 338 790 378; x_wconf 88' lang='lat' dir='ltr'>et</span> <span class='ocrx_word' id='word_1_23' title='bbox 811 333 916 378; x_wconf 91' lang='lat' dir='ltr'>ideo</span> <span class='ocrx_word' id='word_1_24' title='bbox 939 333 1093 377; x_wconf 89' lang='lat' dir='ltr'>adhuc</span> <span class='ocrx_word' id='word_1_25' title='bbox 1115 332 1432 377; x_wconf 86' lang='lat' dir='ltr'>necessarium</span> <span class='ocrx_word' id='word_1_26' title='bbox 1455 336 1555 377; x_wconf 88' lang='lat' dir='ltr'>erat</span> <span class='ocrx_word' id='word_1_27' title='bbox 1589 331 1716 389; x_wconf 69' lang='lat' dir='ltr'>qued</span> <span class='ocrx_word' id='word_1_28' title='bbox 1749 332 1950 374; x_wconf 86' lang='lat' dir='ltr'>Joannes</span> <span class='ocrx_word' id='word_1_29' title='bbox 1983 329 2129 388; x_wconf 90' lang='lat' dir='ltr'>bapti·</span> 
     </span>
     <span class='ocr_line' id='line_1_4' title="bbox 231 405 366 445; baseline -0.016 0"><span class='ocrx_word' id='word_1_30' title='bbox 231 405 366 445; x_wconf 86' lang='lat' dir='ltr'>zaret.</span> 
     </span>
    </p>

    <p class='ocr_par' dir='ltr' id='par_1_3' title="bbox 231 421 2131 825">
     <span class='ocr_line' id='line_1_5' title="bbox 287 421 2131 514; baseline -0.003 -8"><span class='ocrx_word' id='word_1_31' title='bbox 287 461 353 505; x_wconf 79' lang='lat' dir='ltr'>Ad</span> <span class='ocrx_word' id='word_1_32' title='bbox 373 461 622 503; x_wconf 77' lang='lat' dir='ltr'>secundum</span> <span class='ocrx_word' id='word_1_33' title='bbox 636 421 903 514; x_wconf 80' lang='lat' dir='ltr'>dicendum,</span> <span class='ocrx_word' id='word_1_34' title='bbox 920 458 1045 514; x_wconf 82' lang='lat' dir='ltr'>quod</span> <span class='ocrx_word' id='word_1_35' title='bbox 1067 457 1296 513; x_wconf 85' lang='lat' dir='ltr'>baptizato</span> <span class='ocrx_word' id='word_1_36' title='bbox 1313 455 1412 500; x_wconf 78' lang='lat' dir='ltr'>Chi</span> <span class='ocrx_word' id='word_1_37' title='bbox 1401 461 1489 501; x_wconf 82' lang='lat' dir='ltr'>isto</span> <span class='ocrx_word' id='word_1_38' title='bbox 1504 456 1706 501; x_wconf 89' lang='lat' dir='ltr'>cessavit</span> <span class='ocrx_word' id='word_1_39' title='bbox 1722 455 1983 510; x_wconf 76' lang='lat' dir='ltr'>baptismus</span> <span class='ocrx_word' id='word_1_40' title='bbox 1997 456 2131 500; x_wconf 82' lang='lat' dir='ltr'>Joan-</span> 
     </span>
     <span class='ocr_line' id='line_1_6' title="bbox 232 516 2123 577; baseline -0.003 -11"><span class='ocrx_word' id='word_1_41' title='bbox 232 523 326 576; x_wconf 74' lang='lat' dir='ltr'>nis3</span> <span class='ocrx_word' id='word_1_42' title='bbox 352 535 446 566; x_wconf 91' lang='lat' dir='ltr'>non</span> <span class='ocrx_word' id='word_1_43' title='bbox 470 528 625 566; x_wconf 85' lang='lat' dir='ltr'>tamen</span> <span class='ocrx_word' id='word_1_44' title='bbox 651 522 825 576; x_wconf 85' lang='lat' dir='ltr'>statim,</span> <span class='ocrx_word' id='word_1_45' title='bbox 850 521 934 566; x_wconf 86' lang='lat' dir='ltr'>sed</span> <span class='ocrx_word' id='word_1_46' title='bbox 952 533 1008 565; x_wconf 91' lang='lat' dir='ltr'>eo</span> <span class='ocrx_word' id='word_1_47' title='bbox 1029 521 1333 564; x_wconf 84' lang='lat' dir='ltr'>incalcerato.</span> <span class='ocrx_word' id='word_1_48' title='bbox 1359 519 1488 564; x_wconf 86' lang='lat' dir='ltr'>Unde</span> <span class='ocrx_word' id='word_1_49' title='bbox 1511 519 1868 577; x_wconf 84' lang='lat' dir='ltr'>Chrysostomus</span> <span class='ocrx_word' id='word_1_50' title='bbox 1888 516 1997 560; x_wconf 91' lang='lat' dir='ltr'>dicit</span> <span class='ocrx_word' id='word_1_51' title='bbox 2017 518 2030 569; x_wconf 96' lang='lat'>(</span> <span class='ocrx_word' id='word_1_52' title='bbox 2047 519 2123 560; x_wconf 90' lang='lat' dir='ltr'>Su·</span> 
     </span>
     <span class='ocr_line' id='line_1_7' title="bbox 231 577 2122 639; baseline -0.004 -11"><span class='ocrx_word' id='word_1_53' title='bbox 231 596 315 639; x_wconf 88' lang='lat' dir='ltr'>per</span> <span class='ocrx_word' id='word_1_54' title='bbox 335 586 560 628; x_wconf 85' lang='lat' dir='ltr'>Joannem</span> <span class='ocrx_word' id='word_1_55' title='bbox 583 584 708 627; x_wconf 88' lang='lat' dir='ltr'>hom.</span> <span class='ocrx_word' id='word_1_56' title='bbox 727 596 873 638; x_wconf 78' lang='lat' dir='ltr'>xxviii,</span> <span class='ocrx_word' id='word_1_57' title='bbox 899 583 1063 639; x_wconf 82' lang='lat' dir='ltr'>parum</span> <span class='ocrx_word' id='word_1_58' title='bbox 1084 581 1113 624; x_wconf 79' lang='lat' dir='ltr'>a</span> <span class='ocrx_word' id='word_1_59' title='bbox 1130 583 1280 637; x_wconf 88' lang='lat' dir='ltr'>princ.</span> <span class='ocrx_word' id='word_1_60' title='bbox 1291 584 1329 635; x_wconf 87' lang='lat'>):</span> <span class='ocrx_word' id='word_1_61' title='bbox 1358 580 1603 637; x_wconf 69' lang='lat' dir='ltr'>«AEstimo</span> <span class='ocrx_word' id='word_1_62' title='bbox 1624 584 1811 636; x_wconf 88' lang='lat' dir='ltr'>propter</span> <span class='ocrx_word' id='word_1_63' title='bbox 1831 579 1920 622; x_wconf 87' lang='lat' dir='ltr'>hoc</span> <span class='ocrx_word' id='word_1_64' title='bbox 1934 577 2122 634; x_wconf 85' lang='lat' dir='ltr'>permis-</span> 
     </span>
     <span class='ocr_line' id='line_1_8' title="bbox 232 638 2129 699; baseline -0.003 -10"><span class='ocrx_word' id='word_1_65' title='bbox 232 657 335 689; x_wconf 87' lang='lat' dir='ltr'>sam</span> <span class='ocrx_word' id='word_1_66' title='bbox 355 657 459 689; x_wconf 88' lang='lat' dir='ltr'>esse</span> <span class='ocrx_word' id='word_1_67' title='bbox 479 653 676 689; x_wconf 83' lang='lat' dir='ltr'>mortem</span> <span class='ocrx_word' id='word_1_68' title='bbox 696 643 900 699; x_wconf 84' lang='lat' dir='ltr'>Joannis,</span> <span class='ocrx_word' id='word_1_69' title='bbox 925 649 972 687; x_wconf 91' lang='lat' dir='ltr'>et</span> <span class='ocrx_word' id='word_1_70' title='bbox 990 655 1046 687; x_wconf 91' lang='lat' dir='ltr'>eo</span> <span class='ocrx_word' id='word_1_71' title='bbox 1065 642 1251 687; x_wconf 89' lang='lat' dir='ltr'>sublato</span> <span class='ocrx_word' id='word_1_72' title='bbox 1269 642 1328 686; x_wconf 91' lang='lat' dir='ltr'>de</span> <span class='ocrx_word' id='word_1_73' title='bbox 1346 641 1515 699; x_wconf 91' lang='lat' dir='ltr'>medio,</span> <span class='ocrx_word' id='word_1_74' title='bbox 1535 642 1766 687; x_wconf 81' lang='lat' dir='ltr'>Christum</span> <span class='ocrx_word' id='word_1_75' title='bbox 1786 638 1990 684; x_wconf 83' lang='lat' dir='ltr'>maxime</span> <span class='ocrx_word' id='word_1_76' title='bbox 2010 651 2129 695; x_wconf 75' lang='lat' dir='ltr'>proe-</span> 
     </span>
     <span class='ocr_line' id='line_1_9' title="bbox 231 701 2130 763; baseline -0.003 -12"><span class='ocrx_word' id='word_1_77' title='bbox 231 707 387 752; x_wconf 87' lang='lat' dir='ltr'>dicare</span> <span class='ocrx_word' id='word_1_78' title='bbox 410 707 628 763; x_wconf 87' lang='lat' dir='ltr'>coepisse,</span> <span class='ocrx_word' id='word_1_79' title='bbox 652 710 707 750; x_wconf 90' lang='lat' dir='ltr'>ut</span> <span class='ocrx_word' id='word_1_80' title='bbox 738 706 891 750; x_wconf 90' lang='lat' dir='ltr'>omnis</span> <span class='ocrx_word' id='word_1_81' title='bbox 914 705 1227 750; x_wconf 78' lang='lat' dir='ltr'>multitudinis</span> <span class='ocrx_word' id='word_1_82' title='bbox 1261 704 1444 749; x_wconf 84' lang='lat' dir='ltr'>affectio</span> <span class='ocrx_word' id='word_1_83' title='bbox 1471 704 1532 750; x_wconf 85' lang='lat' dir='ltr'>ad</span> <span class='ocrx_word' id='word_1_84' title='bbox 1557 704 1788 749; x_wconf 86' lang='lat' dir='ltr'>Christum</span> <span class='ocrx_word' id='word_1_85' title='bbox 1825 701 1995 746; x_wconf 76' lang='lat' dir='ltr'>transii</span> <span class='ocrx_word' id='word_1_86' title='bbox 1998 706 2059 758; x_wconf 88' lang='lat' dir='ltr'>et</span> <span class='ocrx_word' id='word_1_87' title='bbox 2082 705 2130 746; x_wconf 86' lang='lat' dir='ltr'>et</span> 
     </span>
     <span class='ocr_line' id='line_1_10' title="bbox 233 766 1792 825; baseline -0.003 -11"><span class='ocrx_word' id='word_1_88' title='bbox 233 782 328 814; x_wconf 91' lang='lat' dir='ltr'>non</span> <span class='ocrx_word' id='word_1_89' title='bbox 347 769 471 814; x_wconf 91' lang='lat' dir='ltr'>ultra</span> <span class='ocrx_word' id='word_1_90' title='bbox 488 769 561 813; x_wconf 91' lang='lat' dir='ltr'>his</span> <span class='ocrx_word' id='word_1_91' title='bbox 584 780 690 825; x_wconf 86' lang='lat' dir='ltr'>quae</span> <span class='ocrx_word' id='word_1_92' title='bbox 711 768 770 813; x_wconf 91' lang='lat' dir='ltr'>de</span> <span class='ocrx_word' id='word_1_93' title='bbox 794 774 994 823; x_wconf 87' lang='lat' dir='ltr'>utroque</span> <span class='ocrx_word' id='word_1_94' title='bbox 1015 774 1164 825; x_wconf 88' lang='lat' dir='ltr'>erant,</span> <span class='ocrx_word' id='word_1_95' title='bbox 1185 767 1432 811; x_wconf 84' lang='lat' dir='ltr'>sententiis</span> <span class='ocrx_word' id='word_1_96' title='bbox 1452 766 1792 812; x_wconf 82' lang='lat' dir='ltr'>scinderetur.»</span> 
     </span>
    </p>

    <p class='ocr_par' dir='ltr' id='par_1_4' title="bbox 231 827 2130 1071">
     <span class='ocr_line' id='line_1_11' title="bbox 287 827 2130 886; baseline -0.004 -9"><span class='ocrx_word' id='word_1_97' title='bbox 287 833 356 877; x_wconf 83' lang='lat' dir='ltr'>Ad</span> <span class='ocrx_word' id='word_1_98' title='bbox 376 834 558 875; x_wconf 83' lang='lat' dir='ltr'>tertium</span> <span class='ocrx_word' id='word_1_99' title='bbox 581 830 849 884; x_wconf 82' lang='lat' dir='ltr'>dicendum,</span> <span class='ocrx_word' id='word_1_100' title='bbox 873 830 997 886; x_wconf 81' lang='lat' dir='ltr'>quod</span> <span class='ocrx_word' id='word_1_101' title='bbox 1026 830 1288 886; x_wconf 86' lang='lat' dir='ltr'>baptismus</span> <span class='ocrx_word' id='word_1_102' title='bbox 1318 829 1508 874; x_wconf 86' lang='lat' dir='ltr'>Joannis</span> <span class='ocrx_word' id='word_1_103' title='bbox 1534 827 1892 886; x_wconf 75' lang='lat' dir='ltr'>praeparatorius</span> <span class='ocrx_word' id='word_1_104' title='bbox 1913 830 2013 871; x_wconf 87' lang='lat' dir='ltr'>erat</span> <span class='ocrx_word' id='word_1_105' title='bbox 2034 837 2130 870; x_wconf 86' lang='lat' dir='ltr'>non</span> 
     </span>
     <span class='ocr_line' id='line_1_12' title="bbox 231 886 2130 950; baseline -0.004 -11"><span class='ocrx_word' id='word_1_106' title='bbox 231 895 385 939; x_wconf 82' lang='lat' dir='ltr'>solum</span> <span class='ocrx_word' id='word_1_107' title='bbox 409 894 470 939; x_wconf 88' lang='lat' dir='ltr'>ad</span> <span class='ocrx_word' id='word_1_108' title='bbox 488 894 577 938; x_wconf 89' lang='lat' dir='ltr'>hoc</span> <span class='ocrx_word' id='word_1_109' title='bbox 600 892 727 950; x_wconf 82' lang='lat' dir='ltr'>quod</span> <span class='ocrx_word' id='word_1_110' title='bbox 756 892 964 937; x_wconf 89' lang='lat' dir='ltr'>Christus</span> <span class='ocrx_word' id='word_1_111' title='bbox 994 891 1322 949; x_wconf 84' lang='lat' dir='ltr'>baptizaretur,</span> <span class='ocrx_word' id='word_1_112' title='bbox 1344 892 1428 938; x_wconf 88' lang='lat' dir='ltr'>sed</span> <span class='ocrx_word' id='word_1_113' title='bbox 1459 891 1598 936; x_wconf 89' lang='lat' dir='ltr'>etiam</span> <span class='ocrx_word' id='word_1_114' title='bbox 1621 891 1682 936; x_wconf 92' lang='lat' dir='ltr'>ad</span> <span class='ocrx_word' id='word_1_115' title='bbox 1716 890 1806 935; x_wconf 89' lang='lat' dir='ltr'>hoc</span> <span class='ocrx_word' id='word_1_116' title='bbox 1827 887 1956 945; x_wconf 84' lang='lat' dir='ltr'>quod</span> <span class='ocrx_word' id='word_1_117' title='bbox 1975 886 2052 931; x_wconf 84' lang='lat' dir='ltr'>alii</span> <span class='ocrx_word' id='word_1_118' title='bbox 2068 886 2130 932; x_wconf 88' lang='lat' dir='ltr'>ad</span> 
     </span>
     <span class='ocr_line' id='line_1_13' title="bbox 231 948 2130 1013; baseline -0.005 -12"><span class='ocrx_word' id='word_1_119' title='bbox 231 956 395 1001; x_wconf 86' lang='lat' dir='ltr'>Christi</span> <span class='ocrx_word' id='word_1_120' title='bbox 430 955 719 1013; x_wconf 91' lang='lat' dir='ltr'>baptismum</span> <span class='ocrx_word' id='word_1_121' title='bbox 742 954 1034 1011; x_wconf 81' lang='lat' dir='ltr'>accederent,</span> <span class='ocrx_word' id='word_1_122' title='bbox 1055 955 1183 1012; x_wconf 88' lang='lat' dir='ltr'>quod</span> <span class='ocrx_word' id='word_1_123' title='bbox 1204 955 1416 999; x_wconf 89' lang='lat' dir='ltr'>nondum</span> <span class='ocrx_word' id='word_1_124' title='bbox 1432 954 1521 1000; x_wconf 85' lang='lat' dir='ltr'>fuit</span> <span class='ocrx_word' id='word_1_125' title='bbox 1541 952 1802 1010; x_wconf 86' lang='lat' dir='ltr'>impletum,</span> <span class='ocrx_word' id='word_1_126' title='bbox 1823 949 2002 995; x_wconf 83' lang='lat' dir='ltr'>Chiisto</span> <span class='ocrx_word' id='word_1_127' title='bbox 2015 948 2130 1006; x_wconf 90' lang='lat' dir='ltr'>bap-</span> 
     </span>
     <span class='ocr_line' id='line_1_14' title="bbox 233 1018 466 1071; baseline 0 -9"><span class='ocrx_word' id='word_1_128' title='bbox 233 1018 371 1063; x_wconf 87' lang='lat' dir='ltr'>tizato</span> <span class='ocrx_word' id='word_1_129' title='bbox 391 1019 466 1071; x_wconf 86' lang='lat'>(1).</span> 
     </span>
    </p>

    <p class='ocr_par' dir='ltr' id='par_1_5' title="bbox 233 1088 2129 1259">
     <span class='ocr_line' id='line_1_15' title="bbox 233 1088 2129 1143; baseline -0.004 -13"><span class='ocrx_word' id='word_1_130' title='bbox 233 1090 318 1130; x_wconf 85' lang='lat' dir='ltr'>AR</span> <span class='ocrx_word' id='word_1_131' title='bbox 321 1088 576 1131; x_wconf 85' lang='lat' dir='ltr'>TICULUS</span> <span class='ocrx_word' id='word_1_132' title='bbox 595 1088 679 1143; x_wconf 67' lang='lat' dir='ltr'>vl.</span> <span class='ocrx_word' id='word_1_133' title='bbox 703 1109 759 1117; x_wconf 93' lang='lat'><em>-</em></span> <span class='ocrx_word' id='word_1_134' title='bbox 781 1098 918 1129; x_wconf 69' lang='grc'>09500</span> <span class='ocrx_word' id='word_1_135' title='bbox 940 1099 1150 1129; x_wconf 75' lang='lat' dir='ltr'>BAP&#39;rleTl</span> <span class='ocrx_word' id='word_1_136' title='bbox 1168 1099 1373 1130; x_wconf 69' lang='lat' dir='ltr'>ssArrismo</span> <span class='ocrx_word' id='word_1_137' title='bbox 1392 1097 1560 1130; x_wconf 66' lang='lat' dir='ltr'>soimms</span> <span class='ocrx_word' id='word_1_138' title='bbox 1585 1097 1739 1129; x_wconf 63' lang='lat' dir='ltr'>Essem·</span> <span class='ocrx_word' id='word_1_139' title='bbox 1760 1095 1913 1130; x_wconf 70' lang='grc' dir='ltr'>9059οΑ</span> <span class='ocrx_word' id='word_1_140' title='bbox 1932 1093 2129 1124; x_wconf 59' lang='grc'>90991500</span> 
     </span>
     <span class='ocr_line' id='line_1_16' title="bbox 917 1150 1442 1204; baseline 0.004 -14"><span class='ocrx_word' id='word_1_141' title='bbox 917 1161 1075 1191; x_wconf 73' lang='lat' dir='ltr'>cnmsri</span> <span class='ocrx_word' id='word_1_142' title='bbox 1098 1162 1334 1192; x_wconf 69' lang='lat' dir='ltr'>BAPrlzmm</span> <span class='ocrx_word' id='word_1_143' title='bbox 1365 1150 1442 1204; x_wconf 70' lang='lat'>(2).</span> 
     </span>
     <span class='ocr_line' id='line_1_17' title="bbox 411 1214 1947 1259; baseline -0.002 -8"><span class='ocrx_word' id='word_1_144' title='bbox 411 1218 460 1252; x_wconf 87' lang='lat' dir='ltr'>De</span> <span class='ocrx_word' id='word_1_145' title='bbox 479 1217 532 1251; x_wconf 74' lang='lat' dir='ltr'>his</span> <span class='ocrx_word' id='word_1_146' title='bbox 546 1216 651 1252; x_wconf 76' lang='lat' dir='ltr'>etiam</span> <span class='ocrx_word' id='word_1_147' title='bbox 670 1216 773 1259; x_wconf 74' lang='lat' dir='ltr'>infra,</span> <span class='ocrx_word' id='word_1_148' title='bbox 792 1220 910 1258; x_wconf 76' lang='lat' dir='ltr'>quaest.</span> <span class='ocrx_word' id='word_1_149' title='bbox 926 1225 1019 1258; x_wconf 75' lang='lat' dir='ltr'>val,</span> <span class='ocrx_word' id='word_1_150' title='bbox 1037 1223 1101 1251; x_wconf 83' lang='lat' dir='ltr'>art.</span> <span class='ocrx_word' id='word_1_151' title='bbox 1117 1217 1139 1251; x_wconf 85' lang='lat'>9</span> <span class='ocrx_word' id='word_1_152' title='bbox 1161 1217 1203 1251; x_wconf 79' lang='lat' dir='ltr'>ad</span> <span class='ocrx_word' id='word_1_153' title='bbox 1217 1217 1250 1257; x_wconf 87' lang='lat'>2,</span> <span class='ocrx_word' id='word_1_154' title='bbox 1265 1222 1299 1251; x_wconf 79' lang='lat' dir='ltr'>et</span> <span class='ocrx_word' id='word_1_155' title='bbox 1317 1218 1413 1252; x_wconf 81' lang='lat' dir='ltr'>Sent.</span> <span class='ocrx_word' id='word_1_156' title='bbox 1436 1225 1485 1259; x_wconf 80' lang='lat' dir='ltr'>lv,</span> <span class='ocrx_word' id='word_1_157' title='bbox 1500 1215 1581 1252; x_wconf 81' lang='lat' dir='ltr'>dist.</span> <span class='ocrx_word' id='word_1_158' title='bbox 1594 1215 1629 1258; x_wconf 85' lang='lat'>2,</span> <span class='ocrx_word' id='word_1_159' title='bbox 1647 1218 1765 1259; x_wconf 79' lang='lat' dir='ltr'>quoest.</span> <span class='ocrx_word' id='word_1_160' title='bbox 1780 1223 1820 1256; x_wconf 83' lang='lat'>11,</span> <span class='ocrx_word' id='word_1_161' title='bbox 1837 1214 1947 1249; x_wconf 59' lang='lat' dir='ltr'>arm.</span> 
     </span>
    </p>

    <p class='ocr_par' dir='ltr' id='par_1_6' title="bbox 231 1267 2133 1872">
     <span class='ocr_line' id='line_1_18' title="bbox 287 1267 2131 1329; baseline -0.003 -12"><span class='ocrx_word' id='word_1_162' title='bbox 287 1272 356 1318; x_wconf 87' lang='lat' dir='ltr'>Ad</span> <span class='ocrx_word' id='word_1_163' title='bbox 376 1278 562 1317; x_wconf 78' lang='lat' dir='ltr'>sextum</span> <span class='ocrx_word' id='word_1_164' title='bbox 589 1272 658 1316; x_wconf 89' lang='lat' dir='ltr'>sic</span> <span class='ocrx_word' id='word_1_165' title='bbox 675 1272 957 1328; x_wconf 87' lang='lat' dir='ltr'>proceditur.</span> <span class='ocrx_word' id='word_1_166' title='bbox 982 1275 1025 1316; x_wconf 87' lang='lat'>1.</span> <span class='ocrx_word' id='word_1_167' title='bbox 1049 1271 1238 1316; x_wconf 88' lang='lat' dir='ltr'>Videtur</span> <span class='ocrx_word' id='word_1_168' title='bbox 1266 1271 1391 1329; x_wconf 84' lang='lat' dir='ltr'>quod</span> <span class='ocrx_word' id='word_1_169' title='bbox 1427 1272 1643 1329; x_wconf 84' lang='lat' dir='ltr'>baptizati</span> <span class='ocrx_word' id='word_1_170' title='bbox 1679 1269 1913 1328; x_wconf 85' lang='lat' dir='ltr'>baptismo</span> <span class='ocrx_word' id='word_1_171' title='bbox 1941 1267 2131 1313; x_wconf 84' lang='lat' dir='ltr'>Joannis</span> 
     </span>
     <span class='ocr_line' id='line_1_19' title="bbox 233 1330 2132 1390; baseline -0.003 -12"><span class='ocrx_word' id='word_1_172' title='bbox 233 1346 328 1378; x_wconf 93' lang='lat' dir='ltr'>non</span> <span class='ocrx_word' id='word_1_173' title='bbox 361 1334 535 1379; x_wconf 84' lang='lat' dir='ltr'>fuerint</span> <span class='ocrx_word' id='word_1_174' title='bbox 570 1333 836 1390; x_wconf 88' lang='lat' dir='ltr'>baptizandi</span> <span class='ocrx_word' id='word_1_175' title='bbox 861 1333 1094 1390; x_wconf 89' lang='lat' dir='ltr'>baptismo</span> <span class='ocrx_word' id='word_1_176' title='bbox 1123 1334 1307 1378; x_wconf 89' lang='lat' dir='ltr'>Christi.</span> <span class='ocrx_word' id='word_1_177' title='bbox 1337 1335 1539 1379; x_wconf 85' lang='lat' dir='ltr'>Joannes</span> <span class='ocrx_word' id='word_1_178' title='bbox 1573 1333 1699 1378; x_wconf 89' lang='lat' dir='ltr'>enim</span> <span class='ocrx_word' id='word_1_179' title='bbox 1735 1345 1832 1377; x_wconf 89' lang='lat' dir='ltr'>non</span> <span class='ocrx_word' id='word_1_180' title='bbox 1868 1330 1957 1376; x_wconf 87' lang='lat' dir='ltr'>fuit</span> <span class='ocrx_word' id='word_1_181' title='bbox 1978 1331 2132 1375; x_wconf 90' lang='lat' dir='ltr'>minor</span> 
     </span>
     <span class='ocr_line' id='line_1_20' title="bbox 232 1392 2132 1453; baseline -0.003 -13"><span class='ocrx_word' id='word_1_182' title='bbox 232 1396 485 1452; x_wconf 77' lang='lat' dir='ltr'>apostolis3</span> <span class='ocrx_word' id='word_1_183' title='bbox 517 1396 627 1440; x_wconf 79' lang='lat' dir='ltr'>cum</span> <span class='ocrx_word' id='word_1_184' title='bbox 658 1396 718 1441; x_wconf 91' lang='lat' dir='ltr'>de</span> <span class='ocrx_word' id='word_1_185' title='bbox 742 1408 798 1441; x_wconf 92' lang='lat' dir='ltr'>eo</span> <span class='ocrx_word' id='word_1_186' title='bbox 831 1395 1059 1452; x_wconf 88' lang='lat' dir='ltr'>scriptum</span> <span class='ocrx_word' id='word_1_187' title='bbox 1091 1396 1152 1439; x_wconf 88' lang='lat' dir='ltr'>sit</span> <span class='ocrx_word' id='word_1_188' title='bbox 1191 1396 1368 1450; x_wconf 86' lang='lat' dir='ltr'>(Matth.</span> <span class='ocrx_word' id='word_1_189' title='bbox 1391 1410 1449 1453; x_wconf 76' lang='lat' dir='ltr'>xi,</span> <span class='ocrx_word' id='word_1_190' title='bbox 1483 1398 1552 1451; x_wconf 76' lang='lat'>2):</span> <span class='ocrx_word' id='word_1_191' title='bbox 1580 1399 1706 1440; x_wconf 84' lang='lat' dir='ltr'>Inter</span> <span class='ocrx_word' id='word_1_192' title='bbox 1737 1398 1869 1439; x_wconf 83' lang='lat' dir='ltr'>natos</span> <span class='ocrx_word' id='word_1_193' title='bbox 1888 1392 2132 1437; x_wconf 81' lang='lat' dir='ltr'>mulierum</span> 
     </span>
     <span class='ocr_line' id='line_1_21' title="bbox 234 1455 2132 1515; baseline -0.002 -14"><span class='ocrx_word' id='word_1_194' title='bbox 234 1472 323 1501; x_wconf 89' lang='lat' dir='ltr'>non</span> <span class='ocrx_word' id='word_1_195' title='bbox 341 1461 547 1502; x_wconf 64' lang='lat' dir='ltr'>surremit</span> <span class='ocrx_word' id='word_1_196' title='bbox 568 1459 719 1514; x_wconf 80' lang='lat' dir='ltr'>major</span> <span class='ocrx_word' id='word_1_197' title='bbox 739 1461 915 1502; x_wconf 87' lang='lat' dir='ltr'>Joanne</span> <span class='ocrx_word' id='word_1_198' title='bbox 942 1461 1170 1514; x_wconf 71' lang='lat' dir='ltr'>Baptista.</span> <span class='ocrx_word' id='word_1_199' title='bbox 1197 1458 1285 1503; x_wconf 90' lang='lat' dir='ltr'>Sed</span> <span class='ocrx_word' id='word_1_200' title='bbox 1315 1458 1382 1503; x_wconf 89' lang='lat' dir='ltr'>illi</span> <span class='ocrx_word' id='word_1_201' title='bbox 1422 1458 1504 1515; x_wconf 89' lang='lat' dir='ltr'>qui</span> <span class='ocrx_word' id='word_1_202' title='bbox 1524 1457 1881 1514; x_wconf 88' lang='lat' dir='ltr'>baptizabantur</span> <span class='ocrx_word' id='word_1_203' title='bbox 1902 1455 1962 1500; x_wconf 86' lang='lat' dir='ltr'>ab</span> <span class='ocrx_word' id='word_1_204' title='bbox 1988 1466 2132 1512; x_wconf 89' lang='lat' dir='ltr'>apos-</span> 
     </span>
     <span class='ocr_line' id='line_1_22' title="bbox 233 1516 2132 1576; baseline -0.002 -13"><span class='ocrx_word' id='word_1_205' title='bbox 233 1519 339 1563; x_wconf 88' lang='lat' dir='ltr'>tolis</span> <span class='ocrx_word' id='word_1_206' title='bbox 372 1532 467 1564; x_wconf 91' lang='lat' dir='ltr'>non</span> <span class='ocrx_word' id='word_1_207' title='bbox 487 1520 656 1572; x_wconf 77' lang='lat' dir='ltr'>iterum</span> <span class='ocrx_word' id='word_1_208' title='bbox 678 1519 1051 1576; x_wconf 71' lang='lat' dir='ltr'>baptizabantur,</span> <span class='ocrx_word' id='word_1_209' title='bbox 1086 1519 1169 1564; x_wconf 87' lang='lat' dir='ltr'>sed</span> <span class='ocrx_word' id='word_1_210' title='bbox 1202 1519 1496 1565; x_wconf 88' lang='lat' dir='ltr'>solummodo</span> <span class='ocrx_word' id='word_1_211' title='bbox 1517 1519 1774 1565; x_wconf 87' lang='lat' dir='ltr'>addebatur</span> <span class='ocrx_word' id='word_1_212' title='bbox 1799 1518 1869 1564; x_wconf 89' lang='lat' dir='ltr'>eis</span> <span class='ocrx_word' id='word_1_213' title='bbox 1898 1516 2132 1575; x_wconf 87' lang='lat' dir='ltr'>impositio</span> 
     </span>
     <span class='ocr_line' id='line_1_23' title="bbox 233 1581 2133 1639; baseline -0.001 -15"><span class='ocrx_word' id='word_1_214' title='bbox 233 1592 463 1625; x_wconf 89' lang='lat' dir='ltr'>manuum</span> <span class='ocrx_word' id='word_1_215' title='bbox 484 1593 498 1624; x_wconf 74' lang='grc' dir='ltr'>ε</span> <span class='ocrx_word' id='word_1_216' title='bbox 521 1581 689 1626; x_wconf 89' lang='lat' dir='ltr'>dicitur</span> <span class='ocrx_word' id='word_1_217' title='bbox 710 1581 838 1626; x_wconf 89' lang='lat' dir='ltr'>enim</span> <span class='ocrx_word' id='word_1_218' title='bbox 859 1583 978 1635; x_wconf 86' lang='lat' dir='ltr'>(Act.</span> <span class='ocrx_word' id='word_1_219' title='bbox 1005 1595 1094 1635; x_wconf 79' lang='lat' dir='ltr'>vm,</span> <span class='ocrx_word' id='word_1_220' title='bbox 1121 1583 1220 1639; x_wconf 77' lang='lat'>16),</span> <span class='ocrx_word' id='word_1_221' title='bbox 1244 1582 1371 1639; x_wconf 81' lang='lat' dir='ltr'>quod</span> <span class='ocrx_word' id='word_1_222' title='bbox 1386 1582 1529 1639; x_wconf 89' lang='lat' dir='ltr'>aliqui</span> <span class='ocrx_word' id='word_1_223' title='bbox 1552 1581 1769 1638; x_wconf 86' lang='lat' dir='ltr'>baptizati</span> <span class='ocrx_word' id='word_1_224' title='bbox 1797 1583 1979 1625; x_wconf 83' lang='lat' dir='ltr'>tantum</span> <span class='ocrx_word' id='word_1_225' title='bbox 1998 1584 2133 1624; x_wconf 87' lang='lat' dir='ltr'>erant</span> 
     </span>
     <span class='ocr_line' id='line_1_24' title="bbox 233 1641 2131 1703; baseline 0.001 -18"><span class='ocrx_word' id='word_1_226' title='bbox 233 1641 262 1685; x_wconf 79' lang='lat' dir='ltr'>a</span> <span class='ocrx_word' id='word_1_227' title='bbox 283 1642 492 1698; x_wconf 89' lang='lat' dir='ltr'>Philippo</span> <span class='ocrx_word' id='word_1_228' title='bbox 512 1646 562 1685; x_wconf 89' lang='lat' dir='ltr'>in</span> <span class='ocrx_word' id='word_1_229' title='bbox 579 1645 757 1686; x_wconf 87' lang='lat' dir='ltr'>nomine</span> <span class='ocrx_word' id='word_1_230' title='bbox 771 1645 955 1686; x_wconf 80' lang='lat' dir='ltr'>Domini</span> <span class='ocrx_word' id='word_1_231' title='bbox 975 1646 1096 1696; x_wconf 78' lang='lat' dir='ltr'>Iesu,</span> <span class='ocrx_word' id='word_1_232' title='bbox 1121 1647 1166 1687; x_wconf 86' lang='lat' dir='ltr'>et</span> <span class='ocrx_word' id='word_1_233' title='bbox 1185 1646 1292 1687; x_wconf 85' lang='lat' dir='ltr'>tunc</span> <span class='ocrx_word' id='word_1_234' title='bbox 1310 1644 1526 1703; x_wconf 84' lang='lat' dir='ltr'>apostoli,</span> <span class='ocrx_word' id='word_1_235' title='bbox 1549 1643 1728 1690; x_wconf 87' lang='lat' dir='ltr'>scilicet</span> <span class='ocrx_word' id='word_1_236' title='bbox 1750 1645 1913 1687; x_wconf 89' lang='lat' dir='ltr'>Petrus</span> <span class='ocrx_word' id='word_1_237' title='bbox 1930 1646 1978 1687; x_wconf 88' lang='lat' dir='ltr'>et</span> <span class='ocrx_word' id='word_1_238' title='bbox 1989 1644 2131 1686; x_wconf 83' lang='lat' dir='ltr'>Joan-</span> 
     </span>
     <span class='ocr_line' id='line_1_25' title="bbox 233 1705 2133 1763; baseline 0.001 -16"><span class='ocrx_word' id='word_1_239' title='bbox 233 1715 336 1759; x_wconf 89' lang='lat' dir='ltr'>nes,</span> <span class='ocrx_word' id='word_1_240' title='bbox 361 1705 652 1761; x_wconf 79' lang='lat' dir='ltr'>imponebant</span> <span class='ocrx_word' id='word_1_241' title='bbox 670 1718 831 1749; x_wconf 78' lang='lat' dir='ltr'>manus</span> <span class='ocrx_word' id='word_1_242' title='bbox 848 1718 985 1761; x_wconf 85' lang='lat' dir='ltr'>super</span> <span class='ocrx_word' id='word_1_243' title='bbox 1006 1706 1124 1762; x_wconf 77' lang='lat' dir='ltr'>illoS,</span> <span class='ocrx_word' id='word_1_244' title='bbox 1146 1709 1192 1750; x_wconf 88' lang='lat' dir='ltr'>et</span> <span class='ocrx_word' id='word_1_245' title='bbox 1213 1707 1499 1763; x_wconf 78' lang='lat' dir='ltr'>accipiebant</span> <span class='ocrx_word' id='word_1_246' title='bbox 1522 1709 1746 1762; x_wconf 78' lang='lat' dir='ltr'>Spiritum</span> <span class='ocrx_word' id='word_1_247' title='bbox 1766 1709 1989 1749; x_wconf 73' lang='lat' dir='ltr'>sanctum.</span> <span class='ocrx_word' id='word_1_248' title='bbox 2012 1706 2133 1760; x_wconf 87' lang='lat' dir='ltr'>Ergo</span> 
     </span>
     <span class='ocr_line' id='line_1_26' title="bbox 231 1765 2132 1824; baseline 0 -14"><span class='ocrx_word' id='word_1_249' title='bbox 231 1765 417 1811; x_wconf 88' lang='lat' dir='ltr'>videtur</span> <span class='ocrx_word' id='word_1_250' title='bbox 467 1766 593 1823; x_wconf 82' lang='lat' dir='ltr'>quod</span> <span class='ocrx_word' id='word_1_251' title='bbox 640 1766 858 1823; x_wconf 88' lang='lat' dir='ltr'>baptizati</span> <span class='ocrx_word' id='word_1_252' title='bbox 900 1766 930 1810; x_wconf 79' lang='lat' dir='ltr'>a</span> <span class='ocrx_word' id='word_1_253' title='bbox 968 1769 1144 1811; x_wconf 89' lang='lat' dir='ltr'>Joanne</span> <span class='ocrx_word' id='word_1_254' title='bbox 1193 1779 1289 1811; x_wconf 90' lang='lat' dir='ltr'>non</span> <span class='ocrx_word' id='word_1_255' title='bbox 1334 1767 1583 1813; x_wconf 88' lang='lat' dir='ltr'>debuerint</span> <span class='ocrx_word' id='word_1_256' title='bbox 1630 1766 1854 1824; x_wconf 83' lang='lat' dir='ltr'>baptizari</span> <span class='ocrx_word' id='word_1_257' title='bbox 1901 1765 2132 1823; x_wconf 90' lang='lat' dir='ltr'>baptismo</span> 
     </span>
     <span class='ocr_line' id='line_1_27' title="bbox 233 1827 413 1872; baseline -0.006 -1"><span class='ocrx_word' id='word_1_258' title='bbox 233 1827 413 1872; x_wconf 88' lang='lat' dir='ltr'>Christi.</span> 
     </span>
    </p>

    <p class='ocr_par' dir='ltr' id='par_1_7' title="bbox 231 1889 2133 2196">
     <span class='ocr_line' id='line_1_28' title="bbox 287 1889 2130 1948; baseline 0.002 -16"><span class='ocrx_word' id='word_1_259' title='bbox 287 1892 331 1934; x_wconf 79' lang='lat'>2.</span> <span class='ocrx_word' id='word_1_260' title='bbox 357 1892 598 1947; x_wconf 81' lang='lat' dir='ltr'>Praeterea,</span> <span class='ocrx_word' id='word_1_261' title='bbox 620 1889 818 1946; x_wconf 88' lang='lat' dir='ltr'>apostoli</span> <span class='ocrx_word' id='word_1_262' title='bbox 845 1889 1038 1935; x_wconf 85' lang='lat' dir='ltr'>fuerunt</span> <span class='ocrx_word' id='word_1_263' title='bbox 1058 1890 1277 1947; x_wconf 88' lang='lat' dir='ltr'>baptizati</span> <span class='ocrx_word' id='word_1_264' title='bbox 1302 1891 1539 1948; x_wconf 88' lang='lat' dir='ltr'>baptismo</span> <span class='ocrx_word' id='word_1_265' title='bbox 1555 1889 1776 1936; x_wconf 74' lang='lat' dir='ltr'>loannis:</span> <span class='ocrx_word' id='word_1_266' title='bbox 1795 1892 1986 1935; x_wconf 83' lang='lat' dir='ltr'>fuerunt</span> <span class='ocrx_word' id='word_1_267' title='bbox 2005 1890 2130 1936; x_wconf 86' lang='lat' dir='ltr'>enim</span> 
     </span>
     <span class='ocr_line' id='line_1_29' title="bbox 232 1951 2133 2011; baseline 0 -16"><span class='ocrx_word' id='word_1_268' title='bbox 232 1951 424 2008; x_wconf 91' lang='lat' dir='ltr'>quidam</span> <span class='ocrx_word' id='word_1_269' title='bbox 445 1963 610 1996; x_wconf 88' lang='lat' dir='ltr'>eorum</span> <span class='ocrx_word' id='word_1_270' title='bbox 629 1951 845 2008; x_wconf 87' lang='lat' dir='ltr'>discipuli</span> <span class='ocrx_word' id='word_1_271' title='bbox 862 1953 1071 2010; x_wconf 71' lang='lat' dir='ltr'>loannis,</span> <span class='ocrx_word' id='word_1_272' title='bbox 1092 1958 1145 1998; x_wconf 89' lang='lat' dir='ltr'>ut</span> <span class='ocrx_word' id='word_1_273' title='bbox 1164 1958 1291 2010; x_wconf 89' lang='lat' dir='ltr'>patet</span> <span class='ocrx_word' id='word_1_274' title='bbox 1307 1955 1454 2008; x_wconf 86' lang='lat' dir='ltr'>(Joan.</span> <span class='ocrx_word' id='word_1_275' title='bbox 1479 1955 1525 2009; x_wconf 88' lang='lat'>1).</span> <span class='ocrx_word' id='word_1_276' title='bbox 1545 1953 1632 1999; x_wconf 87' lang='lat' dir='ltr'>Sed</span> <span class='ocrx_word' id='word_1_277' title='bbox 1646 1954 1842 2011; x_wconf 88' lang='lat' dir='ltr'>apostoli</span> <span class='ocrx_word' id='word_1_278' title='bbox 1856 1964 1946 1998; x_wconf 90' lang='lat' dir='ltr'>non</span> <span class='ocrx_word' id='word_1_279' title='bbox 1970 1952 2133 1997; x_wconf 81' lang='lat' dir='ltr'>viden-</span> 
     </span>
     <span class='ocr_line' id='line_1_30' title="bbox 232 2013 2128 2072; baseline 0.002 -14"><span class='ocrx_word' id='word_1_280' title='bbox 232 2019 308 2058; x_wconf 91' lang='lat' dir='ltr'>tur</span> <span class='ocrx_word' id='word_1_281' title='bbox 326 2026 431 2058; x_wconf 88' lang='lat' dir='ltr'>esse</span> <span class='ocrx_word' id='word_1_282' title='bbox 454 2013 674 2071; x_wconf 86' lang='lat' dir='ltr'>baptizati</span> <span class='ocrx_word' id='word_1_283' title='bbox 696 2014 930 2070; x_wconf 88' lang='lat' dir='ltr'>baptismo</span> <span class='ocrx_word' id='word_1_284' title='bbox 947 2016 1142 2061; x_wconf 83' lang='lat' dir='ltr'>Christi:</span> <span class='ocrx_word' id='word_1_285' title='bbox 1171 2017 1341 2061; x_wconf 86' lang='lat' dir='ltr'>dicitur</span> <span class='ocrx_word' id='word_1_286' title='bbox 1361 2017 1489 2061; x_wconf 88' lang='lat' dir='ltr'>enim</span> <span class='ocrx_word' id='word_1_287' title='bbox 1513 2018 1744 2072; x_wconf 85' lang='lat' dir='ltr'>(Joan.1v‚</span> <span class='ocrx_word' id='word_1_288' title='bbox 1766 2016 1827 2070; x_wconf 76' lang='lat'>2),</span> <span class='ocrx_word' id='word_1_289' title='bbox 1852 2017 1979 2072; x_wconf 70' lang='lat' dir='ltr'>qued</span> <span class='ocrx_word' id='word_1_290' title='bbox 2010 2021 2128 2062; x_wconf 73' lang='lat' dir='ltr'>Jesns</span> 
     </span>
     <span class='ocr_line' id='line_1_31' title="bbox 232 2076 2130 2135; baseline 0.002 -17"><span class='ocrx_word' id='word_1_291' title='bbox 232 2090 321 2118; x_wconf 89' lang='lat' dir='ltr'>non</span> <span class='ocrx_word' id='word_1_292' title='bbox 342 2077 620 2132; x_wconf 81' lang='lat' dir='ltr'>baptizabat,</span> <span class='ocrx_word' id='word_1_293' title='bbox 647 2076 729 2120; x_wconf 84' lang='lat' dir='ltr'>sed</span> <span class='ocrx_word' id='word_1_294' title='bbox 762 2077 981 2134; x_wconf 73' lang='lat' dir='ltr'>discipuli</span> <span class='ocrx_word' id='word_1_295' title='bbox 997 2091 1108 2133; x_wconf 65' lang='lat' dir='ltr'>ejus</span> <span class='ocrx_word' id='word_1_296' title='bbox 1139 2081 1259 2134; x_wconf 85' lang='lat' dir='ltr'>Ergo</span> <span class='ocrx_word' id='word_1_297' title='bbox 1289 2078 1471 2124; x_wconf 89' lang='lat' dir='ltr'>videtur</span> <span class='ocrx_word' id='word_1_298' title='bbox 1494 2077 1622 2135; x_wconf 82' lang='lat' dir='ltr'>quod</span> <span class='ocrx_word' id='word_1_299' title='bbox 1655 2077 1875 2134; x_wconf 83' lang='lat' dir='ltr'>baptizati</span> <span class='ocrx_word' id='word_1_300' title='bbox 1899 2077 2130 2135; x_wconf 88' lang='lat' dir='ltr'>baptismo</span> 
     </span>
     <span class='ocr_line' id='line_1_32' title="bbox 231 2138 1657 2196; baseline 0.005 -16"><span class='ocrx_word' id='word_1_301' title='bbox 231 2138 424 2183; x_wconf 86' lang='lat' dir='ltr'>Joannis</span> <span class='ocrx_word' id='word_1_302' title='bbox 447 2151 541 2182; x_wconf 87' lang='lat' dir='ltr'>non</span> <span class='ocrx_word' id='word_1_303' title='bbox 561 2142 696 2183; x_wconf 87' lang='lat' dir='ltr'>erant</span> <span class='ocrx_word' id='word_1_304' title='bbox 714 2138 979 2195; x_wconf 85' lang='lat' dir='ltr'>baptizandi</span> <span class='ocrx_word' id='word_1_305' title='bbox 998 2139 1232 2196; x_wconf 86' lang='lat' dir='ltr'>baptismo</span> <span class='ocrx_word' id='word_1_306' title='bbox 1251 2141 1432 2186; x_wconf 88' lang='lat' dir='ltr'>Christi.</span> <span class='ocrx_word' id='word_1_307' title='bbox 1652 2158 1657 2162; x_wconf 94' lang='lat'>·</span> 
     </span>
    </p>

    <p class='ocr_par' dir='ltr' id='par_1_8' title="bbox 234 2200 2131 2383">
     <span class='ocr_line' id='line_1_33' title="bbox 288 2200 2131 2260; baseline 0.001 -16"><span class='ocrx_word' id='word_1_308' title='bbox 288 2202 331 2244; x_wconf 90' lang='lat'>3.</span> <span class='ocrx_word' id='word_1_309' title='bbox 356 2202 596 2256; x_wconf 86' lang='lat' dir='ltr'>Praeterea,</span> <span class='ocrx_word' id='word_1_310' title='bbox 617 2200 771 2244; x_wconf 89' lang='lat' dir='ltr'>minor</span> <span class='ocrx_word' id='word_1_311' title='bbox 793 2205 865 2245; x_wconf 90' lang='lat' dir='ltr'>est</span> <span class='ocrx_word' id='word_1_312' title='bbox 879 2201 961 2257; x_wconf 89' lang='lat' dir='ltr'>qui</span> <span class='ocrx_word' id='word_1_313' title='bbox 980 2201 1239 2258; x_wconf 89' lang='lat' dir='ltr'>baptizatur</span> <span class='ocrx_word' id='word_1_314' title='bbox 1261 2202 1403 2259; x_wconf 81' lang='lat' dir='ltr'>quam</span> <span class='ocrx_word' id='word_1_315' title='bbox 1424 2202 1507 2260; x_wconf 88' lang='lat' dir='ltr'>qui</span> <span class='ocrx_word' id='word_1_316' title='bbox 1528 2201 1745 2259; x_wconf 88' lang='lat' dir='ltr'>baptizat.</span> <span class='ocrx_word' id='word_1_317' title='bbox 1767 2200 1856 2246; x_wconf 84' lang='lat' dir='ltr'>Sed</span> <span class='ocrx_word' id='word_1_318' title='bbox 1876 2201 1978 2257; x_wconf 89' lang='lat' dir='ltr'>ipse</span> <span class='ocrx_word' id='word_1_319' title='bbox 1994 2204 2131 2246; x_wconf 83' lang='lat' dir='ltr'>Joan-</span> 
     </span>
     <span class='ocr_line' id='line_1_34' title="bbox 234 2261 2128 2321; baseline 0.002 -16"><span class='ocrx_word' id='word_1_320' title='bbox 234 2273 318 2305; x_wconf 90' lang='lat' dir='ltr'>nes</span> <span class='ocrx_word' id='word_1_321' title='bbox 352 2274 447 2305; x_wconf 89' lang='lat' dir='ltr'>non</span> <span class='ocrx_word' id='word_1_322' title='bbox 471 2262 642 2319; x_wconf 84' lang='lat' dir='ltr'>legitur</span> <span class='ocrx_word' id='word_1_323' title='bbox 659 2261 922 2318; x_wconf 87' lang='lat' dir='ltr'>baptizatus</span> <span class='ocrx_word' id='word_1_324' title='bbox 944 2263 1178 2319; x_wconf 89' lang='lat' dir='ltr'>baptismo</span> <span class='ocrx_word' id='word_1_325' title='bbox 1209 2264 1391 2309; x_wconf 84' lang='lat' dir='ltr'>Christi.</span> <span class='ocrx_word' id='word_1_326' title='bbox 1415 2267 1535 2320; x_wconf 86' lang='lat' dir='ltr'>Ergo</span> <span class='ocrx_word' id='word_1_327' title='bbox 1555 2263 1701 2309; x_wconf 79' lang='lat' dir='ltr'>multo</span> <span class='ocrx_word' id='word_1_328' title='bbox 1720 2263 1878 2308; x_wconf 72' lang='lat' dir='ltr'>minsis</span> <span class='ocrx_word' id='word_1_329' title='bbox 1904 2263 1971 2308; x_wconf 88' lang='lat' dir='ltr'>illi</span> <span class='ocrx_word' id='word_1_330' title='bbox 1999 2264 2080 2321; x_wconf 90' lang='lat' dir='ltr'>qui</span> <span class='ocrx_word' id='word_1_331' title='bbox 2103 2264 2128 2308; x_wconf 80' lang='lat' dir='ltr'>a</span> 
     </span>
     <span class='ocr_line' id='line_1_35' title="bbox 234 2322 1537 2383; baseline 0.002 -16"><span class='ocrx_word' id='word_1_332' title='bbox 234 2325 407 2368; x_wconf 76' lang='lat' dir='ltr'>Ioanne</span> <span class='ocrx_word' id='word_1_333' title='bbox 432 2322 787 2378; x_wconf 86' lang='lat' dir='ltr'>baptizabantur</span> <span class='ocrx_word' id='word_1_334' title='bbox 807 2324 1084 2380; x_wconf 87' lang='lat' dir='ltr'>indigebant</span> <span class='ocrx_word' id='word_1_335' title='bbox 1104 2325 1337 2383; x_wconf 88' lang='lat' dir='ltr'>baptismo</span> <span class='ocrx_word' id='word_1_336' title='bbox 1356 2326 1537 2372; x_wconf 89' lang='lat' dir='ltr'>Christi</span> 
     </span>
    </p>

    <p class='ocr_par' dir='ltr' id='par_1_9' title="bbox 231 2386 2132 3112">
     <span class='ocr_line' id='line_1_36' title="bbox 288 2386 2130 2444; baseline 0.001 -15"><span class='ocrx_word' id='word_1_337' title='bbox 288 2388 333 2429; x_wconf 93' lang='grc'>4.</span> <span class='ocrx_word' id='word_1_338' title='bbox 360 2387 587 2430; x_wconf 82' lang='lat' dir='ltr'>Praeterea</span> <span class='ocrx_word' id='word_1_339' title='bbox 610 2387 722 2439; x_wconf 86' lang='lat' dir='ltr'>(Act.</span> <span class='ocrx_word' id='word_1_340' title='bbox 744 2398 829 2441; x_wconf 78' lang='lat' dir='ltr'>xix,</span> <span class='ocrx_word' id='word_1_341' title='bbox 852 2386 915 2442; x_wconf 86' lang='lat'>1),</span> <span class='ocrx_word' id='word_1_342' title='bbox 931 2386 1116 2443; x_wconf 87' lang='lat' dir='ltr'>dicitur,</span> <span class='ocrx_word' id='word_1_343' title='bbox 1141 2388 1267 2444; x_wconf 84' lang='lat' dir='ltr'>quod</span> <span class='ocrx_word' id='word_1_344' title='bbox 1284 2389 1458 2432; x_wconf 79' lang='lat' dir='ltr'>Paulus</span> <span class='ocrx_word' id='word_1_345' title='bbox 1488 2389 1658 2431; x_wconf 84' lang='lat' dir='ltr'>invenit</span> <span class='ocrx_word' id='word_1_346' title='bbox 1677 2387 1895 2443; x_wconf 84' lang='lat' dir='ltr'>quosdam</span> <span class='ocrx_word' id='word_1_347' title='bbox 1914 2388 1971 2430; x_wconf 91' lang='lat' dir='ltr'>de</span> <span class='ocrx_word' id='word_1_348' title='bbox 1989 2387 2130 2430; x_wconf 77' lang='lat' dir='ltr'>disci-</span> 
     </span>
     <span class='ocr_line' id='line_1_37' title="bbox 232 2447 2130 2509; baseline 0.001 -20"><span class='ocrx_word' id='word_1_349' title='bbox 232 2447 369 2503; x_wconf 81' lang='lat' dir='ltr'>pulis,</span> <span class='ocrx_word' id='word_1_350' title='bbox 395 2449 603 2502; x_wconf 76' lang='lat' dir='ltr'>dixitque</span> <span class='ocrx_word' id='word_1_351' title='bbox 623 2448 688 2490; x_wconf 84' lang='lat' dir='ltr'>ad</span> <span class='ocrx_word' id='word_1_352' title='bbox 719 2460 823 2490; x_wconf 84' lang='lat' dir='ltr'>eos:</span> <span class='ocrx_word' id='word_1_353' title='bbox 845 2449 896 2491; x_wconf 86' lang='lat' dir='ltr'>Si</span> <span class='ocrx_word' id='word_1_354' title='bbox 916 2450 1140 2504; x_wconf 83' lang='lat' dir='ltr'>Spiritum</span> <span class='ocrx_word' id='word_1_355' title='bbox 1161 2454 1370 2494; x_wconf 79' lang='lat' dir='ltr'>sanctum</span> <span class='ocrx_word' id='word_1_356' title='bbox 1400 2453 1639 2509; x_wconf 78' lang='lat' dir='ltr'>accepistis</span> <span class='ocrx_word' id='word_1_357' title='bbox 1671 2448 1942 2493; x_wconf 78' lang='lat' dir='ltr'>credentes?</span> <span class='ocrx_word' id='word_1_358' title='bbox 1965 2451 2028 2493; x_wconf 91' lang='lat' dir='ltr'>At</span> <span class='ocrx_word' id='word_1_359' title='bbox 2056 2450 2130 2491; x_wconf 79' lang='lat' dir='ltr'>illi</span> 
     </span>
     <span class='ocr_line' id='line_1_38' title="bbox 233 2509 2130 2568; baseline 0.002 -16"><span class='ocrx_word' id='word_1_360' title='bbox 233 2510 453 2553; x_wconf 76' lang='lat' dir='ltr'>dixerunt</span> <span class='ocrx_word' id='word_1_361' title='bbox 473 2510 537 2551; x_wconf 82' lang='lat' dir='ltr'>ad</span> <span class='ocrx_word' id='word_1_362' title='bbox 559 2522 691 2552; x_wconf 83' lang='lat' dir='ltr'>eum:</span> <span class='ocrx_word' id='word_1_363' title='bbox 711 2509 802 2552; x_wconf 87' lang='lat' dir='ltr'>Sed</span> <span class='ocrx_word' id='word_1_364' title='bbox 820 2522 960 2564; x_wconf 83' lang='lat' dir='ltr'>neque</span> <span class='ocrx_word' id='word_1_365' title='bbox 988 2512 1029 2553; x_wconf 84' lang='lat' dir='ltr'>si</span> <span class='ocrx_word' id='word_1_366' title='bbox 1051 2513 1249 2566; x_wconf 77' lang='lat' dir='ltr'>Spiritus</span> <span class='ocrx_word' id='word_1_367' title='bbox 1279 2515 1465 2555; x_wconf 82' lang='lat' dir='ltr'>sanctus</span> <span class='ocrx_word' id='word_1_368' title='bbox 1497 2514 1580 2568; x_wconf 88' lang='lat' dir='ltr'>est,</span> <span class='ocrx_word' id='word_1_369' title='bbox 1613 2512 1886 2555; x_wconf 83' lang='lat' dir='ltr'>audivimus.</span> <span class='ocrx_word' id='word_1_370' title='bbox 1917 2510 2000 2554; x_wconf 86' lang='lat' dir='ltr'>Ille</span> <span class='ocrx_word' id='word_1_371' title='bbox 2025 2513 2130 2556; x_wconf 77' lang='lat' dir='ltr'>vero</span> 
     </span>
     <span class='ocr_line' id='line_1_39' title="bbox 233 2571 2132 2629; baseline 0.003 -16"><span class='ocrx_word' id='word_1_372' title='bbox 233 2573 334 2614; x_wconf 79' lang='lat' dir='ltr'>ait.-</span> <span class='ocrx_word' id='word_1_373' title='bbox 355 2575 410 2614; x_wconf 84' lang='lat' dir='ltr'>In</span> <span class='ocrx_word' id='word_1_374' title='bbox 428 2584 515 2626; x_wconf 80' lang='lat' dir='ltr'>quo</span> <span class='ocrx_word' id='word_1_375' title='bbox 536 2584 644 2627; x_wconf 77' lang='lat' dir='ltr'>erqo</span> <span class='ocrx_word' id='word_1_376' title='bbox 664 2571 889 2626; x_wconf 77' lang='lat' dir='ltr'>baptizati</span> <span class='ocrx_word' id='word_1_377' title='bbox 918 2573 1024 2614; x_wconf 84' lang='lat' dir='ltr'>estis</span> <span class='ocrx_word' id='word_1_378' title='bbox 1039 2571 1061 2614; x_wconf 62' lang='grc' dir='ltr'><em>ἲ</em></span> <span class='ocrx_word' id='word_1_379' title='bbox 1084 2576 1171 2629; x_wconf 82' lang='lat' dir='ltr'>Qui</span> <span class='ocrx_word' id='word_1_380' title='bbox 1197 2573 1449 2617; x_wconf 80' lang='lat' dir='ltr'>dixerunt:</span> <span class='ocrx_word' id='word_1_381' title='bbox 1470 2577 1526 2617; x_wconf 87' lang='lat' dir='ltr'>In</span> <span class='ocrx_word' id='word_1_382' title='bbox 1553 2577 1744 2617; x_wconf 82' lang='lat' dir='ltr'>Ioannis</span> <span class='ocrx_word' id='word_1_383' title='bbox 1766 2573 2054 2627; x_wconf 84' lang='lat' dir='ltr'>baptismate.</span> <span class='ocrx_word' id='word_1_384' title='bbox 2079 2575 2132 2619; x_wconf 87' lang='lat' dir='ltr'>Et</span> 
     </span>
     <span class='ocr_line' id='line_1_40' title="bbox 231 2632 2127 2690; baseline 0.001 -13"><span class='ocrx_word' id='word_1_385' title='bbox 231 2645 363 2689; x_wconf 80' lang='lat' dir='ltr'>sequi</span> <span class='ocrx_word' id='word_1_386' title='bbox 373 2643 445 2678; x_wconf 86' lang='lat' dir='ltr'>tur</span> <span class='ocrx_word' id='word_1_387' title='bbox 462 2632 587 2689; x_wconf 78' lang='lat' dir='ltr'>quod</span> <span class='ocrx_word' id='word_1_388' title='bbox 611 2633 833 2690; x_wconf 82' lang='lat' dir='ltr'>baptizati</span> <span class='ocrx_word' id='word_1_389' title='bbox 851 2636 959 2676; x_wconf 82' lang='lat' dir='ltr'>sunt</span> <span class='ocrx_word' id='word_1_390' title='bbox 982 2633 1153 2678; x_wconf 77' lang='lat' dir='ltr'>iterum</span> <span class='ocrx_word' id='word_1_391' title='bbox 1179 2638 1228 2678; x_wconf 87' lang='lat' dir='ltr'>in</span> <span class='ocrx_word' id='word_1_392' title='bbox 1246 2638 1425 2679; x_wconf 86' lang='lat' dir='ltr'>nomine</span> <span class='ocrx_word' id='word_1_393' title='bbox 1443 2639 1628 2678; x_wconf 85' lang='lat' dir='ltr'>Domini</span> <span class='ocrx_word' id='word_1_394' title='bbox 1646 2638 1794 2678; x_wconf 83' lang='lat' dir='ltr'>nostri</span> <span class='ocrx_word' id='word_1_395' title='bbox 1811 2638 1918 2677; x_wconf 78' lang='lat' dir='ltr'>Jesu</span> <span class='ocrx_word' id='word_1_396' title='bbox 1941 2634 2127 2679; x_wconf 82' lang='lat' dir='ltr'>Christi.</span> 
     </span>
     <span class='ocr_line' id='line_1_41' title="bbox 233 2693 2130 2753; baseline 0.002 -14"><span class='ocrx_word' id='word_1_397' title='bbox 233 2695 306 2739; x_wconf 88' lang='lat' dir='ltr'>Sic</span> <span class='ocrx_word' id='word_1_398' title='bbox 323 2707 436 2751; x_wconf 83' lang='lat' dir='ltr'>ergo</span> <span class='ocrx_word' id='word_1_399' title='bbox 450 2694 635 2739; x_wconf 82' lang='lat' dir='ltr'>videtur</span> <span class='ocrx_word' id='word_1_400' title='bbox 657 2695 782 2752; x_wconf 80' lang='lat' dir='ltr'>quod</span> <span class='ocrx_word' id='word_1_401' title='bbox 797 2693 908 2751; x_wconf 89' lang='lat' dir='ltr'>quia</span> <span class='ocrx_word' id='word_1_402' title='bbox 927 2707 1030 2739; x_wconf 89' lang='lat' dir='ltr'>esse</span> <span class='ocrx_word' id='word_1_403' title='bbox 1051 2696 1270 2752; x_wconf 88' lang='lat' dir='ltr'>Spiritum</span> <span class='ocrx_word' id='word_1_404' title='bbox 1285 2702 1503 2742; x_wconf 90' lang='lat' dir='ltr'>sanctum</span> <span class='ocrx_word' id='word_1_405' title='bbox 1526 2697 1812 2750; x_wconf 79' lang='lat' dir='ltr'>nesciebant,</span> <span class='ocrx_word' id='word_1_406' title='bbox 1833 2697 2038 2753; x_wconf 87' lang='lat' dir='ltr'>oportuit</span> <span class='ocrx_word' id='word_1_407' title='bbox 2050 2709 2130 2742; x_wconf 82' lang='lat' dir='ltr'>eos</span> 
     </span>
     <span class='ocr_line' id='line_1_42' title="bbox 233 2756 2127 2816; baseline 0 -15"><span class='ocrx_word' id='word_1_408' title='bbox 233 2758 401 2801; x_wconf 79' lang='lat' dir='ltr'>iterum</span> <span class='ocrx_word' id='word_1_409' title='bbox 427 2756 666 2814; x_wconf 85' lang='lat' dir='ltr'>baptizari,</span> <span class='ocrx_word' id='word_1_410' title='bbox 692 2756 815 2801; x_wconf 89' lang='lat' dir='ltr'>sicut</span> <span class='ocrx_word' id='word_1_411' title='bbox 832 2756 1144 2814; x_wconf 83' lang='lat' dir='ltr'>Hieronymus</span> <span class='ocrx_word' id='word_1_412' title='bbox 1160 2758 1272 2803; x_wconf 90' lang='lat' dir='ltr'>dicit</span> <span class='ocrx_word' id='word_1_413' title='bbox 1295 2771 1437 2816; x_wconf 87' lang='lat' dir='ltr'>super</span> <span class='ocrx_word' id='word_1_414' title='bbox 1458 2760 1631 2804; x_wconf 85' lang='lat' dir='ltr'>Joelem</span> <span class='ocrx_word' id='word_1_415' title='bbox 1656 2761 1777 2815; x_wconf 88' lang='lat' dir='ltr'>(sup.</span> <span class='ocrx_word' id='word_1_416' title='bbox 1807 2757 1924 2802; x_wconf 89' lang='lat' dir='ltr'>illud</span> <span class='ocrx_word' id='word_1_417' title='bbox 1952 2771 2053 2815; x_wconf 88' lang='lat' dir='ltr'>cap.</span> <span class='ocrx_word' id='word_1_418' title='bbox 2074 2761 2127 2804; x_wconf 86' lang='lat'>3:</span> 
     </span>
     <span class='ocr_line' id='line_1_43' title="bbox 233 2819 2128 2876; baseline 0.002 -14"><span class='ocrx_word' id='word_1_419' title='bbox 233 2821 483 2875; x_wconf 73' lang='lat' dir='ltr'>Effundam</span> <span class='ocrx_word' id='word_1_420' title='bbox 503 2820 561 2862; x_wconf 89' lang='lat' dir='ltr'>de</span> <span class='ocrx_word' id='word_1_421' title='bbox 583 2822 759 2876; x_wconf 80' lang='lat' dir='ltr'>Spiritu</span> <span class='ocrx_word' id='word_1_422' title='bbox 779 2832 905 2875; x_wconf 84' lang='lat' dir='ltr'>meo‚·</span> <span class='ocrx_word' id='word_1_423' title='bbox 924 2823 971 2863; x_wconf 88' lang='lat' dir='ltr'>et</span> <span class='ocrx_word' id='word_1_424' title='bbox 989 2819 1035 2863; x_wconf 93' lang='lat' dir='ltr'>in</span> <span class='ocrx_word' id='word_1_425' title='bbox 1061 2821 1197 2876; x_wconf 88' lang='lat' dir='ltr'>epist.</span> <span class='ocrx_word' id='word_1_426' title='bbox 1224 2821 1282 2866; x_wconf 91' lang='lat' dir='ltr'>de</span> <span class='ocrx_word' id='word_1_427' title='bbox 1302 2822 1405 2866; x_wconf 87' lang='lat' dir='ltr'>Viro</span> <span class='ocrx_word' id='word_1_428' title='bbox 1425 2821 1567 2867; x_wconf 90' lang='lat' dir='ltr'>unius</span> <span class='ocrx_word' id='word_1_429' title='bbox 1584 2821 1760 2873; x_wconf 89' lang='lat' dir='ltr'>uxoris,</span> <span class='ocrx_word' id='word_1_430' title='bbox 1786 2823 1857 2876; x_wconf 82' lang='lat'>83,</span> <span class='ocrx_word' id='word_1_431' title='bbox 1881 2820 1940 2864; x_wconf 88' lang='lat' dir='ltr'>ad</span> <span class='ocrx_word' id='word_1_432' title='bbox 1962 2822 2128 2866; x_wconf 89' lang='lat' dir='ltr'>Ocean.</span> 
     </span>
     <span class='ocr_line' id='line_1_44' title="bbox 232 2880 2126 2940; baseline 0 -15"><span class='ocrx_word' id='word_1_433' title='bbox 232 2894 335 2937; x_wconf 87' lang='lat' dir='ltr'>cap.</span> <span class='ocrx_word' id='word_1_434' title='bbox 359 2883 403 2938; x_wconf 88' lang='lat'>3,</span> <span class='ocrx_word' id='word_1_435' title='bbox 439 2880 466 2924; x_wconf 80' lang='lat' dir='ltr'>a</span> <span class='ocrx_word' id='word_1_436' title='bbox 482 2880 639 2935; x_wconf 84' lang='lat' dir='ltr'>med.),</span> <span class='ocrx_word' id='word_1_437' title='bbox 665 2885 712 2924; x_wconf 86' lang='lat' dir='ltr'>et</span> <span class='ocrx_word' id='word_1_438' title='bbox 728 2880 1000 2924; x_wconf 89' lang='lat' dir='ltr'>Ambrosius</span> <span class='ocrx_word' id='word_1_439' title='bbox 1025 2881 1133 2926; x_wconf 89' lang='lat' dir='ltr'>dicit</span> <span class='ocrx_word' id='word_1_440' title='bbox 1151 2883 1166 2936; x_wconf 87' lang='lat'>(</span> <span class='ocrx_word' id='word_1_441' title='bbox 1178 2885 1239 2927; x_wconf 92' lang='lat' dir='ltr'>De</span> <span class='ocrx_word' id='word_1_442' title='bbox 1259 2883 1429 2939; x_wconf 91' lang='lat' dir='ltr'>Spiritu</span> <span class='ocrx_word' id='word_1_443' title='bbox 1451 2889 1631 2939; x_wconf 88' lang='lat' dir='ltr'>sancto,</span> <span class='ocrx_word' id='word_1_444' title='bbox 1658 2883 1735 2927; x_wconf 90' lang='lat' dir='ltr'>lib.</span> <span class='ocrx_word' id='word_1_445' title='bbox 1759 2896 1790 2940; x_wconf 86' lang='lat'>1,</span> <span class='ocrx_word' id='word_1_446' title='bbox 1821 2894 1924 2938; x_wconf 86' lang='lat' dir='ltr'>cap.</span> <span class='ocrx_word' id='word_1_447' title='bbox 1956 2884 1998 2938; x_wconf 83' lang='lat'>3,</span> <span class='ocrx_word' id='word_1_448' title='bbox 2018 2882 2126 2927; x_wconf 91' lang='lat' dir='ltr'>circ.</span> 
     </span>
     <span class='ocr_line' id='line_1_45' title="bbox 232 2943 2128 3003; baseline 0.002 -17"><span class='ocrx_word' id='word_1_449' title='bbox 232 2944 415 2999; x_wconf 88' lang='lat' dir='ltr'>p1·inc.).</span> <span class='ocrx_word' id='word_1_450' title='bbox 453 2943 542 2988; x_wconf 93' lang='lat' dir='ltr'>Sed</span> <span class='ocrx_word' id='word_1_451' title='bbox 579 2943 771 2999; x_wconf 89' lang='lat' dir='ltr'>quidam</span> <span class='ocrx_word' id='word_1_452' title='bbox 809 2943 1001 2987; x_wconf 85' lang='lat' dir='ltr'>fuerunt</span> <span class='ocrx_word' id='word_1_453' title='bbox 1032 2943 1248 3000; x_wconf 85' lang='lat' dir='ltr'>baptizati</span> <span class='ocrx_word' id='word_1_454' title='bbox 1279 2945 1512 3003; x_wconf 89' lang='lat' dir='ltr'>baptismo</span> <span class='ocrx_word' id='word_1_455' title='bbox 1535 2944 1744 3002; x_wconf 74' lang='lat' dir='ltr'>Ioannis,</span> <span class='ocrx_word' id='word_1_456' title='bbox 1785 2944 1865 3001; x_wconf 91' lang='lat' dir='ltr'>qui</span> <span class='ocrx_word' id='word_1_457' title='bbox 1896 2943 2128 2989; x_wconf 86' lang='lat' dir='ltr'>habebant</span> 
     </span>
     <span class='ocr_line' id='line_1_46' title="bbox 233 3004 2128 3065; baseline 0.002 -17"><span class='ocrx_word' id='word_1_458' title='bbox 233 3005 421 3060; x_wconf 89' lang='lat' dir='ltr'>plenam</span> <span class='ocrx_word' id='word_1_459' title='bbox 445 3004 657 3050; x_wconf 88' lang='lat' dir='ltr'>notitiam</span> <span class='ocrx_word' id='word_1_460' title='bbox 691 3004 939 3049; x_wconf 88' lang='lat' dir='ltr'>Trinitatis.</span> <span class='ocrx_word' id='word_1_461' title='bbox 977 3006 1096 3062; x_wconf 84' lang='lat' dir='ltr'>Ergo</span> <span class='ocrx_word' id='word_1_462' title='bbox 1119 3018 1215 3050; x_wconf 89' lang='lat' dir='ltr'>non</span> <span class='ocrx_word' id='word_1_463' title='bbox 1245 3013 1380 3052; x_wconf 90' lang='lat' dir='ltr'>erant</span> <span class='ocrx_word' id='word_1_464' title='bbox 1405 3007 1671 3065; x_wconf 90' lang='lat' dir='ltr'>baptizandi</span> <span class='ocrx_word' id='word_1_465' title='bbox 1701 3007 1869 3051; x_wconf 80' lang='lat' dir='ltr'>iterum</span> <span class='ocrx_word' id='word_1_466' title='bbox 1902 3006 2128 3062; x_wconf 84' lang='lat' dir='ltr'>baptismo</span> 
     </span>
     <span class='ocr_line' id='line_1_47' title="bbox 231 3067 411 3112; baseline 0.006 -1"><span class='ocrx_word' id='word_1_467' title='bbox 231 3067 411 3112; x_wconf 87' lang='lat' dir='ltr'>Christi.</span> 
     </span>
    </p>

    <p class='ocr_par' dir='ltr' id='par_1_10' title="bbox 232 3128 2128 3248">
     <span class='ocr_line' id='line_1_48' title="bbox 287 3128 2128 3187; baseline 0 -13"><span class='ocrx_word' id='word_1_468' title='bbox 287 3132 330 3174; x_wconf 79' lang='lat'>5.</span> <span class='ocrx_word' id='word_1_469' title='bbox 351 3132 576 3174; x_wconf 85' lang='lat' dir='ltr'>Praeterea</span> <span class='ocrx_word' id='word_1_470' title='bbox 597 3133 739 3182; x_wconf 84' lang='lat' dir='ltr'>(Rom.</span> <span class='ocrx_word' id='word_1_471' title='bbox 760 3143 804 3182; x_wconf 73' lang='lat' dir='ltr'>x,</span> <span class='ocrx_word' id='word_1_472' title='bbox 825 3142 930 3186; x_wconf 80' lang='lat' dir='ltr'>sup.</span> <span class='ocrx_word' id='word_1_473' title='bbox 953 3128 1096 3174; x_wconf 87' lang='lat' dir='ltr'>illud:</span> <span class='ocrx_word' id='word_1_474' title='bbox 1117 3134 1213 3174; x_wconf 90' lang='lat' dir='ltr'>Hoc</span> <span class='ocrx_word' id='word_1_475' title='bbox 1235 3136 1302 3176; x_wconf 87' lang='lat' dir='ltr'>est</span> <span class='ocrx_word' id='word_1_476' title='bbox 1322 3134 1507 3177; x_wconf 83' lang='lat' dir='ltr'>verbum</span> <span class='ocrx_word' id='word_1_477' title='bbox 1522 3133 1631 3187; x_wconf 86' lang='lat' dir='ltr'>fidei</span> <span class='ocrx_word' id='word_1_478' title='bbox 1651 3132 1770 3187; x_wconf 82' lang='lat' dir='ltr'>quod</span> <span class='ocrx_word' id='word_1_479' title='bbox 1787 3130 2128 3187; x_wconf 68' lang='lat' dir='ltr'>praedicamus),</span> 
     </span>
     <span class='ocr_line' id='line_1_49' title="bbox 232 3190 2128 3248; baseline 0.001 -15"><span class='ocrx_word' id='word_1_480' title='bbox 232 3190 343 3234; x_wconf 89' lang='lat' dir='ltr'>dicit</span> <span class='ocrx_word' id='word_1_481' title='bbox 377 3190 479 3234; x_wconf 86' lang='lat' dir='ltr'>Glos</span> <span class='ocrx_word' id='word_1_482' title='bbox 458 3203 535 3234; x_wconf 51' lang='lat' dir='ltr'>ssa</span> <span class='ocrx_word' id='word_1_483' title='bbox 557 3191 803 3246; x_wconf 81' lang='lat' dir='ltr'>Augustini</span> <span class='ocrx_word' id='word_1_484' title='bbox 824 3192 960 3247; x_wconf 85' lang='lat' dir='ltr'>(ord.,</span> <span class='ocrx_word' id='word_1_485' title='bbox 989 3197 1121 3236; x_wconf 87' lang='lat' dir='ltr'>tract.</span> <span class='ocrx_word' id='word_1_486' title='bbox 1158 3195 1212 3237; x_wconf 90' lang='lat'>80</span> <span class='ocrx_word' id='word_1_487' title='bbox 1242 3193 1291 3238; x_wconf 91' lang='lat' dir='ltr'>in</span> <span class='ocrx_word' id='word_1_488' title='bbox 1325 3197 1456 3239; x_wconf 85' lang='lat' dir='ltr'>Joan.</span> <span class='ocrx_word' id='word_1_489' title='bbox 1492 3195 1520 3238; x_wconf 75' lang='lat' dir='ltr'>a</span> <span class='ocrx_word' id='word_1_490' title='bbox 1541 3194 1710 3248; x_wconf 89' lang='lat' dir='ltr'>med.):</span> <span class='ocrx_word' id='word_1_491' title='bbox 1739 3210 1759 3231; x_wconf 78' lang='grc' dir='ltr'><strong>κ</strong></span> <span class='ocrx_word' id='word_1_492' title='bbox 1786 3192 1913 3237; x_wconf 89' lang='lat' dir='ltr'>Unde</span> <span class='ocrx_word' id='word_1_493' title='bbox 1942 3197 2014 3237; x_wconf 86' lang='lat' dir='ltr'>est</span> <span class='ocrx_word' id='word_1_494' title='bbox 2044 3193 2128 3236; x_wconf 80' lang='lat' dir='ltr'>ista</span> 
     </span>
    </p>
   </div>
   <div class='ocr_carea' id='block_1_3' title="bbox 234 3298 2128 3439">
    <p class='ocr_par' dir='ltr' id='par_1_11' title="bbox 234 3298 2128 3437">
     <span class='ocr_line' id='line_1_50' title="bbox 272 3298 2128 3346; baseline -0.003 -5"><span class='ocrx_word' id='word_1_495' title='bbox 272 3298 628 3342; x_wconf 61' lang='grc' dir='ltr'>(1)Ῡθ1511111111111111111</span> <span class='ocrx_word' id='word_1_496' title='bbox 655 3305 743 3334; x_wconf 74' lang='grc'>0515</span> <span class='ocrx_word' id='word_1_497' title='bbox 745 3301 835 3335; x_wconf 82' lang='grc'>0111111</span> <span class='ocrx_word' id='word_1_498' title='bbox 862 3302 920 3336; x_wconf 82' lang='grc'>100</span> <span class='ocrx_word' id='word_1_499' title='bbox 951 3300 1138 3341; x_wconf 80' lang='grc'>11011110101)·</span> <span class='ocrx_word' id='word_1_500' title='bbox 1266 3303 1310 3346; x_wconf 85' lang='grc'>(2)</span> <span class='ocrx_word' id='word_1_501' title='bbox 1328 3304 1542 3340; x_wconf 73' lang='lat' dir='ltr'>Affirmative</span> <span class='ocrx_word' id='word_1_502' title='bbox 1567 3302 1750 3343; x_wconf 63' lang='lat' dir='ltr'>respondet</span> <span class='ocrx_word' id='word_1_503' title='bbox 1777 3302 1813 3336; x_wconf 80' lang='lat' dir='ltr'>S.</span> <span class='ocrx_word' id='word_1_504' title='bbox 1844 3301 1981 3341; x_wconf 84' lang='lat' dir='ltr'>Doctor,</span> <span class='ocrx_word' id='word_1_505' title='bbox 1999 3305 2033 3334; x_wconf 76' lang='lat' dir='ltr'>et</span> <span class='ocrx_word' id='word_1_506' title='bbox 2063 3300 2128 3335; x_wconf 81' lang='lat' dir='ltr'>hoec</span> 
     </span>
     <span class='ocr_line' id='line_1_51' title="bbox 234 3313 1561 3402; baseline -0.001 -15"><span class='ocrx_word' id='word_1_507' title='bbox 234 3348 255 3381; x_wconf 79' lang='lat' dir='ltr'>ti</span> <span class='ocrx_word' id='word_1_508' title='bbox 260 3359 328 3382; x_wconf 81' lang='lat' dir='ltr'>zass</span> <span class='ocrx_word' id='word_1_509' title='bbox 330 3352 442 3381; x_wconf 83' lang='lat' dir='ltr'>eetn</span> <span class='ocrx_word' id='word_1_510' title='bbox 424 3359 490 3380; x_wconf 80' lang='lat' dir='ltr'>non</span> <span class='ocrx_word' id='word_1_511' title='bbox 514 3352 587 3387; x_wconf 79' lang='lat' dir='ltr'>ejus</span> <span class='ocrx_word' id='word_1_512' title='bbox 612 3347 662 3402; x_wconf 71' lang='grc'>«115</span> <span class='ocrx_word' id='word_1_513' title='bbox 664 3348 804 3388; x_wconf 84' lang='grc'>95515,</span> <span class='ocrx_word' id='word_1_514' title='bbox 822 3361 869 3390; x_wconf 83' lang='lat' dir='ltr'>qu</span> <span class='ocrx_word' id='word_1_515' title='bbox 874 3349 931 3382; x_wconf 73' lang='lat'>&#39;¹¹³</span> <span class='ocrx_word' id='word_1_516' title='bbox 924 3348 980 3383; x_wconf 78' lang='lat' dir='ltr'>ille</span> <span class='ocrx_word' id='word_1_517' title='bbox 1005 3313 1045 3381; x_wconf 75' lang='grc'>115</span> <span class='ocrx_word' id='word_1_518' title='bbox 1030 3348 1140 3389; x_wconf 64' lang='lat' dir='ltr'>ais-pt</span> <span class='ocrx_word' id='word_1_519' title='bbox 1224 3353 1383 3389; x_wconf 81' lang='lat' dir='ltr'>doctrina</span> <span class='ocrx_word' id='word_1_520' title='bbox 1400 3352 1561 3387; x_wconf 78' lang='lat' dir='ltr'>estfidei.</span> 
     </span>
     <span class='ocr_line' id='line_1_52' title="bbox 243 3396 1140 3439; baseline 0 -8"><span class='ocrx_word' id='word_1_521' title='bbox 243 3409 307 3431; x_wconf 85' lang='lat' dir='ltr'>nsu</span> <span class='ocrx_word' id='word_1_522' title='bbox 324 3401 615 3437; x_wconf 50' lang='lat' dir='ltr'>cratptwaepaat</span> <span class='ocrx_word' id='word_1_523' title='bbox 656 3396 1103 3439; x_wconf 77' lang='lat' dir='ltr'>delrtnetsee</span> <span class='ocrx_word' id='word_1_524' title='bbox 1106 3403 1140 3430; x_wconf 87' lang='lat' dir='ltr'>t</span> 
     </span>
    </p>
   </div>
   <div class='ocr_carea' id='block_1_4' title="bbox 233 3443 786 3485">
    <p class='ocr_par' dir='ltr' id='par_1_12' title="bbox 233 3443 786 3485">
     <span class='ocr_line' id='line_1_53' title="bbox 233 3443 786 3485; baseline 0 -7"><span class='ocrx_word' id='word_1_525' title='bbox 233 3443 665 3485; x_wconf 65' lang='lat' dir='ltr'>nupeolelae</span> <span class='ocrx_word' id='word_1_526' title='bbox 681 3444 786 3478; x_wconf 83' lang='lat' dir='ltr'>·sori.s</span> 
     </span>
    </p>
   </div>
  </div>
 </body>
</html>
