2170 3808
190 180 275 226 506
786 176 983 230 QUAEST.
1009 176 1093 232 Lx,
1124 176 1242 220 ART.
1273 176 1307 218 V
1334 176 1400 220 ΕΤ
1426 177 1493 221 VI.

246 259 519 320 Respondeo
543 257 794 305 dicendum
815 257 941 315 quod
962 257 1010 302 in
1034 269 1125 301 usu
1159 262 1560 303 sacramentorum
1585 258 1679 303 duo
1706 261 1908 315 possunt
1935 260 2089 305 consi-

193 322 362 380 derari,
387 321 565 368 scilicet
594 320 750 366 cultus
772 319 959 365 divinus
979 323 1026 364 et
1060 318 1366 364 sanctificatio
1398 319 1626 376 hominis3
1647 330 1851 377 quorum
1882 319 2089 377 primum

192 383 395 444 pertinet
416 382 476 428 ad
501 380 741 427 hominem
776 394 859 438 per
895 380 1292 438 comparationem
1316 380 1377 425 ad
1403 383 1575 439 Deum3
1601 381 1864 427 secundum
1886 385 2042 427 autem
2063 383 2090 427 e

193 456 421 492 converso
439 443 643 502 pertinet
665 443 724 489 ad
742 446 885 488 Deum
905 455 988 500 per
1007 441 1404 499 comparationem
1421 442 1482 488 ad
1498 443 1751 489 hominem.
1766 444 1867 488 Non
1890 443 2089 500 pertinet

193 511 351 552 autem
372 506 435 551 ad
455 504 660 563 aliquem
683 505 994 550 determinare
1016 503 1134 549 illud
1170 503 1298 561 quod
1334 507 1405 549 est
1428 503 1478 548 in
1499 508 1730 563 potestate
1767 502 1958 550 alterius
1971 537 1985 561 ‚
2007 505 2088 550 sed

193 568 347 613 solum
375 566 424 613 id
453 568 581 625 quod
601 573 674 613 est
696 568 744 612 in
764 581 850 612 sua
871 571 1118 624 potestate.
1140 566 1256 621 Quia
1275 577 1388 623 ergo
1406 566 1709 613 sanctificatio
1731 565 1937 612 hominis
1951 567 2089 612 estin

192 631 422 685 potestate
453 629 533 675 Dei
558 626 909 687 sanctificantiS,
943 641 1039 673 non
1062 628 1266 686 pertinet
1297 627 1358 674 ad
1388 627 1621 675 hominem
1642 641 1728 675 suo
1746 628 1924 686 jndicio
1953 638 2090 674 assu-

192 702 320 737 mere
374 702 452 737 res
494 691 667 750 quibus
705 691 1046 747 sanctificetur;
1088 690 1174 736 sed
1206 691 1296 735 hoc
1330 689 1470 736 debet
1508 701 1613 738 esse
1652 702 1712 737 ex
1754 690 1913 737 divina
1953 690 2089 736 insti-

195 753 375 799 tutione
408 752 785 799 determinatum.
824 753 876 797 Et
906 752 1010 797 ideo
1044 751 1094 796 in
1134 751 1442 797 sacramentis
1470 764 1603 798 novae
1634 752 1769 811 legiS,
1803 751 1977 810 quibus
2007 753 2088 797 ho-

191 814 346 860 mines
378 815 758 871 sanctificantur,
792 815 1054 859 secundum
1085 813 1203 860 illud
1239 816 1295 869 (1.
1330 814 1536 859 Corinth.
1570 828 1630 871 vx,
1663 817 1757 872 11),
1789 813 1937 858 abluti
1966 817 2087 871 estis,

195 877 476 932 sanctificati
508 879 617 921 estis
636 912 648 931 ,
677 881 859 934 oportet
883 876 951 920 uti
979 876 1122 921 rebus
1151 888 1211 921 ex
1241 876 1398 921 divina
1426 875 1718 921 institutione
1752 873 2088 921 determinatis·

247 938 316 984 Ad
337 942 536 995 primum
568 949 680 995 ergo
704 937 973 994 dicendum,
1010 937 1137 996 quod
1172 937 1260 983 etsi
1291 937 1415 983 idem
1444 941 1601 995 potest
1632 950 1715 995 per
1743 936 1928 983 diversa
1955 936 2089 993 signa

195 1001 464 1061 significari,
497 1002 807 1048 determinare
832 1007 991 1047 tamen
1019 1013 1113 1059 quo
1134 1002 1270 1059 signo
1294 1001 1355 1047 sit
1381 1002 1612 1047 utendum
1632 1002 1694 1047 ad
1711 1000 2086 1059 significandum,

193 1065 393 1121 pertinet
411 1064 469 1110 ad
489 1064 845 1122 significantem.
869 1067 990 1109 Deus
1020 1069 1177 1109 autem
1207 1067 1280 1109 est
1300 1063 1379 1121 qui
1409 1063 1545 1108 nobis
1577 1063 1809 1120 significat
1833 1062 2090 1121 spiritualia
2159 1079 2162 1084 ·

193 1137 276 1182 per
294 1138 371 1171 res
393 1125 639 1171 sensibiles
662 1125 710 1170 111
734 1126 1039 1170 sacramentis
1060 1128 1138 1181 (1),
1155 1129 1203 1170 et
1217 1137 1299 1182 per
1319 1124 1464 1170 verba
1477 1123 1852 1170 similitudinaria
1869 1125 1917 1168 in
1937 1122 2090 1181 861111-

195 1188 330 1233 turis,
350 1190 405 1233 Et
427 1187 531 1234 ideo
554 1189 676 1233 sicut
693 1187 870 1245 judicio
894 1188 1090 1244 Spiritus
1113 1188 1263 1233 sancti
1287 1187 1644 1233 determinatum
1668 1190 1741 1232 est
1762 1186 1934 1244 quibus
1958 1186 2090 1232 simi-

193 1249 470 1296 litudinibus
496 1250 544 1295 in
569 1252 708 1295 certis
729 1250 976 1308 Scripturae
994 1250 1109 1295 locis
1126 1261 1204 1295 res
1226 1249 1490 1307 spirituales
1507 1249 1847 1308 significentur,
1867 1249 1933 1294 ita
1950 1249 2090 1294 etiam

195 1312 334 1359 debet
350 1326 456 1360 esse
481 1313 639 1359 divina
656 1313 949 1358 institutione
966 1313 1345 1370 determinatum,
1361 1326 1467 1370 quae
1480 1326 1558 1359 res
1576 1313 1635 1359 ad
1649 1312 2006 1371 significandum
2022 1324 2091 1359 as-

195 1380 443 1422 sumantur
461 1375 511 1421 in
534 1375 622 1421 hoc
641 1375 715 1420 vel
739 1375 787 1419 in
808 1375 885 1420 illo
908 1379 1217 1421 sacramento·

250 1437 318 1484 Ad
340 1439 588 1483 secundum
610 1436 860 1482 dicendum
873 1471 885 1495 ,
910 1437 1037 1493 quod
1054 1450 1130 1482 res
1149 1437 1397 1483 sensibiles
1415 1436 1592 1482 habent
1611 1436 1884 1482 naturaliter
1906 1435 1992 1481 sibi
2015 1435 2088 1481 in-

195 1498 316 1545 ditas
336 1500 535 1545 virtutes
572 1499 867 1544 conferentes
895 1498 954 1543 ad
984 1498 1274 1555 corporalem
1294 1497 1522 1554 salutem3
1554 1502 1601 1543 et
1631 1497 1737 1543 ideo
1767 1510 1864 1542 non
1886 1497 2028 1544 refert
2050 1497 2088 1543 si

194 1561 300 1608 duae
321 1574 484 1607 earum
504 1562 718 1607 eamdem
740 1560 960 1606 virtutem
984 1561 1188 1606 habeant
1208 1562 1301 1619 qua
1324 1559 1431 1617 quis
1455 1563 1644 1616 utatur3
1682 1559 1768 1605 sed
1796 1558 1856 1604 ad
1884 1559 2089 1605 sanctifi-

194 1623 428 1668 cationem
456 1635 551 1668 non
586 1623 863 1667 ordinantur
896 1635 953 1666 ex
987 1622 1144 1679 aliqua
1178 1622 1350 1666 virtute
1382 1621 1470 1666 sibi
1508 1620 1780 1666 naturaliter
1811 1620 1976 1679 indita,
2007 1620 2090 1668 sed

195 1684 348 1730 solum
364 1697 423 1730 ex
445 1684 739 1729 institutione
758 1683 942 1739 divina,
961 1687 1008 1728 et
1022 1682 1126 1729 ideo
1141 1683 1345 1740 oportuit
1360 1682 1585 1729 d1vinitus
1602 1682 1901 1729 determinari
1919 1681 2091 1742 quibus

192 1747 337 1794 rebus
361 1747 662 1794 sensibilibus
694 1747 820 1792 sitin
845 1746 1152 1792 sacramentis
1171 1746 1415 1792 utendum.

249 1810 316 1856 Ad
351 1813 532 1854 tertium
557 1810 824 1868 dicendum,
860 1809 1000 1867 quod,
1037 1809 1159 1854 sicut
1177 1808 1467 1867 Augustinus
1500 1807 1612 1854 dicit
1633 1810 1815 1864 (Contra
1842 1810 2083 1864 Faustum,

195 1872 278 1918 lib.
298 1886 381 1930 xix,
404 1885 507 1930 cap.
527 1875 582 1918 16
601 1877 647 1917 et
666 1873 756 1930 17),
776 1872 959 1918 diversa
979 1876 1272 1917 sacramenta
1286 1871 1482 1917 diversis
1495 1870 1783 1929 temporibus
1799 1874 2091 1929 congruunt3

195 1933 318 1980 sicut
335 1935 475 1980 etiam
494 1933 693 1980 diversis
714 1933 870 1979 verbis
886 1934 1209 1991 significantur
1222 1933 1406 1979 diversa
1425 1937 1650 1990 tempora,
1672 1931 1849 1978 scilicet
1865 1944 2090 1993 praesens,

194 1997 482 2054 praeteritum
505 2000 551 2041 et
569 1996 795 2040 futurum.
819 1998 871 2039 Et
894 1996 997 2040 ideo
1031 1995 1154 2040 sicut
1170 1996 1219 2040 in
1243 1999 1370 2040 statu
1392 1994 1511 2052 legis
1530 1998 1707 2040 naturae
1727 1993 1941 2041 homines
1961 1994 2091 2041 11111Ιὲ

194 2058 300 2116 lege
322 2058 528 2104 exterius
546 2057 667 2114 data,
692 2058 774 2103 sed
800 2058 898 2102 solo
920 2058 1125 2102 interiori
1148 2057 1373 2103 instinctu
1404 2057 1718 2102 movebantur
1742 2057 1803 2102 ad
1834 2059 1978 2102 Deum
2008 2070 2089 2103 co-

195 2120 406 2175 lendum,
428 2121 493 2164 ita
518 2119 660 2165 etiam
679 2132 738 2164 ex
757 2119 962 2163 interiori
987 2120 1213 2165 instinctu
1249 2117 1646 2165 determinabatur
1664 2117 1731 2163 e1s
1755 2118 1926 2176 quibus
1949 2119 2091 2165 rebus

197 2182 499 2227 sensibilibus
524 2182 584 2228 ad
607 2181 686 2226 Dei
705 2182 883 2226 cultum
903 2187 1173 2239 uterentur,
1191 2181 1488 2239 postmodum
1506 2181 1616 2226 vero
1636 2193 1827 2227 necesse
1849 2180 1937 2225 fuit
1951 2180 2090 2226 etiam

197 2245 401 2290 exterius
423 2245 576 2301 legem
598 2244 715 2301 dari,
741 2249 839 2288 tum
865 2250 1054 2301 propter
1072 2244 1448 2290 obscurationem
1471 2243 1589 2301 legis
1607 2248 1786 2289 naturae
1811 2255 1871 2288 ex
1890 2243 2091 2301 peccatis

196 2307 457 2361 hominum,
480 2310 581 2351 tum
600 2306 738 2351 etiam
758 2306 817 2351 ad
837 2306 1176 2363 expressiorem
1218 2304 1608 2363 significationem
1623 2306 1784 2362 gratiae
1804 2306 1986 2363 Christi,
2007 2318 2092 2363 per

198 2380 339 2425 quam
358 2369 621 2412 humanum
644 2379 794 2424 genus
817 2368 1151 2413 sanctificatur.
1171 2371 1226 2413 Et
1243 2368 1347 2414 ideo
1366 2369 1510 2413 etiam
1529 2380 1722 2422 necesse
1739 2367 1827 2413 fuit
1843 2380 1921 2413 res
1942 2367 2091 2413 deter-

196 2431 364 2476 minari
384 2430 557 2488 quibus
571 2429 786 2474 homines
802 2435 1046 2474 uterentur
1064 2431 1111 2474 in
1132 2430 1453 2475 sacramentis.
1469 2433 1561 2476 Nee
1578 2435 1767 2488 propter
1781 2430 1871 2475 hoc
1887 2434 2091 2478 arctatur

201 2491 273 2536 via
293 2491 475 2548 salutis,
495 2490 606 2549 quia
619 2502 695 2535 res
717 2503 916 2548 quarum
937 2504 1054 2535 usus
1076 2492 1369 2537 necessarius
1384 2491 1432 2535 in
1449 2491 1768 2548 sacramentis,
1789 2491 1864 2537 vel
1886 2503 2090 2546 commu÷

199 2554 320 2599 niter
339 2553 590 2609 habentur,
613 2553 688 2597 vel
711 2565 855 2609 parvo
878 2553 1031 2597 studio
1050 2553 1256 2599 adhibito
1273 2553 1431 2598 baberi
1458 2558 1671 2610 possunt.

235 2617 571 2660 &RTICULUS
598 2616 682 2659 vl.
714 2640 767 2646 -
800 2628 936 2659 11111011
966 2628 1007 2658 m
1037 2628 1361 2660 smmmcutonn
1391 2628 1746 2661 smmum-ronna
1776 2628 2062 2666 nnommwn

1012 2690 1147 2720 VERBA
1178 2679 1254 2731 (2).

212 2746 249 2780 ie
268 2745 323 2781 his
346 2745 451 2781 etiam
466 2746 561 2781 Sent.
588 2726 637 2788 111,
654 2744 732 2779 dist.
754 2745 788 2788 t,
805 2748 924 2787 quaest.
941 2754 967 2788 1,
985 2749 1053 2781 art.
1070 2746 1104 2785 2.
1118 2740 1156 2780 et
1171 2746 1250 2781 dist.
1275 2746 1328 2789 45,
1347 2750 1466 2788 quaest.
1492 2754 1517 2786 1,
1541 2747 1606 2780 art.
1620 2743 1655 2785 2,
1673 2745 1872 2787 questiunc.
1886 2753 1923 2781 vl
1945 2745 1990 2781 ad
2001 2745 2038 2788 2,
2056 2749 2091 2784 et

809 2794 858 2828 De
875 2793 975 2830 verit.
993 2798 1112 2835 quaest.
1128 2802 1238 2835 xxvu,
1253 2797 1318 2829 art.
1334 2795 1355 2830 4
1371 2794 1414 2831 ad
1437 2795 1485 2829 10.

253 2849 322 2894 Ad
344 2853 531 2894 sextum
549 2848 618 2893 sic
640 2847 921 2904 proceditur.
943 2851 986 2893 1.
1010 2849 1196 2894 Videtur
1225 2848 1351 2906 quod
1378 2849 1427 2893 in
1451 2847 1790 2905 significatione
1826 2859 2090 2895 sacramen-

199 2914 353 2955 torum
388 2922 484 2954 non
521 2911 823 2968 requirantur
859 2909 1019 2955 verba.
1054 2910 1168 2955 Dicit
1199 2910 1323 2955 enim
1355 2909 1644 2967 Augustinus
1676 2914 1839 2955 contra
1870 2911 2090 2957 Faustum

199 2972 294 3026 (lib.
313 2985 400 3029 x1x,
422 2984 525 3029 cap.
548 2975 619 3029 16,
645 2971 769 3016 circa
791 2971 935 3028 med.)
955 2985 967 3016 ε
994 2990 1014 3010 α
1035 2972 1151 3025 Quid
1172 2976 1283 3017 sunt
1306 2972 1432 3017 aliud
1450 2983 1649 3029 quaeque
1667 2972 1924 3029 corporalia
1936 2985 2090 3018 sacra-

197 3036 372 3090 menta,
406 3032 499 3078 nisi
532 3033 667 3091 quasi
700 3033 915 3090 quaedam
948 3033 1092 3078 verba
1110 3033 1340 3078 visibilia?
1357 3052 1377 3073 »
1400 3035 1454 3078 Et
1473 3033 1542 3078 sic
1568 3033 1752 3078 videtur
1773 3033 1899 3090 quod
1921 3034 2091 3081 addere

200 3094 345 3140 verba
362 3095 504 3140 rebus
527 3095 830 3140 sensibilibus
854 3096 902 3138 in
918 3096 1241 3152 sacramentis,
1264 3095 1325 3140 sit
1347 3095 1518 3141 addere
1540 3095 1684 3141 verba
1700 3094 1874 3140 verbis.
1897 3096 1985 3141 Sed
2002 3097 2090 3141 hoc

241 3191 285 3233 (l)
302 3189 371 3225 Nec
397 3192 529 3225 tannim
546 3204 606 3233 per
625 3204 678 3226 ros
703 3203 778 3232 quae
796 3191 973 3226 materiam
998 3203 1107 3227 sacra·
1187 3194 1359 3234 ciuntur,
1386 3193 1555 3226 videlicet
1579 3192 1687 3228 rebus
1710 3196 1883 3238 tanquam
1908 3193 2086 3232 materia.

199 3241 394 3274 mentorum
416 3239 639 3279 constituunt.
664 3241 722 3274 sed
741 3251 801 3281 per
818 3239 920 3275 verba
938 3252 1011 3281 quae
1032 3239 1101 3276 for·
1186 3241 1303 3275 verbis
1329 3245 1508 3286 tanquam
1528 3241 1661 3283 forma,
1688 3244 1721 3277 et
1749 3243 1909 3284 persona
1923 3240 2090 3276 ministri

201 3296 304 3327 mam,
323 3293 363 3321 ut
376 3287 533 3329 deinceps
550 3287 693 3329 patebit.
1186 3289 1405 3333 conferentis
1421 3293 1694 3324 sacramentum
1709 3299 1792 3323 eum
1806 3290 2010 3323 intentione
2033 3287 2089 3330 sa-

242 3334 284 3375 (2)
308 3334 422 3370 Verba
436 3335 662 3378 requiruntur
678 3337 713 3370 in
732 3335 978 3377 significatione
993 3348 1100 3372 sacra·
1187 3337 1309 3372 ciendi
1333 3337 1430 3381 quod
1454 3337 1546 3378 facit
1563 3337 1726 3372 Ecclesia
1743 3348 1754 3370 :
1784 3347 1940 3380 quorum
1954 3338 1989 3371 si
2007 3336 2086 3371 ale·-

199 3389 408 3426 mentorum,
425 3387 518 3423 juxta
531 3383 758 3418 illudconcilii
775 3384 966 3419 Fiorentini
987 3385 1100 3425 decre-
1187 3385 1283 3428 quod
1298 3386 1403 3425 desit,
1421 3396 1497 3420 non
1514 3386 1707 3429 perficitur
1719 3387 2002 3421 sacramentum.

199 3436 300 3466 tum:
328 3433 415 3467 Hoec
439 3433 565 3467 omnia
588 3436 820 3468 sacramenta
849 3433 965 3468 tribus
991 3434 1101 3476 perfi-
