2170 3808
680 269 889 322 QUAEST.
908 269 984 323 111,
1013 269 1130 310 ART.
1162 267 1200 310 11
1224 267 1289 310 ΕΤ
1315 266 1386 310 Ill.
1927 265 1984 307 35

154 356 241 399 Sed
269 355 423 397 contra
445 355 516 396 est
533 348 659 406 quod
671 349 960 405 Augustinus
979 347 1277 403 (Fulgentius)
1290 346 1400 392 dicit
1414 345 1479 402 (in
1504 344 1655 390 lib.de
1677 345 1783 390 Fide
1808 344 1867 390 ad
1886 345 1982 388 Pet.

96 426 200 471 cap.
223 417 275 470 2,
297 413 416 458 inter
436 410 583 468 princ.
606 414 653 455 et
679 410 850 464 med.):
874 430 894 448 u
924 408 1005 452 Illa
1030 412 1197 452 natura
1234 419 1338 464 quae
1360 419 1543 463 semper
1565 406 1721 464 genita
1746 409 1904 450 manet
1924 417 1982 450 ex
2046 423 2052 446 J

96 475 245 531 Patre,
263 473 311 520 id
330 478 415 528 est,
431 484 535 530 quae
552 482 637 529 per
654 470 999 527 generationem
1014 474 1236 512 aeternam
1255 473 1446 524 accepta
1462 474 1533 512 est
1556 468 1583 512 a
1601 470 1749 526 Patre,
1768 470 1983 514 naturam

97 542 305 582 nostram
326 535 354 579 a
373 538 519 579 matre
538 533 640 578 sine
661 537 850 589 peccato
873 530 1093 586 suscepit.
1115 548 1136 568 »
2044 539 2047 542 >

89 644 94 650 ,
147 602 433 645 CONCLUSIO.
461 623 509 631 —
534 601 696 641 Divinae
717 611 897 652 personae
918 598 1050 651 primo
1072 608 1278 638 assumere
1299 596 1530 637 humanam
1555 601 1749 638 naturam
1776 597 1985 647 convenit,

99 661 256 699 naturae
275 659 414 697 autem
431 654 583 696 divinae
601 654 855 695 secundario.

153 718 420 775 Respondeo
444 717 693 762 dicendum
715 715 862 773 qued,
883 715 1005 760 sicut
1038 713 1214 758 dictum
1244 719 1315 757 est
1343 714 1446 765 (art.
1469 714 1644 770 p1·aec.),
1666 712 1715 756 in
1742 712 1887 758 verbo
1906 724 1971 759 as·

98 779 375 837 sumptionis
407 778 500 824 duo
533 777 881 835 significantur3
915 775 1091 820 scilicet
1124 773 1402 832 principium
1435 773 1653 827 actionis,
1683 778 1730 818 et
1759 774 1984 820 terminus

71 849 75 852 ’
97 841 215 897 ejus.
233 842 343 886 Esse
362 844 517 885 autem
535 837 868 895 assumptionis
890 837 1167 894 principium
1185 834 1402 880 convenit
1423 839 1603 880 naturae
1623 834 1794 879 divinae
1815 846 1978 879 secun-

96 901 210 947 dum
240 900 464 958 seipsam,
488 900 599 958 quia
628 900 731 957 ers
752 899 923 944 virtute
953 897 1209 953 assumptio
1238 897 1358 942 facta
1379 902 1481 941 est:
1498 895 1578 941 sed
1608 907 1712 940 esse
1735 895 1989 940 terminum.

96 962 444 1020 assumptioniS,
458 974 552 1007 non
566 961 785 1006 convenit
804 965 982 1005 naturae
1001 960 1170 1004 divinae
1183 958 1443 1004 secundum
1462 957 1687 1015 seipsam3
1704 957 1788 1003 sed
1809 957 1989 1002 ratione

97 1036 321 1082 personae,
345 1024 393 1069 in
425 1036 518 1081 qua
548 1023 867 1068 consideratur
897 1022 974 1075 (1).
998 1024 1050 1066 Et
1077 1021 1179 1066 ideo
1209 1020 1357 1078 primo
1380 1019 1570 1076 quidem
1592 1025 1640 1065 et
1670 1017 1991 1077 propriissime

96 1096 294 1142 persona
313 1085 480 1131 dicitur
497 1097 757 1140 assumere3
772 1083 1048 1128 secundario
1062 1089 1219 1127 autem
1236 1087 1389 1139 potest
1406 1080 1498 1126 dici
1520 1080 1645 1138 quod
1663 1080 1802 1125 etiam
1822 1085 1988 1125 natura

96 1146 349 1204 assumpsit
372 1152 586 1191 naturam
617 1146 678 1192 ad
699 1145 773 1190 sui
800 1157 1077 1202 personam3
1106 1149 1153 1189 et
1173 1143 1434 1189 secundum
1465 1142 1603 1187 etiam
1636 1142 1763 1186 hunc
1793 1141 1987 1186 modum

97 1207 265 1254 dicitur
283 1214 447 1254 natura
466 1209 719 1264 incarnata,
739 1219 831 1260 non
852 1206 985 1264 quasi
1004 1207 1064 1250 sit
1085 1205 1133 1249 in
1154 1217 1342 1250 carnem
1361 1216 1602 1258 conversa,
1620 1203 1705 1249 sed
1723 1203 1833 1260 quia
1851 1209 1988 1248 natu-

97 1281 196 1313 ram
216 1269 370 1315 carnis
391 1269 658 1326 assumpsit.
679 1267 808 1313 Unde
829 1271 1144 1312 Damascenus
1160 1267 1272 1312 dicit
1291 1266 1493 1322 (Orthod.
1515 1263 1597 1310 fid.
1620 1264 1703 1310 lib.
1724 1278 1791 1322 111,
1815 1277 1918 1321 cap.
1940 1265 1984 1320 6,

97 1328 156 1373 ad
178 1329 275 1385 lin.)
293 1343 307 1374 :
328 1348 348 1368 α
370 1330 571 1374 Dicimus
593 1335 807 1374 naturam
827 1329 907 1373 Dei
929 1329 1218 1373 incarnatam
1239 1339 1362 1384 esse,
1384 1326 1644 1372 secundum
1664 1326 1828 1371 beatos
1845 1326 1988 1370 Atha-

96 1391 281 1437 nasium
302 1395 360 1447 (2)
383 1397 429 1437 et
449 1387 684 1450 Cyrillum.
711 1410 731 1431 υ

149 1453 216 1500 Ad
241 1457 438 1511 primum
463 1466 574 1511 ergo
599 1453 870 1509 dicendum,
905 1453 1031 1510 quod
1062 1453 1112 1510 ly
1132 1466 1179 1496 se
1200 1459 1272 1497 est
1300 1452 1613 1509 reciprocum,
1636 1455 1683 1495 et
1705 1450 1844 1495 refert
1863 1449 1987 1494 idem

97 1516 404 1573 suppositum.
419 1517 590 1560 Natura
608 1519 765 1560 autem
787 1515 945 1560 divina
964 1527 1058 1559 non
1080 1514 1233 1560 differt
1251 1513 1491 1571 supposito
1509 1513 1537 1556 a
1554 1525 1753 1570 persona
1767 1511 1917 1556 Verbi.
1936 1514 1989 1556 Et

95 1575 214 1634 ideo⁴
234 1577 511 1637 inquantum
546 1582 711 1621 natura
746 1576 903 1622 divina
935 1577 1079 1621 sumit
1113 1581 1330 1621 naturam
1362 1576 1616 1620 humanam
1647 1574 1705 1619 ad
1740 1586 1988 1631 personam

95 1638 254 1693 Verbi,
279 1638 446 1683 dicitur
467 1650 570 1683 eam
593 1639 651 1683 ad
678 1651 730 1684 se
753 1650 952 1684 sumere.
982 1639 1068 1683 Sed
1087 1638 1302 1695 quamvis
1330 1640 1463 1682 Pater
1487 1642 1643 1682 sumat
1663 1640 1877 1681 naturam
1898 1636 1989 1681 hu-

95 1711 284 1745 manam
303 1700 362 1745 ad
381 1712 625 1757 personam
644 1700 801 1756 Verbi,
821 1712 916 1744 non
938 1705 1095 1745 tamen
1113 1704 1301 1757 propter
1316 1700 1406 1744 hoc
1424 1698 1567 1744 sumit
1583 1709 1688 1743 eam
1706 1698 1766 1743 ad
1787 1710 1860 1754 se,
1879 1697 1991 1755 quia

97 1773 192 1805 non
217 1766 290 1807 est
315 1762 438 1807 idem
459 1762 751 1819 suppositum
778 1762 925 1807 Patris
951 1766 999 1806 et
1016 1762 1152 1807 Verbi
1169 1777 1182 1805 ε
1198 1767 1245 1807 et
1268 1761 1373 1807 ideo
1395 1773 1489 1806 non
1518 1764 1669 1818 potest
1692 1759 1783 1805 dici
1806 1757 1991 1818 proprie

98 1819 223 1877 quod
243 1823 373 1866 Pater
396 1828 603 1867 assumat
624 1828 839 1866 naturam
861 1823 1129 1866 humanam.
1297 1819 1302 1824 ”

154 1882 221 1928 Ad
238 1884 478 1927 secundum
498 1883 760 1941 dicendum,
778 1883 904 1940 quod
922 1883 1035 1928 illud
1055 1884 1181 1940 quod
1201 1884 1418 1928 convenit
1438 1888 1618 1927 naturae
1631 1882 1801 1927 divinae
1816 1893 1989 1927 secun-

99 1943 212 1989 dum
227 1956 279 1989 se
298 1946 374 2001 (3),
391 1941 611 1990 convenit
631 1945 777 1989 tribus
795 1946 1031 2001 personis-3
1049 1945 1170 1989 sicut
1186 1945 1387 2000 bonitas,
1403 1944 1631 2000 sapientia
1644 1949 1691 1988 et
1704 1943 1986 2000 hujusmodi.

99 2003 186 2050 Sed
204 2016 442 2050 assumere
461 2006 678 2050 convenit
696 2004 738 2050 ei
756 2005 934 2049 ratione
952 2017 1165 2062 personae
1177 2004 1330 2061 Verbi,
1348 2005 1470 2049 sicut
1489 2004 1665 2049 dictum
1681 2008 1753 2048 est
1772 2003 1837 2060 (in
1857 2016 1987 2063 corp.

99 2066 227 2121 a1·t.);
250 2068 296 2110 et
315 2065 420 2109 ideo
442 2065 527 2110 soli
552 2066 617 2110 illi
641 2078 852 2122 personae
873 2066 1107 2110 convenit.

153 2126 220 2171 Ad
242 2128 428 2170 tertium
446 2127 714 2182 dicendum,
734 2125 877 2184 quod,
898 2127 1019 2171 sicut
1038 2127 1086 2171 in
1107 2130 1200 2172 Deo
1216 2127 1343 2171 idem
1366 2133 1439 2172 est
1455 2126 1582 2183 quod
1599 2130 1687 2180 est,
1709 2131 1757 2171 et
1774 2139 1869 2183 quo
1889 2133 1986 2185 est3

97 2188 161 2234 ita
179 2188 318 2234 etiam
343 2189 392 2233 in
413 2202 470 2235 eo
491 2190 614 2235 idem
636 2195 707 2235 est
734 2190 783 2235 id
803 2190 927 2247 quod
949 2191 1067 2249 agit,
1089 2196 1136 2235 et
1162 2190 1209 2235 id
1230 2202 1324 2247 quo
1346 2189 1471 2246 agit:
1489 2189 1599 2246 quia
1619 2191 1989 2249 unumquodque

99 2251 210 2306 agit,
229 2250 507 2308 inquantum
524 2257 595 2297 est
617 2263 719 2296 ens,
735 2252 863 2297 Unde
882 2257 1048 2297 natura
1064 2252 1222 2297 divina
1238 2257 1310 2297 est
1331 2251 1447 2296 illud
1464 2263 1559 2309 quo
1575 2254 1697 2296 Deus
1716 2251 1836 2309 agit:
1852 2257 1899 2298 et
1917 2258 1989 2299 est

98 2312 198 2369 ipse
217 2315 336 2358 Deus
355 2324 516 2368 agens.

99 2375 443 2419 ARTICULUS
466 2378 551 2420 111.
564 2399 619 2407 —
633 2389 788 2432 UTRUM,
808 2389 1040 2419 AsssrnAcTA
1057 2390 1386 2419 Pnnsommu‘ra
1405 2390 1484 2419 ran
1500 2390 1806 2434 murmurum,
1826 2391 1984 2423 uuum

806 2450 948 2480 rossu-
967 2450 1177 2481 assumam:
1201 2438 1276 2490 (4).

593 2505 642 2538 De
656 2504 710 2538 his
724 2504 828 2539 etiam
849 2506 943 2539 Sent.
962 2513 1015 2545 ιιι,
1032 2505 1112 2540 dist.
1127 2506 1160 2545 5.
1180 2508 1296 2546 quast.
1315 2513 1354 2546 n,
1372 2508 1438 2539 art.
1452 2505 1488 2540 ὅ.

153 2557 221 2602 Ad
248 2558 434 2602 tertium
461 2558 529 2603 sic
554 2559 832 2615 proceditur.
856 2563 899 2604 1.
923 2560 1110 2604 Videtur
1128 2558 1277 2616 quod,
1303 2559 1535 2604 abstracta
1554 2561 1884 2616 personalitate
1904 2573 1978 2619 pei

98 2618 384 2665 intellectum
396 2653 408 2676 ,
438 2626 604 2665 natura
635 2634 728 2666 non
761 2622 909 2678 possit
943 2634 1197 2667 assumere.
1228 2622 1407 2666 Dictum
1441 2627 1513 2666 est
1546 2622 1671 2667 enim
1699 2625 1801 2678 (art.
1828 2627 1850 2668 1
1885 2624 1984 2681 hugi.

100 2681 299 2737 quaest.),
319 2681 444 2738 qued
466 2686 644 2727 naturae
664 2683 884 2728 convenit
905 2696 1144 2728 assumere
1166 2683 1346 2728 ratione
1368 2695 1597 2739 personae.
1616 2684 1703 2728 Sed
1724 2684 1850 2741 quod
1872 2696 1987 2730 con—

99 2741 230 2787 venit
243 2741 379 2787 alicui
398 2743 575 2789 ratione
590 2743 803 2802 alicujus,
819 2751 996 2790 remoto
1015 2758 1086 2803 eo,
1107 2758 1202 2789 non
1222 2749 1375 2802 potest
1392 2745 1434 2788 ei
1452 2745 1724 2800 convenire3
1745 2746 1865 2791 sicut
1881 2758 1986 2791 cor-

102 2813 207 2858 pus,
226 2803 352 2859 quod
372 2809 443 2848 est
462 2804 642 2850 visibile
663 2806 840 2851 ratione
862 2807 1047 2862 coloris,
1070 2807 1171 2851 sine
1193 2806 1348 2850 colore
1366 2805 1514 2850 videri
1535 2817 1631 2850 non
1659 2811 1826 2864 potest.
1850 2809 1984 2865 Ergo,

103 2860 333 2907 abstracta
353 2866 678 2921 personalitate
699 2879 783 2923 per
802 2867 1114 2924 intellectum,
1137 2872 1305 2913 natura
1325 2879 1564 2912 assumere
1586 2880 1680 2912 non
1703 2873 1872 2925 potest.

156 2923 200 2966 2.
225 2924 462 2983 Praeterea,
480 2928 734 2983 assumptio
758 2928 976 2986 importat
1003 2929 1257 2975 terminum
1283 2928 1488 2982 unionis,
1512 2933 1564 2973 ut
1584 2928 1758 2974 dictum
1781 2934 1853 2975 est
1879 2929 1985 2986 (loc.

144 3058 187 3099 ι4)
201 3058 300 3093 Solus
315 3058 420 3094 Filius
435 3062 579 3102 suscepit
598 3063 844 3099 humanitatem
869 3067 905 3100 in
926 3066 994 3101 sin-

103 3105 282 3144 saturitate
307 3118 475 3149 personae,
504 3120 570 3142 non
589 3111 624 3143 in
644 3111 774 3146 unitate
797 3113 918 3148 divinae
936 3126 997 3149 na-

102 3157 202 3195 turm,
219 3152 255 3187 id
272 3161 334 3194 est,
354 3154 390 3188 in
406 3167 445 3189 eo
461 3155 550 3197 quod
565 3161 613 3190 est
627 3158 802 3199 proprium
817 3160 909 3201 Filii,
931 3174 997 3196 uon

102 3200 193 3241 quod
216 3205 265 3235 est
283 3213 463 3237 commune
481 3203 644 3239 Trinitati
667 3206 773 3246 (cone.
790 3207 901 3243 Tolet.
919 3221 997 3244 sess.

102 3254 150 3286 vl,
166 3258 238 3287 cap.
257 3249 303 3289 4).

141 3293 186 3336 (2)
203 3294 399 3332 Athanasius
419 3298 556 3339 quidem
585 3299 617 3332 in
646 3300 830 3335 summaria
855 3303 998 3343 quadani

102 3342 306 3383 professione
331 3344 374 3379 de
404 3345 632 3381 incarnatione
660 3347 778 3387 Verbi,
813 3350 888 3383 cum
917 3351 964 3383 ait
988 3363 996 3384 ε

104 3387 328 3431 Confitentur
357 3402 470 3426 unam
497 3399 677 3428 naturam
708 3395 777 3428 Dei
809 3395 911 3429 Verbi
935 3397 999 3430 in-

103 3441 295 3472 cornutam
323 3442 357 3473 et
376 3440 595 3475 adoratione
612 3452 690 3476 una
705 3453 785 3476 cum
800 3453 869 3476 sua
886 3453 1000 3478 carne

103 3483 347 3527 adorandam,
363 3488 507 3527 cyrillus
533 3495 643 3523 autem
669 3490 704 3523 in
729 3501 824 3524 conc.
841 3490 997 3526 chalced.

1079 3073 1145 3102 art.
1173 3066 1197 3101 2
1223 3066 1337 3107 (epist.
1366 3065 1482 3107 Cyrill.
1514 3067 1556 3100 ad
1580 3067 1676 3101 Joan.
1696 3067 1779 3109 epis.
1800 3067 1981 3106 Antinous

1120 3115 1165 3156 (5)
1182 3114 1257 3148 Non
1280 3114 1412 3148 tantum
1427 3114 1628 3149 secundum
1643 3125 1679 3149 se
1697 3115 1791 3155 quasi
1814 3115 1856 3150 ad
1877 3126 1973 3152 essen

1081 3162 1163 3196 tiam
1182 3161 1362 3195 intrinsece
1384 3161 1575 3201 pertinens,
1605 3166 1642 3195 ut
1668 3162 1830 3197 attributa
1858 3162 1912 3197 hic
1926 3174 1987 3198 no-

1082 3213 1161 3247 tata.
1179 3208 1235 3242 sed
1253 3208 1452 3243 secundum
1468 3219 1505 3243 se
1523 3209 1616 3250 quasi
1638 3221 1677 3243 ex
1704 3209 1879 3251 principiis
1896 3221 1986 3245 com-

1084 3255 1244 3290 munibus
1263 3256 1458 3297 procedens,
1479 3262 1518 3290 ut
1536 3268 1638 3298 opera
1656 3257 1705 3291 ad
1720 3261 1841 3292 extra.

1124 3304 1167 3345 (4)
1183 3305 1306 3337 Sensus
1320 3303 1420 3343 hujus
1433 3304 1627 3344 quaestionis
1636 3309 1685 3339 cst
1699 3305 1726 3338 si
1738 3308 1857 3339 natura
1873 3304 1987 3341 divina

1083 3349 1330 3390 intelligeretur
1356 3363 1422 3386 esse
1449 3351 1524 3386 sine
1548 3352 1769 3387 relationibus
1802 3351 1987 3392 personali·

1082 3397 1155 3438 bus,
1178 3403 1211 3432 et
1228 3398 1300 3433 sine
1317 3399 1467 3439 personis
1485 3411 1566 3440 quas
1590 3400 1739 3439 agnoscit
1762 3398 1845 3433 fides
1869 3398 1985 3434 catho-

1084 3445 1159 3486 lica,
1177 3446 1344 3487 quomode>
1359 3446 1484 3481 ethnici
1499 3451 1532 3480 et
1547 3447 1654 3482 Judaei
1668 3451 1859 3489 supponunt
1878 3446 1988 3481 Deum

1083 3492 1236 3533 existere,
1255 3505 1298 3528 an
1316 3499 1426 3536 posset
1448 3506 1629 3530 assumere,
