2170 3808
176 286 180 287 Β
192 251 264 290 XX
1063 239 1232 276 INDEX.

698 378 755 408 ΒΕ
781 375 960 407 omnm-o
987 373 1246 405 cousensus.
1271 385 1318 392 —
1344 364 1514 412 Quaestio
1537 367 1598 406 48.

188 458 321 501 Utrum
343 467 549 499 consensus
576 454 640 505 qui
665 454 756 501 facit
775 451 1060 497 matrimonium,
1085 450 1134 489 sit
1160 460 1360 489 consensus
1383 449 1420 487 in
1443 451 1625 490 carnalem
1651 451 1834 500 copulam.

239 530 288 538 —
337 504 614 546 matrimonium
632 504 753 553 possit
768 512 850 541 esse
867 512 912 539 ex
927 510 1110 539 consensu
1125 499 1284 548 alicujus
1299 499 1336 536 in
1355 498 1513 546 aliquam
1531 503 1679 549 propter
1695 511 1839 540 causam
1855 501 2107 547 inhonestam.

715 601 771 631 ΒΕ
794 600 924 631 Boms
947 598 1217 630 mmmmm.
1245 610 1293 616 -
1321 588 1492 636 Quaestio
1514 589 1561 629 49

185 679 314 724 Utrum
333 678 461 718 haberi
486 677 643 717 debeant
669 676 794 724 aliqua
820 675 917 714 bona
943 674 987 712 ad
1012 672 1258 712 excusandum
1285 671 1570 712 matrimonium.

332 728 428 767 bona
456 724 681 765 matrimonii
703 723 929 762 sufficienter
952 722 1198 770 assignentur.

334 777 603 817 sacramentum
630 773 679 813 sit
701 771 945 821 principalius
967 771 1064 808 inter
1085 769 1179 808 bona
1203 767 1442 808 matrimonii>

335 827 441 865 actus
463 822 689 862 matrimonii
711 823 904 859 excusetur
928 829 994 868 per
1014 818 1110 856 bona
1132 819 1325 865 praedicta.

332 876 436 914 actus
459 869 737 910 matrimonialis
761 868 926 907 excusari
954 867 1072 915 possit
1094 866 1173 904 sine
1195 867 1302 905 honis
1324 863 1560 905 matrimonii.

334 931 562 970 cognoscens
584 929 733 1005 itixlotrem
761 927 833 955 non
853 915 1051 1002 tintendens
1076 914 1224 963 aliquod
1247 915 1383 954 honum
1407 913 1642 962 matrimonii,
1666 916 1728 955 sed
1750 916 1867 956 solum
1895 917 2109 957 delectatio·

384 980 483 1016 nem,
506 978 585 1006 mor
604 978 624 1006 a
640 979 652 1004 1
671 977 710 1004 er
736 975 849 1015 pecce
871 993 881 1002 .

471 1075 527 1104 ΒΕ
550 1072 859 1104 ῙΜΡΕΒΙΜΕΝΤΙΕ
883 1070 1143 1100 MATRIMONH
1171 1070 1217 1100 IN
1245 1068 1476 1099 GENERALL
1502 1082 1548 1088 —
1573 1061 1741 1108 Quaestio
1763 1065 1824 1102 50.

192 1151 321 1194 Utrum
343 1149 386 1190 in
405 1148 639 1188 matrimonio
662 1145 962 1185 inconvenienter
983 1143 1243 1194 impedimenta
1265 1144 1511 1192 assignentur.

681 1252 737 1281 ΒΕ
761 1248 1056 1280 ῙΜΡΕΒῙΜΕΝΤΟ
1085 1248 1283 1278 annolus.
1308 1261 1354 1267 —-
1378 1239 1546 1286 Quaestio
1569 1242 1630 1280 51.

191 1330 325 1371 Utrum
347 1340 449 1369 error
472 1326 774 1367 inconvenienter
796 1327 954 1373 ponatur
975 1322 1273 1378 impedimentum
1296 1322 1531 1361 matrimonii.

242 1400 291 1408 —
342 1377 463 1418 omnis
485 1387 586 1416 error
606 1375 875 1414 matrimonium
898 1372 1088 1421 impediat.

500 1483 556 1514 DE
579 1481 870 1513 mpnnmnu'ro
898 1479 1169 1509 εοΝΒῙΤῙοΝῙε
1194 1479 1451 1509 SERVITUTls.
1477 1492 1522 1499 -
1549 1471 1719 1519 Quaestio
1742 1474 1804 1511 52.

198 1560 328 1602 Utrum
349 1559 510 1600 conditio
537 1557 723 1598 servitutis
750 1555 926 1605 impediat
946 1554 1230 1593 matrimonium.

245 1631 293 1638 —
345 1619 470 1648 servus
495 1608 615 1656 possit
640 1606 855 1644 contrahere
878 1604 1148 1642 matrimonium
1172 1603 1251 1642 sine
1275 1613 1459 1642 consensu
1480 1603 1634 1642 domini.

244 1679 292 1687 -
343 1657 500 1695 servitus
528 1654 758 1693 matrimonio
782 1653 899 1702 possit
922 1652 1172 1701 supervenire.

243 1728 292 1735 —
342 1705 410 1744 filii
436 1705 591 1744 debeant
615 1703 719 1752 sequi
742 1701 989 1749 conditionem
1014 1701 1144 1750 patris.

583 1811 639 1840 DE
666 1809 957 1840 IMPEDIMENTO
987 1809 1087 1838 von
1109 1809 1160 1837 ET
1188 1807 1376 1838 onmms.
1400 1820 1448 1827 —
1476 1800 1645 1846 Quaestio
1673 1801 1734 1838 53.

197 1887 328 1930 utrum
346 1897 414 1938 per
440 1886 704 1934 obligationem
726 1884 803 1923 voti
823 1883 1003 1933 simplicis
1024 1882 1290 1922 matrimonium
1315 1885 1538 1922 contractum
1561 1883 1682 1921 dirimi
1706 1884 1848 1924 debeat.

246 1958 294 1966 —-
344 1938 470 1975 votum
495 1935 658 1974 solemne
682 1934 826 1971 dirimat
849 1932 1118 1971 matrimonium
1138 1932 1215 1980 jam
1237 1933 1477 1970 contractum.

243 2006 293 2015 —
341 1984 431 2024 ordo
457 1983 632 2032 impediat
651 1981 937 2020 matrimonium.

244 2055 292 2063 -
341 2032 433 2073 ordo
456 2042 557 2071 sacer
579 2031 812 2069 matrimonio
836 2029 956 2079 possit
979 2030 1232 2079 supervenire.

561 2138 616 2167 ΒΕ
639 2136 936 2167 ῙΜΡΕΒῙΜΕΝΤΟ
965 2135 1394 2166 CONsANGmMTATIs.
1418 2146 1465 2154 -
1490 2125 1661 2173 Quoestz'o
1685 2127 1746 2169 54.

196 2217 325 2259 Utrum
343 2214 507 2255 definitio
530 2211 856 2260 consanguinitatis
878 2211 927 2247 sit
952 2212 1179 2258 competens.

247 2287 295 2295 —-
347 2262 609 2303 convenienter
636 2259 935 2307 consanguinitas
961 2259 1171 2305 designetur
1193 2268 1260 2306 per
1288 2258 1421 2305 gradus
1443 2257 1503 2295 vel
1530 2257 1658 2296 lineas.

246 2336 295 2342 —-
346 2310 645 2358 consanguinitas
668 2309 713 2346 de
733 2308 816 2355 jure
839 2307 994 2344 naturali
1017 2306 1194 2354 impediat
1215 2306 1497 2345 matrimonium.

248 2383 296 2392 -—-
348 2357 678 2406 consanguinitatis
706 2355 838 2404 gradus
860 2354 1128 2393 matrimonium
1152 2354 1394 2403 impedientes
1418 2354 1604 2404 potuerint
1629 2354 1745 2393 taxari
1767 2355 1810 2394 ab
1835 2355 2015 2395 Ecclesia.

653 2464 709 2493 ΒΕ
733 2462 1025 2492 lMPEDIMENTO
1047 2461 1305 2491 AFFINITATI.
1329 2473 1376 2480 —
1402 2452 1573 2500 Quoesc‘ac
1601 2455 1662 2491 55.

199 2542 327 2584 utrum
345 2552 390 2580 ex
411 2537 644 2578 matrimonio
668 2536 930 2585 consanguinei
953 2535 1111 2574 affinitas
1135 2538 1316 2574 causetur.

349 2589 510 2628 affinitas
534 2589 680 2626 maneat
702 2588 786 2633 post
807 2588 960 2623 mortem
979 2584 1048 2621 viri
1075 2584 1132 2622 vel
1155 2584 1294 2623 uxoris.

347 2636 537 2676 illicitibus
561 2634 775 2673 concubitus
797 2633 1015 2671 affinitatem
1038 2635 1174 2671 causet.

349 2697 394 2725 ex
417 2684 649 2740 sponsalibus
671 2682 832 2720 affinitas
860 2684 1042 2720 causetur.

349 2733 506 2773 affinitas
529 2732 578 2770 sit
600 2741 709 2769 causa
732 2730 934 2768 affinitatis.

349 2782 508 2821 affinitas
530 2779 799 2818 matrimonium
823 2779 1013 2827 impediat.

349 2831 509 2869 affinitas
526 2830 658 2867 habeat
683 2838 748 2877 per
771 2838 810 2866 se
835 2826 978 2874 gradus.

351 2878 483 2928 gradus
509 2876 697 2916 affinitatis
720 2876 959 2914 extendantur
982 2875 1076 2914 sicut
1099 2876 1229 2923 gradus
1252 2875 1594 2924 consanguinitatis.

349 2927 559 2976 conjugium
580 2929 806 2964 contractum
831 2924 926 2962 inter
949 2925 1076 2962 affines
1097 2925 1157 2962 vel
1185 2925 1475 2972 consanguineos
1499 2933 1642 2971 semper
1666 2922 1713 2962 sit
1736 2922 1991 2961 dirimendum.

349 2977 394 3015 ad
417 2975 682 3025 separationem
706 2972 930 3028 matrimonii
951 2972 1127 3011 contracti
1149 2973 1243 3020 inter
1261 2973 1389 3011 affines
1411 2977 1447 3010 et
1463 2971 1754 3020 consanguineos
1771 2972 1823 3010 sic
1843 2970 2112 3021 procedendum

398 3034 465 3074 per
486 3024 583 3062 viam
605 3022 861 3061 accusationis.

350 3073 395 3112 ad
418 3072 685 3158 separattionem
711 3069 934 3109 matrimonii
957 3070 1134 3109 contracti
1157 3070 1251 3109 inter
1274 3070 1404 3109 affines
1426 3072 1464 3108 et
1493 3071 1784 3119 consanguineos
1808 3068 1955 3119 procedi
1983 3068 2115 3115 debeat

396 3130 464 3172 per
502 3131 540 3159 es
559 3130 611 3159 es.

481 3223 536 3252 ΒΕ
565 3222 859 3252 ῙΜΡΕΒῙΜΕΝΤΟ
886 3221 1171 3252 coeNAT10N1s
1198 3221 1477 3252 SPIRITUAms.
1503 3234 1549 3241 —
1571 3212 1743 3260 Quaestio
1767 3213 1829 3250 56.

202 3299 333 3342 Utrum
353 3297 558 3348 spiritualis
582 3298 750 3346 cognatio
774 3297 948 3345 impediat
969 3297 1250 3335 matrimonium.

251 3370 300 3378 --
350 3358 417 3397 per
440 3344 557 3402 solum
579 3346 801 3401 baptismum
824 3346 1306 3400 spiritualispropinquitas
1330 3347 1577 3384 contrahatur.

249 3418 298 3427 —
349 3395 1001 3482 ⁰⁰fflff¹gesgsss3¹stgaffilssontrahatur
1030 3397 1124 3431 mter
1154 3395 1415 3443 suscipientem
1434 3395 1695 3433 sacramentum
1717 3392 1905 3442 baptismi,
1928 3394 1965 3432 et
1985 3392 2113 3433 levan-

248 3515 297 3526 -
346 3492 518 3541 cognatio
543 3491 745 3539 spiritualis
767 3493 928 3529 transcat
951 3491 972 3530 a
994 3491 1072 3530 viro
1095 3491 1143 3531 in
1154 3503 1318 3531 uxorem.

250 3562 299 3575 -
349 3541 523 3591 cognatio
550 3540 754 3590 spiritualis
778 3542 940 3579 transeat
960 3540 1005 3579 ad
1027 3540 1124 3579 filios
1146 3541 1310 3580 carnales
1331 3540 1448 3590 patris
1471 3540 1684 3591 spiritualis.
