<?xml version="1.0" encoding="UTF-8"?>
<!DOCTYPE html PUBLIC "-//W3C//DTD XHTML 1.0 Transitional//EN"
    "http://www.w3.org/TR/xhtml1/DTD/xhtml1-transitional.dtd">
<html xmlns="http://www.w3.org/1999/xhtml" xml:lang="en" lang="en">
 <head>
  <title>
</title>
<meta http-equiv="Content-Type" content="text/html;charset=utf-8" />
  <meta name='ocr-system' content='tesseract 3.04.00' />
  <meta name='ocr-capabilities' content='ocr_page ocr_carea ocr_par ocr_line ocrx_word'/>
</head>
<body>
  <div class='ocr_page' id='page_1' title='image "./summatheologica06thomuoft_0301.png"; bbox 0 0 2170 3808; ppageno 0'>
   <div class='ocr_carea' id='block_1_1' title="bbox 763 201 2024 259">
    <p class='ocr_par' dir='ltr' id='par_1_1' title="bbox 763 201 2024 259">
     <span class='ocr_line' id='line_1_1' title="bbox 763 201 2024 259; baseline -0.004 -11"><span class='ocrx_word' id='word_1_1' title='bbox 763 206 960 258; x_wconf 83' lang='lat' dir='ltr'>QuAEsr.</span> <span class='ocrx_word' id='word_1_2' title='bbox 990 204 1133 259; x_wconf 72' lang='lat' dir='ltr'>xxm.</span> <span class='ocrx_word' id='word_1_3' title='bbox 1161 204 1279 247; x_wconf 88' lang='lat' dir='ltr'>ART.</span> <span class='ocrx_word' id='word_1_4' title='bbox 1310 202 1396 247; x_wconf 88' lang='lat' dir='ltr'>vn.</span> <span class='ocrx_word' id='word_1_5' title='bbox 1941 201 2024 244; x_wconf 76' lang='lat'>265</span> 
     </span>
    </p>
   </div>
   <div class='ocr_carea' id='block_1_2' title="bbox 142 280 2025 595">
    <p class='ocr_par' dir='ltr' id='par_1_2' title="bbox 142 280 2025 595">
     <span class='ocr_line' id='line_1_2' title="bbox 143 280 2024 353; baseline -0.007 -13"><span class='ocrx_word' id='word_1_6' title='bbox 143 301 311 353; x_wconf 84' lang='lat' dir='ltr'>patres,</span> <span class='ocrx_word' id='word_1_7' title='bbox 333 291 422 337; x_wconf 89' lang='lat' dir='ltr'>nisi</span> <span class='ocrx_word' id='word_1_8' title='bbox 443 289 677 336; x_wconf 82' lang='lat' dir='ltr'>mediante</span> <span class='ocrx_word' id='word_1_9' title='bbox 699 299 891 344; x_wconf 88' lang='lat' dir='ltr'>corpore</span> <span class='ocrx_word' id='word_1_10' title='bbox 916 289 964 330; x_wconf 92' lang='lat' dir='ltr'>B.</span> <span class='ocrx_word' id='word_1_11' title='bbox 985 285 1199 341; x_wconf 84' lang='lat' dir='ltr'>Virginis,</span> <span class='ocrx_word' id='word_1_12' title='bbox 1226 284 1283 329; x_wconf 89' lang='lat' dir='ltr'>de</span> <span class='ocrx_word' id='word_1_13' title='bbox 1306 297 1398 341; x_wconf 89' lang='lat' dir='ltr'>qua</span> <span class='ocrx_word' id='word_1_14' title='bbox 1417 294 1605 328; x_wconf 87' lang='lat' dir='ltr'>carnem</span> <span class='ocrx_word' id='word_1_15' title='bbox 1633 280 1901 338; x_wconf 82' lang='lat' dir='ltr'>assumpsit.</span> <span class='ocrx_word' id='word_1_16' title='bbox 1938 280 2024 326; x_wconf 86' lang='lat' dir='ltr'>Sed</span> 
     </span>
     <span class='ocr_line' id='line_1_3' title="bbox 142 347 2025 414; baseline -0.008 -12"><span class='ocrx_word' id='word_1_17' title='bbox 142 368 313 414; x_wconf 87' lang='lat' dir='ltr'>corpus</span> <span class='ocrx_word' id='word_1_18' title='bbox 339 357 389 399; x_wconf 92' lang='lat' dir='ltr'>B.</span> <span class='ocrx_word' id='word_1_19' title='bbox 415 351 614 409; x_wconf 85' lang='lat' dir='ltr'>Virginis</span> <span class='ocrx_word' id='word_1_20' title='bbox 637 353 785 395; x_wconf 91' lang='lat' dir='ltr'>totum</span> <span class='ocrx_word' id='word_1_21' title='bbox 806 349 894 394; x_wconf 87' lang='lat' dir='ltr'>fuit</span> <span class='ocrx_word' id='word_1_22' title='bbox 922 348 970 392; x_wconf 90' lang='lat' dir='ltr'>in</span> <span class='ocrx_word' id='word_1_23' title='bbox 1005 347 1215 404; x_wconf 82' lang='lat' dir='ltr'>originali</span> <span class='ocrx_word' id='word_1_24' title='bbox 1253 350 1444 403; x_wconf 88' lang='lat' dir='ltr'>peccato</span> <span class='ocrx_word' id='word_1_25' title='bbox 1466 350 1760 401; x_wconf 91' lang='lat' dir='ltr'>conceptum,</span> <span class='ocrx_word' id='word_1_26' title='bbox 1798 348 1851 388; x_wconf 93' lang='lat' dir='ltr'>ut</span> <span class='ocrx_word' id='word_1_27' title='bbox 1883 355 2025 399; x_wconf 90' lang='lat' dir='ltr'>supra</span> 
     </span>
     <span class='ocr_line' id='line_1_4' title="bbox 142 405 2024 471; baseline -0.009 -7"><span class='ocrx_word' id='word_1_28' title='bbox 142 419 318 463; x_wconf 87' lang='lat' dir='ltr'>dictum</span> <span class='ocrx_word' id='word_1_29' title='bbox 335 420 406 461; x_wconf 86' lang='lat' dir='ltr'>est</span> <span class='ocrx_word' id='word_1_30' title='bbox 422 417 604 471; x_wconf 85' lang='lat' dir='ltr'>(quaest.</span> <span class='ocrx_word' id='word_1_31' title='bbox 621 424 705 469; x_wconf 77' lang='lat' dir='ltr'>xiv,</span> <span class='ocrx_word' id='word_1_32' title='bbox 729 414 815 455; x_wconf 90' lang='lat' dir='ltr'>art.</span> <span class='ocrx_word' id='word_1_33' title='bbox 836 413 863 455; x_wconf 88' lang='lat'><strong>3</strong></span> <span class='ocrx_word' id='word_1_34' title='bbox 880 409 939 455; x_wconf 89' lang='lat' dir='ltr'>ad</span> <span class='ocrx_word' id='word_1_35' title='bbox 953 413 997 465; x_wconf 87' lang='lat'>1,</span> <span class='ocrx_word' id='word_1_36' title='bbox 1020 413 1068 453; x_wconf 87' lang='lat' dir='ltr'>et</span> <span class='ocrx_word' id='word_1_37' title='bbox 1085 411 1250 465; x_wconf 84' lang='lat' dir='ltr'>quaest.</span> <span class='ocrx_word' id='word_1_38' title='bbox 1276 421 1407 464; x_wconf 84' lang='lat' dir='ltr'>xxvu,</span> <span class='ocrx_word' id='word_1_39' title='bbox 1432 411 1517 451; x_wconf 86' lang='lat' dir='ltr'>art.</span> <span class='ocrx_word' id='word_1_40' title='bbox 1540 408 1598 463; x_wconf 75' lang='lat'>2),</span> <span class='ocrx_word' id='word_1_41' title='bbox 1626 411 1673 451; x_wconf 90' lang='lat' dir='ltr'>et</span> <span class='ocrx_word' id='word_1_42' title='bbox 1694 407 1758 450; x_wconf 93' lang='lat' dir='ltr'>ita</span> <span class='ocrx_word' id='word_1_43' title='bbox 1785 405 1924 451; x_wconf 88' lang='lat' dir='ltr'>etiam</span> <span class='ocrx_word' id='word_1_44' title='bbox 1948 416 2024 448; x_wconf 89' lang='lat' dir='ltr'>se-</span> 
     </span>
     <span class='ocr_line' id='line_1_5' title="bbox 142 465 2021 534; baseline -0.008 -8"><span class='ocrx_word' id='word_1_45' title='bbox 142 479 349 526; x_wconf 77' lang='lat' dir='ltr'>cundum</span> <span class='ocrx_word' id='word_1_46' title='bbox 371 475 496 534; x_wconf 79' lang='lat' dir='ltr'>quod</span> <span class='ocrx_word' id='word_1_47' title='bbox 525 474 610 519; x_wconf 86' lang='lat' dir='ltr'>fuit</span> <span class='ocrx_word' id='word_1_48' title='bbox 631 474 681 517; x_wconf 91' lang='lat' dir='ltr'>in</span> <span class='ocrx_word' id='word_1_49' title='bbox 705 472 932 530; x_wconf 86' lang='lat' dir='ltr'>patribus,</span> <span class='ocrx_word' id='word_1_50' title='bbox 955 471 1044 515; x_wconf 88' lang='lat' dir='ltr'>fuit</span> <span class='ocrx_word' id='word_1_51' title='bbox 1071 473 1259 527; x_wconf 84' lang='lat' dir='ltr'>peccato</span> <span class='ocrx_word' id='word_1_52' title='bbox 1282 469 1552 513; x_wconf 88' lang='lat' dir='ltr'>obnoxium.</span> <span class='ocrx_word' id='word_1_53' title='bbox 1573 471 1692 524; x_wconf 87' lang='lat' dir='ltr'>Ergo</span> <span class='ocrx_word' id='word_1_54' title='bbox 1721 480 1830 513; x_wconf 89' lang='lat' dir='ltr'>caro</span> <span class='ocrx_word' id='word_1_55' title='bbox 1861 465 2021 511; x_wconf 80' lang='lat' dir='ltr'>Christi</span> 
     </span>
     <span class='ocr_line' id='line_1_6' title="bbox 143 531 1481 595; baseline -0.009 -8"><span class='ocrx_word' id='word_1_56' title='bbox 143 540 402 587; x_wconf 74' lang='lat' dir='ltr'>secundnm</span> <span class='ocrx_word' id='word_1_57' title='bbox 421 536 547 595; x_wconf 80' lang='lat' dir='ltr'>quod</span> <span class='ocrx_word' id='word_1_58' title='bbox 563 535 651 580; x_wconf 91' lang='lat' dir='ltr'>fuit</span> <span class='ocrx_word' id='word_1_59' title='bbox 669 535 717 579; x_wconf 91' lang='lat' dir='ltr'>in</span> <span class='ocrx_word' id='word_1_60' title='bbox 732 534 940 590; x_wconf 86' lang='lat' dir='ltr'>patribus</span> <span class='ocrx_word' id='word_1_61' title='bbox 961 532 1049 578; x_wconf 83' lang='lat' dir='ltr'>fuit</span> <span class='ocrx_word' id='word_1_62' title='bbox 1060 537 1248 589; x_wconf 87' lang='lat' dir='ltr'>peccato</span> <span class='ocrx_word' id='word_1_63' title='bbox 1265 531 1481 575; x_wconf 85' lang='lat' dir='ltr'>obnoxia.</span> 
     </span>
    </p>
   </div>
   <div class='ocr_carea' id='block_1_3' title="bbox 142 596 2022 710">
    <p class='ocr_par' dir='ltr' id='par_1_3' title="bbox 142 596 2022 710">
     <span class='ocr_line' id='line_1_7' title="bbox 186 596 2022 651; baseline -0.007 -3"><span class='ocrx_word' id='word_1_64' title='bbox 186 605 477 648; x_wconf 87' lang='lat' dir='ltr'>CONCLUSIO.</span> <span class='ocrx_word' id='word_1_65' title='bbox 488 626 536 634; x_wconf 89' lang='lat'>-</span> <span class='ocrx_word' id='word_1_66' title='bbox 546 603 722 643; x_wconf 80' lang='lat' dir='ltr'>Tametsi</span> <span class='ocrx_word' id='word_1_67' title='bbox 737 605 823 642; x_wconf 86' lang='lat' dir='ltr'>tota</span> <span class='ocrx_word' id='word_1_68' title='bbox 833 613 923 642; x_wconf 86' lang='lat' dir='ltr'>caro</span> <span class='ocrx_word' id='word_1_69' title='bbox 939 602 1108 641; x_wconf 89' lang='lat' dir='ltr'>Patrum</span> <span class='ocrx_word' id='word_1_70' title='bbox 1121 602 1278 651; x_wconf 86' lang='lat' dir='ltr'>peccato</span> <span class='ocrx_word' id='word_1_71' title='bbox 1293 599 1468 639; x_wconf 80' lang='lat' dir='ltr'>obnoxia</span> <span class='ocrx_word' id='word_1_72' title='bbox 1478 596 1558 637; x_wconf 77' lang='lat' dir='ltr'>fuit</span> <span class='ocrx_word' id='word_1_73' title='bbox 1570 625 1583 646; x_wconf 91' lang='lat'>,</span> <span class='ocrx_word' id='word_1_74' title='bbox 1597 597 1750 637; x_wconf 82' lang='lat' dir='ltr'>Christi</span> <span class='ocrx_word' id='word_1_75' title='bbox 1766 599 1904 637; x_wconf 83' lang='lat' dir='ltr'>tamen</span> <span class='ocrx_word' id='word_1_76' title='bbox 1916 608 2022 646; x_wconf 80' lang='lat' dir='ltr'>caro,</span> 
     </span>
     <span class='ocr_line' id='line_1_8' title="bbox 142 650 2022 710; baseline -0.006 -6"><span class='ocrx_word' id='word_1_77' title='bbox 142 667 182 704; x_wconf 86' lang='lat' dir='ltr'>et</span> <span class='ocrx_word' id='word_1_78' title='bbox 201 663 254 704; x_wconf 86' lang='lat' dir='ltr'>ad</span> <span class='ocrx_word' id='word_1_79' title='bbox 275 661 486 703; x_wconf 85' lang='lat' dir='ltr'>Christum</span> <span class='ocrx_word' id='word_1_80' title='bbox 505 659 682 710; x_wconf 74' lang='lat' dir='ltr'>Spiritus</span> <span class='ocrx_word' id='word_1_81' title='bbox 697 658 827 697; x_wconf 88' lang='lat' dir='ltr'>sancti</span> <span class='ocrx_word' id='word_1_82' title='bbox 846 667 974 708; x_wconf 88' lang='lat' dir='ltr'>opere,</span> <span class='ocrx_word' id='word_1_83' title='bbox 993 667 1078 696; x_wconf 92' lang='lat' dir='ltr'>non</span> <span class='ocrx_word' id='word_1_84' title='bbox 1095 654 1210 696; x_wconf 85' lang='lat' dir='ltr'>virili</span> <span class='ocrx_word' id='word_1_85' title='bbox 1230 654 1384 694; x_wconf 75' lang='lat' dir='ltr'>semine</span> <span class='ocrx_word' id='word_1_86' title='bbox 1402 650 1651 700; x_wconf 87' lang='lat' dir='ltr'>deducenda,</span> <span class='ocrx_word' id='word_1_87' title='bbox 1671 652 1874 692; x_wconf 88' lang='lat' dir='ltr'>immunis</span> <span class='ocrx_word' id='word_1_88' title='bbox 1894 652 1918 692; x_wconf 73' lang='lat' dir='ltr'>a</span> <span class='ocrx_word' id='word_1_89' title='bbox 1936 663 2022 704; x_wconf 85' lang='lat' dir='ltr'>pec·</span> 
     </span>
    </p>
   </div>
   <div class='ocr_carea' id='block_1_4' title="bbox 140 720 2024 841">
    <p class='ocr_par' dir='ltr' id='par_1_4' title="bbox 140 720 2024 841">
     <span class='ocr_line' id='line_1_9' title="bbox 140 720 2024 841; baseline -0.004 -18"><span class='ocrx_word' id='word_1_90' title='bbox 140 720 465 841; x_wconf 52' lang='lat' dir='ltr'>catgggglghtdeo</span> <span class='ocrx_word' id='word_1_91' title='bbox 479 774 728 821; x_wconf 89' lang='lat' dir='ltr'>dicendum</span> <span class='ocrx_word' id='word_1_92' title='bbox 748 773 871 830; x_wconf 78' lang='lat' dir='ltr'>quod</span> <span class='ocrx_word' id='word_1_93' title='bbox 882 776 989 817; x_wconf 81' lang='lat' dir='ltr'>cum</span> <span class='ocrx_word' id='word_1_94' title='bbox 1003 772 1202 816; x_wconf 86' lang='lat' dir='ltr'>dicimus</span> <span class='ocrx_word' id='word_1_95' title='bbox 1221 771 1448 815; x_wconf 83' lang='lat' dir='ltr'>Christum</span> <span class='ocrx_word' id='word_1_96' title='bbox 1464 770 1537 813; x_wconf 86' lang='lat' dir='ltr'>vel</span> <span class='ocrx_word' id='word_1_97' title='bbox 1552 780 1742 813; x_wconf 87' lang='lat' dir='ltr'>carnem</span> <span class='ocrx_word' id='word_1_98' title='bbox 1754 767 1795 825; x_wconf 85' lang='lat' dir='ltr'>ej</span> <span class='ocrx_word' id='word_1_99' title='bbox 1800 781 1859 813; x_wconf 89' lang='lat' dir='ltr'>us</span> <span class='ocrx_word' id='word_1_100' title='bbox 1875 769 2024 815; x_wconf 84' lang='lat' dir='ltr'>fuisse</span> 
     </span>
    </p>
   </div>
   <div class='ocr_carea' id='block_1_5' title="bbox 94 830 2024 1389">
    <p class='ocr_par' dir='ltr' id='par_1_5' title="bbox 94 830 2024 1389">
     <span class='ocr_line' id='line_1_10' title="bbox 139 830 2022 893; baseline -0.005 -7"><span class='ocrx_word' id='word_1_101' title='bbox 139 841 188 886; x_wconf 90' lang='lat' dir='ltr'>in</span> <span class='ocrx_word' id='word_1_102' title='bbox 207 842 351 887; x_wconf 89' lang='lat' dir='ltr'>Adam</span> <span class='ocrx_word' id='word_1_103' title='bbox 369 839 480 885; x_wconf 91' lang='lat' dir='ltr'>etin</span> <span class='ocrx_word' id='word_1_104' title='bbox 501 837 602 882; x_wconf 87' lang='lat' dir='ltr'>aliis</span> <span class='ocrx_word' id='word_1_105' title='bbox 620 836 846 893; x_wconf 84' lang='lat' dir='ltr'>patribus,</span> <span class='ocrx_word' id='word_1_106' title='bbox 864 846 1188 891; x_wconf 82' lang='lat' dir='ltr'>comparamus</span> <span class='ocrx_word' id='word_1_107' title='bbox 1202 834 1373 891; x_wconf 88' lang='lat' dir='ltr'>ipsum,</span> <span class='ocrx_word' id='word_1_108' title='bbox 1392 832 1467 877; x_wconf 86' lang='lat' dir='ltr'>vel</span> <span class='ocrx_word' id='word_1_109' title='bbox 1484 843 1671 876; x_wconf 87' lang='lat' dir='ltr'>earnem</span> <span class='ocrx_word' id='word_1_110' title='bbox 1683 831 1785 887; x_wconf 85' lang='lat' dir='ltr'>ejus</span> <span class='ocrx_word' id='word_1_111' title='bbox 1801 830 1860 875; x_wconf 88' lang='lat' dir='ltr'>ad</span> <span class='ocrx_word' id='word_1_112' title='bbox 1878 831 2022 877; x_wconf 90' lang='lat' dir='ltr'>Adam</span> 
     </span>
     <span class='ocr_line' id='line_1_11' title="bbox 140 893 2024 958; baseline -0.005 -10"><span class='ocrx_word' id='word_1_113' title='bbox 140 907 187 948; x_wconf 91' lang='lat' dir='ltr'>et</span> <span class='ocrx_word' id='word_1_114' title='bbox 207 903 267 948; x_wconf 88' lang='lat' dir='ltr'>ad</span> <span class='ocrx_word' id='word_1_115' title='bbox 281 902 396 948; x_wconf 85' lang='lat' dir='ltr'>alios</span> <span class='ocrx_word' id='word_1_116' title='bbox 417 904 588 958; x_wconf 89' lang='lat' dir='ltr'>patres.</span> <span class='ocrx_word' id='word_1_117' title='bbox 608 898 897 944; x_wconf 84' lang='lat' dir='ltr'>Manifestum</span> <span class='ocrx_word' id='word_1_118' title='bbox 922 900 1078 941; x_wconf 88' lang='lat' dir='ltr'>autem</span> <span class='ocrx_word' id='word_1_119' title='bbox 1093 895 1302 953; x_wconf 80' lang='lat' dir='ltr'>estquod</span> <span class='ocrx_word' id='word_1_120' title='bbox 1322 894 1412 939; x_wconf 87' lang='lat' dir='ltr'>alia</span> <span class='ocrx_word' id='word_1_121' title='bbox 1432 894 1519 938; x_wconf 89' lang='lat' dir='ltr'>fuit</span> <span class='ocrx_word' id='word_1_122' title='bbox 1534 893 1736 938; x_wconf 88' lang='lat' dir='ltr'>conditio</span> <span class='ocrx_word' id='word_1_123' title='bbox 1753 896 1955 949; x_wconf 90' lang='lat' dir='ltr'>patrum,</span> <span class='ocrx_word' id='word_1_124' title='bbox 1976 898 2024 939; x_wconf 88' lang='lat' dir='ltr'>et</span> 
     </span>
     <span class='ocr_line' id='line_1_12' title="bbox 139 954 2023 1018; baseline -0.005 -9"><span class='ocrx_word' id='word_1_125' title='bbox 139 964 228 1009; x_wconf 88' lang='lat' dir='ltr'>alia</span> <span class='ocrx_word' id='word_1_126' title='bbox 245 963 409 1009; x_wconf 81' lang='lat' dir='ltr'>Christi</span> <span class='ocrx_word' id='word_1_127' title='bbox 433 976 447 1007; x_wconf 76' lang='grc' dir='ltr'><strong><em>ε</em></strong></span> <span class='ocrx_word' id='word_1_128' title='bbox 473 974 582 1006; x_wconf 87' lang='lat' dir='ltr'>nam</span> <span class='ocrx_word' id='word_1_129' title='bbox 614 965 767 1018; x_wconf 85' lang='lat' dir='ltr'>patres</span> <span class='ocrx_word' id='word_1_130' title='bbox 800 959 990 1004; x_wconf 85' lang='lat' dir='ltr'>fuerunt</span> <span class='ocrx_word' id='word_1_131' title='bbox 1019 958 1216 1015; x_wconf 76' lang='lat' dir='ltr'>subJecti</span> <span class='ocrx_word' id='word_1_132' title='bbox 1255 960 1479 1014; x_wconf 85' lang='lat' dir='ltr'>peccato:</span> <span class='ocrx_word' id='word_1_133' title='bbox 1509 955 1716 999; x_wconf 89' lang='lat' dir='ltr'>Christus</span> <span class='ocrx_word' id='word_1_134' title='bbox 1748 958 1906 999; x_wconf 86' lang='lat' dir='ltr'>autem</span> <span class='ocrx_word' id='word_1_135' title='bbox 1935 954 2023 1001; x_wconf 88' lang='lat' dir='ltr'>fuit</span> 
     </span>
     <span class='ocr_line' id='line_1_13' title="bbox 139 1017 2022 1082; baseline -0.004 -11"><span class='ocrx_word' id='word_1_136' title='bbox 139 1025 329 1070; x_wconf 89' lang='lat' dir='ltr'>omnino</span> <span class='ocrx_word' id='word_1_137' title='bbox 346 1024 375 1069; x_wconf 76' lang='lat' dir='ltr'>a</span> <span class='ocrx_word' id='word_1_138' title='bbox 396 1028 586 1082; x_wconf 89' lang='lat' dir='ltr'>peccato</span> <span class='ocrx_word' id='word_1_139' title='bbox 608 1021 845 1067; x_wconf 86' lang='lat' dir='ltr'>immunis.</span> <span class='ocrx_word' id='word_1_140' title='bbox 866 1045 921 1054; x_wconf 93' lang='lat'><em>-</em></span> <span class='ocrx_word' id='word_1_141' title='bbox 942 1020 1190 1077; x_wconf 85' lang='lat' dir='ltr'>Dupliciter</span> <span class='ocrx_word' id='word_1_142' title='bbox 1204 1031 1314 1076; x_wconf 87' lang='lat' dir='ltr'>ergo</span> <span class='ocrx_word' id='word_1_143' title='bbox 1331 1020 1380 1064; x_wconf 89' lang='lat' dir='ltr'>in</span> <span class='ocrx_word' id='word_1_144' title='bbox 1403 1019 1490 1077; x_wconf 87' lang='lat' dir='ltr'>hac</span> <span class='ocrx_word' id='word_1_145' title='bbox 1505 1017 1850 1074; x_wconf 83' lang='lat' dir='ltr'>comparatione</span> <span class='ocrx_word' id='word_1_146' title='bbox 1867 1029 2022 1063; x_wconf 86' lang='lat' dir='ltr'>errare</span> 
     </span>
     <span class='ocr_line' id='line_1_14' title="bbox 138 1078 2022 1143; baseline -0.004 -11"><span class='ocrx_word' id='word_1_147' title='bbox 138 1086 365 1143; x_wconf 87' lang='lat' dir='ltr'>contingit</span> <span class='ocrx_word' id='word_1_148' title='bbox 389 1101 400 1129; x_wconf 91' lang='lat'>:</span> <span class='ocrx_word' id='word_1_149' title='bbox 425 1099 518 1130; x_wconf 84' lang='lat' dir='ltr'>uno</span> <span class='ocrx_word' id='word_1_150' title='bbox 545 1085 683 1130; x_wconf 93' lang='lat' dir='ltr'>modo</span> <span class='ocrx_word' id='word_1_151' title='bbox 705 1088 758 1128; x_wconf 93' lang='lat' dir='ltr'>ut</span> <span class='ocrx_word' id='word_1_152' title='bbox 781 1082 1091 1127; x_wconf 84' lang='lat' dir='ltr'>attribuamus</span> <span class='ocrx_word' id='word_1_153' title='bbox 1122 1082 1299 1126; x_wconf 88' lang='lat' dir='ltr'>Christo</span> <span class='ocrx_word' id='word_1_154' title='bbox 1323 1080 1399 1126; x_wconf 87' lang='lat' dir='ltr'>vel</span> <span class='ocrx_word' id='word_1_155' title='bbox 1422 1079 1548 1125; x_wconf 87' lang='lat' dir='ltr'>carni</span> <span class='ocrx_word' id='word_1_156' title='bbox 1572 1079 1674 1136; x_wconf 79' lang='lat' dir='ltr'>ers</span> <span class='ocrx_word' id='word_1_157' title='bbox 1709 1078 2022 1124; x_wconf 87' lang='lat' dir='ltr'>conditionem</span> 
     </span>
     <span class='ocr_line' id='line_1_15' title="bbox 138 1141 2022 1205; baseline -0.005 -12"><span class='ocrx_word' id='word_1_158' title='bbox 138 1160 242 1205; x_wconf 83' lang='lat' dir='ltr'>quae</span> <span class='ocrx_word' id='word_1_159' title='bbox 260 1147 347 1193; x_wconf 79' lang='lat' dir='ltr'>fuit</span> <span class='ocrx_word' id='word_1_160' title='bbox 361 1148 410 1192; x_wconf 91' lang='lat' dir='ltr'>in</span> <span class='ocrx_word' id='word_1_161' title='bbox 429 1147 655 1205; x_wconf 74' lang='lat' dir='ltr'>patribus,</span> <span class='ocrx_word' id='word_1_162' title='bbox 675 1145 790 1202; x_wconf 80' lang='lat' dir='ltr'>puta</span> <span class='ocrx_word' id='word_1_163' title='bbox 805 1144 844 1188; x_wconf 89' lang='lat' dir='ltr'>si</span> <span class='ocrx_word' id='word_1_164' title='bbox 862 1144 1073 1189; x_wconf 85' lang='lat' dir='ltr'>dicamus</span> <span class='ocrx_word' id='word_1_165' title='bbox 1085 1143 1210 1201; x_wconf 82' lang='lat' dir='ltr'>quod</span> <span class='ocrx_word' id='word_1_166' title='bbox 1229 1143 1435 1187; x_wconf 90' lang='lat' dir='ltr'>Christus</span> <span class='ocrx_word' id='word_1_167' title='bbox 1450 1142 1499 1185; x_wconf 91' lang='lat' dir='ltr'>in</span> <span class='ocrx_word' id='word_1_168' title='bbox 1519 1141 1660 1185; x_wconf 83' lang='lat' dir='ltr'>Adam</span> <span class='ocrx_word' id='word_1_169' title='bbox 1671 1141 1897 1198; x_wconf 84' lang='lat' dir='ltr'>peccavit,</span> <span class='ocrx_word' id='word_1_170' title='bbox 1913 1141 2022 1198; x_wconf 86' lang='lat' dir='ltr'>quia</span> 
     </span>
     <span class='ocr_line' id='line_1_16' title="bbox 135 1203 2023 1267; baseline -0.004 -12"><span class='ocrx_word' id='word_1_171' title='bbox 135 1210 185 1253; x_wconf 89' lang='lat' dir='ltr'>in</span> <span class='ocrx_word' id='word_1_172' title='bbox 204 1223 260 1254; x_wconf 88' lang='lat' dir='ltr'>eo</span> <span class='ocrx_word' id='word_1_173' title='bbox 282 1210 439 1267; x_wconf 87' lang='lat' dir='ltr'>aliquo</span> <span class='ocrx_word' id='word_1_174' title='bbox 457 1206 596 1254; x_wconf 90' lang='lat' dir='ltr'>modo</span> <span class='ocrx_word' id='word_1_175' title='bbox 615 1207 734 1252; x_wconf 83' lang='lat' dir='ltr'>fuit:</span> <span class='ocrx_word' id='word_1_176' title='bbox 759 1206 885 1263; x_wconf 88' lang='lat' dir='ltr'>quod</span> <span class='ocrx_word' id='word_1_177' title='bbox 908 1210 978 1250; x_wconf 87' lang='lat' dir='ltr'>est</span> <span class='ocrx_word' id='word_1_178' title='bbox 991 1205 1189 1262; x_wconf 69' lang='lat' dir='ltr'>falsum,</span> <span class='ocrx_word' id='word_1_179' title='bbox 1211 1205 1321 1262; x_wconf 85' lang='lat' dir='ltr'>quia</span> <span class='ocrx_word' id='word_1_180' title='bbox 1343 1217 1437 1248; x_wconf 91' lang='lat' dir='ltr'>non</span> <span class='ocrx_word' id='word_1_181' title='bbox 1459 1215 1515 1248; x_wconf 91' lang='lat' dir='ltr'>eo</span> <span class='ocrx_word' id='word_1_182' title='bbox 1533 1204 1672 1247; x_wconf 86' lang='lat' dir='ltr'>modo</span> <span class='ocrx_word' id='word_1_183' title='bbox 1690 1204 1739 1247; x_wconf 91' lang='lat' dir='ltr'>in</span> <span class='ocrx_word' id='word_1_184' title='bbox 1759 1215 1814 1248; x_wconf 88' lang='lat' dir='ltr'>eo</span> <span class='ocrx_word' id='word_1_185' title='bbox 1838 1203 1940 1260; x_wconf 88' lang='lat' dir='ltr'>fuit,</span> <span class='ocrx_word' id='word_1_186' title='bbox 1968 1207 2023 1248; x_wconf 91' lang='lat' dir='ltr'>ut</span> 
     </span>
     <span class='ocr_line' id='line_1_17' title="bbox 135 1264 2022 1328; baseline -0.004 -12"><span class='ocrx_word' id='word_1_187' title='bbox 135 1271 194 1316; x_wconf 88' lang='lat' dir='ltr'>ad</span> <span class='ocrx_word' id='word_1_188' title='bbox 220 1272 448 1316; x_wconf 87' lang='lat' dir='ltr'>Christum</span> <span class='ocrx_word' id='word_1_189' title='bbox 473 1274 717 1328; x_wconf 89' lang='lat' dir='ltr'>peccatum</span> <span class='ocrx_word' id='word_1_190' title='bbox 736 1269 844 1314; x_wconf 84' lang='lat' dir='ltr'>Adae</span> <span class='ocrx_word' id='word_1_191' title='bbox 866 1268 1146 1326; x_wconf 85' lang='lat' dir='ltr'>perveniret,</span> <span class='ocrx_word' id='word_1_192' title='bbox 1165 1268 1274 1324; x_wconf 86' lang='lat' dir='ltr'>quia</span> <span class='ocrx_word' id='word_1_193' title='bbox 1303 1280 1397 1312; x_wconf 92' lang='lat' dir='ltr'>non</span> <span class='ocrx_word' id='word_1_194' title='bbox 1430 1266 1666 1311; x_wconf 82' lang='lat' dir='ltr'>derivatur</span> <span class='ocrx_word' id='word_1_195' title='bbox 1686 1264 1745 1309; x_wconf 89' lang='lat' dir='ltr'>ab</span> <span class='ocrx_word' id='word_1_196' title='bbox 1770 1278 1827 1311; x_wconf 92' lang='lat' dir='ltr'>eo</span> <span class='ocrx_word' id='word_1_197' title='bbox 1850 1277 2022 1311; x_wconf 84' lang='lat' dir='ltr'>secun-</span> 
     </span>
     <span class='ocr_line' id='line_1_18' title="bbox 94 1326 2022 1389; baseline -0.005 -8"><span class='ocrx_word' id='word_1_198' title='bbox 94 1378 95 1381; x_wconf 65' lang='lat'>,</span> <span class='ocrx_word' id='word_1_199' title='bbox 135 1332 248 1377; x_wconf 76' lang='lat' dir='ltr'>dum</span> <span class='ocrx_word' id='word_1_200' title='bbox 266 1332 657 1389; x_wconf 77' lang='lat' dir='ltr'>concupiscentiae</span> <span class='ocrx_word' id='word_1_201' title='bbox 674 1332 843 1387; x_wconf 87' lang='lat' dir='ltr'>legem,</span> <span class='ocrx_word' id='word_1_202' title='bbox 863 1330 961 1375; x_wconf 87' lang='lat' dir='ltr'>sive</span> <span class='ocrx_word' id='word_1_203' title='bbox 977 1331 1237 1376; x_wconf 81' lang='lat' dir='ltr'>secundum</span> <span class='ocrx_word' id='word_1_204' title='bbox 1256 1329 1480 1374; x_wconf 74' lang='lat' dir='ltr'>rafionem</span> <span class='ocrx_word' id='word_1_205' title='bbox 1499 1326 1786 1385; x_wconf 83' lang='lat' dir='ltr'>seminalem,</span> <span class='ocrx_word' id='word_1_206' title='bbox 1808 1331 1863 1372; x_wconf 88' lang='lat' dir='ltr'>ut</span> <span class='ocrx_word' id='word_1_207' title='bbox 1880 1339 2022 1384; x_wconf 87' lang='lat' dir='ltr'>supra</span> 
     </span>
    </p>
   </div>
   <div class='ocr_carea' id='block_1_6' title="bbox 63 1388 2022 1450">
    <p class='ocr_par' dir='ltr' id='par_1_6' title="bbox 63 1388 2022 1450">
     <span class='ocr_line' id='line_1_19' title="bbox 63 1388 2022 1450; baseline -0.002 -11"><span class='ocrx_word' id='word_1_208' title='bbox 63 1401 67 1406; x_wconf 82' lang='grc'><strong>’</strong></span> <span class='ocrx_word' id='word_1_209' title='bbox 127 1393 397 1442; x_wconf 86' lang='lat' dir='ltr'>dictumest</span> <span class='ocrx_word' id='word_1_210' title='bbox 413 1395 516 1448; x_wconf 88' lang='lat' dir='ltr'>(art.</span> <span class='ocrx_word' id='word_1_211' title='bbox 539 1405 677 1449; x_wconf 84' lang='lat' dir='ltr'>praec.</span> <span class='ocrx_word' id='word_1_212' title='bbox 701 1393 760 1438; x_wconf 89' lang='lat' dir='ltr'>ad</span> <span class='ocrx_word' id='word_1_213' title='bbox 783 1395 826 1448; x_wconf 83' lang='lat'>1,</span> <span class='ocrx_word' id='word_1_214' title='bbox 851 1396 895 1436; x_wconf 90' lang='lat' dir='ltr'>et</span> <span class='ocrx_word' id='word_1_215' title='bbox 913 1396 1077 1448; x_wconf 81' lang='lat' dir='ltr'>quaest.</span> <span class='ocrx_word' id='word_1_216' title='bbox 1102 1405 1172 1450; x_wconf 83' lang='lat' dir='ltr'>xv,</span> <span class='ocrx_word' id='word_1_217' title='bbox 1193 1395 1279 1435; x_wconf 87' lang='lat' dir='ltr'>art.</span> <span class='ocrx_word' id='word_1_218' title='bbox 1309 1394 1331 1435; x_wconf 82' lang='lat'><strong>1</strong></span> <span class='ocrx_word' id='word_1_219' title='bbox 1361 1390 1419 1434; x_wconf 80' lang='lat' dir='ltr'>ad</span> <span class='ocrx_word' id='word_1_220' title='bbox 1439 1391 1495 1445; x_wconf 74' lang='lat'>2).</span> <span class='ocrx_word' id='word_1_221' title='bbox 1518 1389 1615 1434; x_wconf 81' lang='lat' dir='ltr'>Alio</span> <span class='ocrx_word' id='word_1_222' title='bbox 1637 1388 1777 1433; x_wconf 91' lang='lat' dir='ltr'>modo</span> <span class='ocrx_word' id='word_1_223' title='bbox 1795 1389 2022 1446; x_wconf 81' lang='lat' dir='ltr'>contingit</span> 
     </span>
    </p>
   </div>
   <div class='ocr_carea' id='block_1_7' title="bbox 132 1451 2075 3047">
    <p class='ocr_par' dir='ltr' id='par_1_7' title="bbox 134 1451 2075 2253">
     <span class='ocr_line' id='line_1_20' title="bbox 135 1451 2018 1512; baseline -0.003 -13"><span class='ocrx_word' id='word_1_224' title='bbox 135 1466 304 1512; x_wconf 89' lang='lat' dir='ltr'>errare,</span> <span class='ocrx_word' id='word_1_225' title='bbox 322 1455 363 1500; x_wconf 90' lang='lat' dir='ltr'>si</span> <span class='ocrx_word' id='word_1_226' title='bbox 383 1455 692 1499; x_wconf 86' lang='lat' dir='ltr'>attribuamus</span> <span class='ocrx_word' id='word_1_227' title='bbox 715 1454 758 1499; x_wconf 92' lang='lat' dir='ltr'>ei</span> <span class='ocrx_word' id='word_1_228' title='bbox 786 1453 912 1511; x_wconf 90' lang='lat' dir='ltr'>quod</span> <span class='ocrx_word' id='word_1_229' title='bbox 930 1457 1038 1498; x_wconf 91' lang='lat' dir='ltr'>actu</span> <span class='ocrx_word' id='word_1_230' title='bbox 1057 1453 1144 1497; x_wconf 87' lang='lat' dir='ltr'>fuit</span> <span class='ocrx_word' id='word_1_231' title='bbox 1170 1453 1219 1497; x_wconf 93' lang='lat' dir='ltr'>in</span> <span class='ocrx_word' id='word_1_232' title='bbox 1243 1452 1468 1509; x_wconf 87' lang='lat' dir='ltr'>patribus,</span> <span class='ocrx_word' id='word_1_233' title='bbox 1502 1451 1814 1496; x_wconf 87' lang='lat' dir='ltr'>conditionem</span> <span class='ocrx_word' id='word_1_234' title='bbox 1838 1451 2018 1507; x_wconf 79' lang='lat' dir='ltr'>Christi,</span> 
     </span>
     <span class='ocr_line' id='line_1_21' title="bbox 138 1511 2020 1574; baseline -0.002 -14"><span class='ocrx_word' id='word_1_235' title='bbox 138 1516 209 1561; x_wconf 88' lang='lat' dir='ltr'>vel</span> <span class='ocrx_word' id='word_1_236' title='bbox 230 1516 384 1562; x_wconf 87' lang='lat' dir='ltr'>carnis</span> <span class='ocrx_word' id='word_1_237' title='bbox 405 1516 531 1574; x_wconf 82' lang='lat' dir='ltr'>ejus3</span> <span class='ocrx_word' id='word_1_238' title='bbox 566 1520 620 1560; x_wconf 92' lang='lat' dir='ltr'>ut</span> <span class='ocrx_word' id='word_1_239' title='bbox 652 1515 826 1560; x_wconf 89' lang='lat' dir='ltr'>scilicet</span> <span class='ocrx_word' id='word_1_240' title='bbox 848 1514 958 1572; x_wconf 90' lang='lat' dir='ltr'>quia</span> <span class='ocrx_word' id='word_1_241' title='bbox 984 1527 1092 1559; x_wconf 87' lang='lat' dir='ltr'>caro</span> <span class='ocrx_word' id='word_1_242' title='bbox 1116 1514 1296 1570; x_wconf 85' lang='lat' dir='ltr'>Christi,</span> <span class='ocrx_word' id='word_1_243' title='bbox 1329 1513 1587 1558; x_wconf 82' lang='lat' dir='ltr'>secundum</span> <span class='ocrx_word' id='word_1_244' title='bbox 1618 1511 1743 1569; x_wconf 77' lang='lat' dir='ltr'>quod</span> <span class='ocrx_word' id='word_1_245' title='bbox 1764 1512 2020 1557; x_wconf 73' lang='lat' dir='ltr'>in&#39;Christo</span> 
     </span>
     <span class='ocr_line' id='line_1_22' title="bbox 135 1574 2021 1636; baseline -0.003 -13"><span class='ocrx_word' id='word_1_246' title='bbox 135 1577 238 1636; x_wconf 79' lang='lat' dir='ltr'>fuit,</span> <span class='ocrx_word' id='word_1_247' title='bbox 258 1590 355 1623; x_wconf 92' lang='lat' dir='ltr'>non</span> <span class='ocrx_word' id='word_1_248' title='bbox 372 1578 460 1623; x_wconf 90' lang='lat' dir='ltr'>fuit</span> <span class='ocrx_word' id='word_1_249' title='bbox 477 1581 666 1635; x_wconf 87' lang='lat' dir='ltr'>peccato</span> <span class='ocrx_word' id='word_1_250' title='bbox 684 1576 900 1632; x_wconf 86' lang='lat' dir='ltr'>obnoxia,</span> <span class='ocrx_word' id='word_1_251' title='bbox 921 1577 985 1620; x_wconf 88' lang='lat' dir='ltr'>ita</span> <span class='ocrx_word' id='word_1_252' title='bbox 1002 1576 1143 1620; x_wconf 86' lang='lat' dir='ltr'>etiam</span> <span class='ocrx_word' id='word_1_253' title='bbox 1162 1576 1209 1619; x_wconf 93' lang='lat' dir='ltr'>in</span> <span class='ocrx_word' id='word_1_254' title='bbox 1227 1576 1386 1636; x_wconf 84' lang='lat' dir='ltr'>Adam,</span> <span class='ocrx_word' id='word_1_255' title='bbox 1408 1580 1453 1620; x_wconf 91' lang='lat' dir='ltr'>et</span> <span class='ocrx_word' id='word_1_256' title='bbox 1471 1575 1519 1618; x_wconf 90' lang='lat' dir='ltr'>in</span> <span class='ocrx_word' id='word_1_257' title='bbox 1544 1574 1644 1618; x_wconf 85' lang='lat' dir='ltr'>aliis</span> <span class='ocrx_word' id='word_1_258' title='bbox 1658 1574 1868 1630; x_wconf 89' lang='lat' dir='ltr'>patribus</span> <span class='ocrx_word' id='word_1_259' title='bbox 1881 1574 2021 1619; x_wconf 88' lang='lat' dir='ltr'>fuerit</span> 
     </span>
     <span class='ocr_line' id='line_1_23' title="bbox 137 1637 2075 1700; baseline -0.001 -17"><span class='ocrx_word' id='word_1_260' title='bbox 137 1639 291 1697; x_wconf 85' lang='lat' dir='ltr'>aliqua</span> <span class='ocrx_word' id='word_1_261' title='bbox 318 1653 426 1697; x_wconf 87' lang='lat' dir='ltr'>pars</span> <span class='ocrx_word' id='word_1_262' title='bbox 446 1640 652 1697; x_wconf 89' lang='lat' dir='ltr'>corporis</span> <span class='ocrx_word' id='word_1_263' title='bbox 681 1639 784 1697; x_wconf 75' lang='lat' dir='ltr'>eius</span> <span class='ocrx_word' id='word_1_264' title='bbox 802 1651 907 1697; x_wconf 80' lang='lat' dir='ltr'>quae</span> <span class='ocrx_word' id='word_1_265' title='bbox 930 1652 1025 1683; x_wconf 92' lang='lat' dir='ltr'>non</span> <span class='ocrx_word' id='word_1_266' title='bbox 1048 1638 1138 1683; x_wconf 81' lang='lat' dir='ltr'>fuit</span> <span class='ocrx_word' id='word_1_267' title='bbox 1159 1642 1350 1696; x_wconf 88' lang='lat' dir='ltr'>peccato</span> <span class='ocrx_word' id='word_1_268' title='bbox 1373 1637 1590 1692; x_wconf 80' lang='lat' dir='ltr'>obnoxia,</span> <span class='ocrx_word' id='word_1_269' title='bbox 1613 1649 1672 1681; x_wconf 86' lang='lat' dir='ltr'>ex</span> <span class='ocrx_word' id='word_1_270' title='bbox 1696 1649 1789 1694; x_wconf 89' lang='lat' dir='ltr'>qua</span> <span class='ocrx_word' id='word_1_271' title='bbox 1811 1641 2020 1694; x_wconf 89' lang='lat' dir='ltr'>postmo-</span> <span class='ocrx_word' id='word_1_272' title='bbox 2072 1698 2075 1700; x_wconf 5' lang='grc' dir='ltr'>μ</span> 
     </span>
     <span class='ocr_line' id='line_1_24' title="bbox 137 1699 2020 1760; baseline -0.001 -13"><span class='ocrx_word' id='word_1_273' title='bbox 137 1701 250 1747; x_wconf 77' lang='lat' dir='ltr'>dum</span> <span class='ocrx_word' id='word_1_274' title='bbox 277 1714 448 1759; x_wconf 89' lang='lat' dir='ltr'>corpus</span> <span class='ocrx_word' id='word_1_275' title='bbox 471 1701 636 1750; x_wconf 85' lang='lat' dir='ltr'>Christi</span> <span class='ocrx_word' id='word_1_276' title='bbox 663 1703 956 1760; x_wconf 84' lang='lat' dir='ltr'>formaretur,</span> <span class='ocrx_word' id='word_1_277' title='bbox 993 1701 1111 1746; x_wconf 86' lang='lat' dir='ltr'>sicut</span> <span class='ocrx_word' id='word_1_278' title='bbox 1141 1701 1333 1759; x_wconf 85' lang='lat' dir='ltr'>quidam</span> <span class='ocrx_word' id='word_1_279' title='bbox 1362 1703 1635 1758; x_wconf 89' lang='lat' dir='ltr'>posuerunt.</span> <span class='ocrx_word' id='word_1_280' title='bbox 1666 1699 1796 1751; x_wconf 88' lang='lat' dir='ltr'>Quod</span> <span class='ocrx_word' id='word_1_281' title='bbox 1830 1699 2020 1757; x_wconf 90' lang='lat' dir='ltr'>quidem</span> 
     </span>
     <span class='ocr_line' id='line_1_25' title="bbox 137 1761 2021 1822; baseline -0.002 -13"><span class='ocrx_word' id='word_1_282' title='bbox 137 1776 241 1809; x_wconf 88' lang='lat' dir='ltr'>esse</span> <span class='ocrx_word' id='word_1_283' title='bbox 261 1776 356 1808; x_wconf 90' lang='lat' dir='ltr'>non</span> <span class='ocrx_word' id='word_1_284' title='bbox 377 1769 546 1821; x_wconf 89' lang='lat' dir='ltr'>potest.</span> <span class='ocrx_word' id='word_1_285' title='bbox 560 1764 727 1822; x_wconf 78' lang='lat' dir='ltr'>Primo,</span> <span class='ocrx_word' id='word_1_286' title='bbox 744 1764 854 1820; x_wconf 88' lang='lat' dir='ltr'>quia</span> <span class='ocrx_word' id='word_1_287' title='bbox 870 1776 978 1808; x_wconf 87' lang='lat' dir='ltr'>caro</span> <span class='ocrx_word' id='word_1_288' title='bbox 998 1764 1161 1808; x_wconf 90' lang='lat' dir='ltr'>Christi</span> <span class='ocrx_word' id='word_1_289' title='bbox 1173 1776 1266 1808; x_wconf 92' lang='lat' dir='ltr'>non</span> <span class='ocrx_word' id='word_1_290' title='bbox 1290 1763 1378 1808; x_wconf 87' lang='lat' dir='ltr'>fuit</span> <span class='ocrx_word' id='word_1_291' title='bbox 1392 1762 1647 1807; x_wconf 81' lang='lat' dir='ltr'>secundum</span> <span class='ocrx_word' id='word_1_292' title='bbox 1667 1761 1841 1819; x_wconf 88' lang='lat' dir='ltr'>aliquid</span> <span class='ocrx_word' id='word_1_293' title='bbox 1859 1761 2021 1818; x_wconf 85' lang='lat' dir='ltr'>signa-</span> 
     </span>
     <span class='ocr_line' id='line_1_26' title="bbox 137 1823 2018 1881; baseline -0.001 -11"><span class='ocrx_word' id='word_1_294' title='bbox 137 1830 237 1870; x_wconf 89' lang='lat' dir='ltr'>tum</span> <span class='ocrx_word' id='word_1_295' title='bbox 247 1825 296 1869; x_wconf 91' lang='lat' dir='ltr'>in</span> <span class='ocrx_word' id='word_1_296' title='bbox 307 1825 451 1870; x_wconf 83' lang='lat' dir='ltr'>Adam</span> <span class='ocrx_word' id='word_1_297' title='bbox 463 1829 509 1870; x_wconf 91' lang='lat' dir='ltr'>et</span> <span class='ocrx_word' id='word_1_298' title='bbox 526 1825 573 1868; x_wconf 92' lang='lat' dir='ltr'>in</span> <span class='ocrx_word' id='word_1_299' title='bbox 588 1824 691 1869; x_wconf 86' lang='lat' dir='ltr'>aliis</span> <span class='ocrx_word' id='word_1_300' title='bbox 704 1824 930 1880; x_wconf 85' lang='lat' dir='ltr'>patribus,</span> <span class='ocrx_word' id='word_1_301' title='bbox 948 1825 1073 1881; x_wconf 89' lang='lat' dir='ltr'>quod</span> <span class='ocrx_word' id='word_1_302' title='bbox 1091 1829 1247 1881; x_wconf 85' lang='lat' dir='ltr'>posset</span> <span class='ocrx_word' id='word_1_303' title='bbox 1262 1824 1483 1879; x_wconf 82' lang='lat' dir='ltr'>distingui</span> <span class='ocrx_word' id='word_1_304' title='bbox 1504 1824 1530 1866; x_wconf 84' lang='lat' dir='ltr'>a</span> <span class='ocrx_word' id='word_1_305' title='bbox 1544 1823 1724 1880; x_wconf 87' lang='lat' dir='ltr'>reliqua</span> <span class='ocrx_word' id='word_1_306' title='bbox 1741 1823 1845 1880; x_wconf 91' lang='lat' dir='ltr'>ejus</span> <span class='ocrx_word' id='word_1_307' title='bbox 1862 1835 2018 1881; x_wconf 85' lang='lat' dir='ltr'>carne,</span> 
     </span>
     <span class='ocr_line' id='line_1_27' title="bbox 137 1884 2071 1944; baseline -0.001 -12"><span class='ocrx_word' id='word_1_308' title='bbox 137 1887 259 1932; x_wconf 88' lang='lat' dir='ltr'>sicut</span> <span class='ocrx_word' id='word_1_309' title='bbox 279 1898 452 1944; x_wconf 88' lang='lat' dir='ltr'>purum</span> <span class='ocrx_word' id='word_1_310' title='bbox 474 1885 533 1930; x_wconf 91' lang='lat' dir='ltr'>ab</span> <span class='ocrx_word' id='word_1_311' title='bbox 560 1886 760 1942; x_wconf 88' lang='lat' dir='ltr'>impuro,</span> <span class='ocrx_word' id='word_1_312' title='bbox 785 1886 906 1933; x_wconf 85' lang='lat' dir='ltr'>sicut</span> <span class='ocrx_word' id='word_1_313' title='bbox 925 1885 1023 1943; x_wconf 66' lang='lat' dir='ltr'>‚iam</span> <span class='ocrx_word' id='word_1_314' title='bbox 1058 1899 1199 1943; x_wconf 82' lang='lat' dir='ltr'>supra</span> <span class='ocrx_word' id='word_1_315' title='bbox 1225 1886 1399 1931; x_wconf 87' lang='lat' dir='ltr'>dictum</span> <span class='ocrx_word' id='word_1_316' title='bbox 1425 1890 1496 1929; x_wconf 90' lang='lat' dir='ltr'>est</span> <span class='ocrx_word' id='word_1_317' title='bbox 1525 1885 1629 1940; x_wconf 88' lang='lat' dir='ltr'>(loc.</span> <span class='ocrx_word' id='word_1_318' title='bbox 1654 1884 1767 1938; x_wconf 85' lang='lat' dir='ltr'>cit.).</span> <span class='ocrx_word' id='word_1_319' title='bbox 1790 1886 2017 1941; x_wconf 75' lang='lat' dir='ltr'>Secundo,</span> <span class='ocrx_word' id='word_1_320' title='bbox 2066 1912 2071 1916; x_wconf 96' lang='lat'>-</span> 
     </span>
     <span class='ocr_line' id='line_1_28' title="bbox 136 1943 2019 2007; baseline -0.001 -15"><span class='ocrx_word' id='word_1_321' title='bbox 136 1947 246 2005; x_wconf 88' lang='lat' dir='ltr'>quia</span> <span class='ocrx_word' id='word_1_322' title='bbox 266 1948 374 1992; x_wconf 76' lang='lat' dir='ltr'>cum</span> <span class='ocrx_word' id='word_1_323' title='bbox 396 1959 505 1992; x_wconf 90' lang='lat' dir='ltr'>caro</span> <span class='ocrx_word' id='word_1_324' title='bbox 530 1948 735 1992; x_wconf 87' lang='lat' dir='ltr'>humana</span> <span class='ocrx_word' id='word_1_325' title='bbox 754 1950 945 2004; x_wconf 88' lang='lat' dir='ltr'>peccato</span> <span class='ocrx_word' id='word_1_326' title='bbox 966 1943 1200 2007; x_wconf 88' lang='lat' dir='ltr'>inficiatur</span> <span class='ocrx_word' id='word_1_327' title='bbox 1217 1959 1276 1992; x_wconf 84' lang='lat' dir='ltr'>ex</span> <span class='ocrx_word' id='word_1_328' title='bbox 1298 1947 1388 1991; x_wconf 90' lang='lat' dir='ltr'>hoc</span> <span class='ocrx_word' id='word_1_329' title='bbox 1415 1945 1541 2003; x_wconf 75' lang='lat' dir='ltr'>quod</span> <span class='ocrx_word' id='word_1_330' title='bbox 1565 1949 1637 1991; x_wconf 90' lang='lat' dir='ltr'>est</span> <span class='ocrx_word' id='word_1_331' title='bbox 1663 1958 1748 2002; x_wconf 90' lang='lat' dir='ltr'>per</span> <span class='ocrx_word' id='word_1_332' title='bbox 1774 1947 2019 2004; x_wconf 84' lang='lat' dir='ltr'>concupis-</span> 
     </span>
     <span class='ocr_line' id='line_1_29' title="bbox 136 2008 2020 2069; baseline -0.001 -15"><span class='ocrx_word' id='word_1_333' title='bbox 136 2010 338 2055; x_wconf 84' lang='lat' dir='ltr'>centiam</span> <span class='ocrx_word' id='word_1_334' title='bbox 363 2013 603 2065; x_wconf 81' lang='lat' dir='ltr'>concepta,</span> <span class='ocrx_word' id='word_1_335' title='bbox 627 2009 748 2053; x_wconf 88' lang='lat' dir='ltr'>sicut</span> <span class='ocrx_word' id='word_1_336' title='bbox 782 2013 877 2053; x_wconf 88' lang='lat' dir='ltr'>tota</span> <span class='ocrx_word' id='word_1_337' title='bbox 905 2021 1013 2054; x_wconf 92' lang='lat' dir='ltr'>caro</span> <span class='ocrx_word' id='word_1_338' title='bbox 1038 2008 1238 2066; x_wconf 88' lang='lat' dir='ltr'>alicujus</span> <span class='ocrx_word' id='word_1_339' title='bbox 1257 2008 1459 2053; x_wconf 87' lang='lat' dir='ltr'>hominis</span> <span class='ocrx_word' id='word_1_340' title='bbox 1490 2020 1574 2064; x_wconf 87' lang='lat' dir='ltr'>per</span> <span class='ocrx_word' id='word_1_341' title='bbox 1594 2008 2020 2069; x_wconf 78' lang='lat' dir='ltr'>concupiscentiam</span> 
     </span>
     <span class='ocr_line' id='line_1_30' title="bbox 134 2069 2020 2128; baseline 0 -13"><span class='ocrx_word' id='word_1_342' title='bbox 134 2071 409 2127; x_wconf 80' lang='lat' dir='ltr'>concipitur,</span> <span class='ocrx_word' id='word_1_343' title='bbox 428 2070 492 2114; x_wconf 92' lang='lat' dir='ltr'>ita</span> <span class='ocrx_word' id='word_1_344' title='bbox 509 2071 649 2114; x_wconf 90' lang='lat' dir='ltr'>etiam</span> <span class='ocrx_word' id='word_1_345' title='bbox 669 2075 765 2114; x_wconf 90' lang='lat' dir='ltr'>tota</span> <span class='ocrx_word' id='word_1_346' title='bbox 779 2075 969 2127; x_wconf 89' lang='lat' dir='ltr'>peccato</span> <span class='ocrx_word' id='word_1_347' title='bbox 982 2071 1266 2128; x_wconf 84' lang='lat' dir='ltr'>inquinatur.</span> <span class='ocrx_word' id='word_1_348' title='bbox 1288 2096 1338 2103; x_wconf 87' lang='lat'>-—</span> <span class='ocrx_word' id='word_1_349' title='bbox 1359 2074 1414 2115; x_wconf 91' lang='lat' dir='ltr'>Et</span> <span class='ocrx_word' id='word_1_350' title='bbox 1426 2070 1530 2115; x_wconf 88' lang='lat' dir='ltr'>ideo</span> <span class='ocrx_word' id='word_1_351' title='bbox 1549 2069 1798 2115; x_wconf 86' lang='lat' dir='ltr'>dicendum</span> <span class='ocrx_word' id='word_1_352' title='bbox 1809 2075 1879 2115; x_wconf 90' lang='lat' dir='ltr'>est</span> <span class='ocrx_word' id='word_1_353' title='bbox 1894 2071 2020 2127; x_wconf 78' lang='lat' dir='ltr'>quod</span> 
     </span>
     <span class='ocr_line' id='line_1_31' title="bbox 134 2131 2020 2190; baseline 0.001 -12"><span class='ocrx_word' id='word_1_354' title='bbox 134 2137 230 2178; x_wconf 90' lang='lat' dir='ltr'>tota</span> <span class='ocrx_word' id='word_1_355' title='bbox 255 2145 362 2177; x_wconf 89' lang='lat' dir='ltr'>caro</span> <span class='ocrx_word' id='word_1_356' title='bbox 385 2131 682 2189; x_wconf 86' lang='lat' dir='ltr'>antiquorum</span> <span class='ocrx_word' id='word_1_357' title='bbox 701 2137 885 2188; x_wconf 91' lang='lat' dir='ltr'>patrum</span> <span class='ocrx_word' id='word_1_358' title='bbox 904 2133 991 2178; x_wconf 89' lang='lat' dir='ltr'>fuit</span> <span class='ocrx_word' id='word_1_359' title='bbox 1013 2140 1202 2188; x_wconf 87' lang='lat' dir='ltr'>peccato</span> <span class='ocrx_word' id='word_1_360' title='bbox 1222 2133 1450 2189; x_wconf 83' lang='lat' dir='ltr'>obnoxia3</span> <span class='ocrx_word' id='word_1_361' title='bbox 1472 2144 1567 2184; x_wconf 33' lang='lat' dir='ltr'>nec,</span> <span class='ocrx_word' id='word_1_362' title='bbox 1577 2131 1666 2176; x_wconf 89' lang='lat' dir='ltr'>fuit</span> <span class='ocrx_word' id='word_1_363' title='bbox 1687 2131 1736 2175; x_wconf 90' lang='lat' dir='ltr'>in</span> <span class='ocrx_word' id='word_1_364' title='bbox 1759 2131 1825 2176; x_wconf 88' lang='lat' dir='ltr'>eis</span> <span class='ocrx_word' id='word_1_365' title='bbox 1844 2133 2020 2190; x_wconf 86' lang='lat' dir='ltr'>aliquid</span> 
     </span>
     <span class='ocr_line' id='line_1_32' title="bbox 134 2194 1795 2253; baseline 0 -15"><span class='ocrx_word' id='word_1_366' title='bbox 134 2194 162 2238; x_wconf 79' lang='lat' dir='ltr'>a</span> <span class='ocrx_word' id='word_1_367' title='bbox 178 2199 366 2253; x_wconf 89' lang='lat' dir='ltr'>peccato</span> <span class='ocrx_word' id='word_1_368' title='bbox 386 2194 612 2251; x_wconf 89' lang='lat' dir='ltr'>immune,</span> <span class='ocrx_word' id='word_1_369' title='bbox 634 2194 691 2239; x_wconf 90' lang='lat' dir='ltr'>de</span> <span class='ocrx_word' id='word_1_370' title='bbox 707 2206 800 2251; x_wconf 89' lang='lat' dir='ltr'>quo</span> <span class='ocrx_word' id='word_1_371' title='bbox 820 2196 1115 2251; x_wconf 80' lang='lat' dir='ltr'>postmodum</span> <span class='ocrx_word' id='word_1_372' title='bbox 1128 2209 1298 2253; x_wconf 85' lang='lat' dir='ltr'>corpus</span> <span class='ocrx_word' id='word_1_373' title='bbox 1319 2195 1482 2240; x_wconf 87' lang='lat' dir='ltr'>Christi</span> <span class='ocrx_word' id='word_1_374' title='bbox 1501 2195 1795 2239; x_wconf 86' lang='lat' dir='ltr'>formaretur.</span> 
     </span>
    </p>

    <p class='ocr_par' dir='ltr' id='par_1_8' title="bbox 132 2255 2019 2436">
     <span class='ocr_line' id='line_1_33' title="bbox 188 2255 2019 2313; baseline 0.002 -13"><span class='ocrx_word' id='word_1_375' title='bbox 188 2256 255 2300; x_wconf 87' lang='lat' dir='ltr'>Ad</span> <span class='ocrx_word' id='word_1_376' title='bbox 276 2259 474 2310; x_wconf 83' lang='lat' dir='ltr'>primum</span> <span class='ocrx_word' id='word_1_377' title='bbox 495 2267 606 2311; x_wconf 89' lang='lat' dir='ltr'>ergo</span> <span class='ocrx_word' id='word_1_378' title='bbox 631 2255 896 2312; x_wconf 87' lang='lat' dir='ltr'>dicendum,</span> <span class='ocrx_word' id='word_1_379' title='bbox 933 2257 1059 2313; x_wconf 70' lang='lat' dir='ltr'>qued</span> <span class='ocrx_word' id='word_1_380' title='bbox 1087 2257 1291 2302; x_wconf 85' lang='lat' dir='ltr'>Christus</span> <span class='ocrx_word' id='word_1_381' title='bbox 1321 2269 1415 2301; x_wconf 92' lang='lat' dir='ltr'>non</span> <span class='ocrx_word' id='word_1_382' title='bbox 1439 2255 1694 2312; x_wconf 85' lang='lat' dir='ltr'>assumpsit</span> <span class='ocrx_word' id='word_1_383' title='bbox 1723 2268 1910 2301; x_wconf 88' lang='lat' dir='ltr'>carnem</span> <span class='ocrx_word' id='word_1_384' title='bbox 1931 2257 2019 2303; x_wconf 86' lang='lat' dir='ltr'>hu·</span> 
     </span>
     <span class='ocr_line' id='line_1_34' title="bbox 133 2316 2019 2373; baseline 0.001 -13"><span class='ocrx_word' id='word_1_385' title='bbox 133 2317 260 2361; x_wconf 87' lang='lat' dir='ltr'>mani</span> <span class='ocrx_word' id='word_1_386' title='bbox 286 2316 471 2372; x_wconf 87' lang='lat' dir='ltr'>generis</span> <span class='ocrx_word' id='word_1_387' title='bbox 494 2316 754 2373; x_wconf 88' lang='lat' dir='ltr'>subjectam</span> <span class='ocrx_word' id='word_1_388' title='bbox 772 2321 975 2373; x_wconf 88' lang='lat' dir='ltr'>peccato,</span> <span class='ocrx_word' id='word_1_389' title='bbox 995 2318 1080 2362; x_wconf 90' lang='lat' dir='ltr'>sed</span> <span class='ocrx_word' id='word_1_390' title='bbox 1100 2317 1159 2361; x_wconf 85' lang='lat' dir='ltr'>ab</span> <span class='ocrx_word' id='word_1_391' title='bbox 1184 2317 1311 2361; x_wconf 92' lang='lat' dir='ltr'>omni</span> <span class='ocrx_word' id='word_1_392' title='bbox 1342 2317 1592 2362; x_wconf 83' lang='lat' dir='ltr'>infectione</span> <span class='ocrx_word' id='word_1_393' title='bbox 1615 2316 1791 2373; x_wconf 88' lang='lat' dir='ltr'>peccati</span> <span class='ocrx_word' id='word_1_394' title='bbox 1821 2318 2019 2364; x_wconf 88' lang='lat' dir='ltr'>munda-</span> 
     </span>
     <span class='ocr_line' id='line_1_35' title="bbox 132 2377 1654 2436; baseline 0 -13"><span class='ocrx_word' id='word_1_395' title='bbox 132 2383 229 2423; x_wconf 88' lang='lat' dir='ltr'>tam</span> <span class='ocrx_word' id='word_1_396' title='bbox 249 2379 309 2435; x_wconf 78' lang='lat'>(1)</span> <span class='ocrx_word' id='word_1_397' title='bbox 326 2382 394 2422; x_wconf 88' lang='lat' dir='ltr'>:et</span> <span class='ocrx_word' id='word_1_398' title='bbox 414 2377 518 2423; x_wconf 91' lang='lat' dir='ltr'>ideo</span> <span class='ocrx_word' id='word_1_399' title='bbox 537 2378 585 2422; x_wconf 90' lang='lat' dir='ltr'>in</span> <span class='ocrx_word' id='word_1_400' title='bbox 605 2378 679 2422; x_wconf 91' lang='lat' dir='ltr'>Dei</span> <span class='ocrx_word' id='word_1_401' title='bbox 698 2378 970 2435; x_wconf 89' lang='lat' dir='ltr'>sapientiam</span> <span class='ocrx_word' id='word_1_402' title='bbox 993 2378 1107 2422; x_wconf 90' lang='lat' dir='ltr'>nihil</span> <span class='ocrx_word' id='word_1_403' title='bbox 1125 2379 1423 2436; x_wconf 87' lang='lat' dir='ltr'>inquinatum</span> <span class='ocrx_word' id='word_1_404' title='bbox 1442 2379 1654 2423; x_wconf 88' lang='lat' dir='ltr'>incurrit.</span> 
     </span>
    </p>

    <p class='ocr_par' dir='ltr' id='par_1_9' title="bbox 133 2439 2019 2804">
     <span class='ocr_line' id='line_1_36' title="bbox 186 2439 2019 2498; baseline 0.002 -15"><span class='ocrx_word' id='word_1_405' title='bbox 186 2439 256 2485; x_wconf 87' lang='lat' dir='ltr'>Ad</span> <span class='ocrx_word' id='word_1_406' title='bbox 275 2440 521 2483; x_wconf 81' lang='lat' dir='ltr'>secundum</span> <span class='ocrx_word' id='word_1_407' title='bbox 542 2439 814 2498; x_wconf 85' lang='lat' dir='ltr'>dicendum,</span> <span class='ocrx_word' id='word_1_408' title='bbox 837 2439 963 2496; x_wconf 79' lang='lat' dir='ltr'>quod</span> <span class='ocrx_word' id='word_1_409' title='bbox 981 2441 1186 2485; x_wconf 76' lang='lat' dir='ltr'>ChrIstus</span> <span class='ocrx_word' id='word_1_410' title='bbox 1207 2440 1374 2485; x_wconf 89' lang='lat' dir='ltr'>dicitur</span> <span class='ocrx_word' id='word_1_411' title='bbox 1390 2440 1615 2497; x_wconf 82' lang='lat' dir='ltr'>primitias</span> <span class='ocrx_word' id='word_1_412' title='bbox 1643 2443 1815 2484; x_wconf 87' lang='lat' dir='ltr'>nostrae</span> <span class='ocrx_word' id='word_1_413' title='bbox 1838 2445 2019 2487; x_wconf 85' lang='lat' dir='ltr'>naturae</span> 
     </span>
     <span class='ocr_line' id='line_1_37' title="bbox 134 2501 2019 2560; baseline 0.001 -15"><span class='ocrx_word' id='word_1_414' title='bbox 134 2501 449 2558; x_wconf 84' lang='lat' dir='ltr'>assumpsisse</span> <span class='ocrx_word' id='word_1_415' title='bbox 467 2504 694 2558; x_wconf 79' lang='lat' dir='ltr'>quantum</span> <span class='ocrx_word' id='word_1_416' title='bbox 715 2501 775 2546; x_wconf 85' lang='lat' dir='ltr'>ad</span> <span class='ocrx_word' id='word_1_417' title='bbox 795 2501 1146 2547; x_wconf 88' lang='lat' dir='ltr'>similitudinem</span> <span class='ocrx_word' id='word_1_418' title='bbox 1168 2502 1466 2558; x_wconf 67' lang='lat' dir='ltr'>conditionis,</span> <span class='ocrx_word' id='word_1_419' title='bbox 1483 2502 1592 2558; x_wconf 88' lang='lat' dir='ltr'>quia</span> <span class='ocrx_word' id='word_1_420' title='bbox 1608 2502 1785 2547; x_wconf 89' lang='lat' dir='ltr'>scilicet</span> <span class='ocrx_word' id='word_1_421' title='bbox 1799 2513 2019 2560; x_wconf 87' lang='lat' dir='ltr'>assump-</span> 
     </span>
     <span class='ocr_line' id='line_1_38' title="bbox 134 2561 2015 2621; baseline 0.002 -16"><span class='ocrx_word' id='word_1_422' title='bbox 134 2561 193 2606; x_wconf 87' lang='lat' dir='ltr'>sit</span> <span class='ocrx_word' id='word_1_423' title='bbox 209 2573 398 2607; x_wconf 87' lang='lat' dir='ltr'>carnem</span> <span class='ocrx_word' id='word_1_424' title='bbox 415 2566 604 2619; x_wconf 88' lang='lat' dir='ltr'>peccato</span> <span class='ocrx_word' id='word_1_425' title='bbox 619 2575 714 2606; x_wconf 92' lang='lat' dir='ltr'>non</span> <span class='ocrx_word' id='word_1_426' title='bbox 726 2562 961 2621; x_wconf 88' lang='lat' dir='ltr'>infectam,</span> <span class='ocrx_word' id='word_1_427' title='bbox 973 2563 1094 2608; x_wconf 89' lang='lat' dir='ltr'>sicut</span> <span class='ocrx_word' id='word_1_428' title='bbox 1106 2563 1259 2608; x_wconf 88' lang='lat' dir='ltr'>fuerat</span> <span class='ocrx_word' id='word_1_429' title='bbox 1270 2576 1379 2608; x_wconf 88' lang='lat' dir='ltr'>caro</span> <span class='ocrx_word' id='word_1_430' title='bbox 1403 2563 1605 2608; x_wconf 92' lang='lat' dir='ltr'>hominis</span> <span class='ocrx_word' id='word_1_431' title='bbox 1623 2568 1731 2608; x_wconf 91' lang='lat' dir='ltr'>ante</span> <span class='ocrx_word' id='word_1_432' title='bbox 1751 2569 2015 2620; x_wconf 83' lang='lat' dir='ltr'>peccatum;</span> 
     </span>
     <span class='ocr_line' id='line_1_39' title="bbox 134 2622 2019 2681; baseline 0.002 -15"><span class='ocrx_word' id='word_1_433' title='bbox 134 2634 228 2666; x_wconf 91' lang='lat' dir='ltr'>non</span> <span class='ocrx_word' id='word_1_434' title='bbox 251 2626 407 2667; x_wconf 87' lang='lat' dir='ltr'>autem</span> <span class='ocrx_word' id='word_1_435' title='bbox 424 2622 513 2667; x_wconf 88' lang='lat' dir='ltr'>hoc</span> <span class='ocrx_word' id='word_1_436' title='bbox 540 2622 813 2680; x_wconf 89' lang='lat' dir='ltr'>intelligitur</span> <span class='ocrx_word' id='word_1_437' title='bbox 835 2623 1096 2668; x_wconf 78' lang='lat' dir='ltr'>secundum</span> <span class='ocrx_word' id='word_1_438' title='bbox 1115 2623 1471 2670; x_wconf 88' lang='lat' dir='ltr'>continuitatem</span> <span class='ocrx_word' id='word_1_439' title='bbox 1499 2624 1730 2681; x_wconf 83' lang='lat' dir='ltr'>puritatis,</span> <span class='ocrx_word' id='word_1_440' title='bbox 1758 2624 1822 2668; x_wconf 89' lang='lat' dir='ltr'>ita</span> <span class='ocrx_word' id='word_1_441' title='bbox 1842 2625 2019 2675; x_wconf 85' lang='lat' dir='ltr'>scilicet</span> 
     </span>
     <span class='ocr_line' id='line_1_40' title="bbox 135 2684 2019 2744; baseline 0.002 -16"><span class='ocrx_word' id='word_1_442' title='bbox 135 2684 258 2740; x_wconf 82' lang='lat' dir='ltr'>quod</span> <span class='ocrx_word' id='word_1_443' title='bbox 276 2684 356 2729; x_wconf 86' lang='lat' dir='ltr'>illa</span> <span class='ocrx_word' id='word_1_444' title='bbox 371 2696 479 2729; x_wconf 90' lang='lat' dir='ltr'>caro</span> <span class='ocrx_word' id='word_1_445' title='bbox 497 2684 634 2741; x_wconf 87' lang='lat' dir='ltr'>primi</span> <span class='ocrx_word' id='word_1_446' title='bbox 657 2687 717 2740; x_wconf 81' lang='lat'>(2)</span> <span class='ocrx_word' id='word_1_447' title='bbox 735 2686 936 2730; x_wconf 78' lang='lat' dir='ltr'>hominis</span> <span class='ocrx_word' id='word_1_448' title='bbox 969 2690 1326 2731; x_wconf 86' lang='lat' dir='ltr'>conservaretur</span> <span class='ocrx_word' id='word_1_449' title='bbox 1347 2685 1376 2730; x_wconf 76' lang='lat' dir='ltr'>a</span> <span class='ocrx_word' id='word_1_450' title='bbox 1396 2691 1588 2744; x_wconf 89' lang='lat' dir='ltr'>peccato</span> <span class='ocrx_word' id='word_1_451' title='bbox 1617 2685 1841 2731; x_wconf 90' lang='lat' dir='ltr'>immunis</span> <span class='ocrx_word' id='word_1_452' title='bbox 1867 2699 2019 2744; x_wconf 89' lang='lat' dir='ltr'>usque</span> 
     </span>
     <span class='ocr_line' id='line_1_41' title="bbox 133 2744 957 2804; baseline 0.007 -17"><span class='ocrx_word' id='word_1_453' title='bbox 133 2744 192 2788; x_wconf 87' lang='lat' dir='ltr'>ad</span> <span class='ocrx_word' id='word_1_454' title='bbox 211 2746 534 2792; x_wconf 86' lang='lat' dir='ltr'>formationem</span> <span class='ocrx_word' id='word_1_455' title='bbox 552 2747 758 2804; x_wconf 87' lang='lat' dir='ltr'>corporis</span> <span class='ocrx_word' id='word_1_456' title='bbox 777 2747 957 2793; x_wconf 89' lang='lat' dir='ltr'>Christi.</span> 
     </span>
    </p>

    <p class='ocr_par' dir='ltr' id='par_1_10' title="bbox 133 2806 2019 3047">
     <span class='ocr_line' id='line_1_42' title="bbox 187 2806 2019 2867; baseline 0.004 -18"><span class='ocrx_word' id='word_1_457' title='bbox 187 2806 255 2851; x_wconf 88' lang='lat' dir='ltr'>Ad</span> <span class='ocrx_word' id='word_1_458' title='bbox 288 2810 468 2852; x_wconf 81' lang='lat' dir='ltr'>tertium</span> <span class='ocrx_word' id='word_1_459' title='bbox 491 2808 756 2867; x_wconf 88' lang='lat' dir='ltr'>dicendum,</span> <span class='ocrx_word' id='word_1_460' title='bbox 790 2809 915 2866; x_wconf 80' lang='lat' dir='ltr'>quod</span> <span class='ocrx_word' id='word_1_461' title='bbox 946 2810 995 2854; x_wconf 91' lang='lat' dir='ltr'>in</span> <span class='ocrx_word' id='word_1_462' title='bbox 1013 2810 1218 2854; x_wconf 87' lang='lat' dir='ltr'>humana</span> <span class='ocrx_word' id='word_1_463' title='bbox 1239 2814 1407 2854; x_wconf 87' lang='lat' dir='ltr'>natura</span> <span class='ocrx_word' id='word_1_464' title='bbox 1425 2817 1532 2855; x_wconf 86' lang='lat' dir='ltr'>ante</span> <span class='ocrx_word' id='word_1_465' title='bbox 1549 2811 1778 2855; x_wconf 88' lang='lat' dir='ltr'>Christum</span> <span class='ocrx_word' id='word_1_466' title='bbox 1802 2816 1900 2855; x_wconf 88' lang='lat' dir='ltr'>erat</span> <span class='ocrx_word' id='word_1_467' title='bbox 1917 2811 2019 2856; x_wconf 92' lang='lat' dir='ltr'>vul-</span> 
     </span>
     <span class='ocr_line' id='line_1_43' title="bbox 134 2867 2018 2929; baseline 0.004 -19"><span class='ocrx_word' id='word_1_468' title='bbox 134 2879 242 2923; x_wconf 83' lang='lat' dir='ltr'>nuS,</span> <span class='ocrx_word' id='word_1_469' title='bbox 275 2867 325 2913; x_wconf 91' lang='lat' dir='ltr'>id</span> <span class='ocrx_word' id='word_1_470' title='bbox 341 2872 428 2924; x_wconf 88' lang='lat' dir='ltr'>est,</span> <span class='ocrx_word' id='word_1_471' title='bbox 451 2868 638 2914; x_wconf 89' lang='lat' dir='ltr'>infectio</span> <span class='ocrx_word' id='word_1_472' title='bbox 658 2870 898 2928; x_wconf 85' lang='lat' dir='ltr'>originalis</span> <span class='ocrx_word' id='word_1_473' title='bbox 930 2872 1106 2929; x_wconf 88' lang='lat' dir='ltr'>peccati</span> <span class='ocrx_word' id='word_1_474' title='bbox 1131 2872 1180 2916; x_wconf 92' lang='lat' dir='ltr'>in</span> <span class='ocrx_word' id='word_1_475' title='bbox 1209 2875 1340 2928; x_wconf 79' lang='lat' dir='ltr'>aetu3</span> <span class='ocrx_word' id='word_1_476' title='bbox 1365 2872 1596 2917; x_wconf 89' lang='lat' dir='ltr'>medicina</span> <span class='ocrx_word' id='word_1_477' title='bbox 1623 2877 1781 2917; x_wconf 90' lang='lat' dir='ltr'>autem</span> <span class='ocrx_word' id='word_1_478' title='bbox 1810 2872 2018 2918; x_wconf 82' lang='lat' dir='ltr'>vulneris</span> 
     </span>
     <span class='ocr_line' id='line_1_44' title="bbox 136 2929 2018 2994; baseline 0.004 -23"><span class='ocrx_word' id='word_1_479' title='bbox 136 2940 230 2972; x_wconf 90' lang='lat' dir='ltr'>non</span> <span class='ocrx_word' id='word_1_480' title='bbox 259 2932 359 2973; x_wconf 89' lang='lat' dir='ltr'>erat</span> <span class='ocrx_word' id='word_1_481' title='bbox 380 2929 444 2973; x_wconf 91' lang='lat' dir='ltr'>ibi</span> <span class='ocrx_word' id='word_1_482' title='bbox 468 2934 592 2985; x_wconf 88' lang='lat' dir='ltr'>actu,</span> <span class='ocrx_word' id='word_1_483' title='bbox 615 2932 699 2976; x_wconf 89' lang='lat' dir='ltr'>sed</span> <span class='ocrx_word' id='word_1_484' title='bbox 720 2933 872 2977; x_wconf 79' lang='lat' dir='ltr'>solum</span> <span class='ocrx_word' id='word_1_485' title='bbox 896 2934 1156 2978; x_wconf 82' lang='lat' dir='ltr'>secundum</span> <span class='ocrx_word' id='word_1_486' title='bbox 1180 2933 1398 2979; x_wconf 90' lang='lat' dir='ltr'>virtutem</span> <span class='ocrx_word' id='word_1_487' title='bbox 1430 2934 1641 2994; x_wconf 81' lang='lat' dir='ltr'>originis,</span> <span class='ocrx_word' id='word_1_488' title='bbox 1673 2938 1814 2992; x_wconf 90' lang='lat' dir='ltr'>prout</span> <span class='ocrx_word' id='word_1_489' title='bbox 1841 2933 1900 2979; x_wconf 89' lang='lat' dir='ltr'>ab</span> <span class='ocrx_word' id='word_1_490' title='bbox 1926 2934 2018 2980; x_wconf 89' lang='lat' dir='ltr'>illis</span> 
     </span>
     <span class='ocr_line' id='line_1_45' title="bbox 133 2989 1233 3047; baseline 0.006 -14"><span class='ocrx_word' id='word_1_491' title='bbox 133 2989 343 3045; x_wconf 86' lang='lat' dir='ltr'>patribus</span> <span class='ocrx_word' id='word_1_492' title='bbox 360 2991 657 3047; x_wconf 85' lang='lat' dir='ltr'>propaganda</span> <span class='ocrx_word' id='word_1_493' title='bbox 671 2998 769 3039; x_wconf 90' lang='lat' dir='ltr'>erat</span> <span class='ocrx_word' id='word_1_494' title='bbox 799 3007 908 3039; x_wconf 85' lang='lat' dir='ltr'>caro</span> <span class='ocrx_word' id='word_1_495' title='bbox 922 2995 1100 3040; x_wconf 88' lang='lat' dir='ltr'>Christi.</span> <span class='ocrx_word' id='word_1_496' title='bbox 1231 3010 1233 3012; x_wconf 91' lang='lat'>·</span> 
     </span>
    </p>
   </div>
   <div class='ocr_carea' id='block_1_8' title="bbox 134 3111 2016 3305">
    <p class='ocr_par' dir='ltr' id='par_1_11' title="bbox 134 3111 2016 3305">
     <span class='ocr_line' id='line_1_46' title="bbox 175 3111 2016 3160; baseline 0.005 -15"><span class='ocrx_word' id='word_1_497' title='bbox 175 3113 220 3153; x_wconf 74' lang='lat' dir='ltr'>(l)</span> <span class='ocrx_word' id='word_1_498' title='bbox 243 3111 436 3154; x_wconf 72' lang='lat' dir='ltr'>Respective</span> <span class='ocrx_word' id='word_1_499' title='bbox 465 3114 505 3148; x_wconf 80' lang='lat' dir='ltr'>ad</span> <span class='ocrx_word' id='word_1_500' title='bbox 527 3126 662 3148; x_wconf 68' lang='lat' dir='ltr'>carnem</span> <span class='ocrx_word' id='word_1_501' title='bbox 688 3119 725 3148; x_wconf 84' lang='lat' dir='ltr'>ut</span> <span class='ocrx_word' id='word_1_502' title='bbox 753 3118 801 3150; x_wconf 82' lang='lat' dir='ltr'>sic</span> <span class='ocrx_word' id='word_1_503' title='bbox 822 3123 856 3151; x_wconf 85' lang='lat' dir='ltr'>et</span> <span class='ocrx_word' id='word_1_504' title='bbox 884 3118 1029 3156; x_wconf 74' lang='lat' dir='ltr'>generali</span> <span class='ocrx_word' id='word_1_505' title='bbox 1116 3118 1256 3152; x_wconf 73' lang='lat' dir='ltr'>munda</span> <span class='ocrx_word' id='word_1_506' title='bbox 1271 3119 1384 3158; x_wconf 63' lang='lat' dir='ltr'>potins</span> <span class='ocrx_word' id='word_1_507' title='bbox 1399 3118 1591 3159; x_wconf 69' lang='lat' dir='ltr'>«licidobet,</span> <span class='ocrx_word' id='word_1_508' title='bbox 1605 3120 1683 3160; x_wconf 77' lang='lat' dir='ltr'>quia</span> <span class='ocrx_word' id='word_1_509' title='bbox 1695 3120 1728 3154; x_wconf 84' lang='lat' dir='ltr'>in</span> <span class='ocrx_word' id='word_1_510' title='bbox 1747 3121 1910 3158; x_wconf 72' lang='lat' dir='ltr'>singulari</span> <span class='ocrx_word' id='word_1_511' title='bbox 1929 3121 2016 3155; x_wconf 78' lang='lat' dir='ltr'>nihil</span> 
     </span>
     <span class='ocr_line' id='line_1_47' title="bbox 134 3162 1809 3215; baseline 0.005 -22"><span class='ocrx_word' id='word_1_512' title='bbox 134 3171 233 3215; x_wconf 69' lang='lat' dir='ltr'>sensu</span> <span class='ocrx_word' id='word_1_513' title='bbox 257 3167 424 3202; x_wconf 80' lang='lat' dir='ltr'>sumptam</span> <span class='ocrx_word' id='word_1_514' title='bbox 451 3175 460 3196; x_wconf 81' lang='lat' dir='ltr'>t</span> <span class='ocrx_word' id='word_1_515' title='bbox 480 3162 528 3196; x_wconf 84' lang='lat' dir='ltr'>sic</span> <span class='ocrx_word' id='word_1_516' title='bbox 548 3163 640 3196; x_wconf 84' lang='lat' dir='ltr'>enim</span> <span class='ocrx_word' id='word_1_517' title='bbox 666 3165 684 3198; x_wconf 69' lang='lat' dir='ltr'>a</span> <span class='ocrx_word' id='word_1_518' title='bbox 711 3170 844 3205; x_wconf 74' lang='lat' dir='ltr'>peccato</span> <span class='ocrx_word' id='word_1_519' title='bbox 869 3166 1031 3200; x_wconf 76' lang='lat' dir='ltr'>mundata</span> <span class='ocrx_word' id='word_1_520' title='bbox 1117 3166 1237 3200; x_wconf 86' lang='lat' dir='ltr'>habuit</span> <span class='ocrx_word' id='word_1_521' title='bbox 1250 3168 1340 3202; x_wconf 86' lang='lat' dir='ltr'>unde</span> <span class='ocrx_word' id='word_1_522' title='bbox 1358 3168 1517 3202; x_wconf 75' lang='lat' dir='ltr'>mundari</span> <span class='ocrx_word' id='word_1_523' title='bbox 1540 3180 1612 3202; x_wconf 79' lang='lat' dir='ltr'>eam</span> <span class='ocrx_word' id='word_1_524' title='bbox 1627 3174 1809 3207; x_wconf 61' lang='lat' dir='ltr'>oporteret.</span> 
     </span>
     <span class='ocr_line' id='line_1_48' title="bbox 134 3207 2015 3259; baseline 0.006 -19"><span class='ocrx_word' id='word_1_525' title='bbox 134 3207 203 3241; x_wconf 79' lang='lat' dir='ltr'>dlcl</span> <span class='ocrx_word' id='word_1_526' title='bbox 227 3213 358 3254; x_wconf 79' lang='lat' dir='ltr'>potest3</span> <span class='ocrx_word' id='word_1_527' title='bbox 388 3210 467 3251; x_wconf 82' lang='lat' dir='ltr'>quia</span> <span class='ocrx_word' id='word_1_528' title='bbox 486 3210 703 3245; x_wconf 77' lang='lat' dir='ltr'>infectionem</span> <span class='ocrx_word' id='word_1_529' title='bbox 729 3224 943 3247; x_wconf 85' lang='lat' dir='ltr'>communem</span> <span class='ocrx_word' id='word_1_530' title='bbox 962 3226 1030 3247; x_wconf 82' lang='lat' dir='ltr'>non</span> <span class='ocrx_word' id='word_1_531' title='bbox 1158 3215 1200 3255; x_wconf 77' lang='lat'>‹2)</span> <span class='ocrx_word' id='word_1_532' title='bbox 1218 3214 1267 3247; x_wconf 78' lang='lat' dir='ltr'>Ita</span> <span class='ocrx_word' id='word_1_533' title='bbox 1282 3227 1357 3249; x_wconf 85' lang='lat' dir='ltr'>cum</span> <span class='ocrx_word' id='word_1_534' title='bbox 1382 3216 1458 3251; x_wconf 73' lang='lat' dir='ltr'>Mss.</span> <span class='ocrx_word' id='word_1_535' title='bbox 1481 3216 1596 3251; x_wconf 82' lang='lat' dir='ltr'>Alcan.</span> <span class='ocrx_word' id='word_1_536' title='bbox 1620 3217 1759 3259; x_wconf 74' lang='lat' dir='ltr'>aliisque</span> <span class='ocrx_word' id='word_1_537' title='bbox 1778 3218 1859 3251; x_wconf 52' lang='lat' dir='ltr'>editi</span> <span class='ocrx_word' id='word_1_538' title='bbox 1882 3218 2015 3257; x_wconf 64' lang='lat' dir='ltr'>passim..</span> 
     </span>
     <span class='ocr_line' id='line_1_49' title="bbox 135 3254 1297 3305; baseline 0.008 -17"><span class='ocrx_word' id='word_1_539' title='bbox 135 3254 256 3290; x_wconf 81' lang='lat' dir='ltr'>habuit</span> <span class='ocrx_word' id='word_1_540' title='bbox 286 3255 323 3290; x_wconf 83' lang='lat' dir='ltr'>in</span> <span class='ocrx_word' id='word_1_541' title='bbox 351 3257 483 3292; x_wconf 79' lang='lat' dir='ltr'>Christo</span> <span class='ocrx_word' id='word_1_542' title='bbox 505 3272 512 3291; x_wconf 70' lang='grc' dir='ltr'><strong>ε</strong></span> <span class='ocrx_word' id='word_1_543' title='bbox 533 3259 589 3292; x_wconf 68' lang='lat' dir='ltr'>sed</span> <span class='ocrx_word' id='word_1_544' title='bbox 617 3262 801 3300; x_wconf 77' lang='lat' dir='ltr'>respective</span> <span class='ocrx_word' id='word_1_545' title='bbox 827 3261 867 3294; x_wconf 66' lang='lat' dir='ltr'>acl</span> <span class='ocrx_word' id='word_1_546' title='bbox 896 3273 1030 3296; x_wconf 85' lang='lat' dir='ltr'>carnem</span> <span class='ocrx_word' id='word_1_547' title='bbox 1118 3262 1297 3305; x_wconf 69' lang='lat' dir='ltr'>Al.,p¹wri.</span> 
     </span>
    </p>
   </div>
   <div class='ocr_carea' id='block_1_9' title="bbox 135 3300 1029 3346">
    <p class='ocr_par' dir='ltr' id='par_1_12' title="bbox 135 3300 1029 3346">
     <span class='ocr_line' id='line_1_50' title="bbox 135 3300 1029 3346; baseline 0.01 -11"><span class='ocrx_word' id='word_1_548' title='bbox 135 3300 220 3336; x_wconf 80' lang='lat' dir='ltr'>hanc</span> <span class='ocrx_word' id='word_1_549' title='bbox 242 3302 449 3338; x_wconf 76' lang='lat' dir='ltr'>individuam</span> <span class='ocrx_word' id='word_1_550' title='bbox 480 3319 551 3346; x_wconf 59' lang='lat' dir='ltr'>qua)</span> <span class='ocrx_word' id='word_1_551' title='bbox 576 3308 711 3346; x_wconf 57' lang='lat' dir='ltr'>marcise</span> <span class='ocrx_word' id='word_1_552' title='bbox 736 3308 770 3340; x_wconf 83' lang='lat' dir='ltr'>in</span> <span class='ocrx_word' id='word_1_553' title='bbox 798 3308 929 3342; x_wconf 75' lang='lat' dir='ltr'>Christo</span> <span class='ocrx_word' id='word_1_554' title='bbox 955 3309 1029 3344; x_wconf 71' lang='lat' dir='ltr'>fuitv</span> 
     </span>
    </p>
   </div>
  </div>
 </body>
</html>
