2170 3808
603 221 801 272 QUAEST.
832 220 1009 275 XXXIX,
1039 220 1157 264 ΛΒΤ.
1188 219 1242 263 Ἦ
1267 219 1332 262 ET
1359 218 1444 263 vn.
1934 219 2014 262 33¹

135 302 325 362 animal,
346 314 529 349 ramum
552 301 708 346 ferens
729 301 878 357 olivae,
910 305 957 346 et
977 312 1275 346 communem
1299 299 1425 345 orbis
1450 302 1678 344 terrarum
1707 297 2019 355 tranquillita-

135 371 228 412 tem
248 365 531 411 annuntians
554 378 566 408 ε
587 368 634 408 et
647 375 775 407 nunc
794 363 937 407 etiam
955 361 1174 407 columba
1186 365 1381 418 apparet
1398 362 1442 405 in
1461 361 1709 418 baptism,
1722 360 2018 406 liberatorem

135 427 269 472 nobis
287 427 627 473 demonstrans
650 442 671 462 ιο
696 424 869 477 Quarto
890 422 1104 480 apparuit
1124 422 1324 479 Spiritus
1337 427 1532 466 sanctus
1550 422 1595 465 in
1617 421 1771 479 specie
1789 421 2019 466 columbae

134 503 275 547 super
296 489 536 534 Dominum
567 485 866 543 baptizatum,
897 486 955 530 ad
983 483 1323 541 designandum
1347 495 1646 528 communem
1668 483 1884 529 effectum
1903 482 2018 541 hap-

135 550 260 595 tismi
277 552 336 605 (1)
359 548 436 606 qui
462 551 532 592 est
547 546 832 591 constructio
851 545 1178 591 ecclesiasticae
1193 544 1402 589 unitatis.
1424 544 1553 589 Unde
1573 544 1743 589 dicitur
1764 545 1947 602 (Ephes.
1972 558 2018 601 v,

135 614 206 666 25)
224 611 349 670 quod
370 610 574 655 Christus
591 609 792 652 tradidit
811 611 1167 664 semetipsum...‚
1183 608 1234 649 ut
1251 605 1482 649 exhiberet
1500 606 1583 648 sibi
1597 606 1841 661 gloriosam
1858 605 2018 650 Ecde-

137 678 268 732 sz‘mn,
297 686 387 717 non
406 671 641 715 habentem
659 671 904 727 maculam,
931 673 1014 714 aut
1034 682 1216 725 ruqam,
1243 671 1327 711 aut
1344 668 1520 723 aliquid
1544 668 1832 723 hujusmod2'3
1856 668 2019 713 lavam

138 749 236 779 eam
254 735 438 779 lavaero
457 744 582 789 aquae
604 734 652 775 in
674 733 806 775 verbo
829 735 944 776 υἱέες.
963 734 1017 776 Et
1037 730 1142 776 ideo
1164 729 1497 775 convenienter
1525 729 1718 785 Spiritus
1746 734 1939 774 sanctus
1968 730 2017 775 in

138 796 366 853 baptismo
382 797 724 842 demonstratus
746 799 816 839 est
838 795 884 839 in
905 793 1058 852 specie
1071 792 1298 838 columbae
1315 804 1425 849 quae
1440 796 1512 838 est
1525 791 1697 835 animal
1712 791 1956 838 amicabile
1971 795 2019 838 et

138 860 339 915 gregale.
363 859 490 903 Unde
510 859 654 912 (Cant.
678 871 736 913 vi,
760 859 801 911 8)
826 856 994 901 dicitur
1016 855 1077 900 de
1102 855 1304 899 Ecclesia
1325 870 1336 899 ε
1364 857 1467 897 Una
1491 857 1558 897 est
1577 853 1784 896 columba
1807 866 1909 897 mea
1938 855 2016 908 (2).

139 923 287 978 Super
300 920 529 977 apostolos
553 924 710 964 autem
732 919 778 962 in
806 918 959 975 specie
986 917 1110 974 ignis
1130 917 1322 973 Spiritus
1343 920 1536 960 sanctus
1553 914 1807 971 descendit,
1831 918 2018 971 propter

140 983 248 1028 duo.
281 982 431 1027 Primo
461 982 648 1039 quidem
683 981 743 1026 ad
775 979 1113 1025 ostendendum
1136 979 1380 1035 fervorem,
1413 990 1510 1035 quo
1533 977 1672 1022 corda
1703 988 1865 1021 eorum
1886 980 2019 1022 erant

139 1044 486 1100 commovenda,
506 1044 565 1088 ad
586 1043 674 1087 hoc
696 1042 820 1099 quod
843 1041 1071 1086 Christum
1088 1039 1263 1096 ubique
1286 1040 1405 1084 inter
1426 1051 1669 1096 pressuras
1684 1039 2016 1095 praedicarent;

139 1110 186 1151 et
208 1106 312 1152 ideo
332 1107 469 1151 etiam
506 1106 553 1150 in
588 1104 737 1162 igneis
769 1104 941 1159 linguis
972 1102 1199 1159 apparuit.
1234 1102 1363 1147 Unde
1389 1101 1677 1157 Augustinus
1710 1101 1820 1145 dicit
1856 1102 2019 1157 (Super

138 1169 266 1212 Joan.
293 1172 424 1212 tract.
449 1170 492 1222 6,
515 1167 741 1222 aliquant.
761 1165 788 1208 ὲ
806 1164 973 1221 princ.)
997 1177 1008 1207 :
1037 1180 1060 1200 «ο
1077 1161 1263 1206 Duobus
1281 1162 1430 1207 modis
1449 1162 1649 1207 ostendit
1670 1162 1912 1206 visibiliter
1928 1165 2018 1208 Do-

137 1229 294 1274 minus
312 1230 530 1286 Spiritum
546 1232 777 1282 sanctum,
797 1225 972 1270 scilicet
995 1236 1078 1281 per
1099 1224 1363 1268 columbam
1384 1233 1527 1281 super
1544 1224 1789 1268 Dominum
1811 1224 2018 1280 baptiza-

138 1294 253 1346 tum,
273 1294 319 1334 et
332 1302 416 1346 per
433 1291 583 1345 ignem
601 1300 739 1344 super
755 1286 1006 1343 discipulos
1020 1292 1326 1341 congregatos
1348 1301 1358 1328 ι
1381 1285 1443 1330 ibi
1464 1285 1752 1344 simplicitas,
1776 1285 1850 1330 hic
1864 1285 2019 1330 fervor

137 1350 409 1396 ostenditur.
426 1354 548 1407 Ergo
561 1362 618 1406 ne
633 1349 798 1406 spiritu
812 1348 1084 1393 sanctificati
1101 1347 1259 1392 dolum
1275 1347 1493 1402 habeant,
1511 1347 1558 1391 in
1571 1346 1788 1391 columba
1802 1347 2019 1392 demons-

137 1416 283 1457 tratus
295 1418 390 1470 est3
410 1418 455 1458 et
471 1425 529 1458 ne
545 1411 814 1468 simplicitas
830 1411 995 1467 frigida
1009 1414 1263 1466 remaneat,
1281 1409 1327 1455 in
1344 1410 1450 1466 igne
1465 1409 1810 1454 demonstratus
1824 1415 1911 1454 est.
1927 1413 2019 1456 Nec

138 1478 183 1519 te
210 1481 407 1532 moveat,
440 1475 550 1532 quia
580 1475 755 1531 linguae
777 1474 937 1519 divisae
965 1477 1078 1520 sunt
1105 1486 1117 1517 ι
1143 1473 1369 1518 unitatem
1397 1473 1444 1517 in
1475 1472 1691 1517 columba
1719 1484 2015 1533 cognosce.)

139 1537 362 1594 Secundo,
382 1538 506 1595 quia,
532 1537 653 1582 sicut
682 1536 1037 1593 Chrysostomus
1069 1535 1179 1580 dicit
1203 1535 1415 1594 (habetur
1442 1534 1490 1578 in
1523 1537 1618 1579 Cat.
1653 1538 1696 1579 S.
1729 1535 1885 1579 Thom.
1911 1547 2017 1591 sup.

138 1598 251 1642 illud
272 1601 379 1646 Luc.
401 1612 444 1642 m
467 1602 604 1643 :Jesu
626 1598 887 1654 baptizato),
913 1617 933 1635 ιι
954 1597 1060 1641 cum
1082 1596 1322 1653 oportebat
1345 1596 1523 1655 delictis
1545 1596 1803 1652 ignoscere,
1826 1596 1951 1652 quod
1967 1596 2020 1641 fit

140 1658 186 1703 in
208 1659 452 1717 baptismo7
475 1659 787 1704 mansuetudo
809 1658 1068 1704 necessaria
1091 1663 1206 1713 erat,
1231 1670 1337 1715 quae
1351 1658 1697 1702 demonstratur
1711 1657 1757 1701 in
1777 1656 2017 1713 columba3

140 1721 223 1766 sed
243 1721 324 1765 ubi
339 1722 490 1779 adepti
509 1733 675 1766 sumus
695 1721 906 1777 gratiam,
923 1724 1067 1765 restat
1080 1719 1244 1776 judicii
1262 1724 1463 1776 tempuS,
1484 1719 1608 1776 quod
1631 1717 1920 1774 significatur
1935 1729 2019 1777 per

140 1795 312 1838 ignem.

249 1853 589 1896 ARTICULUS
609 1853 715 1896 Vll.
737 1874 792 1884 -
814 1863 953 1894 urium
974 1863 1068 1893 ιιιΑ
1088 1863 1294 1907 comum,
1328 1863 1372 1894 m
1399 1864 1478 1900 Qus
1499 1862 1698 1894 APPARUIT
1720 1861 1908 1894 srnurus

679 1925 871 1968 sacrus,
892 1925 1045 1956 runnu·
1060 1925 1199 1956 venun
1216 1925 1368 1955 Anium„
1392 1913 1471 1968 (3).

591 1976 640 2010 De
654 1975 707 2009 his
722 1975 825 2009 etiam
843 1975 931 2009 Joan
956 1983 983 2016 Ι,
1001 1973 1080 2009 leet.
1094 1974 1150 2016 20,
1166 1978 1201 2009 et
1223 1975 1346 2016 opusc.
1363 1982 1420 2015 LX,
1435 1986 1508 2016 cap.
1529 1974 1562 2009 9.

192 2030 258 2076 Ad
278 2030 527 2087 septimum
555 2029 622 2073 sic
650 2030 930 2086 proceditur.
962 2033 1005 2074 1.
1037 2030 1225 2074 Videtur
1245 2028 1370 2086 quod
1396 2029 1473 2072 illa
1489 2027 1704 2072 columba
1729 2027 1776 2072 in
1802 2039 1895 2085 qua
1915 2028 2018 2085 Spi-

138 2093 254 2137 ritus
291 2097 479 2137 sanctus
513 2091 749 2148 apparuit,
774 2103 867 2135 non
906 2091 1045 2136 fuerit
1077 2103 1241 2136 verum
1284 2091 1472 2135 animal.
1517 2091 1634 2135 Illud
1670 2089 1795 2135 enim
1835 2088 2018 2135 videtur

139 2153 291 2211 specie
319 2157 455 2198 tenus
477 2165 698 2210 apparere
728 2153 855 2209 quod
888 2153 1148 2198 secundum
1168 2152 1518 2197 similitudinem
1543 2156 1747 2209 apparet.
1771 2149 1858 2196 Sed
1891 2152 2013 2206 (Luc.

139 2228 202 2272 m,
231 2216 304 2270 22)
333 2214 501 2259 dicitur
522 2214 646 2271 quod
662 2215 890 2257 descendit
914 2216 1111 2270 Spiritus
1138 2217 1321 2257 sanctus
1351 2214 1582 2269 corporali
1610 2216 1770 2270 specie,
1798 2215 1915 2255 sicut
1939 2226 2017 2256 co-

141 2276 307 2331 lumba,
332 2279 381 2320 in
394 2279 554 2334 ipsum.
577 2279 676 2321 Non
699 2287 810 2332 ergo
830 2275 919 2320 fuit
937 2287 1048 2320 vera
1069 2275 1303 2332 columba,
1327 2276 1411 2321 sed
1429 2276 1642 2333 quaedam
1661 2274 1916 2321 similitudo
1935 2287 2018 2320 co-

140 2337 327 2384 lumbae.

193 2403 234 2445 2.
257 2402 494 2458 Praeterea,
518 2400 638 2444 sicut
656 2403 824 2444 natura
845 2399 961 2444 nihil
977 2399 1087 2444 facit
1107 2399 1295 2456 frustra,
1316 2398 1380 2443 ita
1403 2411 1492 2443 nec
1511 2401 1651 2455 Deus,
1672 2403 1725 2443 ut
1748 2398 1916 2443 dicitur
1937 2400 2019 2454 (De

139 2462 271 2514 coe10‚
291 2461 372 2507 lib.
393 2476 424 2519 ι,
442 2466 552 2507 text.
578 2464 649 2516 32„
669 2462 806 2507 etlib.
828 2476 876 2519 n,
897 2466 1009 2506 text.
1028 2464 1115 2516 59).
1134 2461 1221 2507 Sed
1240 2465 1348 2506 cum
1367 2459 1585 2506 columba
1603 2460 1681 2505 illa
1701 2473 1793 2505 non
1814 2461 2017 2507 advene-

139 2523 212 2577 rit,
236 2523 326 2568 nisi
348 2541 368 2562 «
394 2527 447 2568 ut
473 2523 646 2581 aliquid
678 2523 975 2580 significaret,
1006 2528 1145 2580 atque
1171 2523 1443 2580 praeteriret,
1466 2541 1487 2563 ι»
1513 2528 1566 2567 ut
1595 2522 1882 2578 Augustinus
1904 2522 2015 2568 dicit

141 2587 215 2637 (De
232 2584 386 2629 Trinit.
406 2584 486 2629 lib.
514 2600 560 2638 11,
582 2598 685 2642 cap.
710 2588 754 2642 6,
781 2585 827 2629 in
858 2585 977 2642 ἦα),
1011 2585 1183 2629 frustra
1210 2585 1374 2629 fuisset
1404 2597 1515 2630 vera
1544 2584 1775 2641 columba,
1801 2585 2018 2640 quiahoc

140 2646 291 2702 ipsum
307 2645 407 2690 fieri
421 2652 598 2702 poterat
617 2659 701 2703 per
717 2646 947 2691 columbae
967 2646 1331 2691 similitudinem.
1356 2649 1454 2691 Non
1478 2657 1591 2702 ergo
1607 2646 1685 2690 illa
1702 2646 1916 2690 columba
1928 2646 2015 2692 fuit

140 2719 298 2752 verum
315 2707 506 2751 animal..

194 2771 237 2814 3.
254 2770 493 2824 Praeterea‚
522 2770 824 2826 proprietates
848 2770 1099 2827 cujuslibet
1129 2769 1194 2814 rei
1221 2769 1400 2814 ducunt
1421 2769 1471 2813 in
1494 2769 1805 2825 cognitionem
1838 2774 2019 2815 naturae

140 2828 262 2874 illius
278 2830 362 2874 rei.
387 2829 430 2873 Si
447 2842 556 2886 ergo
570 2831 732 2875 fuisset
750 2831 828 2875 illa
847 2831 1062 2876 columba
1081 2843 1243 2876 verum
1262 2831 1451 2885 animal„
1470 2831 1773 2887 proprietates
1790 2830 2015 2876 columbae

140 2890 476 2947 significassent
499 2897 710 2936 naturam
732 2893 830 2938 veri
857 2893 1089 2951 animalis,
1120 2905 1214 2936 non
1238 2899 1393 2937 autem
1417 2893 1610 2937 effeetus
1633 2892 1826 2949 Spiritus
1848 2892 2012 2938 sancti.

139 2954 235 2996 Non
256 2963 367 3007 ergo
384 2951 565 2995 videtur
587 2953 709 3008 qucid
724 2954 802 2998 illa
819 2953 1034 2998 columba
1053 2953 1192 2998 fuerit
1212 2966 1377 2997 verum
1394 2953 1581 2997 animal.

194 3013 281 3058 Sed
298 3016 458 3056 contra
475 3013 683 3068 estquod
698 3016 982 3070 Augustinus
1000 3015 1184 3068 dicit(in
1201 3014 1281 3058 lib.
1297 3018 1359 3059 De
1374 3026 1522 3070 agone
1535 3013 1802 3069 christiano,
1819 3026 1923 3072 cap.
1939 3018 2011 3076 22,

140 3074 168 3118 ὲ
186 3073 332 3129 med.)
352 3088 364 3118 ε
389 3090 409 3110 a
433 3075 590 3130 Neque
609 3073 694 3118 hoc
713 3075 776 3118 ita
794 3075 1006 3133 dicimus,
1031 3081 1085 3120 ut
1105 3075 1350 3119 Dominum
1373 3077 1529 3119 lesum
1553 3075 1781 3119 Christum
1803 3075 2018 3121 dicamus

140 3135 290 3181 solum
315 3147 477 3180 verum
496 3147 664 3191 corpus
690 3135 923 3193 habuisse,
952 3138 1169 3194 Spiritum
1192 3142 1348 3181 autem
1371 3140 1586 3182 sanctum
1616 3136 1839 3182 fallaciter
1868 3151 2014 3195 appa-

178 3261 223 3300 (t)
237 3260 286 3294 1oe
305 3271 382 3294 cum
397 3260 555 3302 phu-imis
566 3260 644 3295 Mss.
659 3260 744 3294 editi
755 3260 888 3301 passim.
899 3261 940 3296 In
952 3261 1028 3297 eod.
1112 3260 1319 3296 contrarium
1344 3259 1384 3295 ab
1407 3273 1448 3295 eo
1474 3260 1637 3295 traditum
1661 3262 1770 3304 (sent.
1799 3271 1823 3301 1,
1850 3260 1927 3295 dist.
1954 3261 2008 3302 ξδ’.

140 3306 254 3343 Alcan.
269 3306 358 3342 deest
379 3308 561 3350 baptismi.
1112 3315 1226 3351 quaest.
1241 3318 1264 3349 1,
1283 3314 1347 3344 art.
1366 3310 1387 3344 5
1402 3310 1442 3343 ad
1456 3311 1485 3345 52
1505 3322 1572 3344 non
1587 3309 1632 3344 sit
1651 3310 1762 3344 minus
1777 3309 2011 3350 probabilemt:

179 3354 223 3396 (2)
250 3353 337 3388 Hinc
368 3359 400 3390 et
431 3355 529 3389 toties
559 3355 764 3394 Augustinus
790 3356 951 3390 membra
978 3366 1032 3391 co·
1114 3357 1350 3393 animadvertit
1371 3358 1513 3398 Sylvius,
1532 3358 1610 3399 quia
1625 3356 2012 3393 sufficiebatsimilitudo

142 3400 269 3438 lmnboe
284 3407 379 3436 vocat
393 3402 603 3443 christianos,
619 3415 684 3445 pro
694 3403 847 3439 Ecclesioe
857 3403 1030 3439 membris.
1115 3405 1277 3442 columbae
1302 3406 1342 3442 ad
1366 3405 1645 3446 significationem
1671 3405 1713 3440 ad
1738 3416 1837 3447 quam
1868 3416 2011 3440 assume-

180 3449 225 3491 (5)
247 3449 454 3486 Affirmative
471 3451 650 3493 respondet
664 3452 699 3488 S.
718 3453 843 3488 Doctor
857 3478 867 3494 ,
883 3452 1033 3495 quamvis
1115 3453 1223 3488 batur.
