2170 3808
209 230 263 272 64
807 223 1009 275 QUAEST.
1039 222 1109 277 vl,
1140 222 1259 265 ART.
1287 222 1340 264 IV
1366 222 1433 266 ET
1459 222 1511 266 V.

215 328 235 347 α
263 307 408 353 Simul
432 307 511 352 Dei
531 304 668 352 Verbi
694 315 820 360 caro,
849 301 989 348 simul
1014 314 1123 347 caro
1146 302 1351 347 animata
1383 301 1623 351 rationalis
1653 307 1700 347 et
1727 300 2072 347 intellectualis.
2095 321 2116 341 ›-

209 373 309 417 Non
325 381 438 427 ergo
454 368 568 414 unio
582 365 719 412 Verbi
737 364 798 410 ad
819 376 1010 410 carnem
1032 363 1272 422 praecessit
1292 363 1517 411 unionem
1540 364 1601 410 ad
1621 365 1843 409 animam.

261 436 554 480 CONCLUSIO.
576 456 623 465 —
649 434 764 475 Sicut
791 433 935 474 anima
955 444 1037 472 non
1062 432 1179 484 prius
1206 432 1287 472 fuit
1307 432 1332 472 a
1352 431 1481 473 Verbo
1506 437 1744 484 assumpta,
1769 432 1898 484 quam
1918 442 2036 482 caro;
2055 435 2115 484 ita

217 505 291 535 nec
308 503 400 533 caro
418 490 531 543 prius
550 487 708 530 assumi
727 488 870 529 debuit
887 488 1014 540 quam
1034 488 1179 528 anima
1199 501 1210 527 :
1237 487 1335 526 cum
1352 498 1446 527 caro
1464 487 1649 528 humana
1668 487 1724 527 sit
1741 487 1765 526 a
1783 485 1906 527 verbo
1923 497 2112 540 assump-

216 546 369 594 tibilis;
393 555 478 584 non
499 544 617 596 prius
636 546 777 585 autem
794 541 982 582 humana
998 541 1056 582 sit
1076 542 1205 593 quam
1222 539 1666 582 animam‘rationalem
1686 540 1847 580 habeat.

267 607 541 665 Respondeo
565 607 816 653 dicendum
843 605 968 664 quod
995 617 1104 650 caro
1129 605 1336 650 humana
1359 610 1432 649 est
1459 604 1796 662 assumptibilis
1824 602 1853 648 a
1869 602 2020 649 Verbo
2043 615 2120 649 se-

212 670 420 718 cundum
444 669 660 715 ordinem
688 680 830 727 quem
858 667 999 712 habet
1028 666 1088 712 ad
1118 666 1323 711 animam
1351 665 1641 725 rationalem,
1667 666 1790 711 sicut
1808 664 1869 711 ad
1886 664 2106 723 proprian

211 732 426 778 formam.
451 734 585 777 Hunc
607 735 766 777 autem
793 729 1007 775 ordinem
1031 741 1128 774 non
1157 727 1322 785 habet,
1347 732 1599 787 antequam
1626 728 1783 773 anima
1812 726 2054 783 rationalis
2078 739 2119 774 e.

212 793 467 840 adveniatz
487 793 599 851 quia
627 792 766 838 simul
791 791 904 836 dum
930 790 1086 847 aliqua
1114 790 1310 835 materia
1338 790 1390 835 fit
1417 789 1604 851 propria
1625 788 1826 846 alicujus
1846 789 2027 845 formae,
2050 801 2122 834 re·

213 857 324 915 cipit
346 857 475 901 illam
488 856 687 901 formam
701 868 715 901 ε
729 854 854 900 unde
869 854 918 898 in
934 854 1099 899 eodem
1120 852 1315 898 instanti
1337 853 1612 898 terminatur
1627 851 1856 909 alteratiO,
1869 850 1920 895 in
1934 863 2029 908 quo
2050 851 2121 896 in-

212 918 475 964 troducitur
492 917 644 962 forma
671 915 1008 962 substantialis.
1028 917 1083 959 Et
1110 914 1219 959 inde
1238 918 1309 959 est
1330 914 1457 972 quod
1479 926 1587 959 caro
1609 926 1706 958 non
1730 913 1892 959 debuit
1917 918 2027 958 ante
2048 924 2122 958 as-

214 980 337 1026 sumi
368 980 512 1037 quam
537 983 662 1025 esset
688 991 798 1023 caro
823 977 1060 1022 humana:
1078 976 1206 1034 quod
1226 977 1403 1021 factum
1433 981 1529 1033 est,
1552 975 1709 1021 anima
1734 974 1950 1020 rationali
1979 973 2122 1020 adve-
2163 975 2167 986 “

214 1041 385 1086 niente.
414 1040 541 1086 Sicut
561 1041 704 1098 igitur
720 1039 877 1084 anima
900 1051 994 1084 non
1016 1044 1088 1084 est
1106 1038 1237 1095 prius
1258 1043 1500 1096 assumpta
1522 1037 1666 1096 quam
1692 1050 1817 1090 caro,
1832 1037 1943 1095 quia
1961 1041 2123 1082 contra

216 1109 432 1148 naturam
451 1102 619 1148 animae
639 1107 725 1159 est,
743 1107 798 1147 ut
815 1101 947 1158 prius
965 1100 1025 1146 sit
1043 1100 1185 1158 quam
1208 1100 1390 1158 corpori
1410 1099 1624 1156 uniatur3
1645 1098 1710 1144 ita
1723 1111 1831 1144 caro
1848 1112 1942 1144 non
1961 1098 2123 1144 debuit

214 1165 345 1223 prius
367 1164 543 1209 assumi
567 1163 707 1222 quam
732 1162 909 1219 anima3
935 1160 1046 1219 quia
1064 1174 1160 1206 non
1181 1161 1312 1219 prius
1335 1168 1408 1206 est
1430 1173 1539 1206 caro
1560 1161 1769 1205 humana
1786 1161 1930 1218 quam
1955 1159 2123 1205 habeat

216 1226 423 1271 animam
446 1225 723 1272 rationalem
747 1226 822 1279 (1).

271 1289 340 1334 Ad
355 1291 555 1345 primum
572 1299 682 1343 ergo
698 1286 964 1342 dicendum,
978 1284 1105 1342 quod
1119 1297 1229 1330 caro
1242 1285 1450 1330 humana
1468 1284 1660 1330 sortitur
1672 1296 1777 1329 esse
1792 1296 1877 1342 per
1890 1282 2121 1329 animam:

216 1355 264 1396 et
280 1350 386 1397 ideo
406 1355 515 1395 ante
534 1350 788 1395 adventum
807 1347 976 1392 animae
999 1359 1093 1391 non
1113 1354 1187 1392 est
1204 1359 1312 1391 caro
1330 1347 1554 1404 humana,
1573 1346 1657 1391 sed
1675 1351 1950 1404 potestesse
1968 1345 2123 1404 dispo-

220 1412 328 1458 sitio
348 1413 408 1458 ad
429 1424 619 1457 carnem
638 1412 909 1455 humanam.
926 1411 977 1453 In
996 1410 1299 1466 conceptione
1318 1413 1474 1454 tamen
1490 1408 1678 1466 Christi,
1698 1408 1894 1467 Spiritus
1913 1413 2121 1466 sanctuS‚

219 1472 302 1531 qui
315 1479 385 1518 est
404 1485 551 1530 agens
567 1469 763 1517 infinitae
775 1470 978 1528 virtutiS,
993 1471 1134 1516 simul
1152 1476 1200 1516 et
1213 1470 1455 1515 materiam
1468 1470 1713 1528 disposuit,
1723 1475 1772 1516 et
1789 1470 1849 1516 ad
1866 1471 2123 1528 perfectum

219 1535 455 1593 perduxit.

271 1597 339 1643 Ad
365 1598 614 1642 secundum
634 1595 909 1652 dicendum,
934 1595 1060 1653 quod
1082 1596 1232 1640 forma
1253 1600 1362 1640 actu
1383 1595 1463 1640 dat
1483 1595 1711 1652 speciem3
1732 1594 1926 1640 materia
1947 1598 2123 1653 autem,

217 1660 447 1716 quantum
476 1663 549 1704 est
576 1658 636 1704 de
664 1670 733 1713 se,
756 1662 827 1701 est
855 1656 905 1701 in
934 1658 1144 1714 potentia
1165 1657 1226 1703 ad
1247 1657 1470 1714 speciem.
1496 1659 1550 1702 Et
1577 1657 1683 1703 ideo
1705 1663 1868 1702 contra
1895 1657 2125 1702 rationem

216 1721 377 1766 formae
393 1725 518 1766 esset
534 1718 662 1777 quod
678 1719 996 1776 praeexisteret
1015 1725 1195 1764 naturae
1214 1718 1401 1776 speciei,
1419 1731 1525 1776 quae
1543 1718 1780 1776 perficitur
1799 1731 1883 1776 per
1898 1718 2124 1764 unionem

216 1782 319 1839 ejus
336 1784 393 1828 ad
414 1782 682 1837 materiam3
700 1793 794 1825 non
815 1786 972 1826 autem
993 1788 1066 1827 est
1084 1787 1248 1826 contra
1262 1787 1479 1827 naturam
1499 1781 1704 1826 materiae
1718 1781 1844 1838 quod
1860 1780 2126 1838 praeexistat

219 1851 396 1889 naturae
426 1844 613 1902 speciei.
643 1846 698 1888 Et
726 1843 831 1888 ideo
853 1843 1182 1888 dissimilitudo
1204 1856 1311 1901 quae
1339 1849 1411 1889 est
1435 1843 1557 1889 inter
1582 1843 1812 1900 originem
1840 1847 2050 1888 nostram
2078 1847 2125 1889 et

216 1906 445 1964 originem
471 1906 660 1960 Chr1sti‚
685 1906 942 1950 secundum
967 1906 1055 1950 hoc
1078 1905 1204 1963 qued
1228 1918 1337 1950 caro
1366 1911 1527 1950 nostra
1547 1906 1678 1963 prius
1705 1906 1966 1964 concipitur
1982 1907 2126 1964 quam

216 1968 465 2024 animetur,
479 1979 573 2012 non
589 1972 748 2011 autem
762 1979 872 2011 caro
886 1967 1069 2025 Christi,
1082 1972 1155 2013 est
1167 1967 1427 2013 secundum
1442 1967 1556 2012 illud
1572 1968 1698 2025 quod
1712 1968 1933 2025 praecedit
1946 1974 2125 2014 naturae

215 2029 633 2086 complementum:
651 2028 775 2073 sicut
795 2037 842 2073 et
864 2029 991 2087 quod
1015 2042 1103 2074 nos
1124 2029 1416 2087 concipimur
1434 2041 1495 2074 ex
1513 2030 1692 2075 semine
1714 2030 1823 2082 viri,
1850 2042 1946 2075 non
1967 2035 2124 2076 autem

216 2090 439 2135 Christus.
462 2091 550 2136 Sed
572 2090 832 2136 differentia
857 2103 964 2148 quae
988 2097 1114 2137 esset
1136 2093 1367 2149 quantum
1401 2091 1462 2136 ad
1488 2091 1718 2147 originem
1743 2091 1928 2148 animae,
1950 2093 2125 2138 redun-

218 2152 348 2197 daret
373 2152 423 2195 in
445 2151 765 2197 diversitatem
787 2157 985 2196 naturae.

269 2213 336 2259 Ad
361 2216 546 2258 tertium
568 2213 837 2270 dicendum,
857 2213 985 2270 quod
1005 2213 1207 2259 Verbum
1228 2214 1308 2259 Dei
1335 2215 1467 2272 prius
1492 2214 1770 2272 intelligitur
1785 2216 1973 2261 unitum
1993 2219 2124 2262 carni

217 2274 359 2330 quam
382 2274 539 2318 anima
559 2286 644 2330 per
661 2274 855 2319 modum
877 2286 1176 2319 communem
1200 2286 1295 2331 quo
1316 2280 1388 2320 est
1408 2274 1458 2320 in
1477 2276 1659 2322 caeteris
1678 2277 1922 2332 creaturis,
1946 2290 2032 2336 per
2047 2291 2126 2325 es-

217 2335 439 2393 sentiam,
468 2335 724 2392 potentiam
755 2340 803 2380 et
831 2337 1142 2391 praesentiam.
1166 2336 1298 2381 Prius
1326 2341 1486 2382 tamen
1518 2337 1623 2383 dico
1654 2350 1751 2383 non
1783 2343 2013 2398 tempore,
2042 2341 2124 2387 sed

218 2399 416 2442 natura:
433 2396 562 2454 prius
585 2396 712 2440 enim
735 2396 1009 2453 intelligitur
1027 2410 1136 2441 caro
1156 2403 1209 2441 ut
1227 2398 1463 2454 quoddam
1481 2411 1583 2456 ens,
1605 2401 1733 2457 quod
1749 2400 1777 2445 a
1794 2401 1942 2446 Verbo
1960 2402 2121 2462 habet,

216 2459 359 2516 quam
377 2463 431 2503 ut
452 2457 674 2517 animata,
690 2459 817 2515 quod
838 2459 976 2504 habet
994 2458 1054 2504 ab
1076 2459 1234 2504 anima
1252 2461 1325 2515 (2).
1343 2462 1431 2506 Sed
1450 2462 1625 2507 unione
1643 2463 1878 2521 personali
1899 2465 2030 2521 prius
2047 2478 2124 2512 se-

215 2521 425 2566 cundum
454 2519 745 2566 intellectum
771 2525 953 2577 oportet
980 2520 1106 2578 qued
1132 2534 1241 2567 caro
1258 2523 1451 2568 uniatur
1469 2525 1638 2569 animae
1658 2525 1801 2582 quam
1820 2526 1991 2585 Verb03
2013 2528 2124 2586 quia

215 2596 276 2629 ex
294 2582 468 2628 unione
485 2582 547 2628 ad
566 2583 771 2628 animam
791 2583 932 2628 habet
949 2583 1076 2641 quod
1094 2584 1155 2628 sit
1175 2584 1370 2631 unibilis
1382 2586 1532 2632 Verbo
1550 2587 1599 2631 in
1622 2600 1825 2645 persona
1839 2590 2122 2647 :praesertim

215 2645 326 2702 quia
348 2656 550 2702 persona
571 2656 668 2688 non
690 2644 927 2689 invenitur
946 2645 1036 2688 nisi
1060 2644 1109 2688 in
1132 2646 1348 2691 rationali
1371 2653 1556 2693 natura.

299 2709 645 2754 ARTICULUS
665 2709 727 2752 V.
738 2732 795 2739 —
808 2720 946 2751 uranu
968 2721 1076 2751 rrom
1098 2722 1264 2752 numm
1282 2723 1441 2753 NATURA
1462 2723 1527 2754 su·
1539 2724 1750 2755 Assums
1766 2725 2040 2758 usnrmmus

1025 2783 1219 2814 marmus
1242 2774 1311 2823 (3).

216 2838 264 2874 De
283 2838 338 2874 his
367 2838 471 2874 etiam
490 2839 587 2875 Sent.
603 2846 658 2880 ιιι,
675 2837 754 2873 dist.
782 2837 817 2879 2,
835 2842 954 2879 quaest.
981 2846 1020 2879 ιι,
1050 2845 1116 2874 art.
1130 2839 1166 2880 4,
1186 2845 1305 2882 quaest.
1332 2849 1388 2882 ιιι,
1415 2844 1452 2877 et
1479 2846 1546 2876 art.
1563 2843 1598 2881 5,
1615 2847 1734 2883 quaest.
1752 2850 1780 2877 ιι
1804 2853 1900 2885 corp.
1918 2845 1956 2878 et
1981 2842 2059 2879 dist.
2083 2843 2126 2888 8,,

696 2891 814 2928 quoest.
831 2893 869 2926 v,
885 2891 951 2922 art.
969 2886 991 2920 2
1005 2898 1100 2928 corp.
1117 2892 1152 2921 et
1165 2886 1244 2922 dist.
1264 2889 1296 2931 5,
1315 2894 1434 2930 quaest.
1450 2896 1491 2931 ιι,
1507 2893 1573 2924 art.
1587 2889 1622 2924 5.

270 2941 337 2987 Ad
356 2940 574 2999 quintum
594 2940 662 2986 sic
683 2939 963 2997 proceditur.
982 2944 1026 2986 1.
1043 2941 1233 2986 Videtur
1246 2941 1373 3000 quod
1392 2943 1531 2988 Filius
1554 2942 1633 2989 Dei
1650 2945 1956 3003 assumpserit
1978 2950 2122 2992 totam

215 3007 433 3047 naturam
450 3002 725 3061 humanam,
741 3001 1056 3047 mediantibus
1071 3002 1283 3060 partibus
1302 3003 1422 3062 ejus.
1438 3005 1554 3049 Dicit
1572 3005 1699 3050 enim
1717 3007 2007 3064 Augustinus
2021 3006 2118 3063 (lib.

257 3125 301 3168 d)
330 3125 404 3160 Huc
428 3125 579 3165 pertinet
610 3124 697 3160 illud
725 3124 843 3166 synod.
872 3123 919 3158 Vl
951 3125 1027 3160 Act.
1057 3134 1085 3160 ιι
1113 3133 1123 3156 :
1210 3126 1339 3162 unione
1372 3127 1559 3163 secundam
1594 3141 1810 3165 communem
1846 3131 2016 3166 rationem
2054 3134 2120 3173 qud

213 3174 335 3209 Simul
363 3174 499 3217 quippe
524 3183 633 3213 caro,-
661 3174 776 3208 simul
798 3174 867 3208 Dei
890 3173 998 3209 Verbi
1023 3184 1124 3215 earo,
1211 3176 1300 3211 Deus
1318 3187 1380 3217 per
1394 3177 1588 3218 essentiam,
1608 3179 1836 3220 praesentiam,
1853 3181 2055 3221 potentiam,
2070 3182 2120 3214 est

215 3221 386 3256 animata
402 3248 412 3262 ,
427 3221 630 3256 rationalis
644 3232 719 3262 quae
753 3221 870 3255 eadem
904 3221 1126 3262 reperiuntur
1209 3223 1246 3257 in
1264 3223 1421 3258 omnibus
1439 3227 1617 3260 creaturis.

213 3268 302 3311 apud
318 3269 470 3303 Damaso.
500 3267 573 3308 (lib.
587 3276 641 3309 ιιι,
658 3280 689 3303 c.
712 3267 747 3309 2)
760 3275 794 3303 et
811 3269 966 3310 Fulgent.
984 3269 1057 3310 (lib.
1073 3270 1123 3305 De
1250 3272 1291 3310 (5)
1311 3271 1391 3307 Haec
1405 3272 1506 3307 verba
1528 3273 1663 3308 concilii
1683 3273 1873 3309 Florentini
1899 3274 1936 3309 in
1952 3275 2016 3310 hoc
2038 3275 2118 3310 arti·

213 3317 382 3352 incarnat.
411 3329 484 3359 cap.
502 3318 536 3358 5)
571 3323 606 3351 et
631 3317 733 3353 Leon·
760 3317 872 3359 (epist.
899 3320 952 3359 ιιι)
974 3325 1009 3354 et
1034 3320 1122 3359 Aug.
1207 3320 1284 3354 milo
1295 3321 1792 3362 explicantur28acrosancta
1802 3324 1967 3359 Ecclesia
1983 3323 2117 3364 credit,

214 3366 322 3408 (epist.
340 3375 394 3407 m,
415 3370 450 3399 et
466 3376 541 3399 can.
560 3366 602 3400 -l'o'
618 3376 712 3399 conc.
729 3365 913 3407 Ephesio).
1206 3370 1402 3411 profitetur
1426 3371 1461 3404 et
1490 3369 1674 3411 praedicat
1703 3381 1820 3406 unam
1849 3381 1898 3407 ex
1930 3371 2117 3407 Trinitata

255 3414 301 3456 (2)
329 3414 392 3449 Hic
428 3425 497 3449 non
523 3413 682 3454 loquitur
712 3413 748 3448 S.
777 3414 903 3448 Doctor
933 3414 975 3449 de
997 3414 1123 3449 unione
1206 3427 1426 3459 personam,
1449 3416 1521 3451 Dei
1538 3417 1700 3458 Filium,
1720 3429 1847 3453 veram
1871 3419 2031 3454 hominis
2055 3418 2114 3453 in-

212 3464 382 3504 personali
398 3467 463 3504 qua
477 3462 631 3497 Verbum
648 3463 708 3498 dat
720 3463 815 3498 carni
833 3474 902 3498 esse
922 3475 992 3505 ens,
1008 3464 1066 3499 sed
1080 3464 1122 3499 de
1206 3469 1416 3510 teyramque
1429 3467 1610 3500 naturam
1625 3466 1878 3508 assumpsisse.
