2170 3808
140 221 224 268 432
747 219 956 276 QUAEST.
979 219 1049 275 LI,
1079 212 1200 265 ΛΒΤ.
1226 223 1243 265 1
1274 222 1340 266 ET
1368 222 1422 267 11.

139 301 238 370 tuo,
257 293 521 345 attribuitur
541 295 637 343 Deo
650 293 835 344 ratione
857 293 1064 342 unionis
1082 297 1200 352 Ergo
1221 296 1561 345 inconveniens
1570 295 1751 343 videtur
1766 293 1995 343 christum

137 359 280 468 fmssgg
300 359 680 476 {gizssutletstt’quod
705 419 933 467 Dominus
957 420 1068 467 dicit
1085 420 1266 478 (Matth.
1290 428 1422 478 xxvr,
1460 421 1544 478 10),
1567 422 1625 468 de
1653 418 1868 476 muliere,
1895 427 1998 476 quae

135 494 240 529 eum
271 484 518 529 inunxerat
543 497 555 527 x
579 483 691 539 Opus
718 484 864 528 bonum
891 487 1061 540 operatu
1090 488 1152 528 est
1176 485 1223 528 in
1243 495 1334 535 πως
1361 489 1404 528 et
1426 489 1591 541 postea
1612 482 1770 530 subdit
1790 497 1807 526 ε
1827 482 1999 528 Mittens

131 547 243 591 enim
257 545 331 590 hoc
346 548 603 601 unquentum
617 547 665 590 in
687 557 831 602 corpus
851 558 1001 603 meum,
1017 547 1074 590 acl
1093 547 1374 603 sepeliendum
1387 558 1450 590 me
1466 547 1587 601 fecit.
1670 570 1671 573 =

182 620 470 664 coNchsto.
493 642 547 656 --
567 623 813 664 Conveniens
848 623 922 664 fuit
952 625 1001 664 ad
1034 623 1367 674 comprobandam
1386 623 1529 665 Christi
1550 631 1683 666 veram
1708 625 1878 663 mortem
1897 625 1939 661 et
1956 623 2003 662 nt

130 687 228 731 spes
245 682 480 733 resurgendi
500 685 665 724 mortuis
687 684 862 731 daretur,
879 688 920 724 et
940 684 1154 732 spiritualis
1174 683 1314 724 mortis
1332 688 1376 724 et
1396 684 1606 736 sepulturae
1625 686 1876 734 peccatorum
1887 677 2003 721 fieret

131 735 356 783 hominibus
385 742 622 793 exemplum,
660 746 703 782 ut
738 741 916 782 Christus
939 751 1018 782 non
1038 743 1158 783 modo
1191 748 1427 794 moreretur,
1447 743 1520 786 sed
1540 748 1585 784 ut
1611 739 1730 784 etiam
1749 739 2000 791 sepeliretur·

185 803 464 862 Respondeo
489 806 735 851 dicendum
761 806 884 864 quod
907 808 1194 852 conveniens
1218 808 1307 853 fuit
1329 809 1562 855 Christum
1596 805 1782 865 sepeliri
1806 819 1819 851 z
1846 800 1998 872 primi>

131 865 320 923 quidem
335 868 395 915 ad
410 868 809 924 comprobandum
825 869 1058 914 veritatem
1079 870 1241 916 mortis
1259 886 1273 926 ;
1289 882 1386 916 non
1401 870 1525 916 enim
1540 871 1591 916 in
1607 869 1820 927 sepulcro
1831 865 2002 934 aliquis

129 929 336 984 ponitur,
358 930 452 975 nisi
474 930 660 985 quando
678 933 775 987 jam
795 931 850 975 de
873 931 1060 976 veritate
1102 932 1266 978 mortis
1306 937 1505 979 constat.
1527 932 1656 978 Unde
1678 935 1722 976 et
1740 929 1898 997 (Marci
1913 923 1998 996 gv)

129 990 301 1047 legitur
320 990 446 1048 quod
467 991 658 1047 Pilatus,
673 995 922 1048 antequam
935 995 1214 1040 concederet
1228 994 1454 1040 Christum
1470 993 1673 1051 sepeliri,
1689 991 1902 1048 diligenti
1920 997 1999 1032 m-

128 1053 387 1108 quisitione
423 1055 647 1111 cognovit
680 1065 788 1100 eum
816 1059 1050 1101 mortuum
1073 1068 1195 1102 esse.
1218 1057 1450 1113 Secundo,
1485 1057 1595 1113 quia
1630 1066 1713 1112 per
1746 1055 1840 1099 hoc
1863 1047 2002 1121 ,quod

129 1114 338 1162 Christus
354 1117 411 1161 de
433 1117 648 1173 sepulcro
672 1117 935 1172 resurrexit,
964 1118 1097 1177 datur
1117 1130 1223 1175 spes
1241 1118 1511 1176 resurgendi
1532 1127 1615 1174 per
1635 1117 1811 1173 ipsum,
1826 1113 1905 1158 his
1917 1109 2000 1184 qu}

124 1177 307 1222 suntin
332 1178 566 1234 sepulcro,
589 1178 849 1224 secundum
878 1179 995 1225 illud
1026 1182 1172 1236 (toan.
1195 1192 1245 1237 v,
1262 1181 1333 1237 28)
1357 1195 1367 1224 :
1394 1182 1542 1226 Omnes
1562 1180 1639 1235 qui
1657 1179 1706 1223 in
1726 1175 2002 1222 monumenta

124 1241 241 1295 sunt,
263 1241 438 1286 audient
459 1253 594 1286 vocem
612 1243 717 1286 Filii
735 1243 829 1297 Dei,
847 1246 887 1286 et
914 1245 993 1298 qui
1011 1244 1244 1296 audierint,
1267 1246 1419 1288 vivent.
1449 1241 1619 1296 Tertio,
1640 1240 1698 1286 ad
1733 1236 2001 1307 exempl-um

126 1309 291 1348 eorum
307 1303 387 1359 qui
407 1316 490 1359 per
504 1308 701 1350 mortem
719 1304 884 1350 Christi
901 1305 1201 1361 spiritualiter
1214 1307 1475 1351 moriuntur
1490 1303 1704 1361 peccatis,
1719 1302 1800 1358 qui
1818 1298 2002 1346 scilicet

121 1361 478 1425 absconduntur
496 1366 524 1411 a
546 1366 902 1419 conturbatione
938 1368 1202 1413 hominum.
1245 1369 1373 1413 Unde
1409 1368 1579 1413 dicitur
1602 1364 1799 1422 (coloss.
1820 1371 1894 1432 111,
1917 1358 1961 1416 3)
1981 1368 2000 1404 =

120 1421 284 1471 Mortui
301 1430 417 1479 estis,
437 1432 477 1472 et
495 1430 586 1473 vita
604 1432 740 1473 vestra
757 1430 999 1474 abscondita
1012 1435 1073 1475 est
1085 1444 1177 1475 cum
1193 1432 1355 1478 Christo
1376 1434 1425 1475 in
1443 1434 1540 1476 Deo.
1556 1428 1686 1474 Unde
1708 1430 1754 1472 et
1767 1419 2002 1494 baptizati,

124 1488 206 1544 qui
227 1499 309 1545 per
329 1495 525 1535 mortem
553 1491 717 1537 Christi
739 1492 1002 1537 moriuntur
1017 1493 1238 1548 peccatis,
1262 1493 1395 1549 quasi
1420 1490 1804 1548 consepeliuntur
1817 1486 1999 1531 Christo

122 1559 208 1606 per
230 1551 583 1597 immersionem
608 1552 683 1609 (l),
707 1554 966 1599 secundum
994 1554 1111 1600 illud
1130 1556 1280 1611 (Rom.
1302 1565 1368 1610 vl,
1390 1554 1433 1611 4)
1455 1569 1467 1600 z
1492 1552 1732 1610 Consepulti
1747 1560 1890 1597 sumus
1904 1560 2000 1598 cum

120 1610 288 1658 Christo
300 1625 380 1668 per
399 1614 650 1668 baptismum
669 1616 718 1658 in
737 1618 924 1659 mortem.
1966 1671 1976 1680 ,

177 1673 247 1719 Ad
264 1676 452 1731 primum
471 1686 582 1732 ergo
600 1676 867 1733 dicendum,
893 1676 1017 1733 quod
1037 1678 1248 1725 Christus
1262 1677 1476 1734 sepultus
1496 1688 1546 1724 se
1571 1675 1695 1722 inter
1715 1675 1926 1719 mortuos
1945 1672 2001 1742 li-

123 1735 289 1782 berum
309 1737 455 1783 fuisse
481 1739 700 1794 ostendit,
722 1739 771 1784 in
793 1739 884 1785 hoc
915 1739 1037 1797 quod
1060 1753 1140 1797 per
1162 1741 1476 1789 inclusionem
1510 1737 1714 1798 sepulcri
1734 1746 1832 1784 non
1851 1737 2003 1793 potuit

119 1798 334 1856 impediri
354 1800 465 1856 quin
491 1800 549 1846 ab
567 1812 624 1846 eo
647 1802 941 1859 resurgendo
961 1803 1169 1849 exiverit.

173 1862 242 1908 Ad
261 1864 486 1908 secundum
506 1863 773 1920 dicendum,
802 1866 927 1921 quod
952 1866 1074 1911 sicut
1089 1877 1213 1913 mors
1234 1866 1398 1912 Christi
1423 1865 1683 1912 efficienter
1709 1867 1896 1922 operata
1923 1865 2000 1909 est

125 1927 338 1973 nostram
369 1926 589 1982 salutem,
620 1927 685 1970 ita
719 1927 857 1973 etiam
896 1932 939 1973 et
974 1928 1075 1985 eJus
1110 1930 1350 1985 sepultura
1384 1930 1460 1986 (2).
1496 1928 1625 1974 Unde
1658 1927 1847 1974 Hieron.
1884 1924 2000 1972 dicit

121 1997 264 2042 super
298 1988 454 2033 Matth.
492 2003 505 2034 ι
544 1990 771 2044 sepultura
812 1990 968 2036 christi
1001 1994 1292 2047 resurqimus3
1326 1998 1370 2037 et
1401 1993 1486 2038 lsa.
1526 2002 1626 2049 ιω,
1658 2001 1804 2048 super
1838 1988 1958 2035 illud
1980 2001 1995 2034 ε

119 2049 244 2094 Dabit
262 2051 412 2105 impios
426 2063 507 2107 pro
525 2053 759 2108 sepultura,
792 2052 905 2098 dicit
938 2053 1083 2099 Gloss.
1113 2055 1285 2110 (ordin.
1321 2054 1553 2111 Hieron.),.
1585 2053 1674 2099 «id
1707 2058 1792 2108 est,
1813 2054 1999 2108 gentes,

118 2123 222 2169 quae
243 2114 346 2159 sine
371 2115 539 2170 pietate
555 2121 705 2167 erant,
728 2117 822 2162 Deo
846 2116 1062 2174 Patrique
1089 2117 1215 2164 dabit
1232 2117 1369 2175 :quia
1390 2121 1605 2163 mortuus
1621 2120 1667 2163 et
1688 2116 1899 2173 sepultus
1910 2124 1995 2161 eos

114 2176 381 2231 acquisivit.
407 2192 430 2220 n

171 2238 236 2284 Ad
253 2242 421 2284 tertium
443 2241 712 2299 dicendum,
737 2242 1017 2299 quod,sicut
1038 2242 1208 2289 dicitur
1239 2244 1289 2289 in
1324 2243 1527 2301 quodam
1557 2251 1776 2288 sermone
1802 2238 1993 2286 concilii

115 2300 337 2357 Ephesini
353 2301 416 2358 (et
436 2303 635 2349 habetur
657 2308 775 2359 part.
791 2308 835 2351 3.
854 2317 957 2362 cap.
974 2309 1015 2351 9.
1039 2306 1067 2352 a
1086 2307 1270 2363 princ),
1289 2320 1314 2349 α
1337 2307 1457 2351 nihil
1487 2307 1659 2353 horum
1682 2316 1786 2362 quae
1810 2304 1996 2350 salvant

114 2361 349 2419 homineS,
373 2365 591 2421 injuriam
610 2368 705 2411 Deo
720 2366 850 2422 facit,
867 2380 972 2424 quae
987 2370 1243 2414 ostendunt
1261 2381 1367 2415 eum
1386 2379 1482 2414 non
1504 2368 1791 2425 passibilem,
1803 2367 1885 2413 sed
1900 2366 1994 2412 cle·

114 2431 336 2482 mentem,
352 2443 373 2469 n
395 2428 502 2473 etin
529 2428 625 2473 alio
653 2440 873 2474 sermone
894 2431 1103 2486 ejnsdem
1127 2431 1469 2488 conc.(pari1m
1488 2431 1517 2477 a
1534 2431 1683 2488 prino.
1709 2442 1812 2487 cap.
1834 2429 1904 2487 10)
1923 2430 1992 2475 le-

112 2489 264 2545 gitur:
287 2504 312 2532 «
331 2490 455 2535 Nihil
478 2496 610 2546 putat
633 2490 852 2547 injuriam
882 2494 1008 2538 Deus
1033 2494 1157 2549 quod
1194 2499 1269 2538 est
1297 2494 1482 2539 occasio
1516 2493 1682 2539 salutis
1702 2492 1990 2539 hominibus-

113 2551 177 2597 Tu
203 2551 390 2608 quidem
413 2563 511 2599 non
537 2555 602 2599 ita
639 2554 779 2599 vilem
810 2554 892 2599 Dei
931 2558 1142 2601 naturam
1177 2555 1496 2611 arbitraberis,
1531 2559 1755 2614 tanquam
1777 2566 1883 2613 quae
1904 2554 1989 2601 ali·

112 2614 302 2671 quando
315 2614 525 2672 subjecta
548 2616 697 2672 possit
711 2627 815 2662 esse
833 2616 1035 2673 injuriis,
1054 2631 1078 2660 »

159 2696 532 2742 ARTICULUS
563 2696 624 2741 11.
645 2718 695 2731 -
715 2707 860 2742 unum
883 2709 1160 2742 CONVENIENTI
1186 2711 1304 2743 nono
1325 2710 1527 2743 cnms‘rus
1549 2712 1699 2744 runnu·
1719 2710 1942 2744 seramus.

166 2768 232 2815 Ad
246 2769 507 2815 secundum
526 2768 594 2815 sic
611 2769 892 2827 proceditur.
909 2772 1148 2817 1.Videtur
1163 2783 1260 2818 non
1277 2773 1582 2819 convenienti
1598 2773 1738 2819 modo
1756 2771 1988 2819 Christum

109 2830 259 2878 fuisse
283 2833 532 2888 sepultum.
550 2833 795 2889 Sepultura
811 2834 934 2878 enim
953 2833 1055 2891 ejus
1073 2835 1325 2891 respondet
1341 2835 1478 2880 morti
1492 2835 1657 2892 ipsius.
1676 2834 1763 2881 Sed
1779 2833 1987 2880 Christus

108 2893 198 2940 {uit
226 2905 396 2950 passus
428 2900 624 2940 mortem
657 2895 1039 2954 abjectissimam,
1076 2898 1335 2944 secundum
1365 2898 1483 2943 illud
1512 2899 1629 2955 (Sap.
1652 2908 1704 2953 11,
1727 2898 1799 2954 20)
1822 2911 1834 2941 :
1857 2898 1992 2943 Morte

108 2959 356 3013 turpissima
387 2958 698 3003 condemnemus
732 2971 825 3003 eum
861 2958 939 3016 (3).
971 2962 1089 3016 Ergo
1126 2960 1466 3006 inconveniens
1504 2961 1684 3007 videtur
1719 2972 1820 3007 esse
1860 2959 1988 3018 quoti

110 3019 296 3065 Christo
337 3020 548 3069 exhibita.
580 3021 668 3066 fuit
697 3021 988 3067 honorabilis
1021 3023 1285 3079 sepultura,
1319 3023 1597 3081 inquantum
1634 3023 1661 3069 a
1695 3025 1990 3082 magnatibus

108 3084 197 3132 fuit
227 3087 496 3145 tumulatus,
526 3087 705 3133 scilicet
741 3086 771 3134 a
802 3088 973 3145 soseph
997 3087 1056 3134 ab
1085 3088 1379 3145 Arimathaea,
1404 3089 1483 3147 qui
1506 3094 1602 3135 erat
1621 3091 1768 3136 nobilis
1798 3091 1981 3148 decurio,

150 3204 196 3248 (1)
219 3205 387 3238 Alludens
413 3207 455 3239 ad
481 3216 608 3240 morem
635 3207 827 3240 Graecorum
856 3209 913 3250 qui
940 3208 1023 3250 bap-
1086 3209 1339 3243 instrumentum
1363 3215 1437 3243 erat
1459 3211 1640 3244 suscitandi
1666 3211 1816 3245 homines
1832 3212 1852 3246 it
1870 3212 1986 3257 sepul-

106 3254 243 3288 tisinum
278 3257 376 3288 etiam
409 3255 622 3287 conferebant
652 3266 712 3297 per
746 3258 1007 3300 immersionem,
1086 3258 1158 3290 cris.

107 3302 183 3336 ciim
208 3304 339 3336 floreret
364 3303 401 3336 S.
423 3304 554 3337 Doctor.
584 3304 649 3344 (Cf.
679 3305 763 3339 insta
787 3310 905 3347 quaest.
933 3313 1007 3344 th,
1126 3306 1171 3348 (3)
1195 3306 1292 3345 Quod
1317 3307 1351 3339 in
1375 3317 1515 3348 persona
1531 3309 1706 3349 implorum
1723 3309 1766 3342 de
1784 3310 1842 3343 illo
1858 3310 1984 3346 dictum

107 3357 169 3386 art.
189 3353 236 3393 7.)
1087 3364 1160 3387 esse
1178 3359 1250 3387 tum
1268 3365 1310 3387 ex
1329 3355 1490 3397 adjunctis
1506 3356 1550 3387 ibi
1573 3358 1653 3390 satis
1677 3357 1791 3398 aperte
1808 3359 1983 3403 colligitur,

144 3401 197 3444 (2)
226 3401 326 3440 Quod
361 3401 615 3441 intelligendum
649 3404 700 3434 est
728 3403 819 3442 ,iusta
858 3403 1009 3443 superius
1086 3407 1157 3438 tum
1177 3414 1219 3436 ex
1237 3405 1460 3445 applicatione
1478 3413 1515 3436 ac
1533 3413 1594 3437 usu
1613 3405 1773 3440 Ecclesiae
1790 3415 1865 3449 que
1881 3409 1928 3440 sic
1945 3407 1983 3441 in

107 3451 208 3492 aicta,
225 3448 386 3494 quatenus
404 3450 558 3485 videlicet
575 3459 691 3493 corpus
706 3450 828 3484 Christi
843 3451 1010 3493 sepultum
1087 3452 1194 3486 officio
1212 3454 1374 3494 passionis
1397 3451 1466 3485 baec
1486 3452 1583 3486 verba
1601 3459 1750 3497 usurpat.
