2170 3808
644 236 844 289 QUAEST.
875 235 944 288 IV,
973 235 1091 276 ART.
1129 235 1153 274 V
1182 235 1245 276 ET
1274 233 1339 275 vl.
1882 230 1931 272 51

106 318 378 378 Respondeo
391 316 639 364 dicendum
659 315 783 373 quod
809 328 901 360 non
920 314 1009 359 fuit
1030 313 1314 359 conveniens
1333 311 1458 371 quod
1476 313 1681 357 humana
1703 314 1868 354 natura
1885 310 1936 353 in

59 381 270 428 mnibus
290 380 388 425 suis
404 377 657 436 suppositis
677 377 706 422 a
727 376 875 422 Verbo
897 379 1229 421 assumeretur.
1249 375 1415 430 Primo,
1441 373 1551 432 quia
1566 372 1805 418 tolleretur
1820 369 1937 441 mpl-

60 441 201 491 titudo
219 440 562 499 suppositorum
585 439 804 484 humanae
827 441 1021 490 naturae,
1047 449 1154 494 quae
1171 440 1243 481 est
1259 436 1302 481 ei
1320 434 1650 481 connaturalis.
1676 434 1788 478 Gum
1809 443 1938 478 emm

59 502 111 548 in
123 508 286 550 natura
304 506 544 559 assumpta
558 513 654 546 non
674 501 735 546 sit
748 499 1042 546 considerare
1056 498 1185 543 aliud
1198 498 1490 555 suppositum
1507 501 1676 556 praeter
1687 507 1936 554 personam

60 570 387 621 assumentem,
406 568 460 609 ut
473 576 615 622 supra
628 564 804 608 dictum
820 566 892 607 est
905 563 1010 620 (art.
1025 563 1052 605 3
1070 560 1149 617 huj
1158 594 1168 604 .
1193 561 1379 617 quaest.)
1394 575 1408 615 ς
1425 559 1465 603 si
1481 571 1576 604 non
1591 564 1716 604 esset
1728 560 1936 603 humana

60 633 237 683 natura,
249 627 339 672 nisi
351 630 593 683 assumpta
607 628 683 683 (1),
701 628 972 682 sequeretur
983 622 1108 682 quod
1125 634 1220 667 non
1239 625 1364 666 esset
1379 620 1469 665 nisi
1479 633 1629 666 unum
1643 621 1937 678 suppositum

59 690 272 735 humanae
290 693 484 745 naturae,
500 687 624 745 quod
640 692 712 733 est
724 698 926 745 persona
940 697 1202 730 assumens.
1220 683 1447 738 Secundo,
1464 683 1576 741 quia
1588 683 1677 728 hoc
1694 683 1937 742 derogaret

59 750 264 808 dignitati
288 750 385 795 Filii
404 750 483 795 Dei
505 749 749 804 incarnati,
768 754 905 806 prout
923 750 995 793 est
1015 745 1356 805 primogenitus
1369 745 1417 788 in
1436 745 1597 789 multis
1614 744 1835 790 fratribus
1857 758 1936 791 se·

58 813 259 858 cundum
290 812 543 856 humanam
573 815 801 868 naturam,
834 810 955 855 sicut
976 813 1049 854 est
1075 807 1412 865 primogenitus
1443 807 1594 850 omnis
1622 812 1845 852 creaturae
1876 811 1935 864 (Ξ)

58 873 311 919 secundum
337 872 567 924 divinam:
597 876 756 917 essent
771 871 896 916 enim
912 875 1025 915 tunc
1046 882 1209 915 omnes
1231 868 1443 914 homines
1462 868 1654 925 aequalis
1679 867 1932 925 dignitatis.

56 936 219 988 Tertio,
238 934 348 992 quia
366 935 650 980 conveniens
669 939 741 979 est
762 933 889 991 qued
903 932 1024 978 sicut
1041 944 1191 977 unum
1212 931 1504 989 suppositum
1529 930 1737 976 divinum
1763 936 1834 976 est
1860 931 1937 975 in-

55 1001 312 1052 carnatum,
335 996 399 1042 ita
420 1009 565 1042 unam
586 997 733 1041 solam
756 1000 971 1041 naturam
999 995 1254 1040 humanam
1284 998 1560 1049 assumeret,
1578 997 1632 1038 ut
1655 1005 1713 1037 ex
1740 997 1938 1051 utraque

56 1062 187 1115 parte
202 1058 356 1103 unitas
377 1058 656 1104 inveniatur.
985 1108 987 1112 ¹

109 1119 176 1165 Ad
190 1123 386 1177 primum
404 1133 516 1177 ergo
528 1119 792 1175 dicendum,
808 1118 934 1176 quod
948 1117 1125 1163 assumi
1143 1118 1364 1163 convenit
1378 1116 1638 1164 secundum
1653 1128 1704 1161 se
1717 1116 1938 1162 humanae

57 1185 251 1238 naturae,
271 1183 380 1238 quia
397 1183 573 1228 scilicet
590 1195 685 1226 non
699 1181 917 1226 convenit
934 1180 977 1225 ei
991 1180 1167 1226 ratione
1191 1193 1396 1237 personae
1413 1180 1559 1225 :sicut
1572 1183 1751 1224 naturae
1769 1178 1936 1224 divinae

56 1243 272 1292 convenit
286 1255 524 1289 assumere
543 1243 723 1288 ratione
735 1253 972 1299 personae;
993 1254 1089 1286 non
1105 1246 1261 1286 autem
1279 1241 1498 1287 convenit
1522 1241 1563 1285 ei
1586 1240 1847 1286 secundum
1865 1253 1933 1298 se,

55 1303 176 1350 sicut
200 1306 437 1363 pertinens
460 1304 519 1350 ad
548 1303 767 1361 principia
791 1303 1057 1349 essentialia
1073 1304 1192 1360 ejus,
1219 1303 1294 1348 vel
1314 1303 1434 1348 sicut
1459 1302 1685 1347 naturalis
1699 1301 1802 1358 ejus
1829 1314 1937 1359 pro·

54 1366 242 1424 prietas,
262 1382 346 1426 per
365 1377 504 1425 quem
518 1367 709 1412 modum
725 1365 995 1412 conveniret
1012 1365 1232 1411 omnibus
1261 1366 1366 1422 eius
1387 1364 1656 1423 suppositis.

109 1428 175 1473 Ad
191 1430 434 1475 secundum
457 1428 722 1486 dicendum,
742 1427 868 1485 quod
884 1427 1068 1473 dilectio
1086 1427 1166 1472 Dei
1183 1427 1244 1471 ad
1265 1427 1477 1472 homines
1503 1426 1824 1472 manifestatur
1839 1439 1934 1473 non

55 1489 204 1535 solum
222 1491 269 1536 in
288 1492 390 1550 ipsa
410 1491 727 1548 assumptione
749 1491 963 1535 humanae
981 1495 1172 1547 naturae,
1189 1489 1272 1535 sed
1293 1490 1524 1546 praecipue
1537 1502 1619 1546 per
1639 1501 1695 1535 ea
1709 1501 1815 1546 quae
1828 1502 1936 1547 pas-

55 1562 137 1596 sus
151 1557 220 1598 est
239 1553 289 1598 in
299 1554 505 1598 humana
519 1556 685 1597 natura
706 1564 790 1609 pro
808 1552 911 1597 aliis
923 1551 1207 1608 hominibus,
1229 1551 1487 1597 secundum
1506 1549 1623 1597 illud
1644 1553 1793 1607 (Rom.
1806 1564 1850 1609 v,
1868 1555 1933 1607 8):

57 1614 355 1660 Commendat
383 1619 503 1658 Deus
538 1614 815 1658 charitatem
845 1627 977 1657 suam
1008 1617 1058 1657 in
1091 1614 1231 1670 nobis,
1255 1615 1364 1669 quia
1396 1617 1497 1656 ciam
1528 1615 1704 1656 inimici
1723 1625 1932 1671 essemus,

57 1675 266 1720 Christus
288 1690 375 1734 pro
400 1676 524 1720 nobis
547 1679 749 1719 mortuus
767 1679 853 1732 est‚·
875 1675 1003 1732 quod
1024 1675 1179 1720 locum
1214 1687 1309 1719 non
1342 1674 1547 1731 haberet,
1574 1674 1615 1720 si
1639 1675 1688 1719 in
1718 1675 1937 1721 omnibus

56 1734 317 1783 hominibus
339 1741 553 1782 naturam
573 1737 827 1782 humanam
850 1737 1198 1793 assumpsisset.

110 1803 176 1848 Ad
207 1808 388 1848 tertium
403 1805 668 1860 dicendum,
691 1805 817 1862 quod
840 1805 900 1850 ad
920 1805 1194 1850 brevitatem
1216 1806 1319 1861 viae,
1347 1817 1489 1862 quam
1515 1804 1704 1862 sapiens
1725 1810 1938 1862 operator

32 1863 287 1922 observat,
314 1866 513 1922 pertinet
533 1866 658 1922 quod
680 1879 775 1911 non
796 1866 935 1912 faciat
953 1879 1034 1923 per
1055 1867 1202 1911 multa
1221 1867 1346 1924 quod
1366 1867 1651 1912 sufficienter
1665 1872 1816 1924 potest
1836 1868 1936 1914 fieri

56 1939 139 1983 per
159 1940 322 1974 unum.
342 1931 396 1974 Et
414 1928 519 1974 ideo
541 1928 1034 1974 convenientissimum
1051 1930 1140 1974 fuit
1158 1930 1281 1987 quod
1304 1942 1387 1985 per
1404 1942 1553 1974 unum
1575 1930 1812 1975 hominem
1830 1944 1935 1976 om-

57 2001 143 2034 nes
165 1989 240 2033 alii
262 1990 568 2035 salvarentur.

55 2054 393 2104 ARTICULUS
409 2062 487 2103 v1.
511 2084 567 2092 —
585 2073 724 2103 urntm
738 2073 991 2104 cosvsmnns
1010 2073 1157 2103 runnu·
1171 2074 1277 2110 Quor
1296 2073 1431 2104 rimus
1451 2074 1520 2104 nm
1536 2074 1730 2105 nummu
1742 2075 1936 2106 nnuma

686 2133 926 2165 Assuusns‘r
947 2135 1001 2164 nx
1023 2134 1168 2165 srmrn
1190 2135 1295 2164 ΑΒΕ.

58 2188 107 2224 De
130 2188 183 2224 his
198 2188 302 2224 etiam
316 2189 418 2230 infra.
434 2193 553 2231 quest.
567 2198 663 2231 xxxl,
682 2194 748 2225 art.
766 2190 800 2231 2,
815 2194 852 2226 et
868 2190 964 2225 sent.
976 2198 1053 2272 112122²
1057 2190 1135 2226 dist.
1152 2190 1187 2232 2,
1206 2195 1320 2233 quaest.
1333 2200 1358 2231 1.
1374 2194 1440 2226 art.
1451 2192 1484 2232 2.
1504 2195 1621 2234 quast.
1639 2201 1678 2234 n,
1695 2196 1732 2229 et
1751 2194 1874 2235 opusc.
1891 2203 1934 2237 n,

893 2248 966 2279 cap.
1058 2266 1066 2273 .

108 2296 175 2342 Ad
193 2301 377 2343 sextum
396 2297 463 2344 sic
481 2299 760 2356 proceditur.
783 2303 824 2344 1.
850 2299 1037 2345 Videtur
1055 2300 1181 2356 quod
1210 2314 1304 2345 non
1321 2300 1460 2345 fuerit
1478 2302 1763 2348 conveniens
1784 2308 1837 2348 ut
1857 2306 1932 2349 Fi-

55 2357 147 2403 lius
165 2359 244 2404 Dei
262 2364 473 2405 naturam
492 2361 743 2406 humanam
757 2366 1017 2406 assumeret
1031 2374 1090 2406 ex
1108 2363 1249 2420 stirpe
1265 2363 1387 2407 Adae.
1409 2364 1523 2407 Dicit
1542 2364 1667 2409 enim
1685 2367 1933 2422 Apostolus

56 2420 182 2475 (Heb.
199 2434 272 2475 vu,
296 2423 390 2476 affl:
419 2422 543 2466 Talis
566 2423 752 2467 decebat
773 2427 824 2467 uc
841 2427 954 2467 esset
967 2424 1099 2467 uobis
1119 2427 1416 2481 pontifex....,
1433 2430 1692 2482 seqreqatus
1719 2430 1748 2471 ὰ
1769 2442 1934 2485 pecca-

55 2483 220 2526 toribus
237 2484 315 2540 (3).
327 2483 415 2529 Sed
433 2484 584 2541 magis
603 2489 726 2531 esset
747 2485 775 2530 a
793 2485 1115 2542 peccatoribus
1133 2491 1421 2544 segregatus,
1436 2486 1476 2531 si
1490 2500 1583 2532 non
1603 2491 1935 2545 assumpsisset

56 2548 269 2589 naturam
296 2545 548 2591 humanam
570 2559 629 2592 ex
649 2547 791 2604 stirpe
821 2547 928 2593 Adae
947 2549 1218 2604 peccatoris.
1243 2552 1359 2605 Ergo
1381 2550 1563 2594 videtur
1590 2551 1719 2608 quod
1736 2566 1831 2598 non
1853 2554 1933 2600 de-

55 2605 207 2651 buerit
225 2606 282 2652 de
298 2606 440 2664 stirpe
459 2607 566 2653 Adae
582 2613 795 2654 naturam
817 2610 1069 2655 humanam
1091 2623 1344 2657 assumere.

109 2669 153 2711 2.
181 2669 419 2725 Praeterea,
451 2667 500 2713 in
522 2670 729 2727 quolibet
757 2683 927 2727 genere
946 2671 1225 2729 principium
1247 2674 1451 2719 nobilius
1473 2679 1544 2719 est
1573 2687 1630 2720 eo
1659 2677 1784 2733 quod
1812 2685 1884 2723 est
1905 2679 1929 2723 a

57 2729 294 2787 principio.
314 2731 358 2775 Si
374 2731 516 2789 igitur
538 2745 777 2779 assumere
793 2734 940 2779 voluit
960 2734 1211 2779 humanam
1231 2741 1462 2797 naturam,
1483 2738 1632 2794 magis
1652 2739 1813 2784 debuit
1827 2753 1933 2785 eam

59 2802 296 2837 assumere
310 2792 357 2835 in
378 2792 480 2850 ipso
502 2794 664 2840 Adam.

111 2853 153 2896 3.
185 2854 422 2912 Praeterea,
451 2856 650 2912 gentiles
676 2856 865 2902 fuerunt
895 2858 1045 2914 magis
1075 2863 1343 2916 peccatores
1372 2860 1515 2917 quam
1543 2861 1704 2918 Judaei‚
1741 2867 1794 2907 ut
1821 2863 1933 2909 dicit

58 2912 215 2958 Glossa
232 2914 398 2967 (interl.
430 2917 489 2962 ad
506 2918 647 2963 Galat.
674 2922 737 2974 n),
761 2932 900 2977 super
919 2919 1063 2965 illud:
1086 2923 1178 2966 Nos
1201 2924 1375 2965 natura
1392 2924 1554 2981 Judaei,
1578 2926 1621 2966 et
1638 2937 1727 2966 non
1749 2938 1807 2967 ea·
1825 2938 1932 2982 qen-

58 2974 182 3044 tibus·
207 2979 478 3030 peccatores.
512 2978 556 3022 Si
588 2991 699 3036 ergo
727 2992 786 3025 ex
814 2981 1133 3038 peccatoribus
1168 2986 1379 3026 naturam
1413 2983 1665 3028 humanam
1693 2997 1932 3033 assumere

58 3034 405 3141 volmt3tdeb1t1it
431 3049 534 3082 eam
549 3040 700 3095 magis
721 3053 961 3087 assumere
978 3055 1038 3088 ex
1059 3043 1278 3099 gentibus
1302 3044 1443 3100 quam
1475 3056 1534 3089 ex
1558 3046 1699 3103 stirpe
1721 3047 1928 3104 Abrahae‚

59 3109 137 3154 qul
174 3110 221 3142 ul
256 3110 336 3154 Jus
358 3110 429 3142 us,

113 3160 197 3204 Sed
212 3163 372 3203 contra
387 3166 457 3205 est
470 3163 596 3218 quod
609 3164 731 3219 (Luc.
752 3168 812 3220 m)
827 3167 1062 3222 generatio
1077 3166 1255 3212 Domini
1274 3167 1511 3214 reducitur
1522 3182 1672 3238 usque
1687 3172 1746 3216 ad
1768 3172 1926 3217 Adam.

74 3315 81 3323 ·
97 3268 140 3309 (1)
157 3268 274 3322 Idest,
293 3268 321 3303 si
339 3269 434 3324 nulla
449 3276 532 3306 esset
549 3271 730 3314 singuiaris
741 3277 878 3314 natura,
896 3275 950 3312 vel
1033 3280 1195 3312 creaturae
1217 3276 1336 3318 (Golos.
1364 3286 1390 3317 1,
1420 3279 1493 3324 45);
1522 3280 1602 3315 hinc
1619 3282 1790 3322 subjungit
1819 3284 1927 3324 Apos-

58 3315 232 3355 singularis
243 3317 540 3360 humanitasquam
554 3332 622 3355 non
633 3321 851 3362 personaliter
862 3323 952 3358 Deus
1033 3325 1122 3359 tolus
1142 3337 1151 3358 t
1173 3325 1356 3367 Quoniam
1376 3328 1420 3362 ἐπ
1445 3328 1527 3371 ipso
1548 3330 1698 3364 condita
1727 3333 1814 3366 sunt
1842 3330 1926 3364 uni-

60 3368 294 3404 assumpmsset.
1031 3382 1152 3408 versa.
1452 3385 1458 3391 ⁸

98 3412 142 3453 42)
163 3412 411 3452 primogenitus
437 3414 572 3456 quidem
596 3416 631 3451 in
648 3416 765 3452 multis
789 3416 952 3454 fratribus
1073 3421 1116 3461 (5)
1133 3420 1234 3456 velut
1249 3424 1413 3463 sancius,
1429 3423 1626 3467 innocens,
1640 3425 1869 3469 impollutus,
1888 3429 1927 3458 ut

60 3459 166 3501 (Rom.
205 3468 280 3502 vm,
315 3460 391 3504 29);
423 3462 666 3504 primogenitus
691 3470 804 3501 sutem
839 3466 952 3502 omnis
1032 3466 1079 3504 ihi
1098 3469 1317 3510 praemittitur
1337 3475 1431 3511 (vers.
1448 3471 1515 3513 29),
