2170 3808
187 229 272 274 606
594 231 598 237 ⁴
759 225 961 278 QUAEST.
991 226 1129 279 LXIX,
1161 225 1278 268 ART.
1309 226 1346 269 11
1373 226 1438 269 ΕΤ
1462 229 1531 270 111.

192 322 283 354 non
305 308 457 353 solum
487 306 741 352 attenditur
760 308 854 364 qua
873 307 1015 363 poena
1040 307 1100 351 sit
1123 307 1262 351 homo
1284 307 1459 364 dignus
1479 308 1637 366 quoad
1657 310 1820 365 Deum,
1845 309 1926 354 sed
1956 309 2096 357 etiam

193 371 239 415 in
258 384 352 427 quo
379 371 439 414 sit
457 370 691 425 obligatus
712 369 868 426 quoad
885 369 1098 413 homines
1112 369 1190 426 qui
1215 369 1310 414 laesi
1327 375 1374 415 et
1387 371 1681 416 scandalizati
1697 375 1808 415 sunt
1829 383 1910 427 per
1933 383 2096 428 pecca·
2166 413 2170 423 Α,

193 435 290 477 tum
312 431 527 487 alicujus.
551 433 604 475 Et
627 430 730 475 ideo
744 430 854 476 licet
863 430 1097 475 homicida
1110 444 1192 487 per
1205 431 1490 488 baptismum
1511 432 1733 478 liberetur
1753 432 1780 476 a
1794 438 1927 477 reatu
1943 445 2098 490 poenae

192 494 345 552 quoad
369 496 527 548 Deum,
546 497 754 538 remanet
766 498 923 538 tamen
942 493 1176 549 obligatus
1195 494 1348 539 adhuc
1360 495 1514 550 quoad
1532 495 1760 551 homines,
1774 507 1900 552 -quos
1914 495 2097 552 justum

195 560 263 600 est
277 555 494 599 aedificari
519 555 577 600 de
593 568 751 614 poena,
777 555 900 601 sicut
915 561 1030 600 sunt
1061 556 1361 601 scandalizati
1386 556 1445 602 de
1462 557 1613 615 culpa.
1641 558 1716 602 Pie
1742 562 1899 602 tamen
1923 557 2096 604 talibus

194 616 409 674 princeps
429 622 586 673 posset
605 629 796 675 poenam
822 617 1087 674 indulgere.

260 682 605 725 ARTICULUS
627 684 709 726 111.
748 705 804 712 —
827 694 965 724 urium
984 695 1063 723 ren
1082 694 1313 725 mensuum
1328 694 1514 725 »namu-r
1532 695 1711 726 Auream
1733 695 2030 729 roemuurns

904 757 1137 787 missenus
1173 757 1279 787 virAE
1308 744 1385 798 (l).

191 809 240 846 De
254 809 307 845 his
319 812 419 846 etiam
438 813 533 848 Sent.
552 821 591 855 Π,
610 812 688 847 dist.
703 813 760 853 52,
778 818 897 854 quaest.
918 821 943 853 1,
960 816 1026 847 art.
1043 813 1076 854 ²1,
1092 815 1207 854 quaest.
1227 821 1266 852 11.
1282 819 1316 848 ct
1335 812 1412 848 dist.
1428 813 1484 855 ὣ,
1503 818 1621 854 quest.
1637 823 1650 848 1
1663 841 1673 856 ,
1688 818 1755 850 art.
1769 814 1803 855 2,
1817 819 1851 848 et
1866 823 1908 848 m
1921 841 1930 856 ‚
1947 813 2027 851 dist.
2038 814 2094 856 ⁴9.

231 863 299 895 nrt.
315 860 349 899 5,
366 865 483 902 quast.
503 869 542 903 11,
560 864 596 895 et
614 868 662 900 iv,
681 860 760 895 dist.
776 862 810 902 4,
831 866 948 902 quaest.
971 869 1010 902 n,
1028 866 1093 895 art.
1111 860 1145 903 ⁴,
1162 866 1279 901 quaest.
1294 869 1356 904 m,
1375 864 1411 896 et
1428 861 1528 896 Cont.
1547 866 1638 901 gent.
1663 860 1726 898 lib.
1749 870 1798 904 iv,
1818 873 1890 904 cap.
1911 862 1954 898 52
1975 862 2036 898 fin.
2061 865 2097 900 et

231 906 274 942 55
290 907 331 942 ad
347 909 383 949 5,
399 913 432 942 et
449 909 504 950 27,
524 912 559 943 et
573 919 646 950 cap.
661 909 714 947 59.
734 912 770 943 et
793 908 912 948 quodi.
929 917 978 949 vi,
996 913 1062 943 art.
1085 909 1138 943 ⁴5.

245 962 311 1007 Ad
341 963 525 1007 tertium
545 963 613 1008 sic
635 963 915 1019 proceditur.
941 966 984 1008 1.
1008 963 1197 1007 Videtur
1214 963 1341 1021 quod
1370 976 1454 1020 per
1475 963 1762 1020 baptismum
1787 965 1988 1011 debeant
2013 978 2096 1010 au-

192 1023 299 1070 ferri
321 1025 617 1082 poenalitates
634 1025 880 1082 praesentis
898 1025 944 1069 vi
952 1032 1026 1071 tae.
1044 1027 1099 1069 Ut
1117 1026 1244 1070 enim
1259 1025 1507 1082 Apostolus
1531 1027 1643 1072 dicit
1664 1029 1811 1081 (Rom.
1827 1031 1886 1085 v),
1920 1028 2098 1072 donum

193 1087 356 1132 Christi
376 1088 611 1144 potentius
633 1093 706 1132 est
721 1087 862 1145 quam
883 1093 1126 1145 peccatum
1141 1088 1264 1133 Adae.
1290 1088 1378 1132 Sed
1405 1100 1488 1145 per
1509 1093 1755 1146 peccatum
1775 1089 1898 1146 Adae,
1918 1094 1972 1133 ut
1991 1087 2096 1144 (ibi-

193 1148 317 1204 dem)
336 1150 583 1206 Apostolus
603 1150 730 1205 dicit,
766 1164 887 1195 mors
908 1154 957 1194 in
991 1151 1112 1194 hunc
1135 1152 1354 1194 mundum
1386 1154 1596 1207 intravit,
1621 1155 1668 1196 et
1689 1164 1773 1208 per
1798 1163 2098 1208 consequens

194 1223 359 1256 omnes
391 1213 494 1257 aliae
533 1212 827 1270 poenalitates
859 1212 1107 1270 praesentis
1128 1213 1252 1257 vitae.
1293 1215 1414 1268 Ergo
1450 1213 1598 1257 multo
1630 1213 1781 1270 magis
1814 1226 1896 1271 per
1919 1213 2098 1259 donum

192 1273 373 1381 ghristL
399 1275 526 1331 quod
547 1275 595 1319 in
615 1275 848 1332 baptismo
867 1275 1137 1332 percipitur,
1158 1276 1298 1319 homo
1321 1273 1348 1318 a
1362 1276 1712 1332 poenalitatibus
1730 1276 1974 1333 praesentis
1991 1277 2099 1323 vitae

227 1336 335 1380 ebet
357 1337 562 1383 liberari.

249 1401 306 1450 2.>
326 1401 564 1456 Praeterea,
588 1398 853 1456 baptismus
874 1399 1029 1445 aufert
1049 1403 1098 1444 et
1128 1398 1318 1456 culpam
1335 1398 1612 1457 originalem
1630 1403 1678 1445 et
1699 1400 1950 1456 actualem,
1976 1401 2099 1447 sicut

195 1472 338 1516 supra
360 1462 538 1507 dictum
555 1466 627 1507 est
648 1464 751 1517 (art.
771 1466 792 1508 1
817 1462 960 1519 hujus
984 1466 1187 1519 quaest.).
1211 1461 1283 1506 Sic
1305 1466 1465 1507 autem
1485 1462 1639 1507 aufert
1660 1463 1890 1507 actualem
1911 1463 2096 1520 eulpam

195 1523 320 1580 quod
359 1523 522 1569 liberat
559 1524 619 1568 ab
652 1525 779 1568 omni
802 1528 937 1569 reatu
970 1536 1124 1581 poenae
1139 1529 1459 1580 consequente
1493 1524 1726 1569 actualem
1751 1525 1955 1581 culpam.
1978 1528 2099 1583 Ergo

195 1587 334 1630 etiam
367 1586 533 1631 liberat
572 1587 601 1631 a
621 1586 974 1643 poenalitatibus
1003 1586 1250 1644 praesentis
1266 1586 1391 1642 vitae,
1411 1597 1519 1645 quae
1546 1590 1658 1630 sunt
1690 1598 1832 1643 poena
1859 1587 2100 1644 originalis

195 1648 388 1704 peccati.

250 1713 292 1755 3.
324 1713 568 1765 Praeterea,
586 1713 763 1756 remota
778 1710 939 1767 causa,
961 1714 1226 1756 removetur
1240 1710 1452 1755 effectus.
1476 1708 1564 1754 Sed
1583 1720 1726 1753 causa
1746 1708 1915 1753 harum
1936 1721 2100 1766 poena-
2160 1717 2170 1772 j

194 1771 378 1817 litatum
401 1778 474 1817 est
510 1778 755 1829 peccatum
784 1772 1030 1829 originale,
1068 1772 1194 1830 quod
1218 1772 1396 1817 tollitur
1416 1783 1501 1828 per
1535 1770 1838 1828 baptismum.
1862 1773 1982 1829 Ergo
2003 1784 2098 1818 non

188 1833 366 1879 dehent
387 1834 657 1890 huJ‘usmodi
677 1835 977 1891 poenalitates
1001 1846 1259 1879 remanere.

252 1898 337 1942 Sed
358 1906 518 1940 contra
541 1897 763 1955 estquod
796 1909 939 1954 super
962 1897 1077 1942 illud
1099 1899 1244 1950 (Rom.
1273 1898 1364 1950 vi):
1407 1898 1687 1940 Destruatur
1715 1909 1877 1952 corpus
1903 1900 2096 1953 peccati,
2159 1877 2170 1938 ’ὲῗ

196 1959 306 2005 dicit
328 1960 486 2004 Glossa
505 1962 658 2015 (vetus
676 1962 755 2004 Ms.
789 1972 848 2004 ex
867 1959 1128 2016 Augustino
1157 1962 1221 2004 De
1240 1961 1473 2016 peccator.
1496 1958 1647 2002 merit.
1671 1961 1718 2002 et
1746 1957 1929 2003 remiss.
1960 1959 2041 2003 lib.
2065 1973 2097 2016 ι,
2157 1960 2170 2013 '3

195 2035 298 2079 cap.
325 2022 427 2076 ult.)
454 2038 465 2067 ε
495 2041 515 2061 κ
541 2026 627 2067 Per
646 2023 934 2079 baptismum
958 2023 1005 2067 id
1024 2022 1178 2079 agitur
1195 2027 1248 2066 ut
1278 2025 1415 2066 vetus
1433 2021 1573 2065 homo
1595 2019 1910 2078 crucifigatur,
1931 2025 1977 2066 et
1993 2033 2100 2066 cor-

194 2097 285 2142 pus
319 2085 494 2141 peccati
530 2085 815 2142 destruatur,
855 2096 950 2129 non
974 2084 1038 2129 ita
1058 2089 1110 2130 ut
1130 2084 1175 2128 in
1207 2083 1310 2140 ipso
1331 2082 1520 2127 vivente
1543 2082 1700 2127 carnis
1720 2082 2100 2139 concupiscentia
2166 2107 2170 2125 -.

192 2159 448 2203 conspersa
457 2147 674 2192 etinnata
682 2147 873 2204 repente
885 2145 1176 2200 absumatur,
1198 2153 1246 2191 et
1261 2158 1355 2190 non
1371 2145 1457 2202 sit3
1475 2144 1561 2190 sed
1573 2157 1631 2189 ne
1640 2143 1762 2189 obsit
1775 2150 1925 2189 mortu
1933 2157 1977 2202 o,
1993 2158 2099 2203 quae
2164 2199 2165 2202 Ἴ

194 2208 346 2316 {uerat
367 2216 530 2254 nato.»
552 2212 671 2266 Ergo
689 2210 789 2267 pari
813 2210 993 2254 ratione
1029 2221 1118 2254 nec
1147 2208 1248 2253 aliae
1270 2208 1567 2266 poenalitates
1586 2219 1670 2265 per
1690 2207 1975 2264 baptismum
2008 2208 2099 2253 tol-

249 2286 278 2315 n
363 2306 374 2316 .

215 2279 535 2382 uCgIJNiIfJLUSIO.
564 2364 611 2371 -
633 2342 883 2393 Quanquam
897 2340 1132 2394 baptismus
1146 2340 1360 2392 praesentis
1378 2339 1478 2381 vitae
1501 2339 1764 2392 poenalitates
1781 2337 1994 2379 auferendi
2013 2338 2099 2379 vir-

195 2400 328 2437 tutem
355 2396 513 2446 habeat,
537 2409 620 2437 nou
647 2401 786 2436 tamen
810 2408 877 2436 eas
893 2401 990 2437 ante
1007 2396 1343 2437 resurrectionem
1369 2395 1500 2444 tollit,
1519 2399 1569 2435 ut
1583 2393 1769 2435 membra
1790 2394 1954 2434 Christo
1971 2393 2100 2434 inem*
2162 2419 2170 2423 v-

195 2456 337 2504 porata
367 2451 490 2502 capiti
519 2463 594 2492 suo
616 2452 773 2492 similia
799 2452 900 2500 sint,
930 2452 1028 2491 etin
1049 2451 1228 2502 spiritali
1253 2463 1391 2503 pugna
1411 2451 1629 2491 victoriam
1651 2452 1873 2502 reportent,
1891 2460 1965 2489 nec
1985 2447 2098 2491 ullus

196 2511 357 2560 propter
378 2507 600 2559 praesentiS,
620 2508 690 2548 sed
709 2508 862 2547 futurae
884 2507 1023 2558 potius
1038 2508 1135 2546 vitae
1150 2507 1365 2547 commoda
1381 2507 1431 2546 ad
1453 2506 1708 2557 baptismum
1726 2504 1901 2544 accedat.

252 2571 526 2627 Respondeo
545 2570 796 2616 dicendum
811 2568 939 2627 quod
959 2569 1222 2627 baptismus
1239 2570 1379 2614 habet
1398 2569 1617 2613 virtutem
1637 2567 1879 2612 auferendi
1899 2568 2098 2624 poenali-

195 2636 314 2679 tates
338 2633 581 2690 praesentis
598 2634 723 2689 vitae,
747 2638 1020 2678 nontamen
1051 2644 1133 2678 eas
1155 2632 1306 2678 aufert
1324 2632 1371 2676 in
1400 2630 1619 2688 praesenti
1644 2630 1756 2686 vita3
1781 2630 1865 2675 sed
1888 2630 1991 2688 eJus
2007 2630 2100 2676 vir-

199 2698 296 2740 tute
317 2695 588 2740 auferentur
625 2694 652 2738 a
670 2694 811 2751 Justis
831 2694 878 2738 in
899 2694 1257 2751 resurrectione,
1279 2693 1467 2751 quando
1503 2692 1694 2735 mortale
1722 2692 1806 2735 hoc
1831 2694 1991 2736 induet
2011 2695 2099 2737 im·
2162 2699 2170 2743 ij

194 2759 539 2807 mortalitatem,
563 2762 613 2802 ut
631 2757 801 2802 dicitur
814 2759 864 2811 (Ι.
877 2758 979 2802 Cor.
1000 2771 1073 2812 xv,
1089 2759 1178 2811 34).
1195 2759 1248 2801 Et
1266 2757 1353 2801 hoc
1367 2754 1719 2811 rationabiliter,
1743 2754 1894 2811 primo
1912 2754 2100 2812 quidem

191 2820 305 2878 quia
327 2834 407 2877 per
421 2819 704 2876 baptismum
721 2819 1193 2876 homoincorporatur
1207 2818 1403 2873 Christo,
1422 2821 1468 2861 et
1482 2816 1683 2861 efficitur
1700 2815 1965 2861 membrum
1977 2816 2099 2874 ejusq

196 2886 410 2939 utsupra
440 2882 618 2927 dictum
641 2886 714 2926 est
739 2884 842 2934 (art.
880 2883 1053 2938 praec.).
1080 2884 1134 2925 Et
1156 2880 1261 2926 ideo
1279 2879 1570 2930 conveniens
1588 2882 1661 2923 est
1692 2883 1746 2923 ut
1767 2877 1815 2923 id
1850 2882 2018 2934 agatur
2048 2879 2099 2923 in

195 2946 408 2989 membro
423 2944 717 3001 incorporato
738 2944 865 3001 quod
883 2950 955 2989 est
969 2950 1127 2988 actum
1146 2944 1194 2988 in
1213 2942 1379 3000 capite.
1400 2942 1610 2986 Christus
1641 2945 1797 2985 autem
1817 2940 1848 2983 a
1871 2940 2099 2999 principio

196 3018 295 3051 suae
317 3006 636 3063 conceptionis
658 3006 744 3051 fuit
762 3007 932 3063 plenus
954 3007 1102 3062 gratia
1118 3011 1166 3051 et
1189 3006 1411 3061 veritate3
1436 3003 1599 3049 habuit
1624 3007 1777 3047 tamen
1795 3014 1967 3058 corpus
1987 3016 2100 3061 pas-

195 3068 347 3117 sibile,
368 3069 494 3125 quod
528 3074 634 3126 post
655 3069 923 3125 passionem
946 3073 993 3112 et
1024 3074 1220 3112 mortem
1242 3072 1315 3112 est
1330 3067 1388 3111 ad
1411 3066 1555 3110 vitam
1580 3064 1828 3122 gloriosam
1851 3065 2099 3110 resuscita-

2140 2846 2170 3073 i

2150 3066 2170 3106 ’ί

197 3135 315 3175 tum.
340 3131 468 3175 Unde
502 3136 548 3176 et
580 3131 871 3175 Christianus
905 3131 954 3174 in
977 3130 1211 3188 baptismo
1231 3130 1429 3187 gratiam
1466 3127 1768 3184 consequitur
1794 3130 2022 3183 quantum
2039 3127 2097 3174 ad
2151 3171 2154 3174 ,

196 3193 423 3249 animam3
448 3194 588 3238 habet
604 3198 760 3238 tamen
784 3206 954 3249 corpus
977 3193 1214 3250 passibile,
1238 3194 1286 3237 in
1303 3205 1397 3250 quo
1416 3204 1501 3248 pro
1517 3191 1696 3235 Christo
1719 3189 1865 3246 possit
1882 3190 2001 3246 pati3
2016 3189 2099 3235 sed

196 3255 385 3299 tandem
408 3255 763 3298 resuscitabitur
785 3255 844 3299 ad
866 3255 1202 3311 impassibilem
1221 3254 1382 3298 vitam.
1400 3253 1532 3298 Unde
1553 3251 1799 3308 Apostolus
1817 3250 1928 3295 dicit
1952 3253 2095 3306 (Rom.

237 3392 282 3434 (Ι)
298 3392 364 3426 Per
388 3391 448 3425 has
464 3390 672 3432 poenalitates
695 3390 913 3433 intelligendi
936 3395 1016 3426 sunt
1043 3391 1107 3425 de·
1193 3389 1258 3426 alia
1269 3388 1461 3430 hujusmodi
1480 3388 1602 3430 quaein
1626 3386 1765 3422 homine
1789 3385 1932 3421 fuissent
1946 3386 2096 3426 inventa.

196 3438 304 3474 fectus
322 3439 458 3481 quidam
489 3439 548 3480 qui
576 3440 761 3474 secundnm
791 3452 826 3475 se
861 3452 900 3473 ex
928 3439 1107 3480 principiis
1192 3439 1220 3473 si
1240 3439 1277 3473 in
1291 3437 1387 3480 puris
1400 3436 1612 3472 naturalibus
1627 3440 1871 3470 essetcreatus.

197 3492 326 3522 naturae
342 3487 520 3529 oriuntur,
551 3490 588 3521 ut
608 3487 830 3529 passibilitas,
858 3488 1047 3522 mortalitas
1073 3494 1108 3521 et
