2170 3808
155 237 245 280 ’268
811 232 1009 283 QUAEST.
1041 233 1201 288 xxxn,
1231 234 1349 277 ART.
1377 235 1408 278 1.

154 317 312 372 poris,
357 316 481 358 misit
518 317 637 356 Deus
670 313 844 356 Filium
889 326 1017 356 suum
1054 315 1228 367 sactum
1271 327 1328 357 eoe
1363 315 1551 359 muliere
1594 332 1609 358 .·
1650 316 1775 373 quod
1823 329 2062 374 exponens

160 376 449 433 Augustinus
476 377 553 428 (De
570 374 691 420 Trin.
723 374 804 420 lib.
840 388 901 431 iv,
924 387 1027 432 cap.
1049 378 1120 432 20,
1152 375 1275 420 circa
1297 376 1456 433 med),
1479 377 1590 422 dicit
1619 391 1632 423 ε
1657 396 1677 416 «
1693 378 1754 422 Eo
1774 379 1936 436 utique
1950 379 2062 426 mis-

97 452 106 457 *
154 450 285 494 zeum,
329 437 421 494 quo
456 437 633 482 factum
665 449 723 482 ex
761 436 1004 483 muliere.»
1055 437 1143 483 Sed
1182 437 1343 482 missio
1388 438 1486 483 Filii
1527 439 1795 485 attribuitur
1831 442 2063 498 praecipue

48 483 52 489 ”
97 490 106 525 r·
161 499 305 553 Pan-j,
331 504 384 543 ut
413 499 461 543 in
496 499 646 556 prima
663 503 795 556 parte
823 499 1035 544 habitum
1059 503 1131 544 est
1159 501 1253 556 (qu.
1277 513 1394 556 xun,
1428 505 1514 546 art.
1544 503 1605 557 8).
1636 505 1755 559 Ergo
1789 507 1838 547 et
1865 515 2063 561 concep-

156 562 241 618 tio,
264 562 527 607 secundum
543 573 686 619 quam
708 562 860 606 factus
878 566 950 606 est
975 574 1035 607 ex
1055 562 1266 620 muliere,
1288 561 1427 607 debet
1457 563 1690 620 praecipue
1713 563 1834 609 Patri
1856 565 2060 612 attribui.

214 625 258 668 3.
291 626 518 669 Praeterea
529 624 901 680 (Proverb.1X,1),
916 623 1087 668 dicitur
1105 625 1373 679 :Sapientia
1391 625 1638 679 aedifieavit
1657 626 1743 670 sibi
1763 627 1962 672 domum.
1983 630 2061 674 Est

160 688 318 731 autem
333 687 561 743 sapientia
578 686 658 731 Dei
673 686 773 743 ipse
791 685 1017 744 Christus,
1034 686 1294 731 secundum
1311 685 1427 731 illud
1441 687 1487 741 (l.
1512 687 1714 733 Corinth.
1734 702 1766 745 1,
1782 690 1855 745 24)
1875 702 1888 733 :
1910 689 2063 735 Chris-

160 749 254 791 tum
273 752 358 792 Dei
374 751 585 793 virtutem
601 752 644 793 et
663 752 748 792 Dei
764 751 1039 804 sapientiam
1056 763 1071 790 .·
1090 748 1259 793 domus
1278 752 1433 792 autem
1452 749 1592 806 huJus
1605 750 1845 807 sapientiae
1866 755 1937 796 est
1956 764 2064 797 cor-

161 819 250 865 pus
273 811 456 867 Christi,
473 811 599 868 quod
618 810 759 855 etiam
782 810 950 854 dicitur
966 809 1192 867 templum
1208 809 1247 866 ej
1254 822 1327 866 us,
1341 811 1601 856 secundum
1616 811 1732 858 illud
1747 814 1892 868 (Joan.
1913 827 1960 870 11,
1974 815 2060 871 21).

163 874 256 914 Hoc
276 875 426 916 autem
445 872 624 916 dicebat
639 873 695 915 de
713 872 875 928 templo
894 874 1097 928 eorporis
1110 875 1180 915 sui
1195 873 1269 926 (1).
1286 874 1404 929 Ergo
1418 872 1598 918 videtur
1612 874 1736 931 quod
1751 875 1935 920 efficere
1951 887 2062 920 con-

163 934 429 990 ceptionem
446 934 652 991 corporis
674 933 839 978 Christi
860 933 999 979 debet
1017 933 1252 991 praecipue
1266 934 1455 979 attribui
1471 934 1599 979 Filio.
1625 938 1723 980 Non
1745 949 1856 993 ergo
1877 937 2062 995 Spiritui

157 1000 339 1041 sancto.

217 1059 306 1103 Sed
324 1061 485 1102 contra
510 1062 582 1103 est
600 1058 727 1115 quod
750 1058 920 1104 dicitur
941 1060 1066 1112 (Luc.
1088 1071 1122 1114 1,
1147 1059 1218 1114 35)
1252 1072 1264 1103 ι
1288 1060 1487 1114 Spiritus
1507 1062 1690 1104 sanctus
1716 1063 1992 1117 superveniet
2014 1063 2063 1107 in

156 1121 218 1176 -te,
243 1123 334 1164 etc.

209 1187 506 1231 CONCLUSIO.·
530 1211 577 1218 -
604 1189 709 1229 Cum
726 1200 774 1228 ex
790 1189 975 1228 maximo
998 1189 1070 1227 Dei
1090 1199 1252 1238 amore,
1274 1187 1370 1228 Filii
1389 1188 1462 1227 Dei
1481 1188 1709 1229 incarnatio
1728 1189 1834 1230 facta
1856 1190 1931 1240 sit,
1960 1191 2063 1233 recte

156 1241 335 1294 'Spiritui
349 1247 503 1291 sancto,
519 1243 592 1296 qui
612 1248 671 1283 est
687 1255 802 1283 amor
818 1244 950 1283 Patris
969 1247 1008 1282 et
1023 1243 1131 1293 Filii,
1149 1243 1328 1295 corporis
1341 1242 1530 1284 formatio
1545 1243 1804 1295 attribuitur,
1828 1245 1921 1287 licet
1936 1247 1961 1287 a
1979 1249 2063 1287 tota

157 1297 358 1338 ‘trinitate
376 1310 525 1349 corpus
540 1299 695 1339 Christi
715 1299 836 1338 fuerit
861 1298 1096 1338 formatum.

217 1361 489 1417 Respondeo
519 1361 770 1406 dicendum
793 1361 917 1417 quod
952 1360 1305 1417 conceptionem
1328 1360 1534 1417 corporis
1557 1361 1722 1406 Christi
1751 1366 1846 1407 tota
1867 1362 2062 1408 Trinitas

159 1426 232 1466 cst
247 1428 437 1480 operata
456 1426 529 1478 (2).
554 1423 829 1467 Attribuitur
844 1428 999 1467 tamen
1014 1422 1104 1466 hoc
1118 1422 1304 1479 Spiritui
1320 1426 1500 1479 sancto,
1517 1423 1684 1480 triplici
1703 1423 1897 1469 ratione.
1913 1425 2062 1469 Primo

161 1485 351 1541 quidem
366 1485 477 1543 quia
498 1486 586 1529 hoc
602 1485 818 1542 congruit
834 1496 988 1529 causae
1006 1483 1358 1541 incarnationis,
1377 1496 1481 1540 quae
1497 1484 1820 1530 consideratur
1839 1498 1898 1530 ex
1934 1492 2063 1543 parte

160 1546 255 1590 Dei.
279 1547 477 1603 Spiritus
495 1546 621 1591 enim
648 1550 840 1590 sanctus
861 1549 932 1590 est
952 1556 1084 1589 amor
1100 1546 1247 1590 Patris
1261 1550 1308 1590 et
1335 1545 1449 1601 Filii,
1470 1549 1524 1590 ut
1540 1545 1589 1589 in
1611 1547 1761 1603 prima
1779 1551 1909 1604 parte
1927 1548 2063 1593 habi-

162 1612 262 1652 tum
284 1613 357 1654 est
379 1610 474 1665 (qu.
499 1621 660 1664 xxxvii,
692 1612 780 1651 art.
805 1609 864 1661 1).
887 1609 980 1651 Hoc
1011 1611 1168 1652 autem
1192 1618 1251 1651 ex
1272 1606 1476 1651 maximo
1493 1607 1572 1651 Dei
1597 1620 1754 1653 amore
1771 1609 1984 1666 provenit
2008 1614 2063 1655 ut

160 1669 300 1714 Filius
320 1671 398 1714 Dei
421 1682 609 1714 carnem
629 1669 717 1713 sibi
734 1672 993 1713 assumeret
1011 1668 1059 1712 in
1081 1672 1215 1713 utero
1241 1668 1467 1725 virginali.
1491 1669 1623 1714 Unde
1641 1669 1810 1715 dicitur
1829 1668 1983 1725 (Joan.¹
1997 1685 2059 1726 111,

161 1734 231 1784 16)
258 1748 269 1776 ε
295 1735 370 1776 Sic
402 1735 520 1775 Deus
539 1733 702 1776 dilexit
721 1733 937 1775 mundum
961 1733 1011 1774 ut
1026 1731 1198 1774 Filium
1218 1744 1346 1774 suum
1365 1733 1640 1787 uniqenz‘tum
1665 1733 1813 1776 daret.
1833 1732 2060 1791 Secundo,

160 1794 271 1851 quia
293 1795 380 1839 hoc
396 1794 613 1851 congruit
626 1806 780 1838 causae
808 1793 1139 1838 incarnationis
1159 1805 1216 1837 ex
1234 1798 1364 1850 parte
1393 1798 1569 1837 naturae
1587 1798 1855 1850 assumptae.
1877 1797 1960 1839 Per
1977 1795 2063 1841 hoc

160 1856 286 1900 enim
305 1857 443 1901 datur
461 1856 654 1913 intelligi
670 1856 795 1913 quod
819 1856 1025 1899 humana
1046 1859 1213 1899 natura
1229 1859 1468 1911 assumpta
1482 1854 1600 1899 esta
1621 1855 1731 1899 Filio
1748 1855 1826 1900 Dei
1842 1855 1887 1899 in
1907 1856 2062 1902 unita-

163 1923 254 1962 tem
274 1931 501 1975 personae,
528 1931 623 1962 non
657 1931 716 1962 ex
753 1917 987 1974 aliquibus
1007 1917 1202 1972 meritis,
1225 1917 1309 1962 sed
1341 1929 1398 1962 ex
1433 1917 1533 1961 sola
1551 1917 1716 1975 gratia,
1738 1930 1844 1975 quae
1876 1918 2061 1976 Spiritui

160 1986 323 2026 sancto
341 1982 626 2036 attribuitur,
647 1980 910 2025 secundum
930 1979 1045 2024 illud
1061 1981 1107 2035 (1.
1130 1980 1189 2024 ad
1203 1979 1496 2036 Corinth.x11,
1515 1983 1559 2034 4)
1584 1994 1595 2023 1
1620 1983 1871 2024 Divisiones
1884 1985 2062 2038 qratia-

158 2056 261 2086 rum
274 2047 394 2099 sunt,
407 2044 530 2087 idem
543 2046 693 2086 autem
704 2045 917 2098 Spiritus,
939 2041 1068 2086 Unde
1087 2041 1377 2098 Augustinus
1393 2041 1504 2086 dicit
1524 2042 1586 2095 (in
1598 2042 1827 2087 Enchirid.
1843 2055 1944 2100 cap.
1958 2046 2030 2100 40)
2046 2061 2057 2090 :

164 2107 282 2149 «Iste
300 2106 469 2150 modus
497 2118 590 2162 quo
619 2109 691 2150 est
710 2108 849 2148 natus
873 2104 1081 2149 Christus
1103 2105 1161 2149 de
1182 2104 1352 2161 Spiritu
1371 2108 1550 2159 sancto,
1570 2103 1779 2148 insinuat
1800 2104 1935 2149 nobis
1952 2118 2061 2163 gra-

160 2167 271 2211 tiam
308 2168 403 2223 Dei,
427 2169 520 2224 qua
538 2168 678 2211 homo
698 2165 837 2211 nullis
858 2165 1230 2222 praecedentibus
1254 2166 1446 2221 meritis,
1470 2164 1519 2208 in
1554 2165 1655 2222 ipso
1686 2165 1836 2222 primo
1870 2168 2061 2213 exordio

159 2233 339 2274 naturae
371 2242 485 2285 suae,
511 2241 605 2285 quo
624 2241 727 2273 esse
759 2228 914 2285 coepit,
939 2228 1085 2273 Verbo
1119 2227 1196 2272 Dei
1234 2227 1531 2284 copularetur
1563 2227 1612 2270 in
1638 2231 1812 2272 tantam
1848 2241 2061 2285 personae

159 2291 405 2346 unitatem,
428 2295 482 2334 ut
498 2290 623 2334 idem
645 2290 745 2346 ipse
764 2294 888 2334 esset
902 2289 1042 2334 Filius
1059 2289 1136 2349 Dei
1162 2289 1242 2345 qui
1261 2289 1384 2333 filius
1405 2289 1621 2346 hominis,
1635 2294 1682 2333 et
1702 2287 1827 2335 filius
1857 2290 2061 2339 hominis

159 2353 239 2410 qui
274 2353 416 2398 Filius
441 2351 570 2397 Dei.»
596 2351 758 2408 Tertio,
790 2352 900 2408 quia
920 2352 1010 2396 hoc
1045 2351 1258 2407 congruit
1281 2351 1478 2396 termino
1499 2351 1847 2397 incarnationis.
1872 2353 1940 2398 Ad
1971 2354 2060 2401 hoc

159 2415 284 2460 enim
305 2415 551 2460 terminata
583 2419 655 2459 est
674 2414 945 2470 incarnatio,
966 2418 1020 2458 ut
1047 2415 1187 2458 homo
1205 2414 1282 2458 ille
1304 2414 1383 2471 qui
1402 2413 1763 2470 concipiebatur,
1785 2419 1909 2460 esset
1925 2429 2060 2463 sanc-

159 2482 236 2522 tus
259 2482 306 2523 et
324 2477 464 2521 Filius
484 2476 572 2521 Dei.
597 2478 853 2532 Utrumque
886 2479 1043 2520 autem
1067 2476 1235 2520 horum
1254 2475 1520 2520 attribuitur
1536 2475 1722 2532 Spiritui
1746 2482 1926 2522 sancto.
1944 2481 2059 2525 Nam

159 2550 243 2595 per
260 2539 414 2597 ipsum
434 2538 702 2583 efficiuntur
721 2537 933 2582 homines
950 2537 1032 2582 filii
1053 2538 1146 2595 Dei,
1168 2537 1428 2583 secundum
1452 2536 1568 2582 illud
1584 2537 1740 2591 (Galat.
1762 2552 1820 2597 iv,
1841 2541 1884 2594 6)
1907 2555 1917 2584 ι
1942 2544 2059 2599 Quo-

160 2604 287 2644 niam
307 2603 413 2644 estis
431 2601 548 2644 Filii
570 2603 669 2658 Dei,
694 2603 817 2644 misit
834 2604 952 2644 Deus
975 2603 1196 2656 Spiritum
1214 2600 1328 2643 Filii
1348 2601 1418 2643 sui
1438 2601 1637 2643 incorda
1660 2603 1829 2656 vestra,
1851 2602 2058 2648 claman-

161 2666 247 2707 tem
258 2678 273 2703 .-
285 2663 429 2718 Abba‚
453 2665 604 2718 pater.
622 2664 724 2718 lpse
742 2667 813 2706 est
831 2662 970 2706 etiam
982 2662 1171 2719 spiritus
1183 2661 1580 2718 sanctificationis,
1590 2666 1642 2707 ut
1656 2662 1823 2707 dicitur
1841 2666 1987 2717 (Rom.
2005 2667 2055 2720 1).

160 2723 285 2768 Sicut
321 2735 432 2779 ergo
462 2723 538 2767 alii
558 2735 642 2779 per
664 2722 881 2780 Spiritum
916 2728 1133 2768 sanctum
1156 2722 1504 2768 sanctificantur
1538 2723 1853 2782 spiritualiter,
1889 2730 1943 2770 ut
1963 2726 2058 2771 sint

159 2782 239 2830 filii
257 2786 336 2830 Dei
371 2785 591 2842 adoptivi,
616 2785 680 2829 ita
696 2785 904 2830 Christus
923 2798 1005 2843 per
1028 2786 1247 2843 Spiritum
1271 2793 1485 2830 sanctum
1509 2790 1580 2830 est
1598 2786 1647 2830 in
1666 2787 1910 2832 sanctitate
1941 2801 2057 2833 con-

159 2851 337 2906 ceptus,
375 2852 425 2892 ut
463 2851 588 2892 esset
622 2847 760 2892 Filius
793 2848 869 2893 Dei
905 2848 1147 2893 naturalis.
1181 2847 1309 2893 Unde
1345 2850 1491 2900 (Rom.
1531 2850 1578 2905 1),
1612 2848 1874 2894 secundum
1911 2862 2055 2896 unam

160 2909 365 2955 Glossam
387 2909 626 2965 (interlin.)
648 2910 773 2966 quod
795 2910 1101 2967 praemittitur,
1118 2909 1313 2965 scilicet,
1347 2912 1432 2966 Qui
1452 2909 1801 2966 praedestinatus
1823 2914 1890 2955 est
1909 2913 2056 2958 Filius

162 2973 242 3014 Dei
257 2976 306 3015 in
333 2976 514 3029 virtute,
536 2971 859 3017 manifestatur
890 2985 974 3030 per
991 2973 1038 3018 id
1072 2972 1197 3030 quod
1226 2970 1491 3032 immediate
1513 2972 1723 3028 sequitur
1756 2987 1768 3018 ε
1800 2975 2056 3019 Secundum

158 3036 380 3089 Spiritum
400 3037 792 3091 sanctificationis,
827 3034 875 3081 id
907 3039 993 3094 est,
1031 3048 1116 3093 per
1154 3036 1242 3079 hoc
1277 3034 1408 3095 quod⁴
1424 3038 1494 3079 est
1530 3038 1781 3092 conceptus
1806 3036 1864 3082 de
1886 3037 2055 3090 Spiritu

157 3099 337 3140 sancto.
371 3099 424 3141 Et
446 3097 643 3153 angelus
675 3098 963 3143 annuntians
979 3110 1036 3142 ex
1062 3099 1151 3143 hoc
1176 3097 1298 3155 quod
1315 3097 1602 3154 praemiserat
1624 3112 1635 3140 :
1656 3099 1854 3154 Spiritus
1873 3103 2054 3144 sanetus

156 3160 434 3213 superveniet
449 3161 497 3201 in
519 3162 576 3215 te,
597 3159 859 3206 concludit:
880 3161 1071 3217 Ideoque
1087 3164 1131 3204 et
1153 3160 1271 3216 quod
1289 3163 1500 3204 nascetur
1511 3172 1568 3203 em
1581 3162 1622 3203 te
1642 3163 1864 3218 sanetum,
1882 3163 2053 3206 vocabi·
2090 3199 2099 3206 .

158 3221 233 3261 tur
248 3219 395 3262 Filius
414 3222 511 3263 Dei.

211 3280 278 3324 Ad
292 3284 494 3336 primum
513 3292 623 3336 ergo
658 3281 925 3338 dicendum,
960 3282 1082 3340 quod
1114 3295 1231 3339 opus
1253 3282 1568 3338 conceptionis
1593 3293 1843 3328 commune
1864 3283 2049 3341 quidem

198 3382 241 3424 (1)
267 3382 355 3417 Puta
372 3382 461 3424 qued
479 3382 514 3416 in
530 3382 644 3416 triduo
658 3382 878 3418 reaedificaret
899 3383 951 3418 vel
972 3384 1058 3418 0ιεί-
1186 3383 1228 3424 12)
1246 3384 1341 3417 Sicut
1357 3389 1391 3417 ct
1419 3394 1535 3417 omnes
1547 3382 1629 3418 alias
1651 3385 1860 3425 operationes
1893 3397 1964 3426 qum
1994 3383 2044 3418 di-

155 3429 537 3512 ξιξ-ξξᾶἰέἶὲἁεξῗείειυεω
553 3429 700 3464 solutum
726 3435 822 3464 esset.
839 3436 878 3465 ut
906 3431 952 3465 ibi
974 3443 1058 3465 vers.
1145 3436 1269 3466 cuntur
1287 3431 1335 3466 ad
1353 3434 1473 3465 extra.
