2170 3808
725 239 922 292 QUAEST.
953 240 1115 294 xxvii,
1148 239 1264 280 ΛΒΤ.
1295 238 1327 281 1.
1624 228 1625 231 ’
1892 236 1979 279 223

105 324 184 380 )ei‚
210 322 466 369 secundum
493 320 609 366 illud
630 322 774 374 (Joan.
791 334 823 374 i,
856 323 926 374 13)
954 335 964 364 ε
988 324 1061 363 Ex
1083 325 1175 363 Deo
1198 322 1301 362 nata·
1321 322 1462 375 sunm
1484 317 1699 363 nativitas
1727 320 1885 361 autem
1915 328 1975 362 ex

108 389 224 430 itero
245 389 315 429 est
334 382 548 428 nativitas
567 380 798 425 animalis.
823 383 920 424 Non
955 391 1066 436 ergo
1096 380 1232 423 beata
1250 379 1386 435 Virgo
1421 379 1509 423 fuit
1528 378 1661 434 prius
1686 374 1976 423 sanctificata

100 446 234 504 {uam
252 458 307 490 ex
323 449 452 490 utero
473 447 754 488 nasceretur.

145 510 189 552 2.
219 509 454 561 Praeterea,
475 504 761 561 Augustinus
780 503 888 548 dIcit
908 502 972 557 (in
1002 501 1136 558 epist.
1166 501 1225 546 ad
1244 501 1526 558 Dardanum,
1549 504 1649 556 287,
1670 500 1730 545 al.
1760 503 1832 554 57,
1855 499 1979 545 inter

95 569 216 615 med.
236 574 283 614 et
303 569 432 623 fin.):
461 585 482 607 «
505 566 830 623 sanctificatio,
851 567 945 622 qua
964 563 1192 608 efficimur
1213 563 1439 620 templum
1462 563 1556 618 Dei,
1578 562 1765 607 nonnisi
1791 567 1976 606 renato-

94 642 197 677 rum
218 635 302 676 est.
327 649 347 668 »³
371 632 511 681 Nemo
542 633 697 672 autem
719 626 977 672 renascitur
995 625 1084 670 nisi
1115 624 1245 681 prius
1278 627 1514 668 nascatur.
1532 626 1652 680 Ergo
1685 625 1820 668 beata
1844 624 1978 678 Virgo

94 704 186 736 non
202 693 289 737 fuit
311 692 438 749 prius
460 690 742 735 sanctificata
760 688 899 745 quam
919 699 977 731 ex
998 693 1131 731 utero
1152 691 1433 731 nasceretur.
1712 746 1715 747 ⁷

145 755 189 798 3.
224 756 459 809 Praeterea,
483 752 765 808 quicumque
787 754 860 794 est
887 745 1203 793 sanctificatus
1229 760 1313 805 per
1336 747 1547 804 gratiam,
1577 750 1650 792 est
1675 746 1930 790 mundatus
1951 743 1978 789 ὁ

93 820 282 872 peccato
298 814 507 871 originali
526 819 572 858 et
586 813 770 858 actuali.
790 812 833 856 si
849 824 960 868 ergo
979 812 1114 855 beata
1135 811 1269 866 Virgo
1290 810 1380 854 fuit
1392 809 1676 854 sanctificata
1690 815 1798 852 ante
1817 807 1978 851 nativi-

94 881 234 921 tatem
267 889 325 922 ex
352 883 514 931 utero,·
531 886 826 932 consequens
856 880 929 918 est.
960 873 1084 930 qued
1111 878 1221 917 tunc
1240 872 1380 917 fuerit
1402 872 1652 917 emundata
1676 870 1736 914 ab
1767 869 1976 924 originali

91 942 296 994 peccato.
328 938 414 982 Sed
438 938 588 982 solum
618 935 841 992 originale
862 939 1104 991 peccatum
1132 938 1312 990 poterat
1332 945 1435 978 eam
1460 933 1684 988 impedire
1702 931 1764 975 ab
1787 930 1978 974 introitu

91 999 223 1054 regni
240 999 453 1044 coelesti&
476 998 519 1042 Si
534 1010 646 1055 ergo
667 1002 782 1042 tunc
793 1000 976 1040 mortua
991 995 1171 1052 fuisset,
1189 995 1370 1039 videtur
1386 995 1509 1052 quod
1519 995 1713 1050 januam
1729 992 1863 1048 regni
1882 1003 1978 1035 coe-

90 1059 220 1105 lestis
259 1060 522 1105 introisset:
555 1059 679 1116 quod
710 1065 866 1103 tamen
898 1057 997 1102 fieri
1030 1069 1125 1100 non
1157 1056 1308 1113 potuit
1343 1062 1451 1100 ante
1482 1055 1750 1112 passionem
1785 1052 1974 1097 Christi:

90 1121 313 1165 Habemus
330 1125 447 1165 enim
463 1122 679 1175 fiduciam
704 1124 754 1164 in
783 1122 973 1162 introitu
1005 1122 1267 1161 sanctorum
1285 1131 1368 1174 per
1381 1121 1644 1174 sanquinem
1663 1117 1777 1173 eim,
1793 1120 1848 1160 ut
1865 1113 1977 1159 dici-

94 1186 170 1227 tur
192 1184 340 1238 (Hebr.
357 1198 400 1240 x,
420 1185 503 1238 19).
523 1183 708 1228 Videtur
728 1193 843 1238 ergo
867 1180 993 1237 quod
1013 1182 1063 1224 Β.
1095 1180 1231 1237 Virgo
1249 1192 1344 1224 non
1377 1179 1516 1225 fuerit
1540 1174 1825 1224 sanctificata
1843 1180 1975 1220 ante-

92 1256 234 1301 quam
256 1259 315 1291 ex
331 1250 464 1290 utero
483 1248 767 1289 nasceretur.
1484 1252 1497 1262 ²

124 1308 187 1350 4.
210 1309 448 1363 Praeterea,
471 1310 710 1378 peccatum
733 1304 958 1360 originale
977 1304 1264 1348 contrahitur
1284 1316 1342 1348 ex
1368 1303 1564 1360 origine,
1584 1302 1706 1347 sicut
1732 1304 1976 1359 peccatum

90 1368 269 1413 actuale
297 1381 355 1413 ex
383 1373 505 1413 actu.
536 1368 622 1413 Sed
643 1367 866 1424 quamdiu
893 1366 1059 1422 aliquis
1082 1366 1221 1411 estin
1247 1370 1354 1410 actu
1382 1365 1621 1422 peccandi,
1650 1377 1745 1408 non
1777 1367 1929 1421 pote-st
1950 1364 1977 1407 a

90 1435 277 1485 peccato
307 1429 474 1474 actuali
495 1429 726 1474 mundari.
752 1431 872 1484 Ergo
896 1427 1034 1472 etiam
1064 1440 1151 1473 nec
1168 1427 1305 1472 beata
1333 1427 1468 1482 Virgo
1494 1428 1522 1472 a
1545 1430 1736 1484 peccato
1764 1423 1976 1481 originali

92 1492 307 1538 mundari
335 1491 498 1549 potuit,
521 1491 633 1536 dum
663 1496 786 1536 esset
806 1491 958 1535 adhuc
978 1491 1027 1533 in
1058 1490 1160 1546 ipso
1180 1494 1288 1534 actu
1309 1490 1501 1544 originis
1531 1489 1580 1533 in
1607 1493 1818 1534 materno
1846 1492 1979 1531 utero

92 1554 310 1601 existens.

147 1616 236 1662 Sed
250 1619 407 1660 contra
430 1616 638 1673 estquod
652 1615 856 1660 Ecclesia
874 1614 1076 1659 celebrat
1095 1613 1380 1659 nativitatem
1400 1616 1450 1659 Β.
1472 1613 1693 1670 Virginis,
1710 1625 1805 1658 non
1821 1616 1977 1656 autem

95 1678 351 1724 celebratur
374 1678 543 1722 festum
565 1678 613 1721 in
629 1677 831 1722 Ecclesia
853 1676 939 1720 nisi
959 1688 1043 1732 pro
1065 1676 1219 1733 aliquo
1241 1682 1418 1720 sancto.
1453 1678 1571 1731 Ergo
1588 1678 1637 1719 B.
1656 1674 1793 1730 Virgo
1810 1674 1860 1718 in
1876 1673 1979 1729 ipsa

96 1749 181 1783 sua
199 1739 432 1783 nativitate
449 1739 536 1783 suit
552 1743 728 1783 sancta.
749 1739 851 1782 Fuit
870 1750 981 1795 ergo
999 1738 1047 1781 in
1064 1742 1198 1782 utero
1219 1736 1519 1782 sanctificata.

62 1856 66 1857 ⁷
144 1806 483 1848 CONCLUSIO.—
494 1805 805 1846 Rationabiliter
819 1805 1008 1855 creditur,
1021 1804 1180 1846 beatam
1194 1806 1407 1857 Virginem
1418 1805 1602 1852 Mariam,
1618 1816 1710 1857 quae
1722 1803 1866 1856 genuit
1875 1803 1978 1844 Uni-

92 1860 285 1913 genitum
303 1862 328 1900 a
343 1862 471 1909 Patre,
487 1862 658 1912 plenum
676 1862 814 1910 gratiae
832 1864 871 1900 et
884 1861 1078 1909 veritatis,
1093 1860 1248 1912 majora
1268 1859 1463 1900 omnibus
1479 1861 1618 1910 gratiae
1645 1858 1858 1911 privilegia
1872 1868 1978 1898 acce-

109 1915 231 1966 pisse,
252 1919 372 1967 atque
386 1917 509 1956 fuisse
525 1916 570 1954 in
592 1919 707 1955 utero
726 1917 1034 1962 sanctificatam,
1047 1916 1152 1954 sicut
1170 1915 1409 1954 sanctificati
1433 1915 1476 1954 in
1492 1919 1606 1955 utero
1625 1913 1752 1954 multi
1768 1914 1978 1965 leguntur.

152 1978 424 2035 Respondeo
455 1977 702 2023 dicendum
733 1978 857 2034 quod
892 1979 950 2024 de
980 1977 1342 2022 sanctificatione
1370 1979 1418 2043 β.
1452 1977 1617 2032 Mariae,
1649 1976 1774 2033 quod
1805 1975 1981 2021 scilicet

94 2039 233 2083 fuerit
260 2039 540 2083 sanctificata
567 2038 616 2083 in
644 2043 795 2095 utero,
826 2039 938 2084 nihil
965 2039 1012 2083 in
1039 2039 1270 2095 Scriptura
1300 2037 1524 2083 canonica
1554 2039 1747 2083 traditur
1772 2040 1850 2091 (i),
1874 2048 1980 2094 quae

95 2100 233 2146 etiam
268 2112 355 2144 nec
389 2099 447 2144 de
480 2100 582 2156 eJus
615 2100 851 2144 nativitate
881 2100 1163 2144 mentionem
1197 2099 1322 2144 facit.
1357 2100 1481 2144 Sicut
1513 2103 1665 2143 tamen
1694 2098 1981 2154 Augustinus

96 2162 231 2216 (alius
254 2166 430 2218 auctor,
449 2161 498 2205 in
523 2173 662 2206 serm.
688 2162 745 2207 de
765 2163 1092 2219 Assumptione
1113 2162 1260 2219 ipsius
1282 2162 1496 2218 Virginis,
1518 2174 1618 2217 cap.
1643 2165 1686 2217 2,
1709 2165 1737 2205 4
1754 2166 1802 2205 et
1822 2164 1865 2216 5)
1901 2173 1981 2205 ra-

97 2223 374 2270 tionabiliter
392 2228 758 2280 argumentatur,
776 2224 901 2280 quod
918 2236 1026 2269 cum
1041 2236 1235 2280 corpore
1252 2224 1314 2269 sit
1334 2227 1571 2280 assumpta
1583 2224 1630 2267 in
1650 2223 1821 2268 coelum
1839 2224 1979 2280 (quod

98 2295 248 2329 tamen
267 2285 498 2341 Scriptura
518 2298 613 2328 non
629 2285 799 2342 tradit),
815 2287 879 2329 ita
894 2286 1031 2330 etiam
1049 2285 1383 2330 rationabiliter
1397 2285 1712 2342 argumentari
1728 2297 1979 2342 possumus

97 2345 220 2404 quod
255 2346 394 2390 fuerit
427 2346 709 2391 sanctificata
739 2348 786 2391 in
818 2354 968 2392 utero.
1004 2347 1348 2392 Rationabiliter
1369 2347 1493 2392 enim
1523 2346 1727 2391 creditur
1746 2347 1874 2404 quod
1901 2348 1980 2393 illa

95 2419 201 2465 quae
223 2408 383 2464 genuit
406 2412 686 2466 Uniqenicum
710 2409 742 2453 ὰ
757 2413 914 2467 Patre,
939 2410 1122 2467 plenum
1142 2413 1306 2466 qratiae
1326 2413 1369 2453 et
1399 2412 1618 2465 veritatis,
1644 2422 1740 2466 prae
1761 2409 1979 2455 omnibus

96 2469 197 2514 aliis
227 2470 401 2526 maj0ra
420 2470 658 2526 privilegia
687 2473 744 2526 (2)
768 2472 929 2527 gratiae
961 2472 1203 2528 acceperit.
1233 2471 1374 2526 Unde,
1406 2476 1457 2515 ut
1486 2471 1656 2527 legitur
1680 2474 1806 2523 (Luc.
1823 2486 1854 2527 ι,
1878 2475 1976 2527 28):

95 2531 294 2587 Anqelus
315 2535 356 2573 ei
369 2531 489 2575 dixit
507 2547 522 2571 .-
543 2535 651 2588 Ave,
673 2535 828 2588 qratia
842 2533 1002 2590 plena.
1020 2533 1288 2577 Invenimus
1306 2537 1462 2577 autem
1477 2532 1756 2588 quibusdam
1775 2532 1879 2577 aliis
1893 2534 1979 2578 hoc

95 2591 383 2648 privilegium
394 2604 496 2636 esse
507 2605 797 2648 concessum,
817 2594 933 2638 utin
950 2599 1083 2639 utero
1098 2594 1497 2639 sanctificarentur
1515 2609 1527 2638 z
1548 2594 1671 2638 sicut
1684 2595 1894 2638 Jeremiae
1907 2597 1983 2640 cui

97 2651 271 2698 dictum
291 2657 360 2697 est
377 2655 553 2707 (Jerem.
575 2669 606 2712 1,
629 2658 698 2709 5):
719 2659 975 2712 Antequam
994 2659 1141 2700 exires
1156 2658 1213 2700 de
1229 2657 1382 2712 vulva,
1398 2658 1682 2711 sanctificavi
1705 2659 1775 2712 τες
1793 2663 1839 2702 et
1861 2657 1980 2702 sicut

98 2714 260 2759 «loanni
278 2715 503 2771 Baptistae‚
528 2715 584 2761 de
609 2729 703 2773 quo
725 2717 900 2762 dictum
925 2721 997 2762 est
1033 2719 1158 2771 (Luc.
1179 2732 1211 2773 ι,
1235 2719 1328 2771 15):
1353 2719 1529 2773 Spiritu
1549 2721 1706 2760 sancto
1734 2718 1981 2773 replebitur

99 2775 252 2819 adhuc
283 2789 341 2819 ex
371 2781 498 2820 utero
529 2782 692 2822 matris
719 2792 825 2823 suae.
855 2779 985 2824 Unde
1016 2779 1349 2823 rationabiliter
1377 2779 1579 2823 creditur
1612 2778 1738 2835 quod
1766 2781 1817 2824 B.
1846 2780 1981 2838 Virgo

100 2835 378 2882 sanctificata
391 2838 543 2896 fuerit,
559 2845 805 2898 antequam
818 2853 878 2887 ex
893 2848 1025 2887 utero
1043 2846 1325 2886 nasceretur.

155 2897 221 2943 Ad
240 2903 436 2954 primum
456 2912 565 2956 ergo
589 2902 852 2961 dicendum,
871 2904 996 2961 qued
1018 2903 1158 2948 etiam
1176 2903 1224 2946 in
1251 2905 1300 2946 B.
1320 2903 1505 2958 Virgine
1526 2902 1657 2959 prius
1679 2902 1767 2947 fuit
1788 2903 1836 2948 id
1858 2905 1981 2961 quod

102 2963 172 3004 est
196 2960 409 3014 animale,
428 2965 594 3017 etpost
609 2964 658 3009 id
678 2966 804 3021 quod
826 2972 900 3010 est
917 2965 1179 3022 spirituale3
1203 2964 1314 3021 quia
1338 2965 1471 3020 prius
1490 2964 1577 3008 fuit
1594 2964 1854 3009 secundum
1883 2978 1981 3011 car-

101 3032 210 3065 nem
224 3028 460 3078 concepta,
478 3028 524 3067 et
540 3031 698 3080 postea
715 3028 972 3073 secundum
996 3026 1208 3084 spiritum
1231 3025 1528 3070 sanctificata.

154 3081 222 3126 Ad
242 3085 496 3135 ,secundum
536 3084 798 3153 dicendum,
832 3089 958 3146 quod
991 3087 1278 3143 Augustinus
1310 3086 1515 3143 loquitur
1542 3087 1801 3133 secundum
1831 3088 1980 3146 legem

102 3155 406 3214 communem,
424 3150 682 3191 secundum
696 3159 835 3204 quam
848 3163 931 3206 per
947 3155 1236 3195 sacramenta
1256 3161 1350 3192 non
1369 3154 1702 3204 regenerantur
1717 3150 1874 3209 aliqui,
1894 3152 1980 3198 nisi

101 3207 229 3263 prius
255 3210 364 3249 nati.
394 3206 480 3251 Sed
502 3210 621 3252 Deus
646 3209 754 3253 huic
783 3210 875 3265 legi
910 3214 1304 3255 sacramentorum
1326 3210 1579 3266 potentiam
1609 3223 1745 3255 suam
1769 3224 1861 3255 non
1884 3213 1981 3256 aili-

140 3314 184 3355 (t)
198 3313 293 3348 Nihil
320 3314 355 3348 in
375 3315 561 3357 Scripturis
582 3319 731 3358 expresse
747 3318 911 3360 traditur,
938 3324 990 3353 at·
1115 3317 1159 3360 (2)
1175 3318 1223 3352 Ea
1237 3317 1356 3352 saltem
1376 3331 1450 3361 quae
1464 3318 1506 3353 ud
1524 3324 1688 3360 majorem
1700 3319 1888 3354 sanctitatis
1906 3329 1982 3359 gra-

101 3365 211 3396 ttmen
230 3367 465 3402 argumentum
488 3364 577 3398 haud
599 3365 784 3399 invalidum
805 3378 842 3400 ex
856 3366 907 3401 his
919 3379 993 3400 ver-
1077 3365 1157 3400 dum
1170 3366 1356 3408 pertinent.

100 3408 153 3444 bis
179 3409 307 3442 desumi
324 3414 431 3449 potest
453 3424 462 3444 ι
481 3412 568 3456 Ipsa
588 3417 744 3447 comeret
764 3419 878 3457 caput
891 3418 994 3448 tuum

99 3455 195 3496 (Gen.
218 3465 269 3497 ni,
286 3457 352 3498 25).
