2170 3808
174 208 254 251 322
807 200 1016 252 QUAEST.
1045 201 1214 248 XXXIX,
1246 202 1367 246 ART.
1401 205 1437 249 1.

175 292 352 339 auctor,
378 286 505 330 hom.
530 295 600 338 Π,
624 283 675 326 in
699 283 782 337 Op.
806 282 988 336 imperf.
1014 292 1178 336 parum
1203 281 1432 340 amine),
1456 295 1540 340 per
1560 285 1653 330 hoc
1688 284 1814 340 quod
1853 285 2067 334 Christus

173 349 340 397 loanni
367 345 540 391 dicenti
567 359 577 388 ε
602 347 693 397 qu
715 345 742 386 ὰ
764 347 804 387 te
822 344 946 386 debeo
966 345 1196 398 baptizari,
1221 346 1462 400 respondit
1487 361 1497 390 :
1524 348 1625 391 Sine
1641 347 1778 400 mode,
1804 347 2068 394 ostenditur

174 412 300 470 qued
325 413 489 465 poste-a
513 406 725 451 Christus
747 406 995 461 baptizavit
1016 409 1243 450 Joannem
1270 406 1344 463 (1),
1369 412 1414 452 et
1445 408 1535 454 hoc
1566 409 1678 454 dicit
1712 409 1760 453 in
1784 409 2067 465 quibusdam

174 474 310 519 libris
335 469 618 526 apocryphis
652 467 900 512 manifeste
928 467 1151 523 scriptum
1194 478 1314 512 esse.
1342 470 1528 514 Certum
1548 475 1704 515 tamen
1728 476 1815 524 est,
1839 475 1891 515 ut
1913 472 2070 518 Hiero-

175 544 346 592 nymus
382 532 492 577 dicit
531 532 692 588 (Super
724 531 881 575 Matth.
919 541 1022 585 sup.
1058 529 1175 574 illud
1209 541 1310 586 cap.
1336 534 1362 575 3
1387 545 1398 575 :
1423 532 1524 576 Sine
1557 533 1713 590 modo),
1738 532 1865 589 quod
1899 549 1923 573 «
1947 533 2071 580 sicut

173 598 386 643 Christus
423 595 510 638 suit
532 593 791 648 baptizatus
813 594 864 636 in
894 603 1017 648 aqua
1040 590 1068 636 a
1084 594 1280 647 Ioanne,
1305 592 1373 637 ita
1405 595 1611 640 loannes
1633 594 1662 640 a
1684 595 1868 640 Christo
1891 599 1991 640 erat
2018 595 2069 641 in

171 660 340 716 Spiritu
368 657 691 712 baptizandus.
710 673 735 696 »

226 722 292 766 Ad
317 724 521 775 quartum
544 717 811 770 dicendum,
833 717 961 774 quod
983 728 1081 762 non
1105 721 1176 762 est
1197 721 1298 762 tota
1319 729 1463 764 causa
1484 732 1627 777 quare
1650 721 1721 765 illi
1745 722 1934 765 suerunt
1954 721 2068 778 bap-

173 783 301 829 tizati
325 787 432 838 post
455 782 739 836 baptismum
755 779 967 833 mannis,
993 779 1105 835 quia
1128 779 1352 835 Spiritum
1375 786 1590 827 sanctum
1614 793 1711 828 non
1735 787 2068 839 cognoverant,

174 847 263 893 sed.
281 847 392 902 quia
415 855 509 888 non
535 847 667 888 erant
688 843 923 898 baptismo
948 843 1118 888 Christi
1142 844 1377 898 baptizati.

227 908 293 954 Ad
323 909 522 962 quintum
545 905 813 958 dicendum,
837 904 1128 961 qucd‚.sicut
1158 905 1271 950 dicit
1297 908 1591 963 Augustinus
1611 908 1799 966 (Contra
1829 911 2069 964 Faustum,

172 971 255 1016 lib.
280 980 376 1022 XIX,
405 980 505 1024 cap.
536 967 621 1023 13),
645 971 940 1012 sacramenta
960 971 1124 1012 nostra
1151 973 1262 1012 sunt
1285 970 1422 1025 signa
1443 971 1690 1025 praesentis
1711 971 1890 1028 gratiae,
1915 982 2072 1016 sacra-

172 1037 331 1079 menta
352 1029 462 1074 vero
486 1030 660 1074 veteris
682 1030 804 1086 legis
838 1030 1028 1075 fuerunt
1057 1030 1197 1087 signa
1226 1031 1389 1087 gratiae
1412 1032 1594 1077 suturae.
1621 1033 1748 1077 Unde
1775 1045 1831 1077 ex
1854 1034 1944 1078 hoc
1967 1033 2072 1088 ipso

173 1094 300 1152 quod
336 1095 541 1137 <loannes
577 1091 827 1147 baptizavit
862 1092 912 1135 in
946 1092 1137 1136 nomine
1174 1093 1373 1146 venturi,
1411 1093 1547 1138 datur
1580 1094 1779 1151 intelligi
1816 1094 1943 1152 quod
1976 1105 2074 1139 non

173 1158 312 1203 dabat
335 1156 623 1210 baptismum
647 1155 836 1209 Chri-sti,
861 1154 942 1211 qui
967 1160 1040 1200 est
1062 1159 1408 1200 sacramentum
1431 1167 1564 1202 novae
1590 1157 1726 1214 legis.

387 1492 390 1497 ἱ
419 1438 482 1474 DE
522 1437 862 1474 BAPTIZATIONE
892 1437 1093 1486 CHRISTI,
1129 1436 1177 1473 m
1208 1435 1330 1472 OCTo
1363 1434 1623 1471 AnTlcULos
1655 1435 1825 1471 nrvtsA.

223 1556 377 1596 Deinde
395 1555 740 1597 considerandum
762 1559 824 1596 est
841 1555 891 1596 de
908 1554 1185 1608 baptizatione
1203 1555 1377 1595 Christi:
1402 1557 1444 1594 et
1466 1554 1573 1595 cirea
1596 1553 1672 1594 hoc
1692 1554 1939 1606 quaeruntur
1958 1554 2072 1594 octo:

178 1614 214 1650 1·
230 1611 378 1651 Utrum
395 1611 584 1651 Christus
601 1611 1007 1663 debueritbaptizari.
1022 1633 1069 1640 -—
1087 1617 1125 1650 2⁰
1140 1612 1289 1652 Utrum
1305 1610 1490 1651 debuerit
1505 1608 1704 1660 baptizari
1727 1608 1932 1661 baptismo
1951 1608 2074 1649 Joan·

174 1664 255 1706 nis.
275 1688 325 1695 —
344 1671 383 1705 3⁰
399 1667 454 1706 De
472 1670 650 1718 tempore
667 1665 879 1717 baptismi.
898 1688 949 1696 —
966 1670 1007 1705 4⁰
1025 1664 1082 1705 De
1097 1664 1200 1706 loco.
1218 1687 1268 1694 —
1289 1671 1326 1704 5⁰
1346 1666 1402 1705 De
1419 1663 1495 1704 hoe
1511 1663 1624 1715 quod
1642 1662 1680 1703 ei
1699 1667 1798 1704 sunt
1819 1661 1912 1703 coeli
1930 1662 2073 1714 aperti.

172 1742 222 1750 —
247 1727 287 1761 6⁰
305 1722 359 1761 De
378 1721 535 1773 Spiritu
558 1725 700 1762 sancto
714 1726 937 1773 apparente
950 1722 996 1761 in
1025 1721 1155 1773 specie
1175 1719 1390 1762 columbae.
1409 1742 1456 1751 --
1478 1724 1518 1760 7⁰
1536 1718 1686 1760 Utrum
1699 1718 1776 1759 illa
1791 1717 1983 1760 columba
1996 1717 2078 1758 fuo-

174 1773 230 1816 rit
245 1787 389 1816 verum
408 1776 584 1816 animal.
601 1798 648 1807 -
667 1781 708 1816 8·
727 1777 785 1817 De
798 1787 894 1817 voce
916 1777 1077 1829 paterni
1097 1775 1338 1818 testimonii.

257 1867 604 1911 ARTICULUS
629 1868 668 1912 1.
700 1889 759 1899 -
793 1880 930 1911 uranu
961 1879 1115 1911 runnu·
1143 1877 1400 1911 commirans
1435 1876 1645 1909 cumswu
1667 1876 1880 1907 merium
1903 1864 1982 1919 (2).

175 1941 225 1977 De
239 1940 293 1976 hi-
310 1943 414 1978 etiem
428 1943 527 1978 Sent.
545 1950 596 1984 lv,
611 1942 694 1978 dist.
708 1941 743 1985 2,
756 1946 874 1985 quant.
891 1951 930 1985 ιι,
945 1947 1011 2026 arg
1026 1944 1061 1983 5,
1076 1946 1194 1986 qumt.
1211 1950 1239 1985 ι,
1258 1945 1422 2025 et9quoest.
1442 1949 1496 1982 ιιι,
1512 1944 1588 2012 nrt-⁴
1595 1939 1628 1982 2,
1646 1944 1767 1983 quaest.
1788 1948 1819 1981 1,
1831 1943 1867 1976 et
1881 1938 2003 1976 Matth.
2023 1947 2077 1983 m,
2164 1943 2168 1975 ’.

928 1996 963 2026 et
1008 2003 1100 2033 pusc.
1117 1999 1173 2031 Lx,
1199 2001 1274 2032 cap.
1317 2017 1326 2025 .

182 2049 186 2051 “
230 2044 297 2090 Ad
319 2044 525 2102 primum
549 2046 617 2090 sic
634 2045 919 2104 proceditur.
939 2049 982 2091 1.
1003 2046 1193 2091 Videtur
1210 2044 1335 2103 qudd
1355 2056 1450 2088 non
1465 2043 1607 2089 fuerit
1621 2042 1909 2088 conveniens
1931 2043 2079 2088 Chris-

173 2111 276 2152 tum
311 2107 553 2164 baptizari.
577 2107 805 2165 Baptizari
835 2108 962 2154 enim
994 2113 1065 2153 est
1090 2108 1235 2152 ablui·
1258 2107 1348 2153 Sed
1364 2106 1546 2151 Christo
1568 2118 1663 2150 non
1693 2105 1914 2150 convenit
1932 2105 2074 2162 ablui,
2160 2131 2168 2162 3

175 2169 224 2215 in
247 2182 342 2227 quo
365 2170 495 2214 nulla
527 2170 615 2215 fuit
653 2169 915 2227 impuritas.
956 2173 1076 2228 Ergo
1104 2170 1290 2215 videtur
1311 2168 1437 2227 quod
1471 2168 1703 2214 Christum
1733 2180 1829 2213 non
1869 2167 2079 2214 decuerit

173 2231 540 2352 bagtllissgterea,
566 2295 774 2341 Christus
795 2259 1201 2342 circumcisionem
1233 2294 1456 2351 suscepit,
1482 2297 1536 2339 ut
1559 2293 1773 2351 impleret
1793 2266 1964 2350 legem.
1990 2293 2079 2340 Sed

176 2359 440 2416 baptismus
465 2371 557 2402 non
581 2359 848 2415 pertinebat
867 2359 926 2403 ad
944 2359 1113 2416 legem.
1132 2362 1253 2416 Ergo
1274 2370 1368 2402 non
1390 2357 1591 2402 debebat
1615 2355 1853 2413 baptizari.

231 2422 274 2465 3.
311 2422 555 2476 Praeterea,
583 2420 788 2477 primum
813 2433 1008 2465 movens
1042 2422 1088 2464 in
1112 2420 1318 2477 quolibet
1344 2430 1516 2475 genere
1552 2423 1624 2464 est
1655 2418 1894 2464 immobile
1915 2430 2080 2463 secun·
2155 2418 2168 2477 ᾗ

177 2482 290 2527 dum
304 2481 419 2526 illud
436 2486 644 2538 motum3
666 2482 788 2526 sicut
809 2482 999 2538 coelum,
1017 2482 1142 2540 quod
1163 2487 1234 2527 est
1243 2481 1447 2539 primum
1469 2480 1690 2536 alterans,
1710 2492 1804 2524 non
1824 2483 1897 2525 est
1917 2480 2081 2525 altera-

177 2544 286 2589 bile.
312 2544 396 2588 Sed
419 2544 629 2588 Christus
650 2551 722 2589 est
743 2545 947 2601 primum
976 2545 1234 2602 baptizans,
1273 2543 1534 2590 secundum
1564 2542 1681 2588 illud
1707 2544 1868 2596 (Joan.
1906 2557 1938 2600 ι,
1963 2545 2076 2598 33·):
2156 2579 2161 2582 .

177 2610 324 2663 Super
344 2619 473 2663 quem
489 2607 661 2650 videris
681 2608 904 2663 Spiritum
936 2608 1278 2651 descendentem
1292 2609 1339 2651 et
1353 2607 1630 2663 manentem,
1660 2603 1737 2648 hic
1750 2607 1816 2649 est
1838 2607 1921 2662 qui
1930 2606 2079 2663 bapti—

176 2672 269 2712 παι.
295 2671 413 2725 Ergo
429 2668 584 2725 ipsum
606 2681 702 2714 non
727 2669 882 2714 decuit
898 2669 1138 2727 baptizari.

235 2731 321 2775 Sed
355 2736 517 2774 contra
542 2735 613 2775 est
634 2731 762 2789 quod
783 2731 952 2777 dicitur
977 2731 1146 2787 (Matth.
1177 2745 1239 2789 ιιι,
1261 2732 1350 2787 13),
1374 2729 1502 2788 quod
1523 2731 1648 2774 venit
1666 2732 1797 2773 Iesus
1820 2728 1851 2772 ὰ
1881 2730 2079 2774 Galilaea

177 2796 226 2836 in
248 2795 500 2837 Iordanem
523 2795 590 2838 ad
606 2797 826 2838 Ioannem
843 2797 895 2838 ut
918 2795 1228 2852 baptizaretur
1246 2795 1303 2838 ab
1323 2807 1389 2839 eo·

227 2869 517 2909 CONCLUSIO.
542 2891 588 2898 -—
603 2869 851 2921 Quanquam
865 2870 1052 2911 Christus
1070 2882 1151 2910 non
1170 2869 1394 2920 indiguerit
1408 2867 1624 2921 baptizari,
1641 2866 1775 2907 voluit
1790 2868 1927 2906 tamen
1945 2865 2078 2919 bapti-

178 2925 276 2972 zari‚
299 2920 487 2975 ut'aquas
503 2925 800 2975 sanctificaret,
824 2929 1064 2979 nostrasque
1085 2926 1221 2967 sordes
1242 2925 1444 2973 ablueret,
1462 2928 1502 2964 et
1526 2921 1636 2975 quod
1660 2922 1686 2962 a
1707 2920 1826 2962 nobis
1846 2921 2079 2964 faciendum

178 2983 277 3028 erat,
292 2984 521 3031 exponeret.

234 3043 509 3097 Respondeo
533 3043 785 3089 dicendum
814 3043 942 3101 quod
972 3043 1256 3089 conveniens
1288 3043 1378 3088 fuit
1412 3042 1641 3088 Christum
1669 3039 1907 3098 baptizari.
1930 3040 2079 3086 Primo

179 3103 384 3161 quidem,
411 3105 535 3160 quia,
571 3110 625 3151 ut
647 3106 918 3151 Ambrosius
947 3106 1058 3152 dicit
1094 3109 1257 3163 (Super
1284 3107 1394 3150 Luc.
1416 3117 1522 3162 sup.
1546 3103 1663 3149 illud
1680 3116 1782 3160 cap.
1807 3105 1860 3148 3:
1884 3105 2079 3146 Factum

180 3169 243 3209 est
266 3171 433 3221 autem,
454 3170 587 3223 etc.):
604 3186 624 3207 «
644 3169 910 3226 Baptizatus
933 3174 1005 3214 est
1024 3169 1263 3227 DominuS,
1289 3180 1383 3213 non
1405 3166 1624 3213 mundari
1642 3166 1819 3220 volens,
1836 3165 1919 3210 sed
1937 3176 2079 3210 mun-

181 3227 291 3272 dare
312 3241 474 3285 aquas,
514 3234 568 3275 ut
601 3230 774 3276 ablutae
795 3245 880 3289 per
912 3241 1103 3277 carnem
1130 3230 1295 3276 Christi
1330 3230 1411 3289 qui
1448 3233 1691 3286 peccatum
1725 3230 1818 3272 non
1843 3225 2074 3285 cognovit,

221 3367 265 3410 (4)
285 3368 383 3402 Juxta
402 3371 551 3403 mentem
578 3369 620 3404 D.
642 3370 781 3405 Thomu
810 3371 995 3412 baptismus
1020 3371 1086 3406 fuit
1214 3371 1255 3410 (2)
1282 3371 1328 3406 Ea
1343 3370 1384 3405 de
1405 3380 1445 3404 re
1473 3367 1591 3403 confer
1611 3367 1822 3402 Bossuetimn
1840 3365 2075 3409 (lineatione

180 3415 370 3457 institutus,
391 3417 467 3451 cum
494 3410 647 3452 Christus
674 3419 692 3452 a
719 3419 850 3454 Ioanne
872 3419 908 3453 in
939 3419 1085 3455 Jerdane
1171 3431 1237 3455 sur
1262 3419 1313 3454 lec
1343 3417 1539 3464 mysteres,
1559 3425 1652 3451 xxm
1666 3416 1827 3458 semaiae,
1844 3413 1963 3450 elevat.
1982 3412 2035 3456 ιι).

181 3462 248 3499 fuit
262 3464 450 3506 baptizatus
466 3465 530 3507 (Cf.
546 3471 662 3509 quaest.
679 3474 775 3510 nvi,
792 3471 856 3502 art.
872 3468 919 3511 2).
