2170 3808
15 215 27 265 «χῖ

620 206 818 259 QUAEST.
849 205 994 260 Lxm,
1025 203 1140 247 ART.
1172 203 1208 246 11
1235 203 1301 246 ΕΤ
1328 202 1395 246 111.
1872 203 1957 246 52⁹

123 291 191 337 Ad
212 290 456 336 secundam
488 286 755 343 dicendum,
774 285 901 344 quod
935 285 984 330 in
1015 284 1150 331 tertia
1181 283 1336 340 specie
1357 282 1595 340 qualitatis
1612 294 1708 327 non
1732 286 1843 327 sunt
1868 282 1954 327 nisi

72 351 315 399 sensibiles
340 348 599 407 passioneS,
619 348 695 393 vel
730 348 975 393 sensibiles
997 346 1260 403 qualitates.
1282 345 1529 390 Character
1560 348 1718 389 autem
1751 354 1848 388 non
1884 347 1958 388 est

73 414 227 459 lumen
249 410 493 465 sensibile3
526 412 573 454 et
601 407 706 453 ideo
735 421 830 454 non
851 414 922 453 est
939 408 989 452 in
1012 406 1145 452 tertia
1164 404 1318 462 specie
1341 407 1400 460 (1)
1417 404 1671 463 qualitatis,
1694 409 1747 450 ut
1767 403 1955 462 quidam

72 474 304 520 dixerunt.
820 477 842 493 ·
1696 489 1702 492 ’

126 535 193 582 Ad
219 535 401 578 tertiam
436 530 701 587 dicendum,
730 531 853 588 quod
881 530 1057 585 relatio,
1081 539 1187 585 quae
1208 527 1484 586 importatur
1507 528 1554 572 in
1589 527 1779 573 nomine
1816 527 1956 584 signi,

75 599 250 654 oportet
273 594 399 652 quod
423 605 564 650 super
591 593 766 650 aliquid
783 593 1021 637 fundetur.
1045 589 1220 635 Relatio
1239 593 1397 634 autem
1419 589 1561 646 hujus
1583 589 1723 649 signi,
1743 589 1871 660 quod
1888 592 1962 635 est

73 658 322 713 character,
342 667 438 700 non
458 659 609 711 potest
625 654 811 700 fundari
835 650 1100 698 immediate
1127 662 1269 709 super
1286 650 1538 696 essentiam
1565 651 1749 708 animae,
1765 663 1875 708 quia
1892 653 1960 698 sio

73 718 340 764 conveniret
352 716 478 762 omni
493 716 663 761 animae
678 715 964 760 naturaliter.
987 716 1042 759 Et
1055 711 1160 758 ideo
1181 715 1363 769 oportet
1378 711 1562 769 *aliquid
1578 712 1689 769 poni
1711 711 1761 756 in
1785 712 1960 771 anima,

73 791 213 836 super
241 778 367 837 quod
390 777 612 823 fundetur
629 777 735 822 talis
762 776 949 832 relati03
979 779 1026 820 et
1060 775 1150 819 hoc
1174 779 1247 819 est
1268 773 1473 819 essentia
1494 773 1777 819 characteris
1799 775 1960 821 :unde

74 852 166 885 non
190 839 417 899 oportebit
435 839 562 897 quod
583 839 644 884 sit
662 839 711 883 in
733 851 904 896 genere
925 835 1177 891 relationis,
1195 835 1318 881 sicut
1333 835 1524 893 quidam
1543 839 1821 893 posuerunt.

127 903 195 948 Ad
216 906 429 959 quartum
451 901 717 959 dicendum,
737 901 863 958 quod
884 901 1121 944 character
1137 897 1278 942 habet
1291 898 1520 943 rationem
1533 897 1657 954 signi
1672 909 1756 955 per
1772 909 1960 954 compa-

73 963 296 1009 rationem
333 963 393 1008 ad
420 967 760 1008 sacramentum
797 961 1017 1007 sensibile
1052 959 1080 1006 a
1110 971 1203 1017 quo
1238 958 1541 1017 imprimitur3
1585 958 1668 1005 sed
1699 958 1960 1029 secundum

73 1036 124 1070 se
143 1026 462 1071 consideratus
486 1025 627 1070 hahet
657 1024 883 1069 rationem
904 1020 1119 1080 principii
1155 1032 1240 1078 per
1267 1021 1459 1067 modum
1492 1021 1590 1079 jam
1613 1021 1788 1067 dictum
1813 1022 1870 1077 (2)
1894 1022 1960 1076 (1n

71 1097 153 1132 cor
187 1119 200 1132 .
219 1092 304 1132 art.
332 1119 342 1130 .

153 1090 529 1194 PARTlCULUS
549 1151 630 1194 111.
655 1172 710 1180 —
729 1160 866 1192 uranu
889 1156 1129 1190 cuanscran
1157 1156 1490 1188 sscaanssnums
1520 1158 1582 1188 sir
1611 1159 1851 1190 anaAcrnR

887 1219 1047 1250 camsri
1077 1206 1155 1259 (3).

399 1278 448 1314 De
466 1278 522 1313 his
534 1277 638 1312 etiam
651 1277 744 1311 Sent.
758 1283 810 1318 lv,
826 1275 905 1310 dist.
920 1275 954 1316 4,
972 1276 1090 1316 quaest.
1105 1281 1132 1314 t,
1151 1278 1219 1309 art.
1232 1273 1268 1315 2,
1284 1278 1319 1308 et
1332 1278 1400 1308 art.
1418 1275 1452 1315 5,
1473 1280 1587 1316 qnaest.
1602 1284 1637 1310 v.

127 1333 194 1377 Ad
217 1333 403 1377 tertium
425 1330 493 1376 sic
511 1330 791 1387 proceditur.
813 1332 855 1374 1.
874 1328 1062 1374 Videtur
1088 1326 1214 1384 quod
1233 1328 1473 1374 character
1500 1330 1851 1374 sacramentalis
1869 1342 1962 1374 non

73 1393 133 1438 sit
149 1394 388 1437 character
408 1391 590 1436 Christi.
606 1391 780 1436 Dicitur
803 1390 928 1435 enim
952 1389 1130 1446 (Ephes.
1154 1403 1211 1446 iv,
1228 1391 1299 1445 30)
1321 1403 1332 1432 :
1353 1391 1508 1435 Nolite
1527 1394 1799 1435 contristare
1812 1393 1963 1448 Spiri-

74 1458 167 1498 tum
183 1457 388 1498 sanctam
400 1456 498 1510 Dei,
515 1456 563 1497 in
579 1466 661 1509 quo
675 1456 846 1510 siqnaii
862 1454 982 1499 estis.
1001 1451 1088 1497 Sed
1099 1451 1393 1508 consignatio
1408 1453 1686 1509 importatur
1701 1453 1750 1497 in
1776 1454 1964 1499 nomine

74 1516 369 1561 characteris.
406 1518 524 1572 Ergo
560 1516 797 1560 character
828 1513 1177 1560 sacramentalis
1206 1514 1359 1571 magis
1390 1515 1528 1560 debet
1557 1514 1744 1559 attribui
1778 1516 1964 1573 Spiritui

75 1584 236 1622 sancto
260 1576 400 1633 quam
419 1576 610 1620 Christo.

131 1641 175 1683 2.
201 1640 443 1693 Praeterea,
467 1638 704 1682 character
726 1636 866 1683 habet
886 1637 1113 1682 rationem
1132 1637 1269 1694 signi.
1288 1639 1368 1682 Est
1386 1641 1543 1682 autem
1574 1639 1763 1695 signum
1787 1640 1961 1695 gratiae,

75 1711 180 1755 quae
201 1711 283 1756 per
307 1704 649 1744 sacramentum
674 1698 933 1755 confertum
957 1698 1103 1755 gratia
1140 1702 1297 1743 autem
1327 1698 1586 1744 infunditur
1604 1700 1771 1745 animae
1802 1699 1830 1744 a
1870 1706 1965 1746 tota

75 1760 320 1817 Trinitate3
342 1759 469 1805 unde
484 1760 652 1805 dicitur
668 1759 802 1814 (Psal.
826 1773 1002 1817 mxxxiii,
1024 1763 1125 1815 12):
1149 1762 1361 1805 Gratiam
1381 1763 1426 1804 et
1443 1761 1639 1817 yloriam
1658 1762 1790 1806 dabit
1808 1766 1964 1806 Domi-

77 1836 175 1866 nus.
205 1824 324 1879 Ergo
354 1822 539 1867 videtur
571 1821 695 1879 quod
733 1822 971 1866 character
1007 1822 1356 1867 sacramentalis
1396 1834 1490 1866 non
1514 1822 1680 1868 debeat
1705 1824 1966 1881 specialiter

77 1883 264 1928 attribui
287 1884 483 1928 Christo.
2029 1923 2036 1931 ,

132 1947 175 1990 3.
211 1948 449 2001 Praeterea,
474 1945 534 1990 ad
563 1945 652 1990 hoc
671 1945 838 2002 aliquis
860 1947 1173 1991 characterem
1194 1946 1378 2003 accipit,
1395 1951 1448 1992 ut
1474 1959 1531 1992 eo
1552 1946 1579 1991 a
1599 1949 1777 1993 caeteris
1801 1949 1964 1995 distin-

77 2010 261 2062 guatur.
290 2007 375 2051 Sed
395 2006 629 2053 distinctio
662 2011 930 2052 sanctorum
957 2007 1017 2052 ah
1039 2008 1142 2052 aliis
1176 2007 1227 2053 fit
1258 2019 1343 2065 per
1373 2007 1661 2066 charitatem,
1683 2021 1789 2066 quae
1827 2027 1848 2049 «ι
1865 2011 1965 2056 sola

70 2062 445 2125 *distingui‘tinter
462 2068 582 2114 filios
600 2069 732 2125 regni
753 2073 800 2114 et
817 2069 937 2114 filios
958 2070 1243 2127 perditionis,
1251 2089 1271 2110 υ
1287 2071 1637 2127 utAugustinus
1650 2070 1762 2117 dicit
1783 2075 1862 2128 (De
1872 2073 1966 2119 Tri-

76 2129 160 2174 nit·
186 2130 265 2175 lib.
286 2145 358 2188 xv,
382 2144 483 2188 cap.
507 2134 611 2185 18):
649 2132 776 2177 unde
809 2137 856 2177 et
893 2133 978 2190 ipsi
1012 2133 1286 2190 perditionis
1323 2132 1406 2178 filii
1448 2133 1760 2180 characterem
1803 2135 1966 2182 bestiae

74 2190 248 2237 habere
281 2192 515 2249 dicuntur,
550 2198 603 2238 ut
638 2197 764 2251 patet
801 2195 955 2250 (Apoc.
987 2198 1096 2250 xm).
1134 2196 1338 2240 Charitas
1373 2199 1529 2240 autem
1568 2208 1663 2241 non
1701 2197 1967 2244 attribuitur

79 2253 270 2309 Christo,
294 2255 375 2300 sed
397 2255 548 2312 magis
568 2255 753 2311 Spiritui
782 2261 959 2312 sancto,
985 2257 1243 2302 seeundum
1267 2257 1380 2302 illud
1402 2259 1548 2312 (Rom.
1572 2271 1615 2314 v,
1636 2260 1679 2313 5)
1699 2272 1710 2301 x
1742 2260 1967 2305 Charitas

78 2317 165 2357 Dei
186 2316 354 2371 diffusa
373 2319 439 2360 est
457 2318 504 2359 in
519 2317 728 2361 cordibus
747 2321 912 2361 nostris
929 2331 1013 2374 per
1027 2321 1248 2374 Spiritum
1266 2322 1473 2363 sanctum
1490 2321 1566 2375 qui
1582 2319 1723 2363 datus
1737 2325 1806 2364 est
1820 2322 1966 2379 nobis,-

77 2375 153 2421 vel
187 2369 326 2421 etiam
366 2377 502 2434 Patri,
526 2378 785 2423 secundum
821 2378 937 2424 illud
957 2382 1023 2432 (ll.
1057 2379 1116 2424 ad
1135 2379 1334 2424 Corinth.
1360 2380 1444 2424 ult.
1464 2382 1534 2435 13)
1557 2395 1569 2423 ε
1593 2382 1759 2425 Gratia
1785 2387 1968 2428 Domini

78 2439 222 2482 nostri
246 2441 351 2482 Jesu
390 2440 584 2496 Christi,
619 2446 662 2482 et
690 2441 894 2484 charitas
917 2444 1014 2485 Dei.
1045 2444 1164 2498 Ergo
1186 2441 1370 2486 videtur
1395 2441 1522 2499 quod
1541 2443 1780 2490 character
1806 2457 1967 2491 sacra-

77 2499 295 2545 mentalis
313 2512 407 2544 non
432 2500 494 2545 sit
513 2500 837 2546 attribuendus
855 2502 1048 2548 Christo.

135 2561 221 2606 Sed
241 2565 402 2605 contra
419 2567 491 2607 est
511 2563 635 2619 quod
654 2563 844 2620 quidam
874 2564 943 2608 sic
976 2565 1205 2610 definiunt
1223 2564 1537 2610 characterem
1562 2581 1574 2610 ε
1598 2585 1619 2604 «
1638 2567 1882 2613 Character
1897 2573 1968 2614 est

83 2623 311 2672 distinctio
332 2630 359 2668 a
376 2626 640 2671 charactere
663 2634 836 2671 aeterno
855 2627 1083 2683 impressa
1096 2628 1263 2673 animae
1276 2628 1505 2682 rationali,
1523 2628 1781 2673 secundum
1804 2629 1967 2687 imagi-

83 2698 207 2742 nem,
229 2686 513 2744 consignans
531 2687 784 2734 trinitatem
816 2694 1019 2734 creatam
1041 2690 1231 2735 trinitati
1244 2690 1421 2735 creanti
1443 2694 1490 2735 et
1512 2691 1764 2748 recreanti,
1799 2696 1847 2738 et
1874 2693 1969 2739 dis-

85 2748 302 2805 tinguens
319 2748 347 2792 a
365 2761 459 2793 non
476 2750 776 2806 configuratis
796 2752 1056 2797 secundum
1072 2757 1246 2798 statum
1265 2752 1391 2798 fidei.
1415 2771 1436 2792 ι»
1463 2752 1550 2797 Sed
1570 2757 1810 2799 character
1832 2759 1969 2801 aeter-

85 2822 176 2854 nus
201 2814 274 2854 est
293 2809 393 2866 ipse
413 2810 631 2868 Christus,
652 2813 909 2858 secundum
938 2814 1053 2860 illud
1083 2814 1233 2869 (Hehr.
1258 2828 1289 2872 1,
1310 2817 1356 2869 3)
1381 2828 1394 2858 z
1421 2817 1509 2871 Qui
1540 2815 1642 2858 cam
1675 2816 1735 2859 sit
1754 2816 1970 2873 splendor

86 2872 255 2928 qloriae,
269 2875 310 2915 et
331 2873 478 2928 styma
493 2873 580 2926 (vel
604 2874 861 2930 character)
884 2877 1141 2920 substantiae
1163 2880 1274 2934 eju&
1299 2879 1418 2932 Ergo
1432 2875 1617 2920 videtur
1634 2875 1759 2934 quod
1786 2878 1972 2924 charac-

87 2937 156 2979 ter
177 2934 237 2978 sit
251 2933 434 2990 proprie
447 2935 771 2980 attribuendus
786 2937 981 2982 Christo.
1219 2934 1223 2938 “

133 3002 422 3043 CONCLUSIO.
449 3025 496 3030 —
519 3001 746 3052 character,
787 3005 859 3054 qui
902 3017 971 3057 per
1003 3009 1254 3046 sacramenta
1292 3006 1546 3057 imprimitur
1574 3007 1627 3046 ad
1656 3017 1702 3047 ea
1742 3009 1970 3059 peragenda

129 3099 171 3137 ¹⁴)
198 3098 317 3133 Tertia
332 3098 458 3139 species
472 3098 642 3140 qualitatis
652 3099 827 3141 delinitur,
845 3102 988 3142 qualitas
1071 3102 1206 3137 definiri
1224 3105 1332 3143 potest
1355 3101 1500 3143 qualitas
1518 3114 1591 3143 quoe
1611 3103 1818 3138 determinat
1843 3105 1970 3146 subjec-

85 3147 319 3183 alterationem
340 3145 551 3181 sensibilium
565 3158 715 3187 causans.
737 3147 790 3182 vel
807 3148 847 3183 ab
866 3150 986 3185 altera·
1069 3155 1141 3185 tum
1161 3150 1203 3184 ad
1222 3150 1306 3184 bene
1323 3150 1375 3184 vel
1392 3150 1480 3184 male
1497 3162 1531 3185 se
1544 3149 1736 3184 habendum
1750 3151 1968 3191 conformiter

88 3194 179 3230 tione
205 3193 356 3229 sensibili
373 3199 517 3230 causata.
533 3195 571 3230 Si
594 3195 783 3235 hujusmodi
811 3197 986 3237 qualitates
1068 3198 1109 3234 nd
1135 3210 1228 3232 suam
1250 3202 1422 3232 naturam.
1450 3197 1486 3231 Si
1512 3198 1581 3232 haee
1600 3199 1743 3238 qualitas
1767 3200 1810 3233 sit
1826 3199 1968 3235 difficili

88 3241 155 3278 cito
169 3246 354 3285 transeunt,
373 3243 535 3278 dicuntur
550 3244 736 3284 passiones;
753 3244 780 3278 si
796 3243 855 3279 din
871 3257 983 3286 perse·
1069 3246 1204 3281 mobilis
1222 3245 1349 3280 dicitur
1365 3246 1500 3280 habitus
1514 3246 1561 3289 ;si
1583 3246 1694 3288 facile,
1711 3246 1896 3287 dispositio.

88 3293 217 3330 verant,
237 3290 398 3325 dicuntur
413 3291 571 3331 patibiles
585 3291 775 3333 qualitates.
1109 3296 1152 3336 (5)
1172 3295 1277 3327 Docet
1298 3294 1332 3328 S.
1353 3293 1477 3328 Doctor
1501 3294 1724 3329 characterem
1749 3298 1968 3329 sacramenta·

126 3337 171 3380 (2)
187 3339 343 3373 Attamen
365 3338 602 3381 Bellarminus‚
626 3340 768 3382 suarez,
785 3340 933 3382 Vasquez
952 3345 985 3376 et
1067 3342 1133 3377 lem
1152 3342 1339 3382 specialiter
1361 3353 1430 3376 esse
1443 3341 1671 3378 characterem
1692 3343 1831 3385 Christi,
1848 3342 1884 3376 id
1905 3346 1964 3382 est,

88 3385 223 3426 quidam
249 3385 306 3420 alii
333 3385 451 3420 volunt
490 3386 717 3422 characterem
742 3388 914 3428 pertinere
942 3389 983 3422 ad
1068 3391 1234 3424 achi-isto
1251 3391 1464 3431 impressum.

89 3431 233 3472 primam
253 3434 409 3477 speciem,
425 3434 551 3470 scilicet
579 3435 743 3470 habitum.
762 3436 839 3470 Haec
861 3436 985 3477 species
