2170 3808
729 239 926 291 QUAEsr.
957 239 1117 294 xxxv,
1147 239 1266 282 ART.
1295 239 1348 283 v.
1901 237 1981 281 ΞΜ

101 329 200 366 tura
223 325 302 365 aut
324 332 431 378 pars
449 323 644 375 naturae,
668 319 751 364 sed
781 320 931 364 solum
949 333 1150 377 persona
1168 319 1243 363 vel
1263 317 1546 376 hypostasis,
1566 317 1614 362 in
1632 315 1809 362 Christo
1831 320 1987 361 autem

100 396 192 427 non
208 389 276 427 est
291 382 553 440 hypostasis
566 381 641 426 vel
662 393 874 438 persona,
896 381 984 425 nisi
1005 387 1200 438 aeterna3
1228 394 1322 424 non
1345 385 1497 438 potest
1519 380 1566 424 in
1584 379 1761 424 Christo
1778 390 1881 423 esse
1897 378 1987 423 ali-

98 456 192 501 qua
208 445 382 500 filiatio,
403 443 491 488 nisi
510 455 614 500 quae
635 442 762 487 sitin
791 443 1031 501 hypostasi
1059 447 1249 487 aeterna.
1270 443 1428 486 Omnis
1450 447 1605 486 autem
1625 441 1784 486 relatio
1799 453 1904 497 quae
1924 452 1985 486 ex

98 511 302 563 tempore
331 508 389 552 de
422 507 511 550 Deo
536 505 720 560 dicitur,
743 518 837 549 non
856 506 985 561 ponit
1022 504 1070 548 in
1097 505 1197 561 ipso
1216 507 1308 549 Deo
1331 508 1504 549 aeterno
1521 503 1695 560 aliquid
1724 502 1983 547 secundum

99 578 212 623 rem,
232 567 314 612 sed
336 566 595 611 secundum
616 565 840 610 rationem
864 568 1058 620 tautum,
1083 565 1203 609 sicut
1242 564 1290 608 in
1327 564 1477 620 prima
1499 570 1627 620 parte
1654 564 1858 608 habitum
1883 565 1982 621 (qu.

97 642 185 684 xm,
215 633 302 673 art.
325 632 396 684 7):‚
432 633 478 672 et
499 627 603 672 ideo
632 627 788 671 filiatio
813 629 906 684 qua
935 627 1142 671 Christus
1167 627 1364 670 refertur
1391 626 1451 671 ad
1479 630 1690 681 matrem,
1715 638 1807 669 non
1832 630 1985 682 potest

96 702 201 735 esse
213 690 349 735 realis
369 689 547 745 relatio,
564 689 647 734 sed
658 690 809 734 solum
827 690 1088 734 secundum
1114 689 1340 734 rationem
1359 691 1433 742 (1).
1447 712 1501 720 -
1519 690 1573 732 Et
1600 687 1667 731 sic
1679 689 1906 743 quantum
1922 688 1986 734 ad

96 751 285 809 aliquid
309 757 504 807 utraque
520 750 676 806 opinio
695 763 858 796 verum
879 751 1005 796 dicit.
1028 752 1141 795 Nam
1174 750 1214 794 si
1237 749 1533 795 attendamus
1554 748 1614 794 ad
1649 749 1875 805 perfectas
1908 762 1985 794 ra—

96 811 248 858 tiones
264 813 513 868 filiationis,
548 816 728 868 oportet
752 812 903 857 dicere
920 813 1037 857 duas
1055 806 1299 857 filiationes
1321 811 1578 857 secundum
1610 809 1875 855 dualitatem
1898 823 1982 855 na.

35 888 44 892 ·
97 873 347 929 tivitatuffm
362 875 566 919 siautem
580 874 872 920 attendamus
884 875 941 920 ad
952 874 1468 932 subJectumfi¹1ation1s,
1481 873 1607 930 quod
1618 885 1710 917 non
1719 876 1987 929 potestesse

96 936 184 980 nisi
207 936 500 993 suppositum
520 940 762 995 aeternum,
785 949 882 981 non»
901 941 1054 993 potest
1081 935 1130 980 in
1152 937 1331 980 Christo
1357 948 1461 981 esse
1497 934 1681 979 realiter
1712 933 1800 978 nisi
1822 933 1983 979 filiatio

96 1003 283 1044 aeterna.
307 999 480 1044 Dicitur
499 1003 652 1042 tamen
670 999 859 1043 relative
873 999 997 1042 filius
1012 998 1073 1044 ad
1090 1003 1285 1043 matrem
1297 998 1519 1042 relatione
1535 1010 1639 1054 quae
1654 996 1984 1053 cointelligitur

102 1059 311 1104 relationi
356 1060 661 1105 maternitatis
701 1060 761 1106 ad
794 1060 1051 1115 Christum;
1088 1060 1209 1104 sicut
1245 1061 1384 1105 etiam
1419 1063 1540 1105 Deus
1569 1059 1736 1104 dicitur
1760 1058 1985 1102 Dominus

95 1120 314 1166 relatione
339 1134 445 1179 quae
464 1121 793 1178 cointelligitur
810 1121 922 1167 reali
943 1121 1155 1166 relationi
1193 1123 1287 1177 qua
1323 1125 1535 1165 creatura
1566 1119 1806 1177 subjicitur
1840 1123 1932 1165 Deo
1963 1132 1981 1165 ε

96 1188 143 1227 et
174 1184 387 1240 quamvis
406 1184 569 1229 relatio
590 1183 782 1228 dominii
823 1196 916 1228 non
947 1183 1007 1228 sit
1051 1183 1190 1228 realis
1212 1182 1261 1227 in
1304 1185 1419 1239 Deo,
1466 1181 1635 1227 dicitur
1679 1186 1833 1226 tamen
1875 1194 1984 1227 rea-²

95 1245 199 1289 liter
230 1247 453 1291 Dominus
469 1259 526 1290 ex
557 1245 669 1291 reali
690 1245 974 1302 subjectione
999 1250 1223 1290 creaturae
1241 1244 1301 1289 ad
1321 1244 1492 1302 ipsum.
1515 1246 1568 1289 Et
1597 1243 1807 1289 similiter
1826 1243 1985 1291 Chris-

96 1310 171 1349 tus
191 1307 358 1352 dicitur
379 1307 561 1352 realiter
580 1307 702 1351 filius
721 1306 918 1364 Virginis
939 1307 1101 1351 matris
1131 1319 1190 1352 ex
1217 1306 1440 1351 relatione
1464 1305 1576 1351 reali
1593 1304 1899 1350 maternitatis
1920 1306 1981 1351 ad

93 1366 337 1412 Christum.

147 1428 214 1474 Ad
231 1432 429 1485 primum
448 1439 558 1484 ergo
573 1428 839 1486 dicendum,
851 1428 975 1486 quod
995 1428 1211 1474 nativitas
1233 1427 1498 1485 temporalis
1514 1431 1728 1473 causaret
1741 1426 1789 1470 in
1802 1426 1983 1472 Christo

96 1490 396 1546 temporalem
416 1487 685 1536 filiationem
699 1491 891 1544 realem,
909 1490 949 1534 si
963 1495 1087 1536 esset
1106 1490 1166 1534 ibi
1185 1490 1446 1547 subjectum
1460 1489 1727 1548 huJusmodi
1746 1488 1981 1536 filiationis

92 1562 259 1607 capax3
291 1551 416 1608 quod
445 1551 632 1608 quidem
658 1564 761 1596 esse
782 1564 876 1595 non
912 1556 1064 1606 potest
1085 1567 1096 1596 z
1117 1551 1271 1608 ipsum
1290 1551 1416 1596 enim
1440 1551 1731 1608 suppositum
1754 1554 1980 1595 aeternum

94 1624 187 1656 non
214 1617 366 1667 potest
383 1625 487 1657 esse
509 1613 825 1669 susceptivum
845 1613 1083 1658 relationis
1101 1613 1388 1670 temporalis,
1408 1617 1464 1658 ut
1485 1613 1661 1658 dictum
1681 1617 1752 1658 est
1769 1613 1831 1667 (in
1849 1624 1981 1668 corp.

94 1674 217 1728 art.).
236 1676 326 1718 Nec
337 1679 490 1731 potest
504 1674 593 1720 dici
607 1674 733 1731 quod
753 1675 811 1720 sit
831 1675 1149 1732 susceptivum
1162 1674 1396 1719 filiationis
1415 1674 1682 1731 temporalis
1700 1673 1876 1718 ratione
1893 1673 1982 1718 hu·

94 1746 245 1779 manae
263 1741 456 1792 naturae,
476 1736 596 1780 sicut
612 1736 751 1780 etiam
770 1741 816 1781 et
830 1736 1096 1793 temporalis
1113 1735 1385 1791 nativitatist,
1403 1736 1513 1793 quia
1526 1739 1756 1792 oporteret
1766 1739 1981 1780 naturam

93 1796 344 1840 humanam
366 1797 626 1854 aliqualiter
654 1810 760 1842 esse
795 1797 1051 1854 subJectam
1083 1797 1308 1854 filiationi,
1335 1797 1456 1842 sicut
1484 1802 1556 1842 est
1582 1797 1844 1854 aliqualiter
1864 1797 1980 1843 sub-

89 1858 212 1916 jecta
233 1858 481 1915 nativitatiz,
513 1860 620 1903 cum
657 1859 779 1904 enim
808 1860 1013 1916 AEthiops
1045 1860 1212 1905 dicitur
1233 1860 1368 1905 albus
1397 1860 1575 1904 ratione
1597 1859 1764 1918 dentiS‚
1798 1864 1983 1916 oportet

92 1919 218 1976 quod
233 1919 453 1976 AEthiopis
483 1919 600 1964 dens
627 1920 687 1965 sit
723 1920 946 1964 albedinis
965 1921 1245 1978 subjectum.
1265 1924 1432 1965 Natura
1448 1926 1603 1965 autem
1626 1921 1829 1965 humana
1850 1921 1982 1966 nullo

93 1980 231 2034 modo
261 1985 415 2038 potest
440 1993 544 2026 esse
580 1982 840 2038 subjectum
874 1982 1124 2040 filiationis,
1149 1983 1259 2040 quia
1278 1983 1380 2027 haec
1414 1983 1574 2027 relatio
1601 1982 1774 2028 directe
1793 1983 1982 2040 respicit

94 2055 356 2100 personam.

131 2105 214 2156 ‘Ad
243 2105 483 2149 secundum
519 2104 785 2161 dicendum,
823 2105 947 2162 quod
968 2105 1126 2150 filiatio
1163 2110 1337 2151 aeterna
1375 2119 1469 2150 non
1508 2106 1736 2163 dependet
1771 2105 1799 2149 a
1831 2110 1980 2152 matre

93 2166 330 2222 temporali
375 2181 387 2210 :
431 2165 514 2211 sed
557 2166 666 2211 huic
705 2166 914 2211 filiationi
958 2172 1144 2212 aeternae
1189 2167 1516 2224 cointelligitur
1557 2167 1746 2225 quidam
1793 2179 1980 2224 respec-

97 2232 170 2270 tus
188 2226 451 2283 temporalis
468 2227 737 2283 dependens
752 2226 781 2271 a·
809 2232 974 2282 matre,
997 2227 1257 2273 secundum
1279 2241 1419 2285 quem
1439 2228 1646 2274 Christus
1668 2227 1838 2274 dicitur
1853 2229 1979 2276 filius

93 2288 268 2332 matris,

147 2350 210 2395 Ad
235 2353 415 2394 tertium
437 2349 701 2406 dicendum,
737 2349 864 2408 quod
885 2363 1032 2395 unum
1064 2355 1112 2396 et
1143 2363 1229 2396 ens
1261 2363 1312 2397 se
1330 2356 1697 2409 consequuntur,
1732 2355 1784 2396 ut
1810 2350 1980 2398 dieitur

90 2412 354 2469 (Metaphys.
381 2411 460 2456 lib.
484 2425 543 2466 xv,
566 2415 678 2457 text.
700 2413 760 2468 3).
778 2415 831 2457 Et
854 2412 957 2457 ideo
980 2413 1100 2458 sicut
1113 2414 1339 2470 contingit
1353 2414 1502 2472 quod
1491 2428 1538 2459 m
1553 2427 1649 2459 uno
1663 2418 1978 2460 extremorum

95 2473 252 2519 relatio
275 2474 335 2518 sit
366 2474 601 2531 quoddam
624 2487 726 2531 ens,
749 2475 795 2518 in
815 2474 905 2519 alio
924 2481 1078 2520 autem
1100 2488 1193 2519 non
1214 2477 1275 2521 sit
1288 2489 1391 2534 ens,
1407 2477 1490 2522 sed
1503 2477 1618 2522 ratio
1633 2477 1832 2530 tantum,
1855 2477 1979 2523 sicut

93 2536 151 2582 de
170 2535 320 2580 scibili
340 2540 387 2580 et
408 2535 599 2581 scientia
619 2536 919 2607 Philosophus
938 2537 1049 2582 dicit
1080 2539 1290 2595 (Metaph.
1308 2539 1388 2583 lib.
1418 2552 1478 2598 111,
1505 2543 1612 2584 text.
1628 2542 1729 2595 20)·
1719 2573 1731 2595 ‚
1754 2539 1819 2582 ita
1836 2538 1977 2584 etiam

93 2596 318 2653 contingit
335 2596 461 2654 quod
478 2609 533 2642 ex
566 2601 696 2655 parte
716 2598 856 2642 unius
870 2599 1065 2643 extremi
1087 2604 1158 2644 est
1178 2612 1275 2645 una
1296 2600 1471 2656 relatio,
1495 2612 1555 2646 ex
1575 2605 1706 2658 parte
1727 2604 1884 2645 autem
1905 2600 1978 2646 al-

95 2658 237 2704 terius
258 2659 453 2703 extremi
470 2664 581 2704 sunt
601 2659 762 2705 multae
775 2660 1054 2705 relatIOnes·
1075 2660 1195 2705 sicut
1212 2661 1260 2705 in
1290 2661 1557 2707 hominibus
1578 2675 1635 2707 ex
1654 2666 1784 2718 parte
1806 2674 1977 2718 paren-

97 2723 195 2764 tum
207 2720 441 2765 invenitur
455 2720 627 2777 duplex
639 2721 816 2777 relatio,
833 2734 928 2767 una
936 2722 1222 2779 paternitatis
1236 2728 1283 2768 et
1299 2723 1389 2767 alia
1403 2723 1730 2778 maternitatis3
1748 2735 1853 2780 quae
1866 2728 1978 2769 sunt

97 2780 249 2837 specie
271 2781 536 2827 differentes
553 2784 631 2838 (2),
652 2789 852 2854 propter·
860 2784 948 2829 hoc
967 2784 1091 2840 quod
1122 2784 1212 2828 alia
1232 2785 1412 2830 ratione
1441 2790 1587 2844 pater,
1611 2789 1659 2830 et
1680 2785 1771 2829 alia
1796 2786 1976 2831 ratione

96 2847 242 2886 mater
252 2847 322 2886 est
335 2844 642 2912 generationis
660 2845 954 2902 principium.
972 2846 1014 2890 Si
1028 2846 1138 2890 vero
1149 2848 1470 2904 essentplures
1489 2847 1652 2892 eadem
1663 2847 1838 2891 ratione
1852 2847 1979 2903 prin-

93 2904 267 2960 cipium
279 2903 417 2947 unius
428 2905 621 2950 actionis
629 2907 755 2962 (puta
763 2909 871 2951 cum
881 2907 1010 2952 multi
1020 2907 1158 2952 simul
1171 2908 1298 2952 trahu
1306 2914 1354 2952 nt
1362 2909 1585 2963 navem),
1574 2921 1621 2952 in
1630 2908 1846 2953 omnibus
1853 2915 1975 2955 esset

98 2978 191 3008 una
221 2969 268 3009 et
302 2966 461 3009 eadem
476 2966 649 3010 relatio.
668 2970 727 3011 Ex
745 2974 873 3025 parte
893 2974 1047 3014 autem
1064 2970 1206 3026 prolis
1222 2975 1293 3014 est
1312 2983 1408 3015 una
1427 2971 1525 3014 sola
1536 2971 1694 3015 filiatio
1713 2971 1975 3016 secundum

98 3039 208 3081 rem,
227 3026 309 3071 sed
323 3026 492 3083 duplex
505 3029 761 3073 secundum
776 3031 999 3076 rationem
1007 3032 1305 3087 inquantum
1318 3033 1648 3089 correspondet
1662 3033 1845 3089 utrique
1856 3033 1975 3078 rela-

98 3088 208 3132 tioni
243 3093 483 3144 parentum
518 3089 775 3134 secundum
797 3091 914 3136 duos
944 3097 1183 3148 respectus
1205 3093 1480 3138 intellectus.
1495 3095 1548 3137 Et
1566 3094 1634 3138 sic
1660 3095 1799 3139 etiam
1820 3107 1974 3151 quan-

98 3153 194 3194 tum
216 3149 274 3194 ad
293 3162 336 3192 a
321 3149 523 3205 ‘iquidin
542 3150 715 3194 Chiisto
731 3156 801 3196 est
813 3165 908 3196 una
927 3155 1107 3198 tantum
1127 3154 1284 3197 filiatio
1299 3155 1451 3208 realis
1469 3168 1572 3211 quae
1589 3156 1774 3212 respicit
1794 3159 1972 3201 Patrem

135 3239 178 3280 (l)
201 3238 286 3272 Hinc
301 3238 448 3273 dicitur
440 3251 474 3272 111
493 3251 526 3279 sy
531 3238 642 3273 mbolo
667 3239 871 3275 Athanasii.
891 3241 987 3277 Deus
1071 3242 1167 3276 totali
1184 3243 1509 3284 etcomplela‚c1'1m
1526 3243 1652 3285 alioqui
1665 3245 1819 3285 superius
1841 3244 1971 3278 dietum

94 3291 146 3322 est
161 3297 207 3321 eae
223 3287 428 3321 substantia
447 3287 668 3321 Patrisante
682 3289 819 3322 soecula
831 3291 986 3330 qenitm,
1070 3290 1115 3324 sit
1140 3290 1256 3325 amb'os
1280 3292 1315 3325 in
1334 3291 1497 3327 unitatem
1521 3304 1626 3328 causae
1651 3304 1867 3332 concurrere,
1891 3294 1971 3333 quia

95 3334 198 3368 homo
232 3337 283 3369 esc
312 3343 360 3368 ex
384 3333 590 3368 substancia
622 3335 758 3369 matris
787 3336 828 3368 in
855 3336 987 3370 soeculo
1070 3341 1258 3372 suntunnm
1274 3339 1376 3373 totale
1389 3340 1594 3380 principium
1618 3340 1970 3385 Filii31icetseorsiim

95 3385 218 3419 natus,
250 3383 315 3424 qui
335 3382 417 3415 licet
438 3381 532 3415 Deus
552 3384 600 3415 sit
630 3386 662 3416 et
681 3383 796 3419 homo.
817 3393 892 3417 mm
915 3383 987 3418 duo
1071 3385 1167 3419 Pater
1200 3387 1432 3422 consideretur
1461 3391 1500 3422 ut
1531 3389 1689 3428 activum,
1721 3391 1754 3421 et
1789 3391 1897 3421 mater
1931 3393 1970 3422 ut

97 3433 224 3466 tamen,
244 3430 306 3462 sed
320 3439 417 3462 unus
433 3433 485 3462 est
505 3429 684 3463 christus.
1073 3434 1250 3472 passivum.

136 3477 178 3514 (2)
207 3476 347 3511 partiali
377 3483 410 3510 et
439 3475 642 3516 incompleta
668 3478 812 3518 tantum,
834 3477 891 3511 sed
922 3489 989 3510 non
