2170 3808
632 219 829 272 QUAEST.
861 219 964 274 vlu,
998 219 1114 261 ART.
1146 219 1163 260 I
1191 218 1254 260 ET
1284 218 1333 260 11.
1869 215 1924 259 85

41 303 167 361 vcro,
187 303 296 360 quia
322 303 471 347 virtus
489 304 537 345 et
558 304 714 344 motus
733 304 1004 342 caeterorum
1032 297 1364 353 membrorum,
1388 299 1435 340 et
1457 294 1733 353 gubernatio
1762 305 1924 339 eorum
1963 312 1965 314 ·

41 366 85 412 in
106 365 203 410 suis
223 365 404 409 actibus
419 366 490 408 est
504 362 531 406 a
548 360 714 417 capite,
737 363 922 417 propter
940 358 1037 403 vim
1063 358 1331 402 sensitivam
1353 363 1399 402 et
1428 356 1651 402 motivam
1679 355 1744 400 ibi
1774 355 1925 400 domi-

42 440 83 472 n:
92 430 230 472 intem
243 441 255 471 ;
270 426 395 471 unde
409 428 454 470 et
465 427 617 468 rector
627 422 795 467 dicitur
809 425 948 478 caput
959 419 1134 478 populi,
1149 419 1407 464 secundum
1422 419 1535 463 illud
1552 420 1596 471 (l.
1612 421 1725 474 Reg.
1739 430 1811 470 xv,
1829 418 1923 472 ¹17):

41 493 197 534 Nonne
209 490 310 532 cam
324 500 438 531 esses
451 484 674 544 parvulus
699 488 746 527 in
765 484 907 527 oeulis
928 485 1032 535 tuis,
1056 485 1193 538 caput
1210 484 1259 525 in
1282 480 1480 524 tribubus
1498 480 1644 524 lsrael
1674 481 1826 535 factus
1845 490 1890 521 es
1902 478 1926 521 2

40 551 145 595 Haec
166 553 321 594 autem
354 547 438 592 tria
470 549 739 603 competunt
772 544 948 589 Christo
979 541 1292 599 spiritualiter.
1329 539 1478 584 Primo
1505 541 1632 585 enim
1664 539 1923 586 secundum

40 611 431 669 propinquitatem
446 608 506 654 ad
526 612 670 653 Deum
690 607 837 663 gratia
858 605 960 662 ers
983 603 1117 648 altior
1132 607 1202 647 est
1232 606 1280 646 et
1296 602 1437 658 prior,
1459 602 1543 646 etsi
1572 614 1666 646 non
1698 607 1920 660 tempore3

42 672 152 729 quia
170 684 332 717 omnes
350 671 426 714 alii
447 674 724 726 acceperunt
745 667 939 724 gratiam
958 678 1040 723 per
1067 668 1331 722 respectum
1354 663 1414 707 ad
1445 662 1642 719 gratiam
1668 662 1834 719 ipsius,
1854 675 1921 708 se·

43 735 251 779 cundum
280 733 393 778 illud
415 735 557 787 (Rom.
581 745 670 787 vm,
692 733 762 785 29)
784 745 796 774 ι
816 734 933 785 Quos
945 729 1198 784 praescivit‚
1218 726 1299 769 hos
1318 729 1361 769 et
1380 725 1726 781 praedestinavit
1743 727 1925 778 confor-

42 807 133 838 mes
150 798 251 850 fieri
264 797 474 851 imaqinis
495 793 611 836 Filii
625 795 708 848 sui,
734 795 784 835 ut
805 793 864 834 sit
880 794 973 847 ipse
994 790 1320 845 primoqenitus
1341 789 1388 829 in
1410 786 1561 830 multis
1581 785 1818 841 fratribus,
1845 788 1924 830 Se-

42 856 197 901 cundo
215 855 325 902 vero
346 855 676 913 perfectionem
689 853 830 897 habet
849 854 1074 909 quantum
1089 850 1147 894 ad
1166 848 1505 906 plenitudinem
1526 847 1734 892 omnium
1751 846 1924 903 gratia·

44 929 165 974 rum,
181 917 439 963 secundum
454 916 570 961 illud
588 918 734 971 (Ioan.
755 930 786 972 1,
806 918 874 969 14)
895 929 906 958 ε
926 914 1134 957 Vidimus
1149 925 1250 955 eum
1262 911 1446 968 plenum
1460 912 1621 966 qratiae
1636 913 1681 952 et
1695 911 1921 965 veritatis,

43 981 96 1024 ut
112 979 249 1024 etiam
270 991 412 1036 supra
429 982 669 1024 ostensum
691 981 762 1022 est
779 978 961 1033 (quaest.
983 986 1121 1031 praec.
1142 978 1228 1017 art.
1253 975 1312 1027 9).
1343 972 1505 1028 Tertio,
1533 971 1753 1015 virtutem
1787 969 1925 1015 habet

43 1038 265 1086 influendi
279 1040 475 1097 gratiam
491 1041 539 1085 in
557 1039 713 1084 omnia
728 1037 936 1082 membra
956 1035 1183 1091 Ecclesiae,
1206 1034 1464 1079 secundum
1479 1032 1594 1078 illud
1615 1035 1758 1083 (man.
1776 1045 1806 1086 1,
1823 1034 1920 1087 16):

47 1105 111 1146 ,De
126 1104 407 1160 plenitudine
423 1104 517 1158 qius
533 1115 612 1145 nos
634 1113 782 1145 omnes
802 1100 1069 1156 accepimus,
1085 1099 1138 1142 Et
1157 1097 1224 1141 sic
1245 1100 1372 1152 patet
1390 1094 1516 1153 quod
1533 1095 1737 1140 Christus
1753 1105 1925 1138 conve-

45 1162 225 1209 nienter
247 1164 414 1209 dicitur
428 1162 642 1208 Ecclesiae
656 1166 796 1219 caput
815 1162 889 1215 (1).

99 1225 165 1270 Ad
184 1229 383 1281 primum
403 1237 516 1283 ergo
551 1224 815 1279 dicendum,
836 1220 961 1279 quod
983 1219 1094 1266 dare
1132 1218 1328 1276 gratiam
1350 1223 1431 1264 aut
1461 1219 1680 1276 Spiritum
1709 1222 1924 1263 sanctum

45 1286 262 1331 convenit
284 1287 459 1332 Christo
482 1285 740 1331 secundum
762 1283 887 1341 quod
908 1286 980 1327 est
1011 1286 1151 1337 Deus,
1170 1279 1508 1336 auctoritative3
1534 1280 1617 1325 sed
1636 1279 1924 1324 instrumen-

46 1347 196 1393 taliter
215 1348 435 1394 convenit
457 1342 594 1394 etiam
626 1347 686 1406 ei,
727 1345 985 1391 secundum
1022 1343 1146 1400 quod
1169 1347 1240 1388 est
1257 1343 1421 1399 hom03
1453 1343 1731 1400 inquantum
1752 1341 1924 1386 scilicet

46 1409 146 1468 ejus
169 1410 434 1456 humanitas
451 1411 814 1455 instrumentum
845 1408 932 1451 fuit
955 1405 1208 1452 divinitatis
1229 1405 1358 1462 ers3
1393 1408 1439 1450 et
1456 1404 1521 1450 ita
1543 1404 1748 1449 actiones
1777 1404 1923 1460 ipsius

47 1483 107 1517 ex
142 1472 308 1518 virtute
338 1472 592 1519 divinitatis
622 1472 813 1516 fuerunt
838 1469 975 1514 nobis
1014 1467 1262 1512 salutiferae
1277 1502 1289 1524 ‚
1310 1471 1472 1524 utpote
1492 1467 1689 1523 gratiam
1713 1466 1762 1510 in
1789 1465 1922 1510 nobis

47 1538 319 1591 causantes3
342 1539 388 1580 et
416 1532 751 1592 permeritum‚
774 1535 821 1576 et
856 1543 939 1588 per
957 1530 1211 1575 efficacIam
1231 1529 1498 1585 quamdam.
1524 1526 1813 1585 Augustinus
1842 1539 1921 1571 au-

49 1599 140 1640 tem
167 1602 306 1652 negat
330 1597 575 1652 Christum,
611 1593 870 1640 secundum
889 1592 1015 1651 quod
1046 1592 1184 1636 homo
1220 1595 1307 1648 est,
1328 1591 1438 1636 dare
1462 1590 1682 1647 Spiritum
1708 1592 1922 1634 sanctum

47 1669 131 1714 per
152 1659 487 1704 auctoritatem.
522 1655 939 1702 Instrumentaliter
961 1657 1143 1711 autem,
1165 1653 1263 1699 sive
1294 1652 1658 1698 ministerialiter
1683 1651 1821 1696 etiam
1847 1650 1922 1695 alii

50 1719 199 1762 sancti
222 1719 439 1764 dicuntur
456 1719 566 1763 dare
598 1717 815 1774 Spiritum
832 1720 1062 1772 sanctum,
1084 1715 1345 1760 secundum
1375 1714 1490 1759 illud
1523 1714 1630 1767 (Gal.
1661 1726 1722 1770 111,
1741 1714 1809 1767 5):
1837 1714 1924 1767 Qui

53 1780 207 1823 tribuit
228 1781 346 1824 vobis
361 1783 595 1837 Spiritum,
615 1783 703 1824 etc.

59 1839 75 1845 ‘⁷
105 1840 171 1887 Ad
191 1842 432 1884 secundum
450 1839 716 1895 dicendum,
739 1838 863 1895 quod
887 1838 935 1881 in
957 1835 1282 1893 metaphoricis
1299 1836 1615 1881 locutionibus
1630 1848 1725 1880 non
1747 1839 1924 1892 oportet

50 1901 225 1947 attendi
239 1902 584 1947 similitudinem
606 1902 832 1957 quantum
854 1899 912 1943 ad
931 1899 1087 1943 omnia
1108 1913 1119 1942 ι
1144 1898 1213 1943 sic
1231 1898 1358 1942 enim
1391 1910 1486 1942 non
1510 1901 1633 1942 esset
1654 1897 1922 1954 similitudo,

49 1963 131 2008 sed
153 1963 219 2007 rei
255 1963 440 2008 veritas.
473 1962 638 2019 Capitis
660 1961 801 2018 igitur
823 1960 1050 2005 naturalis
1074 1971 1167 2003 non
1197 1963 1268 2003 est
1290 1964 1430 2015 caput
1452 1959 1592 2015 aliud,
1626 1958 1735 2014 quia
1755 1971 1924 2015 corpus

47 2023 304 2069 humanum
328 2037 421 2068 non
441 2028 637 2080 estpars
658 2023 848 2067 alterius
871 2021 1104 2078 corporis3
1139 2021 1222 2066 sed
1245 2033 1413 2077 corpus
1433 2019 1804 2066 similitudinarie
1825 2021 1923 2066 dic-

49 2089 166 2141 tum,
188 2086 236 2130 id
255 2090 326 2130 est
347 2085 503 2142 aliqua
525 2084 772 2129 multitudo
792 2083 1020 2139 ordinata,
1052 2086 1125 2127 est
1147 2095 1255 2138 pars
1282 2083 1472 2127 alterius
1494 2082 1834 2138 multitudinis;
1860 2082 1923 2127 si-

49 2151 128 2193 cut
147 2147 393 2192 multitudo
412 2147 663 2192 domestica
685 2149 756 2190 est
778 2157 884 2202 pars
906 2143 1218 2189 multitudinis
1236 2143 1383 2188 civilis
1405 2159 1415 2187 z
1448 2149 1494 2188 et
1525 2143 1630 2188 ideo
1657 2144 1922 2199 paterfami-

49 2209 150 2266 lias,
172 2210 251 2267 qui
270 2214 340 2254 est
358 2213 495 2266 caput
510 2208 822 2254 multitudinis
841 2206 1122 2263 domesticae,
1146 2205 1286 2250 habet
1307 2218 1449 2262 supra
1467 2218 1518 2251 se
1537 2211 1677 2262 caput
1697 2210 1922 2253 rectorem

49 2271 260 2316 civitatis,
296 2273 348 2315 Et
381 2282 463 2327 per
495 2271 621 2315 hunc
643 2269 834 2319 modum
870 2268 984 2312 nihil
1017 2267 1228 2325 prohibet
1268 2272 1408 2324 caput
1436 2267 1600 2312 Christi
1629 2279 1732 2312 esse
1759 2271 1919 2326 Deum,

49 2335 156 2377 cum
175 2336 330 2377 tamen
347 2332 446 2389 ipse
466 2332 671 2376 Christus
695 2331 755 2377 sit
775 2334 915 2388 caput
935 2330 1165 2374 Ecclesiae.

103 2394 170 2440 Ad
200 2397 382 2438 tertium
404 2394 670 2450 dicendum,
692 2393 815 2451 quod
851 2397 991 2450 caput
1010 2391 1149 2436 habet
1170 2391 1462 2436 manifestam
1495 2391 1795 2437 eminentiam
1824 2405 1923 2438 res-

49 2457 186 2510 pectu
207 2458 476 2500 caeterorum
509 2454 790 2500 exteriorum
821 2453 1169 2508 membrorum3
1206 2453 1289 2497 sed
1311 2465 1392 2496 cor
1408 2451 1548 2496 habet
1577 2453 1826 2508 quamdam
1848 2454 1923 2498 in-

50 2516 288 2561 fluentiam
305 2517 547 2562 occultam.
568 2519 622 2561 Et
640 2515 744 2561 ideo
765 2515 894 2561 cordi
924 2520 1219 2571 comparatur
1243 2513 1437 2571 Spiritus
1461 2518 1667 2571 sanctus,
1698 2514 1779 2572 qui
1802 2514 1922 2560 invi-

51 2577 242 2623 sibiliter
260 2579 508 2624 Ecclesiam
527 2578 725 2624 vivificat
743 2583 790 2623 et
807 2578 936 2634 unit3
957 2577 1094 2634 capiti
1115 2582 1268 2621 autem
1289 2580 1583 2634 comparatur
1600 2576 1700 2633 ipse
1717 2578 1922 2624 Christus

51 2641 307 2745 secundum
327 2640 554 2686 visibilem
585 2645 815 2696 naturam,
851 2640 1110 2685 secundum
1145 2650 1286 2695 quam
1322 2639 1460 2683 homo
1498 2639 1763 2684 hominibus
1802 2653 1921 2697 prae-

69 2706 208 2746 ertur.

54 2775 390 2821 ARTICULUS
402 2780 463 2822 11.
483 2802 538 2810 -
556 2791 690 2820 urium
714 2790 914 2821 cnmsrus
944 2789 1006 2820 srr
1036 2790 1164 2820 CAPUT
1193 2789 1380 2820 nominum
1410 2788 1599 2826 omarum
1627 2788 1679 2818 An
1710 2789 1919 2837 conronA,

614 2852 694 2882 vm.
722 2852 854 2883 SOLUM
884 2850 1077 2887 QUANTUM
1107 2850 1158 2880 ΑΙ)
1187 2850 1351 2881 ΑΝΙΜΑὸ.

54 2917 101 2953 De
113 2917 166 2953 his
178 2918 280 2953 etiam
303 2918 397 2953 sent.
411 2927 464 2960 ιιι,
479 2919 556 2954 dist.
575 2920 630 2961 ⁴5,
645 2924 759 2962 quoest.
783 2928 822 2961 ιι,
841 2923 905 2954 art.
921 2919 954 2960 2,
971 2923 1085 2960 quoest.
1103 2927 1157 2960 ιιι,
1181 2922 1215 2953 ct
1232 2919 1282 2953 De
1300 2930 1369 2953 ver.
1388 2921 1505 2960 quaest.
1527 2927 1622 2959 xxlx,
1639 2922 1706 2953 art.
1727 2919 1749 2954 4
1772 2919 1815 2955 ad
1832 2921 1864 2962 Ι,
1886 2930 1921 2962 et

820 2969 942 3008 opusc.
957 2976 1012 3009 Lx,
1030 2978 1100 3008 cap.
1122 2967 1156 3002 5.

102 3034 170 3080 Ad
206 3034 463 3079 secundum
499 3034 567 3078 sic
587 3035 865 3091 proceditur.
897 3039 939 3079 1.
964 3035 1151 3080 Videtur
1173 3035 1299 3091 qued
1331 3035 1538 3080 Christus
1560 3048 1654 3080 non
1687 3036 1747 3081 sit
1781 3041 1921 3095 caput

53 3096 291 3141 hominum
331 3095 484 3152 quoad
509 3107 716 3152 corpora.
739 3097 944 3141 Christus
970 3097 1093 3140 enim
1117 3096 1285 3141 dieitur
1317 3102 1455 3153 caput
1472 3097 1702 3154 Ecclesiae,
1721 3098 1920 3156 inquan-

53 3161 149 3202 tum
173 3157 323 3201 influit
344 3157 627 3213 spiritualem
656 3169 845 3202 sensum
863 3162 909 3202 et
928 3162 1104 3201 motum
1126 3157 1284 3213 gratiae
1306 3158 1354 3202 in
1373 3159 1638 3204 Ecclesiam.
1673 3161 1760 3205 Sed
1780 3161 1919 3217 huJus

53 3218 300 3276 spiritualis
317 3222 484 3264 sensus
513 3223 558 3264 et
583 3222 736 3263 motus
759 3231 905 3276 capax
937 3232 1031 3264 non
1054 3224 1125 3264 est
1154 3231 1340 3276 corpus.
1367 3223 1484 3277 Ergo
1507 3221 1713 3267 Christus
1733 3235 1826 3267 non
1848 3227 1918 3267 est

52 3285 189 3336 caput
210 3281 448 3324 hominum
467 3280 723 3326 secundum
741 3292 946 3337 corpora.

85 3402 131 3442 (Ι)
167 3401 240 3456 Non
278 3402 365 3442 quod
393 3402 612 3458 probabiliter
647 3404 789 3444 tantum,
817 3404 893 3438 cum
927 3403 966 3437 de
991 3402 1058 3437 fide
1083 3403 1127 3437 sit
1159 3429 1167 3437 .
1189 3404 1245 3438 sed
1272 3405 1360 3446 quod
1382 3405 1578 3440 certitudini
1611 3405 1691 3440 fidei
1715 3405 1917 3447 adjungatur

52 3455 263 3490 congruentia
276 3462 333 3485 seu
344 3455 574 3486 convementm
587 3451 738 3487 rationis.
