2170 3808
82 140 166 186 834
773 133 974 187 QuAEsr.
1003 132 1089 187 XL,
1119 131 1238 175 Am.
1264 130 1299 175 1.

82 231 218 266 crum
237 223 284 264 et
304 219 363 265 de
377 216 649 263 coelesti—bus
661 214 810 272 portis
828 216 889 269 (1)
911 218 1128 258 sanctum
1151 211 1201 256 in
1221 221 1310 256 nos
1333 208 1556 267 Spiritum
1576 210 1800 269 involare,
1831 211 1879 254 et
1895 219 1983 266 pa-

83 286 232 329 ternae
253 282 383 327 vocis
405 279 653 336 adoptione
677 276 761 322 Dei
777 275 897 321 filios
921 274 1037 320 fieri.
1064 293 1084 312 ι»

150 560 211 596 DE
241 559 373 596 MODO
410 556 815 595 CONVERSA'rtOle
849 554 1057 604 cnms'rl,
1092 553 1142 590 m
1176 551 1399 597 QUAwon
1430 552 1691 590 An'rtcums
1717 551 1885 588 Divis-A.

131 678 433 728 consequenter
451 679 540 727 post
560 686 607 715 ea
622 686 715 727 quae
733 675 942 726 pertinent
956 672 1007 713 ad
1025 671 1256 723 ingressum
1271 670 1422 711 Christi
1437 668 1482 711 in
1497 670 1719 717 mundum,
1737 667 1805 709 vel
1819 666 1871 708 ad
1895 666 1986 720 eju

83 731 336 783 principium
350 761 361 780 ,
381 730 727 771 considerandum
755 731 878 769 restat
907 727 956 767 de
982 727 1047 767 bis
1069 738 1162 777 quae
1189 726 1395 778 pertinent
1413 724 1466 766 ad
1483 735 1742 777 progressum
1761 723 1894 774 ipslus
1911 735 1925 764 ι
1942 725 1985 763 et

82 786 217 839 primo
244 786 592 826 considerandum
619 789 681 824 est
698 783 747 823 de
766 784 892 823 modo
909 782 1231 823 conversationis
1259 781 1419 833 ipsius3
1446 781 1648 829 secundo,
1678 781 1728 820 de
1759 778 1984 819 tentatione

82 841 195 894 ejus;
215 841 351 889 tertio,
369 840 419 881 de
437 841 648 889 doctrinan
664 840 831 891 quarto,
850 839 900 880 de
918 837 1148 878 miraculis.
1174 837 1287 877 Circa
1310 836 1495 888 primum
1513 838 1757 888 quaeruntur
1776 837 1983 897 quatuor-‘2

86 901 124 938 1⁰
145 898 293 937 Utrum
309 896 498 936 Christus
515 895 702 935 debuerit
721 895 949 934 solitariam
974 894 1110 933 vitam-
1128 891 1293 939 ducere,
1319 903 1371 932 an
1395 892 1503 931 inter
1525 891 1714 931 homines
1735 899 1984 931 conversan.

81 973 132 981 --
147 958 187 992 2⁰
203 952 351 991 Utrum
374 950 560 990 debuerit
586 952 792 990 austeram
810 950 940 989 vitam
956 947 1103 988 ducere
1124 947 1167 986 in
1195 948 1284 986 cibo
1300 976 1315 996 ‚r
1337 951 1376 986 et
1403 951 1501 996 potu
1516 975 1530 995 ‚
1554 950 1594 986 et
1616 947 1765 986 vestitu
1778 977 1788 993 ,
1813 956 1868 984 an
1884 953 1985 984 cum

82 1006 178 1047 aliis
195 1016 474 1047 communem.
492 1027 537 1034 -
559 1010 599 1044 3θ
615 1005 763 1044 Utrum
785 1003 966 1043 debuerit
994 1002 1147 1053 abJ'ecte
1169 1002 1305 1042 vivere
1324 1003 1368 1041 in
1387 1001 1464 1042 hoc
1484 1001 1643 1042 mundo
1657 1029 1671 1050 ,
1690 1011 1746 1040 an
1764 1000 1809 1039 in
1825 997 1984 1039 divitiis

84 1061 308 1102 ethonore.
327 1082 374 1090 -
397 1066 438 1100 4·
455 1061 603 1101 Utri1m
620 1059 808 1100 debuerit
822 1059 972 1100 secund
979 1059 1051 1097 um
1073 1058 1203 1108 legem
1217 1059 1367 1097 vivere.

166 1148 510 1192 ARTICULUS
538 1149 575 1189 1.
607 1168 667 1180 -—
693 1158 837 1190 u‘rmm
867 1157 1124 1188 cosvmvmns
1153 1156 1303 1186 susan
1333 1155 1542 1188 cnms‘rnu
1571 1153 1695 1185 mma
1719 1152 1907 1186 nomas

835 1220 1095 1251 CONVERSARI
1126 1208 1205 1259 (2).

454 1276 503 1311 De
521 1276 574 1311 his
594 1277 698 1313 etiam
714 1277 815 1317 infra,
832 1280 899 1311 art.
915 1276 937 1311 2
954 1288 1046 1317 corp.
1065 1280 1099 1310 ot
1113 1276 1136 1310 2
1148 1275 1183 1317 2,
1197 1279 1314 1317 quaest.
1334 1282 1416 1317 XXV,
1431 1277 1494 1309 art.
1510 1274 1533 1309 6
1545 1274 1588 1310 ud
1600 1275 1635 1310 ⁵.

138 1331 206 1377 Ad
232 1332 436 1389 primum
458 1331 525 1376 sic
552 1332 835 1389 proceditur.
861 1334 903 1376 1.
923 1331 1115 1376 Videtur
1138 1330 1264 1388 quod
1284 1329 1494 1374 Christus
1516 1342 1610 1374 non
1631 1329 1846 1376 debuerit
1863 1330 1983 1376 inter

81 1393 297 1438 homines
332 1393 617 1450 conversari,
650 1394 733 1439 sed
765 1392 1018 1439 solitariam
1050 1393 1194 1437 vitam
1232 1404 1385 1449 agere.
1415 1391 1665 1449 Oportebat
1702 1393 1829 1438 enim
1857 1391 1984 1451 qued

83 1455 291 1500 Christus
309 1457 396 1499 sua
413 1456 774 1500 conversa-tione
804 1468 899 1500 non
922 1455 1076 1500 solum
1106 1466 1156 1499 se
1177 1454 1421 1498 hominem
1446 1453 1714 1499 ostenderet
1744 1466 1876 1512 esse,
1898 1454 1984 1501 sed

82 1517 220 1562 etiam
243 1520 403 1561 Deum.
425 1517 512 1563 Sed
530 1519 677 1563 Deum
698 1529 790 1562 uon
816 1517 1038 1562 convenit
1058 1529 1165 1561 cum
1185 1515 1458 1561 hominibus
1473 1516 1740 1561 conversari
1770 1531 1782 1561 :
1817 1516 1984 1563 dicitur

82 1578 204 1623 enim
227 1578 448 1633 (Danielis
466 1593 513 1634 ιι,
536 1581 611 1633 2):
635 1579 849 1636 Exceptis
872 1579 960 1621 diis
980 1581 1056 1634 (3),
1076 1590 1264 1634 quorum
1283 1591 1373 1621 mm
1394 1580 1461 1621 est
1475 1590 1577 1621 cum
1596 1577 1852 1622 hominibus
1874 1592 1986 1623 con·-

81 1643 278 1685 versatz‘o
292 1656 311 1694 ,-
337 1645 384 1685 et
406 1641 708 1699 Philosophus
738 1641 849 1687 dicit
870 1641 1087 1695 (Politicae
1110 1640 1191 1684 lib.
1222 1654 1261 1697 ι,
1277 1653 1382 1697 cap.
1406 1643 1433 1685 2
1459 1639 1490 1684 ὲ
1505 1640 1650 1696 med.)
1665 1673 1678 1699 ‚
1710 1640 1835 1697 quod
1861 1658 1882 1679 α
1906 1640 1984 1688 itte

82 1702 166 1760 qui
186 1702 423 1747 solitarius
443 1703 585 1760 vivit,
609 1707 692 1749 aut
714 1708 786 1748 est
808 1703 986 1760 bestia,
1012 1722 1032 1741 ι»
1060 1703 1103 1748 εἰ,
1123 1702 1300 1747 scilicet
1322 1707 1514 1759 propter
1546 1702 1774 1748 saevitiam
1806 1703 1895 1748 hoc
1916 1703 1986 1750 fa.—

81 1765 194 1822 ciat,
234 1770 316 1810 aut
351 1771 422 1810 est
462 1769 585 1811 Deus
603 1799 621 1822 ‚.
662 1765 702 1812 si
744 1766 834 1811 hoc
868 1766 1009 1811 faciat
1049 1770 1237 1823 propter
1273 1766 1680 1823 contemplandam
1720 1765 1982 1813 veritatem.

79 1830 207 1900 Ergo
221 1827 407 1873 videtur
425 1828 552 1886 quod
570 1841 665 1874 non
687 1830 827 1876 fuerit
840 1829 1128 1875 conveniens
1155 1828 1384 1874 Christum
1415 1829 1538 1874 inter
1558 1828 1772 1875 homiues
1789 1841 1986 1876 conver-

82 1902 195 1935 sari.

138 1954 177 1996 2.
209 1952 453 2008 Praeterea,
469 1951 694 2010 Christus,
715 1952 830 1997 dum
845 1953 894 1997 in
908 1965 1050 1997 carne
1069 1952 1260 1998 mortali
1270 1952 1405 2007 vixit,
1421 1953 1580 1999 debuit
1597 1953 1982 2011 perfectissimam

79 2014 220 2058 vitam
246 2014 433 2059 ducere.
458 2015 800 2060 Perfectissima
817 2021 974 2061 autem
995 2017 1095 2061 vita
1114 2021 1188 2061 est-
1215 2016 1607 2074 contemplativa‚
1626 2022 1680 2062 ut
1701 2016 1750 2060 in
1777 2017 1983 2064 secunda

80 2081 212 2133 parte
240 2076 451 2121 habitum
477 2082 548 2122 est
573 2080 689 2134 (22,
705 2082 870 2135 quaest.
899 2092 1091 2136 cuxxxrr,
1121 2084 1208 2123 art.
1232 2082 1255 2124 1
1279 2083 1326 2123 et
1347 2081 1407 2132 2).
1433 2079 1503 2123 Ad
1522 2079 1667 2123 vitam
1688 2084 1845 2124 autem
1865 2092 1983 2125 con-

80 2139 398 2195 templativam
415 2140 617 2184 maxime
638 2143 860 2199 competit
881 2142 1099 2198 solitudo,
1117 2141 1375 2186 secundum
1398 2140 1514 2186 illud
1535 2143 1679 2193 (Oseae
1696 2154 1747 2197 ιι,
1761 2143 1833 2196 14)
1853 2156 1865 2186 :
1884 2146 1982 2188 Du,-

80 2214 185 2247 cam
197 2214 298 2244 eam
321 2205 370 2244 in
387 2202 705 2259 solitudinem,
727 2207 770 2246 et
791 2204 955 2260 loquar
972 2207 1033 2247 ad
1052 2218 1132 2248 cor
1157 2207 1268 2259 ejus
1288 2206 1410 2259 Ergo
1426 2203 1612 2248 videtur
1631 2204 1755 2262 qued
1774 2205 1982 2251 Christus

81 2262 295 2309 debuerit
315 2262 566 2308 solitariam
586 2264 730 2309 vitam
754 2265 943 2311 ducere.

137 2328 180 2370 3.
210 2327 462 2381 Praeterea,
481 2327 773 2371 conversatio
793 2328 958 2373 Christi
981 2328 1143 2373 debuit
1172 2340 1277 2373 esse
1301 2328 1568 2383 uniformis,
1593 2327 1706 2385 quia·
1725 2340 1915 2385 semper
1930 2330 1980 2375 iu

81 2400 137 2434 co
158 2387 320 2434 debuit
342 2400 570 2445 apparere
585 2388 633 2434 id
648 2389 777 2446 quod·
793 2391 1022 2447 optimum
1040 2396 1127 2436 est.
1147 2391 1234 2435 Sed
1257 2390 1544 2448 quandoque
1555 2391 1769 2435 Christus
1779 2391 1985 2437 solitaria

84 2450 183 2495 loca
201 2451 454 2508 quaerebat,
482 2450 642 2495 turbas
661 2452 924 2508 declinans3
946 2453 1074 2497 unde
1097 2453 1336 2509 Remigius
1354 2453 1466 2497 dicit
1489 2456 1648 2510 (Super
1662 2454 1817 2498 Matth.
1837 2453 1983 2500 habe.-

82 2515 159 2557 tur
179 2512 228 2556 in
248 2513 342 2557 Cat.
374 2515 418 2557 S.
440 2513 599 2565 Thom.
630 2513 681 2557 in·
699 2514 848 2570 princ.
871 2526 974 2571 capt
999 2516 1042 2567 5)
1064 2530 1075 2559 :
1101 2532 1123 2553 «ι
1147 2514 1249 2558 Tria
1270 2514 1451 2571 refugia
1469 2514 1639 2570 legitur
1656 2514 1878 2561 Dominus
1894 2517 1984 2562 ha-

80 2574 260 2631 buisse,
280 2574 457 2630 navim⁷
473 2580 705 2631 montem,
719 2580 766 2621 et
780 2567 1044 2632 desertum3
1061 2577 1122 2622 ad
1136 2589 1338 2633 quorum
1357 2577 1576 2632 alterum,
1594 2578 1985 2637 quotiescumque

82 2636 110 2681 ὲ
127 2636 278 2682 turbis
296 2636 710 2697 comprimebatur,
724 2639 1087 2685 conscendebat.
1106 2658 1127 2679 »
1151 2642 1271 2697 Ergo
1287 2644 1335 2684 et
1353 2652 1540 2698 semper
1552 2639 1714 2686 debuit
1727 2640 1982 2687 solitariam

81 2698 226 2744 vitam*
246 2711 402 2756 agere.

137 2761 225 2807 Sed
241 2766 402 2805 contra
420 2765 494 2806 est
511 2762 639 2819 quod
659 2762 828 2807 dicitur
848 2763 1063 2819 (Baruch.
1082 2777 1147 2820 ιιι,
1164 2763 1237 2820 38)
1255 2777 1265 2805 z
1286 2766 1391 2808 Post
1412 2764 1509 2809 ἧκε
1526 2766 1576 2807 in
1595 2766 1732 2808 terris
1752 2767 1874 2810 visua
1892 2769 1981 2824 est,

85 2825 128 2866 et
149 2835 252 2867 cum
274 2823 524 2867 hominibus
543 2828 836 2869 conversatus
853 2830 938 2870 est.

128 2898 420 2940 CONCLUSIO.
438 2921 486 2930 -
510 2900 616 2941 cum
634 2901 826 2942 Christus
842 2903 888 2942 in
906 2901 1024 2941 hunc
1033 2901 1243 2942 muudum
1257 2901 1433 2951 venerit,
1449 2905 1497 2942 ut
1513 2903 1728 2943 veritatem
1744 2904 1981 2946 manifesta-

81 2954 154 3001 ret,
169 2956 211 2992 et
227 2958 274 2993 ut
289 2958 511 3005 peccatores
529 2957 667 2996 salvos
683 2957 844 3007 faceret,
865 2960 906 2997 et
922 2969 990 3008 per
1006 2957 1143 3009 ipsum
1170 2956 1412 2998 haberemus
1428 2969 1635 2999 accessum
1658 2958 1710 2998 ad
1731 2959 1887 3010 Deum,
1910 2959 1982 3000 ‹h-

81 3009 167 3048 cuit
182 3010 230 3046 ut
255 3008 446 3049 socialem
466 3011 598 3051 vitam
616 3011 663 3051 in
687 3012 848 3052 mundo
865 3011 1054 3053 duceret:
1073 3012 1299 3053 solitariam
1326 3017 1463 3053 tamen
1492 3013 1614 3053 duxit
1639 3012 1692 3053 ad
1717 3016 1905 3066 tempus,
1931 3017 1981 3054 ut

82 3063 297 3115 utriusque
312 3064 408 3104 vitae
423 3067 662 3117 exemplum
677 3067 807 3108 daret.

123 3188 166 3230 (l)
189 3188 242 3222 Ita
262 3187 340 3223 Mss.
354 3191 389 3222 et
404 3188 488 3224 editi
506 3191 750 3226 communiter.
767 3192 850 3227 eod.
869 3191 983 3229 Alcan.
1111 3193 1156 3236 (5)
1182 3193 1236 3227 Sic
1254 3193 1442 3234 loquuntur
1464 3193 1610 3230 chaldaei
1625 3193 1724 3228 arioli
1743 3197 1783 3229 ut
1804 3194 1823 3228 h
1854 3203 1983 3226 sommo

83 3236 267 3280 partibus.
1072 3241 1384 3278 Nabuchodonozor
1402 3243 1619 3286 explicando„
1631 3244 1718 3277 sicut
1742 3242 1813 3285 ipse
1828 3245 1978 3285 petebat,

123 3284 166 3326 (2)
180 3284 220 3319 1·
235 3284 297 3319 hoc
312 3284 459 3319 articulo
474 3285 622 3321 declarat
636 3289 673 3323 S.
693 3289 819 3323 Doctor
837 3289 987 3324 decuisse
1073 3301 1107 3325 se
1122 3295 1291 3326 excusent.

84 3331 252 3366 Christum
287 3333 481 3367 conversari
512 3345 589 3369 cum
616 3334 813 3371 hominibus
841 3341 875 3372 et
898 3349 988 3372 com·

84 3390 219 3414 munem
233 3379 340 3415 vitam
357 3392 466 3422 agere.
