2170 3808
228 297 312 340 184
915 295 1115 346 QUAEST.
1143 295 1233 348 XX,
1261 297 1379 340 ART.
1409 296 1444 340 1.

229 376 497 416 siderandum
516 379 576 416 est
598 375 650 416 de
670 374 924 428 subJectione
942 375 1094 415 Christi
1109 375 1161 414 ad
1182 377 1366 425 Patrem3
1386 377 1578 426 seeundo,
1592 377 1641 417 de
1661 378 1750 428 ejus
1771 376 1973 422 oratione3
1993 377 2127 428 tertio,

229 433 279 471 de
298 432 429 482 ipsius
442 429 687 480 sacerdoti03
713 431 876 482 quarto,
895 430 945 470 de
961 430 1191 481 adoptione,
1212 442 1266 470 an
1282 431 1316 470 ei
1334 433 1575 480 conveniat3
1592 431 1764 483 quinto,
1779 429 1829 470 de
1847 430 1935 480 ejus
1951 432 2127 479 praedes—

229 485 445 525 tinatione.
466 486 582 526 Circa
599 487 784 538 primum
801 489 1046 537 quaeruntur
1062 485 1173 526 duo:
1201 490 1237 525 1⁰
1259 486 1408 526 Utrum
1426 487 1616 527 Christus
1637 486 1693 526 sit
1712 486 1920 537 subjectus
1937 486 2063 526 Patri.
2079 507 2129 517 --

230 547 270 580 2⁶
292 541 443 580 Utrum
459 542 514 579 sit
527 539 737 591 subjectus
755 541 835 580 sibi
854 540 950 592 ipsi.
2120 564 2122 567 ·

312 603 659 647 ARTICULUS
685 606 723 647 Ι.
750 628 807 635 -
826 617 962 646 urnun
987 616 1197 646 met-,unum
1217 616 1280 646 sn·
1302 615 1506 647 cumsrun
1529 617 1628 648 Essa
1652 616 1886 648 snmnc'run
1911 616 2045 647 rum.

228 669 278 703 De
292 668 346 703 his
358 668 462 705 etiam
477 674 568 711 part.
583 671 613 710 Ι,
630 675 747 712 quoest.
768 679 852 711 xlm.
871 675 938 706 art.
953 671 974 704 4
992 671 1034 705 ad
1054 670 1089 712 4,
1111 675 1148 705 et
1163 674 1282 713 quaest.
1296 679 1377 711 xm.
1394 674 1460 707 art.
1478 672 1499 706 7
1513 672 1556 707 ad
1570 671 1603 714 l,
1623 675 1657 706 et
1672 673 1767 706 Sent.
1783 680 1839 713 11¹,
1854 670 1934 707 dist.
1947 671 2004 714 Η,
2029 670 2125 707 arm

572 719 613 753 ad
627 720 662 761 2,
681 725 716 754 et
729 719 808 755 dist.
826 720 881 762 47,
901 723 969 754 art.
984 720 1020 761 5,
1034 724 1152 760 quaest.
1168 729 1182 754 1
1197 731 1291 762 corp.
1307 723 1342 754 et
1356 719 1385 754 I.
1401 720 1482 754 Cor.
1498 728 1556 760 xv,
1572 720 1651 755 lect.
1665 721 1688 755 5
1703 720 1765 755 fin.

282 771 350 817 Ad
369 773 571 829 primum
597 773 665 817 sic
686 773 967 830 proceditur.
992 777 1036 817 1.
1056 773 1244 818 Videtur
1265 772 1390 830 quod
1409 786 1505 818 non
1527 774 1588 820 sit
1617 775 1868 820 dicendum
1897 773 2128 819 Christum

227 845 331 879 esse
352 835 619 891 subjectum
636 835 773 880 Patri.
798 837 944 879 Omne
962 833 1089 879 enim
1111 835 1238 891 quod
1270 835 1520 891 subjicitur
1539 840 1632 881 Deo
1652 837 1772 881 Patri
1792 841 1865 881 est
1887 841 2124 895 creatura:

227 897 354 952 quia,
379 902 433 941 ut
451 897 620 942 dicitur
643 897 708 952 (in
727 897 808 941 lib.
834 900 897 942 De
915 896 1242 941 ecclesiasticis
1259 897 1573 954 dogmatibus,
1593 911 1695 956 cap.
1717 901 1778 954 4),
1803 915 1824 937 α
1846 898 1894 942 in
1912 897 2129 942 'trinitate
2157 924 2159 928 .

231 958 343 1001 nihil
368 964 440 1002 est
464 958 673 1003 serviens
707 970 859 1015 neque
882 958 1163 1015 subjectum.
1187 977 1208 997 ι»
1242 959 1330 1003 Sed
1361 971 1456 1003 nou
1486 964 1558 1004 est
1579 960 1851 1016 simpliciter
1877 958 2127 1005 dicendum

226 1020 352 1075 quod
367 1021 577 1065 Christus
595 1021 656 1065 sit
679 1026 909 1077 creatura,
932 1026 985 1065 ut
1007 1033 1150 1077 supra
1169 1020 1344 1065 dictum
1369 1026 1442 1066 est
1463 1023 1650 1078 (quaest.
1675 1036 1773 1078 xvi,
1800 1026 1887 1066 art.
1919 1023 1980 1076 8).
2009 1021 2128 1076 Ergo

227 1082 368 1126 etiam
392 1095 487 1127 non
506 1087 579 1127 est
594 1082 867 1139 simpliciter
887 1082 1138 1127 dicendum
1161 1082 1286 1139 quod
1311 1083 1519 1128 Christus
1534 1084 1596 1128 sit
1612 1087 1705 1129 Deo
1726 1083 1849 1129 Patri
1870 1083 2125 1140 subjectus,

280 1147 324 1188 2.
356 1147 599 1200 Praeterea,
618 1157 679 1189 ex
700 1145 790 1189 hoc
808 1144 980 1189 dicitur
1003 1144 1180 1202 aliquid
1200 1148 1292 1189 Deo
1312 1145 1597 1202 subjectum,
1617 1145 1743 1203 quod
1761 1151 1834 1191 est
1850 1146 1954 1202 eius
1981 1145 2129 1190 domi-

226 1204 306 1249 nio
328 1205 557 1251 serviens.
583 1206 671 1251 Sed
694 1207 912 1250 humanae
935 1212 1116 1251 naturae
1135 1206 1183 1250 in
1206 1207 1386 1252 Christo
1406 1220 1502 1251 non
1518 1211 1674 1263 potest
1688 1206 1876 1251 attribui
1896 1206 2125 1251 servitus:

225 1266 336 1311 dicit
356 1268 482 1313 enim
500 1272 817 1314 Damascenus
837 1270 977 1323 (Orth.
998 1269 1079 1314 fid.
1097 1268 1178 1313 lib.
1202 1283 1259 1326 nr,
1284 1282 1387 1325 cap.
1411 1273 1484 1323 21,
1504 1270 1628 1314 circa
1646 1269 1791 1321 med.)
1809 1282 1821 1314 ε
1842 1287 1863 1308 «
1881 1268 2128 1316 Sciendum

227 1330 444 1386 estquod
462 1343 617 1387 neque
636 1343 821 1375 servam
840 1331 1016 1387 ipsam,
1037 1331 1215 1376 scilicet
1239 1331 1495 1376 humanam
1521 1337 1738 1376 naturam
1761 1331 1941 1386 Christi,
1973 1331 2128 1376 dicere

225 1403 480 1447 possumus
499 1407 510 1436 ε
533 1392 771 1437 servitutis
791 1394 916 1437 enim
939 1396 986 1437 et
1010 1393 1340 1438 dominationis
1358 1394 1571 1451 nomina,
1588 1406 1684 1437 non
1711 1397 1890 1437 naturae
1905 1397 2018 1437 sunt
2040 1404 2128 1437 no-

226 1453 355 1496 mina
385 1454 761 1512 cognitionisque
794 1455 946 1512 signa,
980 1455 1063 1500 sed
1096 1468 1257 1500 eorum
1281 1468 1388 1512 quae
1410 1456 1470 1501 ad
1495 1455 1698 1513 aliquid,
1732 1454 2126 1512 quemadmodum

225 1516 519 1570 paternitatis
541 1522 588 1561 et
605 1517 843 1561 filiationis
860 1517 1066 1562 nomina.
1085 1537 1105 1557 »
1123 1520 1243 1574 Ergo
1263 1518 1469 1563 Christus
1488 1517 1749 1563 secundum
1767 1518 2024 1562 humanam
2041 1529 2128 1561 na-

227 1582 379 1621 turam
404 1590 499 1622 non
520 1584 592 1623 est
616 1578 858 1635 subJectus
879 1582 970 1624 Deo
992 1579 1132 1624 Patri.
2154 1620 2158 1625 ,

281 1641 326 1683 3.
360 1642 587 1685 Praeterea
604 1643 652 1693 (Ι.
678 1641 883 1687 Corinth.
907 1655 979 1698 xv,
1003 1643 1093 1698 28),
1114 1641 1313 1687 dicitur:
1339 1643 1454 1685 Ciam
1476 1645 1630 1686 autem
1646 1642 1845 1697 subjecta
1862 1642 1939 1685 illi
1951 1643 2126 1696 suerint

227 1703 398 1755 omnia,
422 1706 527 1745 tunc
546 1704 643 1759 ipse
666 1704 813 1746 Filius
831 1703 1058 1757 subjectus
1076 1706 1164 1747 erit
1186 1703 1259 1746 illi
1281 1706 1358 1760 qui
1375 1704 1461 1747 sibi
1480 1704 1666 1759 subjecit
1687 1706 1856 1747 omnia.
1878 1702 1984 1759 Sed,
2007 1703 2128 1748 sicut

227 1761 398 1807 dicitur
420 1763 573 1816 (Hebr.
597 1778 646 1819 11,
674 1766 717 1819 8)
737 1778 749 1808 ι
773 1768 907 1809 Nunc
928 1765 1121 1809 necdum
1149 1766 1354 1809 videmus
1375 1768 1527 1808 omnia
1559 1766 1764 1821 subjoeta
1785 1769 1842 1810 ei.
1862 1767 1983 1822 Ergo
2004 1777 2131 1810 non<

226 1823 340 1868 dum
364 1825 464 1881 ipse
490 1830 563 1870 est
585 1826 828 1883 subjectus
852 1827 987 1884 Patri,
1011 1827 1090 1884 qui
1116 1827 1157 1871 ei
1182 1827 1382 1883 subjecit
1402 1827 1576 1871 omnia.
1710 1837 1713 1841 ·

284 1886 373 1931 Sed
392 1890 554 1931 contra
579 1893 651 1933 est
674 1889 801 1945 quod
820 1889 1046 1933 Dominus
1066 1889 1177 1934 dicit
1198 1891 1343 1944 (Joan.
1371 1903 1461 1946 xiv,
1482 1891 1582 1944 28):
1607 1894 1747 1934 Pater
1766 1892 1920 1946 major
1940 1903 2010 1934 me
2033 1895 2124 1944 est,-

226 1953 272 1992 et
294 1949 583 2005 Augustinus
606 1951 718 1996 dicit
739 1954 817 2003 (De
840 1951 994 1996 Trinit.
1023 1951 1103 1996 lib.
1129 1966 1168 2008 1,
1201 1965 1304 2008 cap.
1337 1955 1380 2008 7,
1404 1957 1513 1996 ante
1539 1952 1714 2007 med.):
1740 1954 1875 1997 «Non
1895 1952 2127 1998 immerito

228 2010 462 2067 Scriptura
481 2015 737 2069 utrumque
758 2013 886 2070 dicit,
909 2018 954 2058 et
979 2014 1209 2070 aequalem
1231 2013 1352 2058 Patri
1371 2013 1551 2070 Filium,
1570 2018 1615 2059 et
1635 2017 1815 2059 Patrem
1841 2013 1955 2059 Filio
1979 2015 2127 2071 majo-

226 2082 326 2114 rem
346 2086 356 2115 :
376 2071 492 2117 illud
516 2073 640 2116 enim
668 2078 857 2131 propter
891 2074 1087 2118 formam
1110 2074 1215 2130 Dei,
1251 2076 1338 2119 hoc
1368 2079 1526 2119 autem
1557 2081 1745 2132 propter
1775 2075 1974 2121 formam
2002 2077 2126 2121 servi

226 2132 328 2177 sine
343 2134 439 2179 ulla
458 2135 734 2180 confusione
751 2136 1027 2193 intelligitur
1043 2139 1117 2191 (1).
1144 2156 1164 2176 υ
1190 2137 1280 2182 Sed
1295 2137 1448 2195 mlnor
1464 2142 1535 2182 est
1554 2137 1795 2194 subjectus
1808 2137 1989 2195 maiori.
2006 2141 2126 2195 Ergo

226 2194 434 2240 Christus
455 2198 716 2242 secundum
740 2198 938 2243 formam
961 2199 1083 2243 servi
1102 2204 1176 2244 est
1195 2199 1314 2243 Patri
1337 2200 1593 2256 subJectus.

274 2263 568 2305 CONCLUSIO.
584 2288 633 2293 —-
651 2265 843 2306 Christus
858 2268 939 2307 Deo
959 2266 1070 2306 Patri
1098 2267 1307 2319 subjectus
1326 2267 1408 2307 suit
1431 2267 1661 2308 secundum
1681 2266 1934 2318 bonitatem,
1949 2271 2123 2311 servitu·

147 2374 150 2376 q
226 2320 325 2367 tem,
344 2321 384 2358 et
403 2319 694 2360 obedientiam.

282 2382 555 2437 Respondeo
589 2383 839 2428 dicendum
874 2384 998 2441 quod
1032 2384 1223 2429 cuilibet
1254 2385 1443 2429 habenti
1478 2385 1683 2442 aliquam
1711 2390 1930 2432 naturam
1956 2400 2125 2434 conve-

227 2442 363 2487 niunt
380 2455 436 2487 ea
458 2456 564 2500 quae
586 2450 698 2488 sunt
718 2446 906 2501 propria
926 2446 990 2490 illi
1013 2451 1210 2491 naturae.
1239 2449 1412 2491 Natura
1434 2451 1591 2493 autem
1608 2448 1817 2493 humana
1839 2461 1899 2495 ex
1917 2449 1990 2494 sui
2010 2462 2125 2495 con-

227 2504 402 2549 ditione
425 2505 566 2550 hahet
584 2507 812 2563 triplicem
838 2508 1179 2565 subJectionem
1208 2509 1269 2554 ad
1289 2513 1451 2554 Deum.
1477 2512 1623 2554 Unam
1647 2510 1836 2567 quidem
1863 2512 2124 2557 secundum

228 2567 425 2623 gradum
445 2566 669 2613 honitatis
689 2583 702 2613 ε
726 2574 864 2625 prout
886 2571 1062 2616 scilicet
1084 2571 1239 2615 divina
1265 2577 1430 2616 natura
1449 2577 1522 2617 est
1540 2573 1643 2629 ipsa
1661 2574 1865 2619 essentia
1887 2575 2124 2635 bonitatis,

227 2633 280 2673 ut
296 2633 423 2685 patet
441 2642 524 2685 per
542 2629 816 2688 Dionysium
837 2634 913 2686 (De
933 2633 1026 2677 div.
1051 2645 1178 2678 nom.
1198 2646 1298 2690 cap.
1321 2637 1342 2678 1
1354 2668 1366 2690 ,
1383 2633 1411 2677 a
1428 2634 1551 2679 med.
1570 2635 1676 2680 lect.
1699 2639 1758 2690 3).
1782 2639 1955 2681 Natura
1968 2643 2124 2682 autem

227 2695 382 2734 creata
395 2691 536 2736 habet
550 2692 803 2748 quamdam
822 2694 1225 2750 participationem
1240 2695 1410 2740 divinae
1427 2695 1666 2754 bonitatis,
1687 2698 1822 2755 quasi
1841 2698 1983 2744 radiis
2001 2699 2127 2744 illius

226 2751 447 2796 bonitatis
471 2752 696 2810 subjecta.
727 2753 966 2811 Secundo,
992 2755 1201 2799 humana
1225 2760 1392 2800 natura
1422 2757 1668 2814 subjicitur
1693 2762 1787 2803 Deo
1815 2763 2043 2815 quantum
2067 2760 2126 2806 ad

225 2814 303 2860 Dei
324 2819 620 2872 potestatem,
645 2821 786 2872 prout
802 2817 979 2862 scilicet
1000 2822 1167 2862 natura
1188 2820 1410 2872 humana,
1435 2819 1558 2864 sicut
1579 2824 1627 2865 et
1649 2821 1868 2877 quaelibet
1887 2827 2124 2875 creatura,

226 2876 440 2934 subiacet
461 2878 718 2934 operationi
747 2878 918 2924 divinae
941 2879 1272 2937 dispositionis.
1303 2881 1452 2926 Tertio
1473 2881 1613 2927 modo
1635 2882 1896 2938 specialiter
1921 2885 2127 2928 humana

228 2943 396 2983 natura
418 2943 509 2984 Deo
534 2940 779 2995 subjicitur
800 2944 1029 2998 quantum
1045 2941 1104 2986 ad
1122 2942 1361 2999 proprium
1385 2955 1525 2988 suum
1544 2948 1718 3001 actum,
1739 2945 2018 3001 inquantum
2034 2946 2128 2990 sci-

225 2999 335 3045 licet
355 3001 542 3057 propria
564 3001 806 3047 voluntate
820 3003 978 3048 obedit
996 3004 1230 3049 mandatis
1253 3005 1372 3062 eJus.
1398 3008 1452 3049 Et
1473 3006 1595 3050 hanc
1617 3006 1845 3063 triplicem
1874 3007 2126 3064 subjectio-

228 3074 336 3106 nem
357 3062 417 3107 ad
437 3066 618 3109 Patrem
642 3065 851 3110 Christus
874 3066 932 3111 de
953 3067 1108 3123 seipso
1130 3066 1392 3112 confitetur.
1415 3067 1615 3112 Primam
1638 3069 1828 3126 quidem
1845 3071 2010 3122 (Matth.
2037 3085 2123 3128 x1x‚

227 3126 298 3178 17)
326 3138 336 3166 ε
365 3127 487 3180 Quid
504 3139 574 3170 me
599 3129 859 3184 interroqas
882 3129 940 3172 de
968 3129 1110 3173 bono?
1144 3131 1268 3172 Unus
1290 3134 1357 3173 est
1381 3130 1518 3174 bonus
1538 3136 1675 3177 Deus,
1704 3131 1787 3176 Ubi
1817 3132 2126 3189 Hieronymus

228 3185 340 3229 dicit
363 3201 374 3229 z
403 3205 423 3223 ιι
449 3187 574 3243 quod
593 3189 673 3245 qui
696 3190 975 3247 magistrum
1010 3196 1255 3236 vocaverat
1277 3191 1478 3248 bonum,
1502 3196 1549 3237 et
1578 3205 1673 3237 non
1696 3197 1841 3238 Deum
1864 3193 1938 3238 vel
1960 3195 2038 3239 Dei
2060 3193 2126 3239 Fi·

226 3245 340 3289 lium
370 3248 615 3293 confessus
637 3256 760 3305 erat,
778 3252 889 3296 dicit
909 3252 1167 3309 hominem,
1191 3253 1406 3310 quamvis
1429 3258 1646 3299 sanctum
1663 3288 1676 3309 ,
1707 3254 1756 3298 in
1780 3255 2125 3311 comparatione

228 3308 305 3352 Dei
341 3320 435 3352 non
466 3322 570 3354 esse
597 3311 801 3370 bonum3
827 3332 848 3353 ι»
882 3327 967 3371 per
991 3315 1116 3371 quod
1139 3316 1266 3360 dedit
1290 3316 1549 3373 intelligere
1578 3316 1703 3373 quod
1730 3317 1831 3374 ipse
1868 3317 2124 3362 secundum

228 3373 482 3417 humanam
511 3379 726 3420 naturam
750 3389 845 3421 non
868 3378 1164 3435 pertingebat
1190 3379 1249 3424 ad
1272 3380 1470 3436 gradum
1495 3379 1716 3425 bonitatis
1735 3380 1919 3425 divinae.
1946 3383 2000 3424 Et
2017 3380 2123 3437 quia

271 3485 313 3567 (ll)
329 3483 423 3567 Atlde
448 3485 538 3526 quod
559 3485 616 3527 (Is.
641 3495 726 3529 xm,
751 3488 783 3530 l)
799 3488 840 3523 de
855 3489 917 3524 illo
932 3501 970 3523 ex
993 3501 1135 3531 persona
1153 3490 1216 3525 Dei
1233 3490 1361 3525 dicitur
1378 3502 1386 3525 :
1407 3490 1499 3525 Ecce
1520 3500 1646 3525 servus
1669 3501 1783 3532 meus,
1798 3494 1837 3525 ut
1857 3490 1976 3526 Matth.
1995 3497 2045 3524 xn
2057 3515 2066 3530 ‚
2084 3488 2122 3523 ts

231 3543 290 3575 exp
305 3544 357 3568 rea
372 3545 427 3569 ur.
