2170 3808
172 208 177 212 ·
234 198 319 241 512
907 194 1108 247 QUAEST.
1138 193 1248 248 LXI,
1278 193 1398 238 ART.
1430 195 1464 239 1.

236 279 328 330 post
354 280 564 329 peccatum
591 281 686 317 ante
707 274 935 317 Christum.
968 298 1016 304 —
1051 279 1091 314 4⁰
1122 273 1276 314 Utrum
1307 274 1465 342 fuerint
1491 275 1711 316 necessaria
1745 277 1836 327 post
1871 274 2026 317 Christi
2057 275 2134 317 ad-

335 345 362 372 u
412 364 421 372 .
1514 360 1519 367 ,

236 335 692 439 ventAmRTICULUS
726 396 763 437 Ι.
795 417 851 426 -
879 407 1013 437 ursum
1044 406 1317 437 sscmimnu
1348 406 1438 437 smr
1467 407 1722 439 necessum
1749 407 1802 437 An
1832 407 2029 438 nummu

1043 467 1230 498 SALUTEM
1258 455 1334 508 (1).

236 522 286 558 De
309 522 362 558 his
379 524 483 559 etiam
499 526 593 560 Sent.
609 532 657 564 xv,
678 523 758 559 dist.
773 523 807 566 l,
822 527 940 566 quoest.
959 531 999 566 n,
1016 527 1082 559 art.
1103 523 1136 563 2,
1155 526 1271 565 quaest.
1290 532 1316 564 1,
1337 526 1371 558 et
1388 523 1487 559 Cont.
1506 528 1598 565 gent.
1622 524 1687 560 lib.
1703 533 1760 568 111,
1774 536 1847 567 cap.
1864 523 1940 567 no,
1959 526 1992 560 et
2005 524 2068 559 lib.
2084 532 2133 569 π,

967 583 1038 613 cap.
1057 573 1100 606 55
1118 570 1181 606 fin.
1205 575 1239 605 et
1255 582 1327 612 cap.
1346 572 1404 606 ¹56.

292 626 360 672 Ad
394 626 600 683 primum
615 626 684 671 sic
712 626 994 684 proceditur.
1012 630 1054 671 1.
1074 626 1262 671 Videtur
1283 626 1408 683 qudd
1428 632 1717 673 sacramenta
1741 640 1837 672 non
1856 627 1952 672 sint
1969 640 2134 672 neces-

235 686 357 731 saria
375 687 434 732 ad
455 688 711 733 humanam
730 688 945 732 salutem.
968 688 1084 732 Dicit
1103 688 1230 733 enim
1253 688 1500 744 Apostolus
1536 691 1584 742 (I.
1603 690 1798 735 Timoth.
1821 703 1882 745 1v,
1908 691 1952 744 8)
1970 701 1982 733 :
2023 692 2131 733 Cor-

231 750 409 805 poralis
430 752 698 794 exercitatio
718 751 783 794 ad
804 751 1033 794 modicum
1055 751 1183 794 utilis
1205 754 1288 794 est.
1311 749 1398 795 Sed
1420 762 1536 795 usus
1559 755 1958 797 sacramentorum
1994 751 2125 809 perti·

233 816 315 854 net
348 811 407 855 ad
437 811 725 869 corporalem
759 811 1155 870 exercitationem,
1185 811 1239 855 eo
1270 811 1395 867 quod
1431 818 1723 859 sacramenta
1747 813 2053 871 perficiuntur
2071 812 2132 857 in

232 872 571 929 significatione
596 872 886 917 sensibilium
903 886 1059 918 rerum
1079 878 1126 918 et
1146 873 1412 930 verborum,
1431 877 1484 918 ut
1505 874 1679 919 dictum
1706 881 1778 920 est
1795 878 1976 932 (quaest.
1993 886 2130 931 praec.

232 939 318 979 art.
342 937 369 980 6
391 935 450 980 ad
479 937 537 990 2).
568 937 690 991 Ergo
717 942 1012 981 sacramenta
1043 949 1142 989 non·
1175 940 1288 980 sunt
1321 937 1584 981 necessaria
1615 938 1675 983 ad
1716 939 1972 983 humanam
2008 937 2132 981 salu.-

233 1000 344 1040 tem.

287 1060 329 1102 2.
352 1060 576 1103 Praeterea
595 1060 661 1112 (ΙΙ.
679 1061 778 1103 Cor.
803 1074 878 1116 xn,
899 1061 963 1115 9),
988 1059 1206 1116 Apostolo
1225 1060 1421 1105 dicitur:
1447 1062 1616 1116 Sufficit
1631 1061 1712 1104 tibi
1725 1065 1878 1118 qratia
1900 1073 2018 1104 mea.
2034 1061 2132 1105 Non

231 1124 389 1165 autem
426 1121 679 1177 sufficeret,
703 1122 742 1166 si
770 1128 1062 1168 sacramenta
1092 1127 1250 1168 essent
1278 1124 1552 1168 >necessaria
1573 1124 1633 1168 ad
1652 1124 1867 1169 salutem.
1887 1126 1987 1168 Non
2022 1127 2132 1167 sun*

230 1193 343 1237 ergo
361 1188 652 1228 sacramenta
667 1184 805 1228 saluti
821 1185 1041 1229 humanae
1057 1185 1335 1230 neccssaria.

285 1246 329 1290 3.
354 1246 597 1304 Praeterea,
610 1246 762 1303 posita
783 1250 924 1292 causa
939 1248 1205 1303 sufficienti,
1230 1247 1342 1291 nihil
1361 1247 1488 1293 aliud
1501 1248 1684 1294 videtur
1697 1260 1802 1294 esse
1818 1247 2131 1294 necessarium

230 1307 291 1352 ad
305 1306 538 1353 effectum.
557 1308 645 1354 Sed
669 1310 826 1366 passio
846 1310 1011 1354 Christi
1047 1315 1119 1356 est
1151 1310 1393 1356 sufficiens
1429 1323 1574 1356 causa
1602 1316 1778 1366 nostrae
1800 1311 1965 1357 salutis
1986 1326 1997 1355 :
2022 1310 2132 1356 dicit
2168 1362 2170 1367 .

230 1369 355 1413 enim
375 1370 623 1427 Apostolus
645 1372 791 1426 (Rom.
818 1385 860 1428 v,
887 1373 957 1426 10)
981 1387 991 1416 z
1013 1374 1065 1415 Sz‘
1096 1374 1198 1416 ciam
1231 1375 1407 1416 inimici
1436 1385 1647 1429 essemus,
1676 1373 1956 1417 reconciliati
1978 1385 2132 1416 sumus

228 1433 322 1474 Deo
353 1444 435 1488 per
457 1436 650 1476 mortem
676 1433 790 1476 Fili-i
818 1435 930 1490 eJ'uS,
961 1433 1102 1477 multo
1123 1437 1271 1491 maqis
1298 1435 1587 1478 reconciliati
1611 1436 1731 1480 salvi
1760 1438 1927 1479 erimus
1956 1437 2006 1478 in
2035 1437 2131 1478 vita

228 1496 386 1548 ipsius.
413 1496 511 1538 Non
533 1505 645 1550 ergo
669 1494 970 1551 requiruntur
990 1500 1280 1539 sacramenta
1302 1496 1362 1540 ad
1382 1495 1580 1539 salutem
1602 1496 1875 1541 humanam.
1968 1527 1971 1530 «

283 1554 371 1599 Sed
406 1559 566 1599 contra
586 1557 801 1612 estquod
830 1557 1119 1613 Augustinus
1142 1557 1252 1601 dicit
1266 1559 1450 1611 (Contra
1472 1557 1808 1612 Faustum,lib.
1830 1570 1918 1613 xix,
1936 1569 2038 1614 cap.
2058 1560 2129 1613 ss,

227 1614 276 1659 in
297 1615 400 1672 fin.)
422 1631 435 1661 :
458 1635 480 1656 «
506 1620 557 1662 ln
576 1617 759 1663 nullum
776 1631 947 1663 nomen
968 1619 1223 1676 religionis,
1248 1632 1334 1664 seu
1357 1630 1538 1674 verum,
1560 1631 1647 1663 seu
1674 1618 1862 1675 falsum,
1879 1619 2133 1664 coadunari

226 1677 440 1724 homines
457 1685 671 1737 possunt,
689 1681 778 1726 nisi
794 1681 950 1738 aliquo
971 1681 1336 1738 signaculorum,
1354 1693 1440 1726 seu
1458 1685 1860 1726 sacramentorum
1877 1680 2133 1726 visibilium

227 1740 463 1785 consortio
482 1742 777 1798 colligentur.
807 1762 827 1782 n
855 1743 938 1788 Sed
963 1744 1279 1788 necessarium
1302 1748 1376 1787 est
1413 1743 1473 1788 ad
1491 1744 1746 1788 humanam
1767 1742 1967 1789 salutem
1983 1743 2133 1787 homi-

229 1813 313 1846 nes
331 1803 530 1848 adunari
551 1804 600 1848 in
623 1817 772 1849 unum
786 1818 909 1850 verae
931 1806 1169 1863 religionis
1186 1817 1375 1850 nomen.
1397 1807 1516 1863 Ergo
1533 1809 1824 1851 sacramenta
1839 1809 1953 1850 sunt
1969 1817 2131 1851 neces-

227 1864 349 1907 saria
365 1865 424 1910 ad
445 1866 699 1911 humanam
724 1868 940 1912 salutem.

274 1934 568 1975 CONCLUSIO.
595 1958 644 1964 —
663 1935 769 1976 Cum
788 1936 977 1977 homines
995 1937 1196 1989 corporeis
1214 1937 1334 1978 rebus
1360 1949 1431 1989 per
1453 1937 1647 1978 affectum
1670 1947 1712 1976 se
1738 1934 1940 1988 peccando
1957 1935 2131 1990 subjece-

226 1986 327 2038 rint,
343 1999 474 2040 neque
494 1988 611 2030 facile
626 1990 678 2029 ab
696 1991 748 2030 iis
762 2002 804 2030 se
822 1990 1079 2042 abstrahant,
1098 2003 1168 2043 per
1186 2003 1290 2043 quas
1301 1992 1428 2032 etiam
1442 1991 1494 2032 ad
1515 2002 1577 2031 res
1591 1991 1830 2042 spirituales
1850 1990 2129 2039 deducuntur,

227 2043 489 2094 perspicuum
507 2044 635 2085 estad
652 2045 883 2086 humanam
898 2046 1080 2087 salutem
1098 2052 1354 2088 sacramenta
1375 2058 1462 2087 esse
1476 2046 1713 2088 necessaria.

280 2107 554 2164 Respondeo
575 2108 829 2153 dicendum
865 2110 990 2166 quod
1034 2117 1323 2155 sacramenta
1352 2114 1465 2155 sunt
1486 2109 1751 2155 necessaria
1784 2110 1843 2155 ad
1875 2109 2130 2155 humanam

226 2167 442 2227 salutem,
465 2169 633 2226 triplici
652 2170 830 2215 ratione
851 2185 862 2214 z
880 2184 1080 2228 quarum
1100 2173 1250 2229 prima
1269 2171 1498 2217 sumenda
1515 2176 1587 2217 est
1605 2184 1664 2217 ex
1681 2171 1949 2216 conditione
1964 2172 2131 2217 huma-

227 2242 297 2274 nae
317 2236 512 2288 naturae,
535 2233 672 2288 qu'us
695 2234 935 2289 proprium
956 2240 1028 2279 est
1059 2240 1112 2279 ut
1133 2248 1216 2292 per
1238 2235 1497 2292 corporalia
1515 2239 1561 2279 et
1585 2234 1825 2280 sensibilia
1842 2234 1893 2278 in
1912 2235 2130 2291 spiritua-

226 2291 285 2336 lia
304 2298 350 2337 et
367 2293 675 2351 intelligibilia
698 2295 985 2353 deducatur3
1010 2297 1212 2354 pertinet
1232 2303 1390 2342 autem
1413 2297 1472 2343 ad
1495 2297 1702 2342 divinam
1720 2297 2061 2354 providentiam
2076 2303 2131 2344 ut

226 2354 480 2413 unicuique
502 2356 566 2400 rei
588 2357 830 2413 provideat
849 2360 1111 2403 secundum
1144 2361 1336 2404 modum
1362 2373 1462 2405 suae
1486 2359 1766 2404 conditionis
1790 2375 1801 2403 ε
1826 2363 1874 2404 et
1887 2359 1993 2405 ideo
2014 2372 2127 2405 con-

226 2416 467 2463 venienter
484 2418 643 2463 divina
670 2419 898 2475 sapientia
927 2420 1101 2465 homini
1136 2423 1307 2466 auxilia
1333 2421 1498 2466 salutis
1529 2422 1711 2466 confert
1734 2420 1824 2465 sub
1843 2420 2125 2478 quibusdam

225 2479 546 2537 corporalibus
586 2485 630 2525 et
666 2481 969 2527 sensibilibus
1000 2483 1162 2539 signis,
1200 2496 1307 2540 quae
1329 2487 1622 2528 sacramenta
1655 2483 1891 2527 dicuntur.
1915 2484 2126 2530 Secunda

224 2541 342 2586 ratio
382 2542 612 2587 sumenda
633 2548 706 2587 est
727 2557 785 2587 ex
804 2549 930 2589 statu
960 2545 1178 2602 hominis,
1203 2547 1283 2602 qui
1303 2545 1541 2603 peccando
1577 2557 1628 2590 se
1654 2543 1862 2590 subdidit
1884 2558 1970 2602 per
1993 2547 2125 2593 affec-

225 2608 325 2650 tum
344 2605 666 2663 corporalibus
697 2606 854 2651 rebus.
880 2608 943 2652 Ibi
978 2615 1134 2654 autem
1178 2609 1316 2654 debet
1347 2608 1623 2654 medicinale
1659 2608 1917 2654 remedium
1948 2610 2126 2656 homini

224 2667 432 2713 adhiberi
448 2667 528 2713 ubi
549 2668 723 2725 patitur
744 2669 979 2715 morbum.
1000 2674 1053 2715 Et
1070 2672 1173 2717 ideo
1192 2672 1480 2717 conveniens
1503 2670 1592 2715 fuit
1607 2674 1659 2715 ut
1671 2673 1794 2715 Deus
1815 2683 1898 2727 per
1912 2673 2125 2729 quaedam

223 2730 482 2787 corporalia
504 2730 639 2787 signa
659 2731 833 2776 homini
870 2733 1161 2789 spiritualem
1196 2733 1474 2778 medicinam
1495 2732 1763 2787 adhiberet3
1790 2745 1901 2777 nam
1925 2734 1966 2779 si
1988 2735 2127 2792 spiri-

223 2791 368 2836 tualia
391 2792 519 2837 nuda
540 2793 582 2838 ei
606 2799 990 2851 proponerentur,
1020 2796 1088 2841 eis
1111 2795 1297 2840 animus
1316 2795 1538 2852 applicari
1560 2794 1656 2839 non
1677 2800 1852 2852 posset,
1872 2798 2124 2853 corporali·

223 2854 314 2898 bus
339 2854 538 2899 deditus,
557 2855 706 2900 Tertia
733 2863 889 2901 autem
912 2857 1030 2902 ratio
1049 2859 1280 2903 sumenda
1299 2862 1370 2902 est
1390 2870 1447 2902 ex
1480 2856 1636 2903 studio
1659 2857 1855 2903 actionis
1889 2858 2119 2908 humanae.

223 2927 329 2972 quae
348 2917 585 2974 praecipue
604 2918 729 2962 circa
747 2919 1003 2976 corporalia
1023 2926 1251 2966 versatur.
1275 2922 1338 2965 Ne
1375 2933 1487 2977 ergo
1521 2924 1648 2966 esset
1679 2919 1857 2965 homini
1874 2920 2063 2979 durum,
2084 2922 2123 2968 si

223 2977 423 3024 totaliter
442 2979 469 3023 a
483 2981 803 3037 corporalibus
821 2983 1003 3027 actibus
1025 2984 1388 3038 abstraheretur,
1411 2982 1647 3041 proposita
1662 2986 1774 3028 sunt
1793 2982 1835 3027 ei
1867 2983 2124 3040 corporalia

223 3040 441 3085 exercitia
458 3040 507 3085 in
527 3043 849 3099 sacramentis,
867 3044 1039 3100 quibus
1054 3045 1302 3090 salubriter
1321 3048 1595 3089 exerceatur
1614 3043 1671 3089 ad
1695 3044 1913 3089 evitanda
1932 3057 2122 3102 supers-

223 3101 378 3148 titiosa
405 3103 639 3162 exercitia,
666 3118 772 3162 quae
791 3107 1056 3151 consistunt
1086 3108 1133 3151 in
1154 3108 1283 3152 cultu
1316 3108 1600 3164 daemonum,
1623 3106 1700 3152 vel
1721 3107 2122 3166 qualitercumque
2156 3134 2159 3138 ι

224 3164 378 3219 noxia,
403 3176 509 3220 quae
531 3166 795 3211 consistunt
818 3168 866 3211 in
890 3169 1072 3213 actibus
1094 3174 1409 3226 peccatorum.
1436 3169 1507 3214 Sic
1529 3169 1672 3225 igitur
1692 3181 1778 3225 per
1804 3173 2121 3214 sacramento-

223 3237 327 3269 rum
342 3225 681 3272 institutionem
702 3230 840 3274 homo
860 3229 1191 3275 convenienter
1213 3244 1311 3276 suae
1330 3236 1511 3276 naturae
1529 3231 1741 3276 eruditur
1755 3243 1839 3288 per
1857 3231 2117 3288 sensibilia3

262 3364 305 3403 ,4)
323 3363 622 3399 Sacramentorum
644 3367 876 3402 necessitatem
895 3368 943 3402 sic
971 3368 1126 3404 delinivit
1211 3370 1303 3410 lenis
1325 3380 1402 3404 non
1429 3379 1502 3405 esse
1527 3369 1577 3402 ad
1606 3369 1766 3403 salutem
1788 3371 2026 3409 necessaria,
2054 3367 2118 3403 sed

223 3412 403 3445 concilium
434 3413 679 3447 ‘tridentinum
711 3418 800 3454 (sess.
828 3425 878 3449 vn
912 3417 958 3450 De
983 3428 1125 3451 sacram.
1210 3420 1446 3461 superflua...
1465 3423 1666 3451 anamema
1683 3423 1748 3452 sit.

221 3469 292 3500 cap.
316 3459 349 3501 l«)
377 3473 385 3494 ε
416 3460 558 3504 Siquis
591 3462 733 3497 dixerit
763 3468 1002 3499 &attramento
1031 3458 1125 3501 7³02>ae
