2170 3808
154 239 236 280 176
834 239 1033 291 QUAEST.
1064 238 1178 295 XIX,
1206 240 1327 304 ART,
1350 239 1385 283 1.

153 324 311 365 tamen
331 319 380 363 in
405 319 584 364 Christo
606 317 775 375 agonia
797 323 1027 375 quantum
1059 320 1118 364 ad
1137 325 1317 376 partem
1340 320 1628 374 sensitivam,
1652 319 1913 365 secundum
1932 322 2057 378 quod

84 425 86 427 ,
153 382 373 439 importat
397 382 607 425 timorem
627 381 867 426 infortunii
902 382 1206 440 imminentis,
1237 387 1292 427 ut
1322 382 1432 428 dicit
1460 385 1775 428 Damascenus
1804 383 1947 438 (Orth.
1974 383 2056 427 fid.

79 497 85 501 ἱ
154 444 239 488 lib.
261 456 323 499 ιιι,
346 455 451 499 cap.
471 445 545 498 18,
565 441 593 485 ὲ
607 442 732 487 med.
757 448 805 487 et
823 456 924 500 cap.
943 447 998 488 20
1014 449 1059 489 et
1074 446 1162 498 23).

857 566 1177 651 QUAESTIO‘
1204 587 1346 642 xix.

152 703 215 740 DE
246 704 624 742 PERTINENTIBUS
656 706 716 741 An
749 706 991 741 UNITATEM
1024 705 1211 740 CHRISTI
1245 705 1472 748 QUANTUM
1511 706 1572 742 An
1611 704 1974 754 ΟΡΕΒΑΤῙΟΝΕΜ,
2009 704 2058 741 IN

744 766 964 809 QUATUOR
997 767 1256 803 ARTICULOS
1288 767 1458 804 DIVISA.

201 857 356 897 Deinde
377 856 719 897 considerandum
733 860 796 896 est
813 856 863 897 de
882 857 1041 896 unitate
1062 856 1311 907 operationis
1330 856 1508 907 Christi;
1527 860 1568 897 et
1589 858 1695 898 eirca
1714 857 1790 897 hoe
1813 859 2059 908 quaeruntur

150 915 358 963 quatuor:
385 917 421 951 1⁰
436 911 585 952 Utrum
599 911 644 951 in
656 911 817 952 Christo
835 912 891 951 sit
908 923 993 951 una
1008 913 1187 963 operatio
1206 912 1440 952 divinitatis
1456 916 1496 953 et
1510 912 1801 962 humanitatis,
1823 913 1887 951 vel
1905 911 2056 963 plures.

152 989 201 997 —
221 974 258 1006 9,ο
286 967 435 1007 Utrum
457 966 503 1006 in
526 966 688 1006 Christo
707 966 792 1006 sint
818 967 957 1018 plures
985 967 1241 1018 operationes
1267 967 1497 1008 secundum
1526 967 1757 1007 humanam
1783 969 1992 1007 naturam.
2009 987 2059 996 --

152 1027 194 1061 3⁰
217 1023 365 1063 Utrum
394 1021 583 1062 Christus
614 1021 845 1062 secundum
878 1022 1110 1062 humanam
1145 1022 1425 1074 operationem
1457 1022 1618 1073 aliquid
1654 1022 1736 1062 sibi
1764 1022 1974 1063 meruerit.
2010 1041 2058 1050 —-

153 1081 193 1115 4⁰
212 1077 362 1117 Utrum
382 1089 452 1128 per
469 1087 561 1117 eam
580 1076 742 1128 aliquid
763 1079 961 1118 meruerit
982 1079 1116 1118 nobis.

152 1142 499 1183 ARTICULUS
530 1143 568 1184 1.
600 1163 654 1171 —-
687 1153 828 1183 urium
861 1154 902 1183 m
926 1154 1103 1184 cnmsro
1134 1154 1197 1184 srr
1219 1154 1297 1184 uria
1325 1154 1486 1184 TANTUM
1515 1153 1714 1185 οΡΕιιΛΤιο
1738 1152 1984 1185 ,oivmin‘ns
2003 1152 2059 1184 m·

921 1215 1201 1246 nummnris
1218 1205 1294 1258 (1).

152 1271 203 1305 De
224 1268 278 1304 his
292 1270 394 1305 etiam
411 1270 515 1310 infra,
536 1275 652 1313 quaest.
671 1279 753 1314 xxv,
773 1274 839 1307 art.
859 1272 872 1306 l
893 1271 935 1306 ad
951 1271 986 1313 2,
1003 1275 1038 1306 ct
1063 1272 1159 1306 Sent.
1183 1279 1239 1312 111,
1262 1271 1341 1306 ‹list-
1358 1270 1413 1314 40,
1435 1275 1553 1312 quaest.
1571 1280 1598 1311 1,
1616 1274 1683 1306 art.
1701 1270 1735 1311 2.
1754 1273 1871 1313 quast.
1886 1280 1900 1306 l
1915 1269 1957 1305 ad
1971 1271 2005 1312 5,
2025 1280 2060 1311 et

193 1318 272 1353 dist.
297 1320 348 1358 ⁴8.
366 1324 430 1354 art.
447 1320 480 1361 4,
502 1323 537 1354 et
554 1321 652 1354 Cont.
671 1324 762 1361 gent.
779 1319 842 1354 lib.
860 1328 909 1361 lv,
927 1330 1003 1361 cap.
1020 1320 1076 1361 56,
1092 1324 1126 1354 et
1139 1319 1189 1354 De
1202 1331 1275 1355 ver.
1291 1323 1409 1362 quaest.
1429 1327 1486 1361 n,
1503 1325 1568 1355 art.
1594 1320 1604 1354 Ι
1626 1319 1668 1354 ad
1690 1319 1714 1354 2
1728 1324 1763 1354 et
1779 1321 1812 1361 6,
1827 1323 1864 1354 et
1879 1331 1940 1354 un.
1955 1326 2021 1354 art.
2039 1321 2054 1353 t

194 1367 237 1403 ad
253 1367 306 1409 46,
323 1372 356 1402 et
371 1371 438 1402 art.
452 1369 487 1410 5,
505 1371 541 1402 et
556 1368 680 1410 opusc.
699 1377 739 1408 11,
757 1379 829 1409 cap.
848 1368 924 1403 2114.

206 1422 273 1467 Ad
306 1421 511 1479 primum
544 1422 613 1466 sie
644 1421 927 1479 proceditur.
955 1426 1000 1467 1.
1027 1422 1214 1467 Videtur
1243 1421 1368 1479 quod
1400 1422 1448 1466 in
1471 1421 1650 1466 Christo
1672 1421 1732 1467 sit
1762 1434 1857 1466 una
1876 1420 2059 1466 tantum

150 1483 360 1542 operatio
389 1483 650 1528 Divinitatis
680 1488 728 1528 et
756 1483 1075 1529 humanitatis.
1102 1484 1217 1528 Dicit
1248 1483 1374 1529 enim
1405 1483 1653 1541 Dionysius
1683 1486 1760 1534 (De
1796 1483 1890 1527 div.
1930 1494 2058 1526 nom.

150 1559 255 1603 cap.
277 1550 318 1602 2,
338 1546 366 1590 a
384 1546 509 1591 med.
530 1546 727 1601 lect.[3):
751 1565 772 1584 «
788 1546 991 1591 Discreta
1005 1550 1162 1591 autem
1181 1550 1254 1590 est
1268 1546 1607 1601 benignissima
1620 1557 1733 1602 erga
1753 1557 1840 1589 nos
1854 1544 1929 1589 Dei
1946 1556 2061 1600 ope-

150 1610 270 1653 ratio
293 1621 377 1665 per
399 1609 489 1652 hoc
510 1608 636 1665 quod
659 1609 920 1654 secundum
952 1620 1040 1653 nos
1063 1620 1122 1653 ex
1152 1608 1288 1653 nohis
1315 1607 1498 1665 integre
1526 1608 1728 1665 vereque
1752 1608 2059 1652 humanatum

150 1675 224 1716 est
231 1670 431 1715 Verbum
441 1670 908 1728 supersubstantiale,
922 1675 968 1716 et
978 1675 1238 1728 operatum,
1253 1675 1300 1716 et
1311 1683 1504 1728 passum
1519 1682 1830 1727 quaecumque
1843 1670 2061 1715 humanae

151 1731 256 1790 eJ'us
289 1733 552 1790 divinaeque
574 1734 831 1791 operationi
854 1738 1151 1790 congruunt3
1175 1751 1195 1773 »
1233 1733 1315 1778 ubi
1336 1745 1482 1777 unam
1513 1733 1830 1790 operationem
1851 1731 2062 1776 nominat

151 1796 407 1840 humanam
426 1800 473 1840 et
495 1795 719 1853 divinam,
744 1808 849 1853 quae
868 1796 918 1840 in
937 1807 1091 1852 graeco
1113 1795 1284 1840 dieitur
1305 1793 1515 1851 οεανδρικῆ,
1540 1794 1587 1839 id
1605 1802 1694 1851 est,
1707 1794 1781 1840 dei
1797 1793 1960 1839 virilis.
1983 1793 2061 1838 Vi·-

151 1857 291 1902 detur
315 1857 457 1913 igitur
480 1869 587 1902 esse
606 1869 705 1902 una
726 1858 933 1914 operatio
956 1857 1214 1913 composita
1234 1856 1282 1901 in
1305 1857 1501 1902 Christo.

207 1946 250 1964 ι..
269 1922 512 1977 Praeterea,
536 1919 803 1976 principalis
821 1919 1004 1976 agentis
1023 1924 1070 1964 et
1084 1919 1384 1964 instrumenti
1408 1923 1480 1964 est
1498 1931 1594 1964 una
1616 1919 1717 1964 sola
1729 1917 1952 1977 operatio·
1970 1919 2060 1964 Sed

152 1982 358 2026 humana
383 1986 551 2027 natura
569 1982 620 2027 in
640 1982 817 2027 Christo
841 1982 930 2027 fuit
950 1981 1316 2026 instrumentum
1345 1981 1530 2039 divinae,
1550 1985 1605 2026 ut
1626 1994 1770 2039 supra
1790 1981 1967 2027 dictum
1988 1985 2061 2028 est

153 2046 336 2100 (quaest.
359 2058 451 2101 xm,
484 2047 571 2089 art.
602 2047 630 2089 2
651 2048 699 2089 et
720 2047 783 2100 3).
820 2047 940 2101 Ergo
977 2044 1142 2089 eadem
1174 2048 1247 2089 est
1276 2044 1447 2089 divinae
1478 2048 1527 2089 et
1548 2044 1767 2089 humanae
1803 2049 1983 2089 naturae
2009 2042 2060 2088 in

151 2106 330 2151 Christo
348 2106 572 2163 operatio.

206 2171 250 2212 3.
282 2171 522 2223 Praeterea,
543 2171 652 2213 cum
673 2168 723 2213 in
749 2168 929 2214 Christo
957 2168 1054 2212 sint
1071 2167 1178 2213 duae
1200 2172 1380 2212 naturae
1398 2167 1448 2212 in
1469 2180 1567 2212 una
1583 2165 1824 2225 hypostasi
1846 2166 1923 2211 vel
1952 2178 2060 2223 per-

149 2243 284 2287 sona,
308 2229 627 2275 necessarium
657 2235 731 2275 est
759 2242 910 2274 unum
932 2234 980 2274 et
1000 2229 1125 2274 idem
1150 2241 1255 2273 esse
1275 2229 1393 2275 illud
1422 2229 1550 2287 quod
1571 2229 1771 2287 pertinet
1803 2228 1864 2274 ad
1881 2229 2060 2287 hypos-

150 2292 288 2337 tasim
307 2292 382 2336 vel
402 2304 668 2348 personam.
693 2292 782 2337 Sed
815 2291 1024 2348 operatio
1046 2291 1247 2348 pertinet
1281 2291 1341 2336 ad
1358 2292 1650 2350 hypostasim
1674 2291 1749 2337 vel
1781 2303 2056 2349 personam3

150 2354 268 2399 nihil
290 2354 415 2399 enim
429 2358 649 2410 operatur
668 2355 759 2399 nisi
776 2354 1069 2410 suppositum
1096 2352 1386 2410 subsistens3
1408 2355 1552 2407 unde,
1574 2354 1835 2400 seeundum
1852 2354 2060 2400 Philoso-

151 2418 297 2474 phum
319 2417 528 2473 (Metaph.
552 2416 633 2461 lib.
654 2431 685 2475 ι,
705 2416 814 2460 cire.
839 2416 1023 2472 princ.)‚
1044 2423 1178 2460 actus
1193 2420 1306 2460 sunt
1322 2416 1650 2473 singularium.
1671 2419 1791 2474 Ergo
1812 2416 1861 2460 in
1879 2416 2060 2462 Christo

150 2483 224 2523 est
236 2490 334 2523 una
355 2481 404 2522 et
423 2478 587 2523 eadem
609 2477 818 2534 operatio
839 2477 1095 2523 divinitatis
1112 2481 1160 2523 et
1177 2477 1499 2524 humanitatis.

206 2543 249 2585 4.
266 2542 509 2595 Praeterea,
525 2540 663 2585 sicuti
678 2551 783 2585 esse
802 2544 873 2584 est
887 2540 1156 2597 hypostasis
1172 2540 1488 2594 subsistentis,
1509 2540 1575 2586 ita
1594 2540 1736 2585 etiam
1753 2540 1953 2598 operari.
1971 2541 2059 2587 Sed

150 2606 340 2660 propter
358 2602 587 2648 unitatem
604 2601 873 2659 hypostasis
887 2607 961 2646 est
981 2601 1028 2646 in
1048 2602 1230 2647 Christo
1246 2615 1396 2647 unum
1416 2614 1538 2656 esse,
1563 2607 1616 2647 ut
1635 2614 1780 2659 supra
1798 2603 1973 2648 dictum
1988 2610 2059 2649 est

151 2668 333 2723 (quaest.
366 2678 468 2720 xvn,
501 2668 591 2710 art.
620 2667 681 2720 2).
705 2666 825 2720 Ergo
850 2664 990 2709 etiam
1019 2669 1208 2722 propter
1229 2666 1443 2710 eamdem
1465 2665 1695 2710 unitatem
1713 2669 1786 2710 est
1812 2663 1862 2709 in
1881 2664 2059 2710 Christo

152 2739 247 2771 una
261 2726 483 2783 operatio.

208 2792 252 2834 5.
275 2792 516 2844 Praeterea,
534 2788 617 2833 ubi
635 2793 707 2834 est
723 2802 875 2834 unum
897 2793 1158 2846 operatum,
1177 2789 1240 2834 ibi
1258 2793 1331 2836 est
1343 2802 1440 2835 una
1461 2788 1684 2847 operatio,
1701 2788 1791 2835 Sed
1807 2788 1932 2834 idem
1947 2801 2058 2847 ope·

150 2855 306 2895 ratum
323 2850 429 2895 ‘erat
452 2850 706 2896 divinitatis
725 2855 772 2896 et
799 2851 1116 2910 humanitatis,
1152 2851 1274 2896 sicut
1304 2851 1486 2896 sanatio
1506 2850 1691 2908 leprosi,
1721 2851 1796 2896 vel
1818 2851 2059 2898 suscitatio

152 2911 339 2957 mortui.
359 2914 478 2969 Ergo
497 2912 683 2957 videtur
703 2912 830 2970 quod
850 2912 899 2957 in
923 2912 1103 2958 Christo
1126 2914 1188 2958 sit
1199 2913 1298 2958 una
1316 2914 1500 2958 tantum
1519 2913 1724 2970 operatio
1744 2913 1996 2959 divinitatis
2011 2918 2058 2960 et

151 2974 472 3019 humanitatis.

212 3037 299 3082 Sed
323 3041 483 3081 contra
504 3042 577 3082 est
598 3038 725 3095 quod
743 3038 1013 3083 Ambrosius
1032 3038 1143 3083 dicit
1164 3038 1261 3093 (lib.
1278 3052 1326 3095 n,
1348 3039 1408 3083 ad
1427 3038 1696 3084 Gratianum
1712 3038 2056 3096 imperatorem,

88 3118 102 3124 -
152 3097 253 3142 scil.
279 3101 341 3142 De
361 3098 467 3155 fide,
488 3111 590 3155 cap.
615 3103 661 3154 4,
681 3099 908 3156 aliquant.
925 3099 952 3142 a
966 3099 1160 3156 prInc.):
1177 3117 1197 3138 «
1211 3099 1450 3153 Quomodo
1462 3100 1625 3145 eadem
1641 3099 1847 3157 operatio
1862 3101 2057 3146 diversae

153 3163 279 3203 esset
293 3160 559 3215 potestatis?
576 3160 810 3218 Numquid
830 3161 897 3205 sic
921 3166 1075 3218 potest
1090 3161 1259 3217 minor,
1281 3162 1676 3218 quemadmodum
1694 3163 1842 3218 major
1858 3162 2056 3219 operari,

153 3227 235 3267 aut
252 3234 348 3266 una
366 3222 571 3279 operatio
590 3227 743 3279 potest
767 3236 888 3281 esse,
908 3224 990 3269 ubi
1011 3224 1197 3270 diversa
1215 3224 1477 3270 substantia
1495 3229 1593 3270 est?
1614 3243 1635 3263 2»

194 3347 240 3389 (l)
255 3345 415 3386 Negative
436 3345 617 3386 respondet
635 3347 671 3381 S.
691 3347 817 3381 Doctor
835 3352 869 3382 et
895 3348 966 3383 haec
983 3349 1064 3383 doc·
1151 3349 1356 3390 haereticos,
1387 3350 1456 3385 Dei
1481 3350 1630 3385 virilem
1658 3351 1911 3393 operationem
1940 3360 2057 3384 unam

155 3395 247 3429 trina
263 3401 312 3429 est
338 3395 420 3429 fidei
439 3394 581 3428 delinita
603 3394 640 3428 in
655 3406 727 3435 syn.
748 3403 798 3436 vl,
815 3401 879 3429 act.
894 3397 946 3437 47,
967 3402 1001 3431 et
1028 3397 1065 3431 in
1150 3397 1381 3440 insipienter
1398 3398 1569 3441 suscipit,
1590 3400 1624 3432 et
1656 3407 1733 3431 non
1762 3398 1949 3440 duplicem
1975 3406 2052 3430 eam

152 3455 226 3483 syn.
241 3443 314 3477 Lat.
329 3442 392 3477 snb
405 3442 554 3476 Martino
571 3443 600 3482 Ι,
620 3454 694 3477 can.
711 3441 764 3482 ⁴0,
783 3443 835 3484 Η,
859 3444 913 3484 «12,
929 3445 983 3484 15,
1002 3445 1063 3486 Μ,
1151 3447 1360 3486 confitetur,
1373 3446 1438 3480 hoc
1454 3452 1518 3488 est,
1531 3446 1698 3480 divinam
1714 3448 1747 3481 et
1766 3446 1965 3480 humanam
1977 3470 1987 3484 .
2003 3444 2053 3479 sit

153 3503 301 3533 quorum
317 3491 460 3527 ultimus
472 3491 519 3526 ita
526 3503 559 3526 se
567 3490 668 3527 habet
680 3503 688 3526 ς
698 3491 743 3525 Si
753 3491 848 3536 quis,
864 3493 1065 3528 secundam
1150 3493 1424 3530 condemnatus.
