2170 3808
778 195 984 246 QUAEST.
1015 197 1106 248 Vll,
1130 197 1251 239 ART.
1283 197 1352 239 IX.
1953 197 2019 240 77‘

124 278 197 320 est
220 273 257 332 (1
282 277 325 328 2,
351 274 514 330 quaest.
541 280 612 324 (1Χ,
638 272 724 314 art.
749 272 775 313 4
798 269 855 313 ad
883 269 937 326 1).
965 270 1054 314 Sed
1079 271 1129 313 in
1161 270 1343 320 Christo
1382 280 1476 314 non
1514 270 1700 314 fuerunt
1733 281 1897 315 omnes
1917 271 2009 315 vir-

123 341 278 390 tutes3
303 345 399 379 non
423 333 547 378 enim
572 331 659 375 fuit
680 331 732 375 in
763 342 818 375 eo
842 331 974 385 fides,
997 342 1149 387 neque
1173 342 1297 386 Spes,
1322 335 1374 376 ut
1406 336 1649 377 ostensum
1683 335 1754 377 est
1779 332 1881 389 (art.
1907 336 1930 377 3
1966 336 2011 377 et
2079 344 2083 351 ·

122 402 150 443 4
172 398 269 454 huj.
296 395 494 454 quaest).
523 396 642 450 Ergo
667 392 718 437 in
743 393 926 438 Christo
950 404 1047 437 non
1070 394 1158 437 fuit
1192 394 1352 450 gratiae.
1374 394 1632 449 plenitudo.

177 463 220 505 2.
246 461 488 510 Praeterea,
514 455 636 500 sicut
652 458 778 509 patet
800 466 858 499 ex
890 455 965 500 his
1003 466 1106 511 quae
1129 453 1177 498 in
1218 456 1426 500 secunda
1456 460 1585 511 parte
1612 456 1735 501 dicta
1758 460 1867 502 sunt
1892 456 1929 514 (1
1965 461 2008 512 2,

122 524 287 579 quaest.
313 530 404 574 cxl,
429 521 512 563 art.
535 516 595 574 2),
620 516 771 573 gratia
798 516 1019 561 dividitur
1055 517 1106 560 in
1139 520 1409 571 operantem
1446 521 1491 561 et
1525 523 1868 575 cooperantem.
1895 521 2011 576 Ope-

122 594 235 628 rans
258 585 412 628 autem
449 579 599 637 gratia
621 578 792 623 dicitur
826 590 910 634 per
933 590 1072 635 quam
1106 578 1389 634 J'ustificatur
1417 578 1590 634 impius
1614 595 1625 635 ;
1661 582 1786 638 quod
1823 582 2012 639 quidem

123 655 220 691 non
243 642 405 690 habuit
432 643 589 687 locum
626 641 676 685 in
715 641 915 695 Christe,
952 642 1032 697 qui
1073 652 1315 697 nunquam
1353 641 1587 698 subjacuit
1623 643 1764 688 alicui
1801 648 2009 701 peccato,

123 709 243 762 Ergo
263 707 313 750 in
337 705 520 750 Christo
545 714 641 748 non
665 704 754 748 fuit
775 703 1016 759 plenitudo
1040 704 1217 761 gratiae.

178 772 220 813 3.
245 769 472 812 Praeterea
496 765 687 822 (Jacobi,
706 765 841 822 1,17),
867 765 1037 810 dicitur
1061 780 1071 810 ε
1098 767 1226 810 Omne
1248 766 1397 810 datum
1419 768 1639 823 optimum,
1660 771 1701 811 et
1717 781 1836 812 omne
1855 770 2014 814 donum

117 831 356 887 perfectum
379 828 601 871 desursum
637 830 710 876 est,
736 827 988 872 descendens
1012 830 1039 871 ὰ
1059 830 1188 872 Patre
1211 829 1434 874 luminum.
1461 830 1550 874 Sed
1590 831 1715 886 quod
1753 831 2012 887 descendit,

124 892 324 939 habetur
358 889 715 945 particulariter,
741 894 786 934 et
829 901 925 934 11011
962 890 1114 945 plene.
1151 893 1270 947 Ergo
1312 891 1443 936 nulla
1484 897 1709 947 creatura,
1750 904 1835 938 nec
1872 894 2013 939 etiam

123 955 282 1000 anima
306 953 491 1006 Christi,
516 955 671 1007 potest
699 952 869 996 hahere
892 952 1232 1007 plenitudinem
1253 953 1484 998 donorum
1507 954 1682 1010 gratiae.

179 1015 267 1060 Sed
301 1017 447 1057 eontra
470 1018 541 1058 est
571 1013 695 1069 quod
721 1013 889 1058 dicitur
913 1013 1059 1070 (Joan.
1084 1025 1117 1068 1,
1145 1013 1211 1070 14)
1235 1028 1245 1059 :
1276 1015 1472 1059 Vidimus
1497 1029 1589 1059 eum
1602 1017 1779 1070 plenum
1801 1020 1953 1071 qratiae
1975 1021 2016 1062 et

121 1079 316 1121 veritatis
341 1075 416 1132 (1).

175 1145 463 1186 CONCLUSIO.
493 1166 543 1174 -—
564 1145 659 1184 Cim}
695 1146 822 1184 anima
857 1145 998 1183 Christi
1020 1145 1042 1184 a
1065 1146 1257 1195 principio
1278 1158 1362 1187 suae
1384 1149 1653 1196 conceptionis
1683 1150 1802 1190 fuerit
1824 1150 2015 1190 divinitati

122 1199 245 1246 unita,
266 1203 306 1238 01
330 1197 545 1236 universale
569 1197 799 1245 principium
835 1195 950 1234 fuerit
975 1198 1147 1235 omnium
1171 1198 1398 1238 habentium
1420 1201 1614 1249 gratiam;
1640 1202 1679 1240 in
1708 1213 1754 1241 ea
1775 1201 1899 1242 fuisse
1921 1202 2012 1252 ple-

100 1251 340 1290 ‘nitudinem
369 1249 541 1288 omnium
567 1249 777 1297 gratiarum
800 1251 1064 1287 necessarium
1087 1249 1172 1288 fuit.

180 1313 457 1368 Respondeo
482 1312 731 1356 dicendum
767 1311 891 1368 qued
912 1313 1047 1367 plene
1073 1313 1243 1358 dicitur
1265 1314 1426 1360 haberi
1461 1317 1586 1373 quod
1605 1317 1805 1372 perfecte
1830 1322 1875 1362 et
1895 1322 2014 1364 tota-

123 1377 230 1420 liter
252 1375 464 1420 habetur.
486 1374 707 1419 Totalitas
731 1379 885 1419 autem
909 1379 954 1419 et
981 1376 1204 1431 perfectio
1239 1382 1393 1431 potest
1416 1379 1590 1424 attendi
1616 1380 1890 1435 dupliciter:
1917 1392 2013 1426 uno

123 1439 264 1484 modo
289 1438 515 1494 quantum
539 1438 596 1481 ad
621 1437 924 1493 quantitatem
959 1439 1059 1494 ejus
1094 1439 1403 1495 intensivam3
1424 1442 1536 1497 puta
1568 1443 1609 1487 si
1636 1443 1786 1486 dicam
1812 1443 2014 1499 aliquem

123 1500 260 1556 plene
283 1499 453 1543 habere
472 1498 750 1550 albedinem,
767 1500 806 1543 si
827 1500 994 1543 haheat
1018 1510 1120 1544 eam
1144 1506 1574 1559 quantumcumque
1599 1508 1708 1548 nata
1729 1508 1800 1548 est
1824 1505 2012 1549 haberi:

124 1562 218 1607 alio
242 1561 381 1606 modo
406 1561 665 1605 secundum
692 1561 937 1615 virtutem3
965 1567 1076 1616 puta
1110 1562 1151 1606 si
1189 1563 1360 1619 aliquis
1389 1565 1569 1609 dicatur
1591 1565 1726 1620 plene
1759 1566 1928 1610 habere
1952 1566 2016 1610 vi-

122 1627 234 1679 tam,
250 1623 360 1680 quia
379 1624 518 1668 habet
535 1635 637 1668 eam
655 1623 913 1669 secundum
933 1635 1099 1670 omnes
1115 1623 1310 1671 effectus
1323 1628 1396 1671 vel
1421 1639 1562 1683 opera
1576 1629 1703 1682 vitae3
1728 1631 1771 1672 et
1791 1628 1860 1673 sic
1877 1628 2018 1687 habet

131 1687 267 1744 plene
295 1688 439 1732 vitam
458 1688 613 1744 homo,
630 1700 726 1732 non
758 1692 913 1732 autem
940 1687 1130 1731 brutum
1149 1687 1320 1731 animal
1349 1687 1423 1731 vel
1441 1688 1615 1744 planta.
1638 1690 1839 1745 Utroque
1857 1693 2014 1734 autem

132 1750 268 1795 modo
299 1751 505 1795 Christus
541 1750 701 1795 h'abuit
736 1750 894 1808 gratiae
919 1749 1275 1806 plenitudinem.
1298 1749 1449 1794 Primo
1478 1750 1689 1807 quidem,
1715 1751 1824 1807 quia
1852 1750 2015 1796 habuit

132 1822 234 1855 eam
255 1811 303 1855 in
324 1823 525 1867 summo,
548 1813 807 1858 secundum
840 1811 1228 1868 perfectissimum
1259 1811 1448 1856 modum
1474 1825 1566 1868 quo
1588 1813 1747 1856 haberi
1770 1817 1936 1869 potest.
1960 1817 2014 1858 Et

131 1873 219 1916 1100
250 1872 438 1930 (1111(10111
472 1882 691 1930 apparet,
714 1874 864 1932 primo
886 1886 945 1917 ex
976 1873 1320 1930 propinquitate
1342 1874 1508 1917 animae
1543 1875 1707 1918 Christi
1738 1874 1795 1918 ad
1822 1888 2012 1919 causam

132 1933 307 1990 gratiae.
324 1934 501 1978 Dictum
518 1939 590 1978 est
608 1935 735 1979 enim
756 1938 856 1990 (art.
878 1938 899 1979 1
926 1935 1023 1992 huj.
1046 1937 1248 1991 quaest.),
1271 1934 1393 1990 quod
1415 1937 1587 1991 quanto
1612 1936 1798 1992 aliquod
1820 1938 2014 1994 recepti·

132 2008 244 2040 vum
264 1995 572 2053 propinquius
601 2002 672 2041 est
691 2009 843 2041 causae
870 1992 1097 2052 influenti,
1121 1996 1246 2040 tanto
1277 1996 1593 2042 abundantius
1615 1998 1792 2053 recipit.
1824 2001 1877 2043 Et
1908 1999 2014 2044 ideo

132 2057 287 2101 anima
321 2057 504 2113 Christi,
533 2070 637 2114 quae
667 2058 973 2115 propinquius
1005 2058 1305 2114 conjungitur
1329 2061 1419 2102 Deo
1447 2059 1567 2102 inter
1585 2071 1748 2102 omnes
1777 2065 2013 2105 creaturas

131 2118 394 2177 rationales,
416 2118 667 2162 maximam
685 2119 847 2175 recipit
867 2119 1158 2163 influentiam
1186 2119 1348 2174 gratiae
1368 2119 1489 2175 ejus.
1515 2119 1724 2163 Secundo
1743 2132 1801 2163 ex
1822 2134 2013 2178 compa-

131 2180 308 2225 ratIOne
331 2180 434 2237 ers
453 2180 510 2224 ad
530 2180 761 2225 effectum.
788 2181 859 2224 Sic
877 2180 1003 2225 enim
1022 2180 1272 2236 recipiebat
1292 2180 1445 2224 anima
1468 2181 1631 2225 Christi
1655 2181 1869 2237 gratiam,
1884 2189 1935 2228 ut
1955 2196 2012 2228 ex

131 2253 187 2287 ea
209 2241 550 2299 quodammodo
576 2242 982 2286 transfunderetur
1012 2241 1060 2285 in
1084 2241 1216 2285 alios.
1243 2243 1297 2285 Et
1318 2241 1421 2286 ideo
1447 2242 1650 2299 oportuit
1670 2242 1794 2299 quod
1823 2243 2014 2290 haberet

131 2304 381 2348 maximam
412 2303 634 2360 gratiam3
661 2303 781 2347 sicut
805 2303 945 2360 ignis,
968 2304 1048 2360 qui
1074 2307 1144 2348 051
1172 2315 1314 2347 causa
1334 2303 1500 2347 caloris
1523 2304 1570 2347 in
1595 2304 1813 2349 omnibus
1831 2306 2010 2365 calidis,

132 2370 203 2411 est
215 2365 415 2410 maxime
430 2365 620 2410 calidus.
646 2390 699 2396 —
722 2366 936 2410 Similiter
954 2365 1094 2410 etlam
1113 2368 1340 2421 quantum
1362 2365 1421 2409 ad
1441 2364 1660 2410 virtutem
1679 2366 1852 2423 gratiae,
1874 2368 2013 2425 plene

131 2427 292 2473 habuit
306 2427 503 2484 gratiam
517 2443 528 2484 ς
547 2428 655 2484 quia
669 2427 830 2472 habuit
844 2440 947 2472 eam
964 2428 1026 2472 ad'
1041 2439 1204 2472 omnes
1222 2428 1514 2483 operationes
1531 2428 1602 2472 vel
1620 2429 1811 2474 effectus
1828 2431 2009 2486 gratiae:

132 2495 176 2534 et
193 2490 281 2534 hoc
302 2488 420 2545 ideo,
442 2489 553 2546 quia
573 2488 899 2533 conferebatur
924 2489 966 2534 ei
996 2489 1143 2545 gratia
1168 2492 1389 2545 tanquam
1416 2489 1599 2534 cuidam
1617 2491 1865 2536 universali
1887 2493 2014 2550 prin-

131 2551 250 2608 cipio
285 2550 334 2595 in
375 2562 543 2608 genere
572 2551 842 2595 habentium
887 2551 1098 2607 gratiam.
1136 2550 1288 2595 Virtus
1331 2555 1488 2595 autem
1522 2552 1657 2608 primi
1682 2553 1894 2610 principii
1931 2555 2014 2600 ali-

131 2614 263 2671 cujus
284 2613 469 2669 generis
492 2613 816 2658 universaliter
839 2626 889 2658 se
908 2614 1116 2658 extendit
1139 2613 1197 2658 ad
1223 2625 1386 2657 omnes
1417 2613 1610 2658 effectus
1639 2614 1762 2659 illius
1794 2617 2009 2675 generis3

130 2676 252 2720 510111
282 2675 368 2731 501,
393 2675 472 2732 (1111
501 2680 571 2720 051
604 2675 880 2720 universalis
917 2688 1059 2721 causa
1088 2675 1418 2732 generationis,
1442 2679 1496 2720 ut
1522 2676 1771 2734 Dionysius
1803 2677 1914 2723 dicit
1935 2681 2013 2734 (De

130 2736 223 2782 div.
245 2748 371 2782 nom.
403 2749 504 2793 cap.
525 2740 568 2795 4,
596 2742 713 2793 part.
744 2741 789 2795 1,
819 2737 925 2782 lect.
950 2739 1009 2793 3),
1035 2737 1136 2794 ejus
1158 2737 1306 2781 virtus
1335 2749 1387 2782 se
1419 2738 1626 2783 extendit
1647 2739 1707 2783 ad
1725 2740 1880 2784 omnia
1907 2753 2013 2797 quae

130 2797 218 2843 sub
242 2798 540 2854 generatione
571 2799 760 2844 cadunt.
791 2801 843 2843 Et
872 2800 941 2844 sic
971 2799 1178 2844 secunda
1205 2799 1447 2856 plenitudo
1480 2799 1640 2856 gratiae
1675 2801 1928 2846 attenditur
1961 2802 2012 2848 in

131 2860 327 2917 Christo,
349 2860 629 2918 inquantum
651 2874 702 2907 se
727 2863 934 2908 extendit
963 2863 1066 2920 ejus
1091 2862 1239 2919 gratia
1259 2862 1318 2908 ad
1337 2873 1500 2907 omnes
1524 2863 1684 2919 gratiae
1702 2864 1909 2921 effectUS,
1931 2866 2012 2922 qui

130 2927 243 2967 sunt
260 2921 473 2979 virtuteS,
490 2924 613 2969 dona
632 2927 678 2968 01
707 2924 797 2969 alia
815 2924 1083 2981 hujusmodi
1105 2926 1181 2980 (2).

185 2984 251 3030 Ad
264 2987 463 3041 primum
482 2997 592 3042 ergo
615 2985 880 3044 dicendum,
905 2986 1030 3045 quod
1049 2984 1166 3031 fides
1186 2992 1233 3032 et
1253 2998 1362 3044 spes
1380 2985 1621 3031 nominant
1639 2987 1831 3034 effectus
1851 2989 2010 3046 gratiae

85 3093 88 3098 ,
129 3057 238 3091 011111
253 3046 454 3102 quodam
474 3046 673 3103 defectu,
693 3047 774 3103 qui
792 3053 863 3093 est
880 3061 939 3094 ex
953 3053 1083 3106 parte
1098 3047 1363 3105 recipientis
1380 3047 1602 3105 gratiam3
1624 3048 1903 3107 inquantum
1922 3050 2011 3096 sci-

130 3107 237 3152 licet
258 3104 374 3152 fides
397 3111 470 3152 051
490 3107 548 3152 (10
566 3120 659 3152 11011
677 3109 806 3165 visis,
823 3114 869 3155 01
890 3123 998 3167 spes
1017 3109 1075 3155 de
1095 3122 1188 3155 non
1209 3108 1394 3154 habitis.
1414 3109 1542 3154 Unde
1567 3122 1660 3155 non
1683 3116 1861 3168 oportet
1887 3112 2013 3169 quod

131 3169 179 3213 in
199 3169 389 3226 Christo,
415 3169 494 3226 qui
522 3173 593 3214 est
619 3175 780 3215 auctor
805 3173 981 3228 gratiae,
1003 3172 1174 3217 fuerint
1193 3171 1400 3216 defectus
1423 3182 1540 3228 quos
1563 3171 1812 3230 important
1830 3173 1946 3219 fides
1966 3179 2012 3219 et

132 3242 262 3286 spes3
294 3230 379 3275 sed
408 3231 630 3288 quicquid
662 3236 731 3276 est
760 3233 1053 3289 perfectionis
1082 3233 1130 3277 in
1162 3232 1253 3278 fide
1283 3237 1328 3277 01
1355 3244 1452 3290 spe,
1483 3232 1531 3277 in
1557 3234 1732 3280 Christo
1765 3240 1835 3280 est
1866 3235 2010 3280 multo

173 3333 339 3376 (UQuod,
357 3338 393 3368 ut
415 3334 654 3370 animadvertit
680 3334 829 3377 Sylvius,
853 3339 920 3370 tam
944 3337 964 3371 a
990 3338 1027 3372 S.
1154 3336 1199 3377 (2)
1221 3336 1308 3371 Hinc
1339 3336 1466 3371 dicitur
1493 3336 1589 3377 (Luc.
1622 3342 1670 3380 lv)
1697 3350 1706 3372 :
1738 3339 1845 3373 -Ῑθδαῐ
1875 3338 2009 3382 ΡῘΘΜΗ

131 3380 260 3416 Thema
291 3384 391 3423 quam
423 3384 442 3416 a
468 3384 502 3417 S.
538 3382 694 3417 Patribus
727 3385 959 3419 communiter
988 3385 1029 3418 de
1111 3383 1260 3426 Spiritu
1285 3388 1426 3424 saneim·
1452 3385 1573 3426 (Colos.
1599 3385 1623 3428 1)
1653 3399 1661 3420 ι
1687 3387 1733 3420 In
1749 3387 1829 3429 ipso
1849 3386 2007 3430 compla-

133 3427 263 3463 Christo
281 3428 495 3470 intelligitur.
1112 3433 1187 3467 cuit
1202 3443 1340 3467 omnem
1356 3433 1624 3476 plenitudinem
1640 3434 1862 3470 inhabitare.
