2170 3808
179 258 261 301 574
832 251 1030 304 QUAEST.
1060 251 1200 307 txw,
1230 251 1348 294 ΛΒΤ.
1376 251 1445 295 xi.

2164 225 2170 252 i

2154 257 2170 296 i

180 337 350 382 bantur
372 335 461 381 tria
491 333 791 390 baptismata,
813 333 990 378 scilicet
1022 344 1174 389 aquae,
1199 332 1443 389 sanguinis
1463 337 1511 378 et
1529 332 1751 388 flaminis,
1776 332 1876 379 sive
1894 333 2090 391 Spiritus
2152 294 2170 388 Ξ

180 397 346 451 sancti,
366 396 476 454 quia
498 395 747 453 Apostolus
766 395 879 440 dicit
899 395 1082 452 (Ephes.
1104 408 1166 450 1v,
1186 398 1230 447 5)
1253 409 1266 438 t
1296 397 1398 438 Una
1417 395 1547 450 fides,
1576 409 1716 439 unum
1736 396 1979 453 baptisma.
2001 396 2090 442 sed

181 472 274 505 non
294 465 368 504 est
391 458 479 503 nisi
501 471 598 502 una
620 458 754 502 fides.
775 459 894 514 Ergo
910 469 1005 501 non
1030 457 1202 502 debent
1221 456 1331 513 poni
1348 455 1435 501 tria
1457 456 1751 514 baptismata.

235 525 278 565 2.
305 523 544 576 Praeterea,
569 520 803 576 baptisma
820 524 892 564 est
926 519 1165 577 quoddam
1203 523 1566 575 sacramentum,
1591 525 1642 565 ut
1678 532 1737 564 ex
1773 533 1917 577 supra
1950 519 2091 566 dictis

179 587 306 640 patet
321 584 506 640 (quaest.
523 596 621 638 va,
641 587 730 626 art.
743 585 800 638 1).
822 582 910 627 Sed
926 582 1056 626 solus
1070 581 1334 638 baptismus
1350 592 1487 638 aquae
1497 587 1569 626 est
1584 587 1950 627 sacramentum·
1971 585 2093 639 Ergo
2158 593 2163 598 .

181 657 274 689 non
294 644 472 690 debent
490 644 600 702 poni
625 645 716 688 alia
735 644 832 689 duo
852 644 1150 700 baptismata.

235 708 278 750 3.
303 708 545 764 Praeterea,
566 710 883 752 Damascenus
906 707 1049 761 (Orth.
1074 705 1153 751 fid.
1170 705 1253 750 lib.
1285 718 1345 761 iv,
1367 717 1470 761 cap.
1493 708 1563 760 10,
1588 704 1619 750 ὰ
1646 706 1787 760 med.)
1808 706 2090 753 determinat
2147 678 2152 768 s

181 767 316 824 plura
339 769 429 815 alia
453 781 627 825 genera
648 769 1000 826 baptismatum.
1024 770 1124 813 Non
1143 779 1257 824 ergo
1288 767 1464 813 debent
1482 767 1594 825 poni
1614 769 1771 813 solum
1806 768 1895 812 tria
1912 767 2091 826 baptis-
2148 787 2150 790 >

181 836 323 938 ωέξεθᾶ
340 897 503 938 contra
521 898 594 939 est
608 893 735 950 quod
764 906 907 951 super
938 893 1055 940 illud
1075 893 1228 949 (Hebr.
1251 906 1323 936 vi:
1348 893 1684 949 Baptismatum
1707 892 1940 948 doctrinae)
1977 891 2091 939 dicit

179 955 342 1000 Glossa
357 956 544 1001 ordin.-
574 955 865 1001 «pluraliter
883 955 1011 1012 dicit,
1033 956 1146 1014 quia
1162 960 1237 1000 est
1267 954 1530 1012 baptismus
1547 968 1700 1013 aquae,
1718 953 2008 1014 poenitentiae
2040 959 2091 1002 et

180 1018 442 1075 sanguinis.

227 1087 517 1128 CONCLUSIO.
535 1108 586 1115 —
603 1085 710 1126 Cum
729 1086 856 1126 homo
871 1086 998 1139 possit
1023 1098 1106 1127 non
1121 1086 1245 1126 modo
1260 1096 1332 1137 per
1354 1085 1489 1137 baptis
1491 1085 1552 1125 mi
1570 1097 1724 1138 aquam
1738 1085 2001 1135 sanctificari,
2018 1086 2091 1128 ned

180 1152 251 1193 pei·
281 1141 435 1181 Christi
466 1141 742 1191 sanguinem,
766 1140 1061 1181 conformando
1086 1152 1128 1181 se
1145 1140 1298 1182 Christi
1330 1140 1538 1190 passioni,
1557 1151 1630 1192 pro
1647 1141 1806 1182 Christo
1824 1140 2035 1193 patiendo,
2048 1143 2090 1183 et
2151 1140 2153 1146 ’

181 1208 252 1248 ρει·
269 1197 465 1237 virtutem
482 1196 661 1247 SpirItus
677 1197 809 1236 sancti
825 1197 1002 1237 interius
1022 1198 1276 1248 operantem,
1294 1195 1373 1236 tria
1391 1200 1491 1237 sunt
1509 1197 1554 1236 in
1573 1196 1795 1249 scripturis
1815 1196 2088 1249 baptismata,
2152 1215 2154 1217 >

182 1251 413 1303 baptismus
427 1263 560 1303 aquae,
577 1250 796 1302 sanguinis
813 1256 852 1291 et
872 1252 1072 1292 flaminis.

238 1314 511 1371 Respondeo
531 1314 782 1358 dicendum
802 1314 947 1371 quod,
962 1314 1084 1359 sicut
1101 1326 1245 1371 supra
1263 1312 1443 1358 dictum
1465 1318 1538 1358 est
1557 1314 1661 1368 (art.
1682 1316 1710 1358 Ξ
1733 1313 1831 1371 huj.
1857 1319 2024 1372 quaest.
2042 1319 2092 1360 et

182 1383 349 1433 quaest.
379 1390 484 1434 un,
505 1380 596 1421 art.
631 1378 690 1432 5),
712 1376 977 1433 baptismus
1010 1389 1143 1433 aquae
1178 1373 1434 1421 efficaciam
1460 1375 1600 1420 habet
1618 1374 1645 1419 a
1668 1376 1887 1432 passione
1906 1376 2088 1432 Christi,
2147 1398 2161 1407 ··

182 1440 257 1483 cui
277 1438 446 1495 aliquis
460 1438 784 1493 configuratur
809 1451 891 1495 per
910 1437 1212 1495 baptismum,
1232 1443 1282 1482 et
1302 1438 1497 1482 ulterius
1512 1438 1634 1482 sicut
1653 1438 1680 1481 a
1702 1439 1851 1494 prima
1885 1451 2027 1483 causa
2062 1439 2091 1484 a
2148 1444 2151 1446 ’

183 1499 352 1556 Spiritu
374 1505 550 1544 sancto.
576 1499 701 1543 Licet
718 1503 873 1543 autem
885 1499 1080 1543 effectus
1104 1499 1366 1555 dependeat
1381 1500 1409 1543 a
1427 1499 1577 1555 prima
1592 1511 1754 1556 causa,
1770 1512 1913 1544 causa
1931 1504 2089 1546 tamen

183 1561 510 1618 superexcedit
529 1561 764 1617 effectum,
788 1573 878 1606 nec
891 1561 1125 1618 dependet
1144 1560 1204 1604 ab
1222 1561 1410 1606 effectu.
1429 1563 1484 1605 Et
1502 1561 1606 1606 ideo
1622 1566 1791 1617 praeter
1806 1561 2090 1618 baptismum

182 1635 317 1680 aquae
338 1628 492 1680 potest
511 1623 682 1679 aliquis
704 1623 928 1680 consequi
949 1623 1230 1667 sacramenti
1250 1622 1468 1667 effectum
1487 1634 1549 1668 ex
1571 1622 1788 1679 passione
1810 1623 1994 1680 Christi,
2014 1625 2093 1670 in-

183 1692 413 1742 quantum
438 1686 546 1742 quis
567 1685 610 1729 ei
632 1686 966 1742 conformatur,
991 1697 1076 1742 pro
1098 1684 1274 1729 Christo
1299 1685 1534 1742 patiendo.
1559 1685 1690 1731 Unde
1713 1685 1883 1731 dicitur
1905 1691 2093 1744 (Apoca-

182 1748 305 1805 lyps.
326 1762 403 1806 vu,
429 1751 525 1802 14):
552 1751 612 1790 Hi
630 1752 739 1791 sunt
762 1750 842 1803 qui
863 1751 1081 1791 venerunt
1096 1760 1157 1791 ea:
1174 1762 1345 1805 maqna
1368 1747 1683 1805 tribulatione,
1701 1752 1746 1792 et
1771 1748 1983 1794 laverunt
1999 1753 2091 1795 sto·

183 1810 255 1853 las
276 1824 402 1867 suas,
421 1815 466 1854 et
489 1811 818 1854 dealbaverunt
830 1824 910 1854 eas
930 1813 978 1854 in
996 1813 1217 1868 sanquine
1228 1814 1366 1867 Aqni.
1384 1810 1555 1855 Eadem
1571 1810 1710 1856 etiam
1727 1811 1909 1858 ratione
1921 1811 2092 1871 aliquis
2147 1802 2151 1849 ]

184 1883 267 1928 per
278 1872 497 1916 virtutem
513 1871 708 1929 Spiritus
725 1872 874 1916 sancti
889 1872 1194 1929 consequitur
1208 1873 1426 1918 effectum
1439 1872 1677 1929 baptismi,
1701 1884 1797 1917 non
1816 1874 1970 1919 solum
1987 1874 2092 1922 sine

183 1933 417 1991 baptismo
451 1947 603 1991 aquae,
629 1934 711 1978 sed
747 1934 890 1979 etiam
912 1934 1016 1979 sine
1056 1933 1291 1991 baptismo
1322 1934 1586 1992 sanguinis,
1608 1935 1887 1992 inquantum
1914 1936 2094 1984 scilicet
2144 1926 2150 1985 s

183 1994 384 2053 alicujus
413 2009 494 2041 cor
508 2008 591 2053 per
609 1995 831 2053 Spiritum
855 2002 1075 2042 sanctum
1096 2001 1311 2042 movetur
1331 1997 1389 2042 ad
1427 1997 1714 2043 credendum
1735 2003 1783 2043 et
1800 1998 2092 2056 diligendum

182 2060 344 2115 Deum,
371 2063 418 2103 et
449 2058 778 2115 poenitendum
798 2058 856 2103 de
889 2059 1116 2117 peccatis3
1138 2059 1265 2104 unde
1303 2059 1440 2104 etiam
1460 2059 1631 2105 dicitur
1653 2060 1916 2118 baptismus
1936 2062 2093 2119 poeni·
2150 2087 2153 2092 ·

184 2121 358 2166 tentiae.
383 2123 438 2165 Et
469 2121 527 2165 de
551 2120 640 2165 hoc
660 2120 830 2166 dicitur
859 2122 965 2176 (Isa.
985 2135 1044 2178 iv,
1068 2123 1146 2177 4).
1136 2137 1146 2147 ·
1171 2125 1222 2166 Si·
1240 2123 1440 2167 abluerit
1470 2125 1689 2167 Dominus
1712 2123 1867 2168 sordes
1885 2124 2094 2179 filiarum

182 2185 304 2239 Sion,
321 2186 366 2227 et
381 2186 648 2240 sanquinem
658 2183 915 2227 Jerusalem
930 2184 1159 2228 tat-eritde
1174 2185 1320 2228 medio
1335 2186 1432 2240 ejics
1442 2188 1491 2229 in
1502 2188 1669 2242 spiritu
1677 2185 1851 2240 ‚iudicii
1868 2190 1914 2230 et
1925 2190 2092 2244 spiritu

183 2248 386 2290 ardoris.
390 2246 519 2290 —Sic
533 2245 677 2301 igitur
693 2250 945 2303 utrumque
956 2246 1153 2293 aliorum
1166 2246 1503 2304 baptismatum
1520 2247 1793 2292 nominatur
1801 2248 2089 2319 baptismus,

184 2308 466 2364 inquantum
486 2307 672 2364 supplet
684 2307 837 2352 vicem
859 2308 1083 2365 baptismi
1102 2322 1240 2366 aquae
1254 2311 1330 2364 (1).
1348 2308 1595 2355 Undedicit
1616 2309 1909 2366 Augustinus
1933 2310 2027 2365 (lib.
2051 2325 2093 2357 iv-
2148 2338 2149 2352 2

185 2372 247 2414 De
268 2370 407 2414 unico
426 2370 656 2427 baptismo
678 2369 1002 2427 parvulorum,
1026 2377 1150 2416 cont.
1175 2371 1401 2417 Donatist.
1417 2384 1520 2429 cap.
1549 2374 1622 2429 202,
1645 2372 1694 2416 in
1717 2372 1915 2430 prine.:)
1933 2387 1960 2416 ι
1981 2377 2094 2432 Bap-

186 2430 309 2475 tismi
334 2432 479 2476 vicem
500 2431 752 2488 aliquando
778 2431 972 2488 impleie
996 2433 1280 2507 passionem,
1311 2434 1370 2478 de
1410 2433 1591 2478 latrone
1614 2434 1709 2488 illo,
1732 2434 1808 2479 cui
1831 2447 1928 2479 non
1947 2435 2095 2493 bapti-

185 2498 286 2538 zato
299 2494 475 2538 dictum
499 2499 601 2538 est:
618 2495 766 2537 Hodie
782 2507 957 2538 mecum
978 2498 1066 2538 eris
1081 2498 1130 2538 in
1148 2496 1391 2561 paradise,
1408 2495 1577 2541 beatus
1597 2496 1857 2554 Cyprianus
1876 2511 1970 2542 non
1988 2498 2092 2545 leve
2140 2506 2142 2508 ’

184 2556 521 2600 documentum
556 2557 846 2613 assumpsit,
870 2557 999 2614 quod
1035 2557 1177 2602 etiam
1220 2562 1361 2614 atque
1384 2558 1524 2602 etiam
1563 2558 1917 2615 considerans,
1904 2560 2094 2606 luvenio
2141 2607 2144 2616 ,

186 2629 282 2662 non
317 2618 497 2662 tantum
535 2616 804 2674 passionem
839 2630 924 2674 pro
959 2619 1149 2663 nomine
1184 2619 1367 2674 Christi,
1402 2619 1450 2664 id
1489 2619 1616 2677 quod
1646 2620 1878 2692 baptismo
1916 2622 2089 2674 deerat.

185 2691 326 2736 posse
362 2679 611 2735 supplere,
646 2679 729 2723 sed
766 2679 905 2725 etiam
939 2678 1080 2726 fidem
1114 2681 1566 2738 conversionemque
1604 2694 1685 2726 coi
1686 2683 1775 2738 dis,
1805 2682 1845 2727 si
1880 2683 2000 2729 forte
2033 2684 2094 2730 ad
2140 2673 2143 2676 ¹

185 2741 520 2787 celebrandum
553 2741 829 2800 my·ste1ium
863 2743 1083 2834 baptismi
1115 2744 1165 2788 in
1198 2744 1430 2800 angustiis
1460 2748 1724 2801 temporum
1757 2747 1967 2791 succurri
1997 2760 2093 2794 non
2130 2801 2135 2813 Ρ

186 2809 401 2862 potest.»

241 2866 309 2911 Ad
325 2869 526 2922 primum
554 2878 667 2923 ergo
687 2830 955 2923 dicendum,
982 2867 1109 2924 quod
1137 2868 1230 2912 alia
1264 2867 1359 2913 duo
1392 2868 1675 2925 baptismata
1706 2868 2012 2916 includuntur
2043 2872 2093 2917 in
2132 2872 2133 2875 ’

187 2927 418 2985 baptismo
455 2941 604 2985 aquae,
628 2928 708 2986 qui
731 2929 990 2974 efficaciam
1019 2930 1226 2976 habetet
1249 2943 1309 2976 ex
1330 2931 1549 2988 passione
1568 2931 1753 2991 Christi,
1777 2936 1822 2977 et
1842 2945 1898 2977 ex
1921 2933 2094 2990 Spiritu
2122 2936 2125 2966 s

188 2996 368 3036 sancto.
393 2993 446 3035 Et
465 2991 568 3037 ideo
596 3005 679 3048 per
702 2992 789 3037 hoc
812 3005 905 3037 non
931 2992 1108 3037 tollitur
1129 2993 1286 3038 unitas
1308 2993 1619 3049 baptismatis.

242 3053 308 3097 Ad
330 3055 573 3097 secundum
593 3055 862 3115 dicendum,
883 3055 1025 3112 quod,
1050 3055 1171 3101 sicut
1190 3069 1335 3114 supra
1353 3057 1528 3102 dictum
1550 3062 1622 3102 est
1640 3060 1821 3115 (quaest.
1856 3071 1922 3114 tx,
1944 3064 2031 3104 art.
2064 3063 2086 3106 i
2116 3047 2118 3050 ’
2142 3115 2143 3118 ¹
2164 3110 2170 3117 ,

185 3119 234 3159 >et
258 3118 317 3168 2),
339 3122 686 3162 sacramentum
709 3117 850 3162 hahet
872 3118 1099 3163 rationem
1117 3119 1269 3175 signi3
1305 3119 1397 3163 alia
1422 3119 1532 3164 vero
1551 3120 1644 3165 duo
1666 3119 1953 3165 conveniunt
1983 3133 2089 3167 cum

187 3177 419 3233 baptismo
442 3191 577 3235 aquae
600 3192 694 3223 non
718 3180 909 3237 quidem
932 3185 1161 3238 quantum
1177 3181 1235 3227 ad
1253 3182 1481 3227 rationem
1498 3182 1639 3240 signi,
1662 3183 1746 3228 sed
1768 3187 1999 3240 quantum
2031 3184 2090 3231 ad
2155 3233 2159 3236 ,

189 3240 406 3284 effectum
429 3241 749 3298 bapt1smatis3
773 3248 819 3288 et
840 3243 944 3288 ideo
967 3256 1061 3288 non
1082 3250 1192 3289 sunt
1215 3249 1523 3290 sacramenta.

242 3303 309 3347 Ad
340 3306 524 3347 certium
561 3305 828 3363 dicendum,
860 3306 989 3363 quod
1023 3310 1340 3352 Damascenus
1384 3308 1515 3365 ponit
1555 3308 1772 3365 quaedam
1812 3307 2090 3366 baptismata
2154 3313 2156 3316 ’

232 3407 276 3448 (i)
299 3408 347 3442 De
371 3407 437 3442 fide
465 3414 515 3443 est
538 3409 744 3450 baptismum
772 3411 920 3446 flaminis
941 3412 1098 3454 supplere
1182 3413 1297 3455 piendi
1320 3413 1419 3447 illum
1434 3439 1441 3453 ‚
1462 3412 1610 3447 sufficiat
1636 3412 1678 3446 ad
1699 3411 1857 3455 salutem,
1879 3416 1917 3446 ut
1939 3414 2030 3454 patet
2051 3419 2090 3446 α

189 3454 293 3490 vicem
315 3454 474 3497 baptismi
499 3469 604 3498 aquai,
622 3457 670 3491 ita
689 3465 739 3500 nt,
757 3461 832 3493 cum
848 3461 876 3493 is
892 3460 1010 3495 haberi
1028 3472 1098 3494 non
1183 3461 1306 3495 concil.
1320 3460 1416 3495 Trid.
1434 3470 1523 3501 (sess.
1539 3469 1587 3502 vx,
1603 3473 1676 3502 cap.
1692 3461 1735 3502 li).

190 3510 308 3542 potos-1,
340 3510 454 3539 votum
485 3517 520 3539 ac
553 3507 724 3540 sincerum
756 3506 964 3542 desiderium
1006 3509 1098 3545 rec-i-
