2170 3808
820 219 1016 273 QUAEST.
1047 220 1156 273 LIX,
1185 219 1302 262 ΛΒΤ.
1334 219 1367 261 1.
1950 218 2025 261 491

154 303 316 348 titutus
340 314 354 348 ε
387 300 513 348 unde
547 303 595 345 et
627 298 793 345 dicitur
838 300 1004 353 (Matth.
1042 314 1142 356 xxv,
1178 302 1248 354 33)
1262 332 1274 354 ,
1307 298 1428 356 quod
1450 301 1620 342 statuet
1651 309 1748 340 oves
1782 298 1812 340 ὰ
1835 296 2030 341 dextris.

209 364 275 412 Ad
297 366 478 409 tertium
499 361 766 416 dicendum,
787 362 911 419 quod
928 374 1012 420 per
1033 363 1249 407 thronum
1269 360 1552 417 significatur
1566 359 1807 416 Judiciaria
1828 363 2032 415 potestas

154 437 297 485 quam
314 425 520 471 Christus
535 423 676 469 habet
696 424 724 468 a
743 425 900 480 Patre3
943 424 1201 469 secundum
1222 423 1310 466 hoc
1329 422 1496 467 dicitur
1512 422 1674 467 sedere
1695 421 1744 465 in
1765 421 1929 465 throno
1946 422 2033 463 Pa-

153 489 254 534 tris.
273 487 358 533 Alii
380 491 535 533 autem
569 486 718 531 sancti
755 486 927 531 habent
959 496 1062 531 earn
1085 485 1111 528 a
1133 484 1335 540 Christo3
1359 488 1405 528 et
1422 484 1682 528 secundum
1704 484 1791 527 hoc
1813 482 2033 527 dicuntur

151 549 205 595 in
226 548 392 595 throno
411 547 576 594 Christi
595 547 774 605 sedere,
805 546 1062 593 secundum
1084 546 1200 591 illud
1225 545 1391 600 (Matth.
1416 558 1500 600 xix,
1523 547 1593 600 28)
1615 559 1626 587 :
1649 545 1870 588 Sedebitis
1893 547 1936 587 et
1957 555 2032 587 vos

153 623 289 717 suffir-
301 608 984 728 {Zizffgocgigffidfflicgggeffl
993 605 1660 725 agzicggffcglrlzgszggisossffielfficit
1695 667 1857 721 (Super
1877 665 2029 710 Matth.

153 733 280 777 hom.
305 745 418 788 val,
436 731 557 776 inter
574 731 723 788 princ.
745 735 792 776 et
806 730 964 787 med.)‚
989 747 1008 768 «
1024 729 1156 775 locus
1182 729 1276 786 ille,
1298 747 1318 768 »
1354 727 1402 773 id
1425 731 1511 785 est,
1531 737 1780 772 consessus
1814 726 2032 782 dexterae,

157 810 180 832 α
199 792 353 838 invius
371 797 444 838 est
459 792 677 838 omnibus
692 805 786 838 non
807 792 958 837 solum
976 790 1257 846 hominibus,
1278 789 1362 836 sed
1378 788 1515 834 etiam
1538 787 1742 846 angelisz,
1766 787 1889 833 sicut
1907 787 2032 833 enim

152 854 441 913 praecipuum
464 856 524 910 (1)
541 853 767 911 unigeniti
788 854 919 912 ponit
936 852 1106 898 Paulus
1124 853 1312 898 dicens:
1333 853 1411 896 Ad
1439 864 1568 909 quem
1599 853 1751 895 autem
1773 849 2034 906 angelorum

154 919 274 962 dixit
292 918 490 974 unquam
513 932 530 959 .·
547 918 662 963 Sede
683 918 714 962 ὰ
736 918 914 963 dextris
934 917 1072 961 meis?
1094 916 1316 961 Dominus
1333 926 1444 971 ergo
1462 926 1556 959 non
1571 913 1704 971 quasi
1728 911 2032 958 existentibus

153 978 432 1036 quibusdam
454 977 535 1037 qui
558 979 732 1024 sessuri
762 982 889 1035 sunt,
916 978 999 1024 sed
1032 978 1414 1024 condescendens
1435 974 1822 1033 interrogantium
1855 973 2034 1030 suppli·

153 1039 324 1087 cationi
341 1041 401 1097 (2)
418 1041 683 1099 responditt,
722 1041 812 1087 hoc
833 1040 958 1086 enim
986 1052 1135 1085 unum
1168 1039 1320 1084 solum
1342 1038 1611 1096 quaerebant
1638 1050 1735 1095 prae
1768 1035 1889 1093 aliie,
1912 1039 2033 1080 stare

153 1102 278 1159 apud
298 1102 468 1160 ipsum.
490 1122 511 1143 υ
535 1127 592 1136 -
611 1105 764 1149 Potest
783 1108 939 1148 tamen
974 1101 1065 1147 dici
1090 1100 1217 1159 quod
1239 1100 1456 1157 petebant
1472 1099 1554 1144 filii
1576 1098 1781 1145 Zebedaei
1801 1097 2034 1144 excellen-

152 1164 265 1209 tiam
287 1163 457 1210 habere
477 1177 574 1222 prae
600 1164 703 1210 aliis
724 1164 772 1209 in
795 1163 1115 1221 participando
1127 1162 1419 1219 judiciariam
1451 1165 1725 1218 potestatem
1747 1160 1872 1218 ejus3
1908 1159 2034 1205 unde

152 1237 249 1271 non
271 1227 492 1284 petebant
505 1225 632 1283 qued
652 1225 870 1271 sederent
886 1224 947 1270 ad
964 1224 1203 1270 dexteram
1223 1223 1295 1269 vel
1314 1223 1550 1268 sinistram
1564 1222 1726 1279 Patris,
1747 1223 1832 1268 sed
1851 1222 1912 1268 ad
1929 1221 2035 1266 dex-

151 1290 300 1333 teram
318 1288 394 1334 vel
407 1287 645 1333 sinistram
663 1287 843 1331 Christi.

849 1426 1153 1493 QUAESTIO
1190 1427 1323 1481 LIX.

264 1577 265 1580 ’
307 1567 369 1603 DE
398 1532 654 1604 JulilclAmA
686 1565 957 1603 POTESTATE
989 1565 1192 1616 CHRISTI,
1223 1567 1272 1602 IN
1304 1567 1392 1603 SEX
1424 1566 1679 1603 ARTICULOS
1709 1566 1876 1602 DIVISA.

200 1667 354 1709 Deinde
372 1669 712 1709 considerandum
732 1672 792 1709 est
805 1669 855 1708 de
869 1668 1087 1719 judiciaria
1101 1671 1297 1720 potestate
1316 1669 1491 1719 Christi3
1509 1672 1551 1709 et
1568 1670 1674 1710 circa
1699 1669 1775 1709 hoe
1790 1671 2035 1720 quaeruntur

153 1734 249 1764 sex:
272 1730 308 1764 1⁰
322 1723 468 1765 Utrum
477 1724 696 1780 judiciaria
710 1727 885 1776 potestas
900 1725 954 1764 sit
972 1724 1232 1764 attribuenda
1248 1725 1471 1766 Christo.—
1494 1732 1532 1764 2⁰
1546 1725 1694 1766 Utrum
1711 1725 1926 1766 conveniat
1940 1723 2034 1772 sibi,

154 1776 383 1818 secundum
405 1779 517 1830 quod
535 1782 595 1819 est
615 1779 753 1819 homo.
789 1801 834 1808 —
853 1783 891 1818 3ο
905 1779 1052 1818 Utrum
1070 1790 1159 1818 eam
1182 1779 1306 1820 fuerit
1321 1791 1369 1819 ex
1387 1781 1547 1820 meritis
1566 1779 1749 1831 adeptus.
1768 1800 1817 1808 -
1834 1783 1874 1818 4⁰
1888 1779 2036 1818 Utrum

153 1834 241 1883 ejus
268 1833 441 1883 potestas
465 1832 685 1885 judiciaria
712 1833 768 1873 sit
795 1832 1039 1873 universalis
1067 1835 1247 1885 respectu
1274 1834 1465 1874 omnium
1492 1834 1727 1874 hominum.
1751 1855 1796 1863 -
1826 1839 1865 1873 5⁰
1890 1833 2036 1873 Utrum

153 1888 299 1936 praeter
324 1885 531 1938 Judicium
544 1887 654 1940 quod
671 1889 757 1938 agit
771 1889 815 1927 in
841 1888 918 1928 hoc
937 1891 1138 1940 tempore,
1158 1888 1213 1928 sit
1230 1889 1527 1940 expectandum
1545 1889 1659 1929 aliud
1674 1888 1905 1929 universale
1923 1888 2035 1939 judi-

151 1939 266 1980 cium
287 1940 477 1981 futurum
495 1953 566 1994 per
583 1943 736 1993 ipsum.
754 1965 802 1971 —
822 1949 861 1981 6⁰
881 1940 1026 1983 Utrum
1048 1942 1137 1994 ejus
1163 1941 1383 1994 judiciaria
1408 1946 1580 1995 potestas
1604 1943 1729 1984 etiam
1744 1944 1797 1984 ad
1814 1942 1977 1992 angelos
1995 1953 2036 1982 se

154 1995 468 2036 extendat.—-De
482 1997 717 2037 executione
736 2000 874 2037 autem
886 1996 1023 2037 finalis
1042 1997 1187 2048 judicii
1203 1998 1512 2039 convementius
1534 2003 1675 2048 agetur
1699 2001 1793 2038 cum
1816 1997 2036 2037 eonsxdera-
2094 2030 2095 2034 ,

152 2049 294 2090 bimus
309 2050 359 2091 de
378 2050 443 2090 his
460 2063 551 2103 quae
570 2054 776 2102 pertinent
800 2053 851 2092 ad
868 2053 995 2093 tinem
1009 2053 1158 2093 mundi
1175 2054 1236 2103 (in
1256 2054 1465 2104 Supplem.
1489 2058 1634 2106 quaest.
1660 2065 1853 2094 Lxxxvln
1868 2056 1907 2094 et
1920 2054 2035 2105 seq.),

152 2114 266 2146 nune
279 2108 419 2145 autem
433 2105 588 2147 sufficit
609 2118 656 2147 ea
673 2108 758 2147 sola
773 2109 937 2157 tangere
953 2118 1045 2159 quae
1063 2107 1270 2159 pertinent
1287 2108 1339 2148 ad
1360 2107 1514 2147 Christi
1531 2108 1790 2158 dIgnitatem.

264 2183 603 2226 ARTICULUS
624 2185 661 2226 1.
681 2207 736 2214 —
757 2196 895 2226 urium
914 2195 1139 2226 JunlclAmA
1158 2195 1361 2227 rorns‘ms
1384 2195 1447 2227 srr
1469 2195 1739 2227 srscumrnn
1755 2196 1898 2228 cnmsr

895 2258 1180 2288 Arrmaurmm
1212 2247 1288 2299 (3).

208 2316 276 2362 Ad
302 2317 504 2374 primum
529 2320 597 2364 sic
617 2319 896 2376 proceditur.
921 2323 963 2365 1.
987 2319 1171 2364 Videtur
1199 2318 1324 2376 quod
1341 2319 1586 2376 judiciaria
1610 2325 1816 2378 potestas
1848 2333 1942 2366 non
1977 2322 2036 2366 sit

152 2378 414 2435 specialiter
432 2379 724 2425 attribuenda
741 2381 932 2426 Christo.
949 2383 971 2424 J
975 2381 1178 2426 udicium
1192 2380 1317 2426 enim
1332 2381 1593 2439 aliquorum
1607 2382 1791 2428 videtur
1804 2384 2035 2440 pertinere

153 2439 213 2485 ad
231 2439 500 2498 dominum3
521 2443 646 2488 unde
669 2442 837 2488 dicitur
859 2445 1006 2497 (Rom.
1022 2457 1108 2499 xw,
1131 2445 1202 2498 4):
1232 2447 1296 2487 Tu
1326 2446 1426 2500 quis
1449 2457 1513 2500 es,
1535 2445 1815 2501 quijttdicas
1836 2445 2035 2490 alienum

151 2501 364 2547 servum?
385 2503 472 2549 Sed
489 2516 593 2550 esse
619 2504 859 2550 dominum
880 2510 1215 2561 creaturarum,
1237 2509 1307 2551 est
1323 2518 1571 2552 commune
1588 2508 1669 2552 toti
1690 2506 1911 2554 Trinitati.
1936 2510 2035 2554 Non

153 2575 266 2622 ergo
286 2565 545 2622 specialiter
561 2566 699 2612 debet
719 2567 907 2612 attribui
930 2568 1108 2612 Christo
1121 2567 1365 2625 judiciaria
1385 2572 1606 2625 potestas,

207 2628 250 2671 2.
279 2627 500 2672 Praeterea
519 2627 732 2682 (Danielis
749 2642 824 2684 vn,
844 2631 904 2687 9),
933 2627 1133 2673 dicitur:
1166 2631 1388 2685 Antiquus
1413 2630 1589 2674 dierum
1622 2631 1762 2687 seda,-
1797 2635 1844 2675 et
1876 2636 2036 2688 postea

154 2685 368 2733 subditur
388 2689 649 2733 :Iudicium
666 2690 801 2746 sedit,
825 2695 867 2735 et
887 2692 991 2734 libri
1013 2693 1166 2747 aperti
1186 2695 1304 2736 sunt.
1330 2691 1417 2736 Sed
1439 2691 1667 2748 Antiquus
1700 2692 1879 2737 dierum
1898 2694 2035 2739 intel-

153 2746 313 2805 ligitur
331 2750 478 2807 Pater‚
500 2750 626 2807 quia,
649 2755 703 2796 ut
726 2751 923 2797 Hilarius
945 2752 1055 2798 dicit
1079 2754 1155 2807 (De
1174 2753 1295 2797 Trin.
1317 2751 1399 2797 lib.
1422 2765 1467 2809 11,
1492 2752 1600 2798 circ.
1626 2753 1810 2811 princ.)‚
1834 2772 1855 2793 α
1878 2755 1927 2800 in
1948 2758 2029 2800 Pa·

156 2811 596 2917 treaaetcffoemitas‘
615 2831 635 2852 »
671 2815 789 2869 Ergo
807 2813 1053 2871 judiciaria
1084 2818 1289 2871 potestas
1312 2813 1462 2871 magis
1492 2819 1564 2860 est
1593 2816 1884 2884 attribuenda
1915 2818 2034 2864 Patri

156 2883 220 2928 qu
250 2883 298 2916 m
380 2872 507 2918 risto.

211 2936 252 2978 3.
293 2936 529 2992 Praeterea,
574 2934 781 2992 ejusdem
813 2936 995 2983 videtur
1035 2950 1138 2983 esse
1169 2938 1380 2997 judicare
1415 2938 1551 2995 cujus
1589 2942 1661 2984 est
1695 2950 1905 2995 arguere.
1947 2941 2035 2988 Sed

155 3007 350 3052 arguere
371 2996 569 3053 pertinet
590 2997 650 3042 ad
673 2998 890 3055 Spiritum
906 3005 1147 3057 sanctum3
1172 3000 1281 3046 dicit
1303 3000 1427 3046 enim
1445 3001 1666 3046 Dominus
1688 3003 1833 3055 (Joan.
1858 3006 2031 3060 xv178):

158 3058 271 3101 Ciam
291 3062 442 3103 autem
474 3061 644 3102 venerit
671 3060 767 3114 ille,
788 3061 962 3106 scilicet
980 3062 1174 3119 Spiritus
1205 3067 1411 3119 sanctus,
1435 3067 1595 3120 arquet
1622 3065 1839 3107 mundum
1861 3065 1916 3109 de
1929 3079 2034 3121 pec-

155 3122 276 3175 cato,
305 3121 350 3163 et
368 3120 426 3164 de
442 3122 649 3177 justitia,
680 3124 723 3165 et
758 3122 816 3165 de
837 3123 1034 3178 Judicio.
1067 3124 1185 3181 Ergo
1191 3123 1436 3181 J'udiciaria
1466 3128 1674 3181 potestas
1705 3125 1855 3182 magis
1897 3126 2034 3173 debet

156 3179 345 3225 attribui
366 3180 552 3238 Spiritui
570 3186 731 3227 sancto
748 3182 891 3239 quam
910 3184 1101 3230 Christo.

195 3313 239 3354 (⁴)
257 3312 305 3347 Ex
325 3316 431 3352 groeco
448 3315 609 3357 ἐξαίρετον,
633 3313 693 3349 ubi
714 3312 926 3355 subintelligi
951 3314 1050 3351 debet
1174 3317 1216 3357 (ὅ)
1241 3316 1465 3359 specialiter
1489 3317 1524 3351 in
1543 3317 1605 3351 hac
1622 3318 1804 3358 quaestione
1826 3318 1916 3352 idem
1938 3324 2033 3354 sonat

156 3359 374 3402 privilegium
387 3360 476 3402 quod
490 3361 614 3396 latinus
630 3362 798 3403 interpres
815 3363 917 3398 addit.
1135 3375 1172 3398 ac
1193 3364 1375 3398 secundum
1413 3366 1732 3406 appropriationem.
1759 3367 1794 3400 S.
1829 3366 1954 3400 Doetor
1977 3367 2032 3402 hic

198 3408 241 3448 (2)
260 3408 325 3451 AL,
341 3410 668 3452 suspicationissie
683 3414 794 3446 tamen
813 3411 959 3452 potiores
973 3411 1048 3446 Mss.
1136 3411 1380 3452 interpretatur
1402 3412 1470 3446 hoec
1487 3413 1588 3449 verba
1607 3414 1748 3454 symboli
1764 3427 1771 3446 :
1799 3415 1934 3448 Iterum
1950 3425 2029 3448 ren«

158 3460 191 3490 et
206 3455 288 3491 editi
306 3457 439 3499 passim.
1137 3464 1245 3496 turus
1262 3465 1312 3495 est
1324 3462 1494 3499 iudicare
1507 3463 1605 3497 vivos
1622 3467 1655 3497 et
1670 3468 1842 3497 mortuos.
