<?xml version="1.0" encoding="UTF-8"?>
<!DOCTYPE html PUBLIC "-//W3C//DTD XHTML 1.0 Transitional//EN"
    "http://www.w3.org/TR/xhtml1/DTD/xhtml1-transitional.dtd">
<html xmlns="http://www.w3.org/1999/xhtml" xml:lang="en" lang="en">
 <head>
  <title>
</title>
<meta http-equiv="Content-Type" content="text/html;charset=utf-8" />
  <meta name='ocr-system' content='tesseract 3.04.00' />
  <meta name='ocr-capabilities' content='ocr_page ocr_carea ocr_par ocr_line ocrx_word'/>
</head>
<body>
  <div class='ocr_page' id='page_1' title='image "./summatheologica06thomuoft_0655.png"; bbox 0 0 2170 3808; ppageno 0'>
   <div class='ocr_carea' id='block_1_1' title="bbox 0 0 35 460">
    <p class='ocr_par' dir='ltr' id='par_1_1' title="bbox 0 0 35 460">
     <span class='ocr_line' id='line_1_1' title="bbox 0 0 35 460; baseline 0 3348"><span class='ocrx_word' id='word_1_1' title='bbox 0 0 35 460; x_wconf 95' lang='lat' dir='ltr'> </span> 
     </span>
    </p>
   </div>
   <div class='ocr_carea' id='block_1_2' title="bbox 99 0 470 24">
    <p class='ocr_par' dir='ltr' id='par_1_2' title="bbox 26 0 470 27">
     <span class='ocr_line' id='line_1_2' title="bbox 99 0 470 24; baseline -0.009 2.342"><span class='ocrx_word' id='word_1_2' title='bbox 99 0 196 24; x_wconf 47' lang='lat' dir='ltr'>zife-³³5</span> <span class='ocrx_word' id='word_1_3' title='bbox 230 0 302 16; x_wconf 41' lang='grc' dir='ltr'>αἵτ’</span> <span class='ocrx_word' id='word_1_4' title='bbox 466 0 470 2; x_wconf 68' lang='grc'>’</span> 
     </span>
    </p>
   </div>
   <div class='ocr_carea' id='block_1_3' title="bbox 759 218 2080 273">
    <p class='ocr_par' dir='ltr' id='par_1_3' title="bbox 759 218 2080 273">
     <span class='ocr_line' id='line_1_3' title="bbox 759 218 2080 273; baseline -0.002 -9"><span class='ocrx_word' id='word_1_5' title='bbox 759 221 958 273; x_wconf 85' lang='lat' dir='ltr'>QUAEST.</span> <span class='ocrx_word' id='word_1_6' title='bbox 989 219 1114 273; x_wconf 83' lang='lat' dir='ltr'>LXX,</span> <span class='ocrx_word' id='word_1_7' title='bbox 1143 219 1260 261; x_wconf 77' lang='grc' dir='ltr'><strong>ΛΒΤ.</strong></span> <span class='ocrx_word' id='word_1_8' title='bbox 1291 219 1325 260; x_wconf 90' lang='lat' dir='ltr'>Il</span> <span class='ocrx_word' id='word_1_9' title='bbox 1353 218 1419 262; x_wconf 87' lang='lat' dir='ltr'>ET</span> <span class='ocrx_word' id='word_1_10' title='bbox 1447 218 1516 261; x_wconf 83' lang='lat'>111.</span> <span class='ocrx_word' id='word_1_11' title='bbox 2000 219 2080 261; x_wconf 75' lang='lat'>619</span> 
     </span>
    </p>
   </div>
   <div class='ocr_carea' id='block_1_4' title="bbox 196 295 2083 785">
    <p class='ocr_par' dir='ltr' id='par_1_4' title="bbox 196 295 2083 730">
     <span class='ocr_line' id='line_1_4' title="bbox 251 295 2081 361; baseline -0.005 -11"><span class='ocrx_word' id='word_1_12' title='bbox 251 305 320 350; x_wconf 80' lang='lat' dir='ltr'>Ad</span> <span class='ocrx_word' id='word_1_13' title='bbox 338 307 553 361; x_wconf 78' lang='lat' dir='ltr'>quartum</span> <span class='ocrx_word' id='word_1_14' title='bbox 580 301 852 356; x_wconf 88' lang='lat' dir='ltr'>dicendum,</span> <span class='ocrx_word' id='word_1_15' title='bbox 876 299 1002 356; x_wconf 75' lang='lat' dir='ltr'>quod</span> <span class='ocrx_word' id='word_1_16' title='bbox 1025 297 1317 343; x_wconf 84' lang='lat' dir='ltr'>circumcisio</span> <span class='ocrx_word' id='word_1_17' title='bbox 1350 297 1558 342; x_wconf 87' lang='lat' dir='ltr'>instituta</span> <span class='ocrx_word' id='word_1_18' title='bbox 1585 298 1655 340; x_wconf 87' lang='lat' dir='ltr'>est</span> <span class='ocrx_word' id='word_1_19' title='bbox 1683 299 1736 340; x_wconf 89' lang='lat' dir='ltr'>ut</span> <span class='ocrx_word' id='word_1_20' title='bbox 1758 296 1946 351; x_wconf 87' lang='lat' dir='ltr'>signum</span> <span class='ocrx_word' id='word_1_21' title='bbox 1976 295 2081 340; x_wconf 90' lang='lat' dir='ltr'>fidei</span> 
     </span>
     <span class='ocr_line' id='line_1_5' title="bbox 197 357 2082 424; baseline -0.006 -11"><span class='ocrx_word' id='word_1_22' title='bbox 197 367 416 424; x_wconf 83' lang='lat' dir='ltr'>Abrahae,</span> <span class='ocrx_word' id='word_1_23' title='bbox 438 364 520 422; x_wconf 87' lang='lat' dir='ltr'>qui</span> <span class='ocrx_word' id='word_1_24' title='bbox 547 362 739 407; x_wconf 81' lang='lat' dir='ltr'>credidit</span> <span class='ocrx_word' id='word_1_25' title='bbox 769 375 820 407; x_wconf 92' lang='lat' dir='ltr'>se</span> <span class='ocrx_word' id='word_1_26' title='bbox 841 366 1018 418; x_wconf 86' lang='lat' dir='ltr'>patrem</span> <span class='ocrx_word' id='word_1_27' title='bbox 1046 360 1255 404; x_wconf 81' lang='lat' dir='ltr'>futurum</span> <span class='ocrx_word' id='word_1_28' title='bbox 1283 358 1446 402; x_wconf 78' lang='lat' dir='ltr'>Christi</span> <span class='ocrx_word' id='word_1_29' title='bbox 1469 357 1557 402; x_wconf 88' lang='lat' dir='ltr'>sibi</span> <span class='ocrx_word' id='word_1_30' title='bbox 1587 357 1881 414; x_wconf 83' lang='lat' dir='ltr'>repromissi;</span> <span class='ocrx_word' id='word_1_31' title='bbox 1906 362 1953 401; x_wconf 88' lang='lat' dir='ltr'>et</span> <span class='ocrx_word' id='word_1_32' title='bbox 1980 357 2082 402; x_wconf 74' lang='lat' dir='ltr'>ideo</span> 
     </span>
     <span class='ocr_line' id='line_1_6' title="bbox 197 418 2083 478; baseline -0.006 -4"><span class='ocrx_word' id='word_1_33' title='bbox 197 427 526 474; x_wconf 76' lang='lat' dir='ltr'>convenIenter</span> <span class='ocrx_word' id='word_1_34' title='bbox 546 425 656 468; x_wconf 87' lang='lat' dir='ltr'>solis</span> <span class='ocrx_word' id='word_1_35' title='bbox 678 423 885 467; x_wconf 86' lang='lat' dir='ltr'>maribus</span> <span class='ocrx_word' id='word_1_36' title='bbox 905 421 1212 478; x_wconf 81' lang='lat' dir='ltr'>competebat.</span> <span class='ocrx_word' id='word_1_37' title='bbox 1234 423 1477 464; x_wconf 80' lang='lat' dir='ltr'>Peccatum</span> <span class='ocrx_word' id='word_1_38' title='bbox 1498 418 1636 462; x_wconf 89' lang='lat' dir='ltr'>etiam</span> <span class='ocrx_word' id='word_1_39' title='bbox 1659 418 1898 474; x_wconf 75' lang='lat' dir='ltr'>originale,</span> <span class='ocrx_word' id='word_1_40' title='bbox 1922 423 2083 463; x_wconf 77' lang='lat' dir='ltr'>eontra</span> 
     </span>
     <span class='ocr_line' id='line_1_7' title="bbox 199 480 2082 550; baseline -0.007 -15"><span class='ocrx_word' id='word_1_41' title='bbox 199 490 324 550; x_wconf 89' lang='lat' dir='ltr'>quod</span> <span class='ocrx_word' id='word_1_42' title='bbox 347 487 606 546; x_wconf 78' lang='lat' dir='ltr'>specialiter</span> <span class='ocrx_word' id='word_1_43' title='bbox 624 485 914 530; x_wconf 84' lang='lat' dir='ltr'>circumcisio</span> <span class='ocrx_word' id='word_1_44' title='bbox 930 483 1249 537; x_wconf 70' lang='lat' dir='ltr'>ordinabatur,</span> <span class='ocrx_word' id='word_1_45' title='bbox 1267 482 1294 524; x_wconf 82' lang='lat' dir='ltr'>a</span> <span class='ocrx_word' id='word_1_46' title='bbox 1316 487 1444 538; x_wconf 88' lang='lat' dir='ltr'>patre</span> <span class='ocrx_word' id='word_1_47' title='bbox 1463 480 1674 535; x_wconf 76' lang='lat' dir='ltr'>trahitur,</span> <span class='ocrx_word' id='word_1_48' title='bbox 1695 493 1788 524; x_wconf 91' lang='lat' dir='ltr'>non</span> <span class='ocrx_word' id='word_1_49' title='bbox 1804 481 1832 525; x_wconf 78' lang='lat' dir='ltr'>a</span> <span class='ocrx_word' id='word_1_50' title='bbox 1848 486 2010 536; x_wconf 86' lang='lat' dir='ltr'>matre,</span> <span class='ocrx_word' id='word_1_51' title='bbox 2030 481 2082 525; x_wconf 85' lang='lat' dir='ltr'>ut</span> 
     </span>
     <span class='ocr_line' id='line_1_8' title="bbox 196 541 2082 605; baseline -0.005 -9"><span class='ocrx_word' id='word_1_52' title='bbox 196 554 247 596; x_wconf 81' lang='lat' dir='ltr'>in</span> <span class='ocrx_word' id='word_1_53' title='bbox 266 551 470 596; x_wconf 85' lang='lat' dir='ltr'>secunda</span> <span class='ocrx_word' id='word_1_54' title='bbox 494 553 622 605; x_wconf 89' lang='lat' dir='ltr'>parte</span> <span class='ocrx_word' id='word_1_55' title='bbox 643 548 816 592; x_wconf 87' lang='lat' dir='ltr'>dictum</span> <span class='ocrx_word' id='word_1_56' title='bbox 833 550 904 591; x_wconf 85' lang='lat' dir='ltr'>est</span> <span class='ocrx_word' id='word_1_57' title='bbox 922 547 959 599; x_wconf 85' lang='lat'>(1</span> <span class='ocrx_word' id='word_1_58' title='bbox 983 548 1026 599; x_wconf 76' lang='lat'>2,</span> <span class='ocrx_word' id='word_1_59' title='bbox 1046 548 1209 600; x_wconf 80' lang='lat' dir='ltr'>quaest.</span> <span class='ocrx_word' id='word_1_60' title='bbox 1234 557 1373 597; x_wconf 60' lang='lat' dir='ltr'>mxxxi,</span> <span class='ocrx_word' id='word_1_61' title='bbox 1392 547 1481 586; x_wconf 86' lang='lat' dir='ltr'>art.</span> <span class='ocrx_word' id='word_1_62' title='bbox 1500 545 1529 586; x_wconf 81' lang='lat'>5</span> <span class='ocrx_word' id='word_1_63' title='bbox 1549 542 1598 585; x_wconf 88' lang='lat' dir='ltr'>in</span> <span class='ocrx_word' id='word_1_64' title='bbox 1614 554 1743 599; x_wconf 90' lang='lat' dir='ltr'>corp.</span> <span class='ocrx_word' id='word_1_65' title='bbox 1760 547 1806 587; x_wconf 89' lang='lat' dir='ltr'>et</span> <span class='ocrx_word' id='word_1_66' title='bbox 1825 543 1884 587; x_wconf 88' lang='lat' dir='ltr'>ad</span> <span class='ocrx_word' id='word_1_67' title='bbox 1904 545 1964 591; x_wconf 76' lang='lat'>2).</span> <span class='ocrx_word' id='word_1_68' title='bbox 1995 541 2082 587; x_wconf 88' lang='lat' dir='ltr'>Sed</span> 
     </span>
     <span class='ocr_line' id='line_1_9' title="bbox 202 603 2082 669; baseline -0.005 -12"><span class='ocrx_word' id='word_1_69' title='bbox 202 612 459 669; x_wconf 87' lang='lat' dir='ltr'>baptismus</span> <span class='ocrx_word' id='word_1_70' title='bbox 477 610 679 655; x_wconf 82' lang='lat' dir='ltr'>continet</span> <span class='ocrx_word' id='word_1_71' title='bbox 696 610 914 653; x_wconf 81' lang='lat' dir='ltr'>virtutem</span> <span class='ocrx_word' id='word_1_72' title='bbox 933 606 1118 662; x_wconf 86' lang='lat' dir='ltr'>Christi,</span> <span class='ocrx_word' id='word_1_73' title='bbox 1141 605 1222 662; x_wconf 91' lang='lat' dir='ltr'>qui</span> <span class='ocrx_word' id='word_1_74' title='bbox 1241 610 1317 649; x_wconf 88' lang='lat' dir='ltr'>est</span> <span class='ocrx_word' id='word_1_75' title='bbox 1335 603 1611 648; x_wconf 89' lang='lat' dir='ltr'>universalis</span> <span class='ocrx_word' id='word_1_76' title='bbox 1628 615 1771 649; x_wconf 88' lang='lat' dir='ltr'>causa</span> <span class='ocrx_word' id='word_1_77' title='bbox 1798 604 1962 650; x_wconf 81' lang='lat' dir='ltr'>salutis</span> <span class='ocrx_word' id='word_1_78' title='bbox 1976 615 2082 648; x_wconf 88' lang='lat' dir='ltr'>om-</span> 
     </span>
     <span class='ocr_line' id='line_1_10' title="bbox 201 667 1572 730; baseline -0.008 -11"><span class='ocrx_word' id='word_1_79' title='bbox 201 674 347 730; x_wconf 85' lang='lat' dir='ltr'>nium,</span> <span class='ocrx_word' id='word_1_80' title='bbox 367 678 413 717; x_wconf 89' lang='lat' dir='ltr'>et</span> <span class='ocrx_word' id='word_1_81' title='bbox 428 671 716 716; x_wconf 84' lang='lat' dir='ltr'>remissionis</span> <span class='ocrx_word' id='word_1_82' title='bbox 737 669 947 715; x_wconf 88' lang='lat' dir='ltr'>omnium</span> <span class='ocrx_word' id='word_1_83' title='bbox 967 672 1279 725; x_wconf 87' lang='lat' dir='ltr'>peccatorum.</span> <span class='ocrx_word' id='word_1_84' title='bbox 1569 667 1572 669; x_wconf 83' lang='grc'><strong>’</strong></span> 
     </span>
    </p>

    <p class='ocr_par' dir='ltr' id='par_1_5' title="bbox 309 742 1968 785">
     <span class='ocr_line' id='line_1_11' title="bbox 309 742 1968 785; baseline -0.004 0"><span class='ocrx_word' id='word_1_85' title='bbox 309 742 654 785; x_wconf 79' lang='lat' dir='ltr'>ARTICULUS</span> <span class='ocrx_word' id='word_1_86' title='bbox 677 743 759 784; x_wconf 85' lang='grc' dir='ltr'><strong>ΙΙΙ.</strong></span> <span class='ocrx_word' id='word_1_87' title='bbox 782 762 836 770; x_wconf 89' lang='grc'>-</span> <span class='ocrx_word' id='word_1_88' title='bbox 857 750 1000 782; x_wconf 65' lang='lat' dir='ltr'>uranu</span> <span class='ocrx_word' id='word_1_89' title='bbox 1025 749 1146 780; x_wconf 69' lang='lat' dir='ltr'>rurus</span> <span class='ocrx_word' id='word_1_90' title='bbox 1168 747 1500 780; x_wconf 75' lang='lat' dir='ltr'>cincunctsmms</span> <span class='ocrx_word' id='word_1_91' title='bbox 1519 747 1670 777; x_wconf 72' lang='lat' dir='ltr'>runnu·</span> <span class='ocrx_word' id='word_1_92' title='bbox 1692 747 1968 780; x_wconf 61' lang='lat' dir='ltr'>conventas.</span> 
     </span>
    </p>
   </div>
   <div class='ocr_carea' id='block_1_5' title="bbox 199 803 2081 895">
    <p class='ocr_par' dir='ltr' id='par_1_6' title="bbox 199 803 2081 895">
     <span class='ocr_line' id='line_1_12' title="bbox 199 803 2081 852; baseline -0.003 -6"><span class='ocrx_word' id='word_1_93' title='bbox 199 811 249 846; x_wconf 77' lang='lat' dir='ltr'>De</span> <span class='ocrx_word' id='word_1_94' title='bbox 265 810 319 846; x_wconf 77' lang='lat' dir='ltr'>his</span> <span class='ocrx_word' id='word_1_95' title='bbox 331 810 434 846; x_wconf 71' lang='lat' dir='ltr'>otiam</span> <span class='ocrx_word' id='word_1_96' title='bbox 449 811 542 846; x_wconf 78' lang='lat' dir='ltr'>Sem.</span> <span class='ocrx_word' id='word_1_97' title='bbox 568 818 618 852; x_wconf 73' lang='lat' dir='ltr'>w,</span> <span class='ocrx_word' id='word_1_98' title='bbox 640 810 720 844; x_wconf 80' lang='lat' dir='ltr'>dist.</span> <span class='ocrx_word' id='word_1_99' title='bbox 740 809 774 849; x_wconf 69' lang='lat' dir='ltr'>l,</span> <span class='ocrx_word' id='word_1_100' title='bbox 788 810 908 850; x_wconf 65' lang='lat' dir='ltr'>quast.</span> <span class='ocrx_word' id='word_1_101' title='bbox 929 815 970 848; x_wconf 85' lang='lat'>11,</span> <span class='ocrx_word' id='word_1_102' title='bbox 990 810 1057 842; x_wconf 78' lang='lat' dir='ltr'>art.</span> <span class='ocrx_word' id='word_1_103' title='bbox 1081 807 1115 845; x_wconf 80' lang='lat'>5.</span> <span class='ocrx_word' id='word_1_104' title='bbox 1133 809 1247 846; x_wconf 78' lang='lat' dir='ltr'>quaest.</span> <span class='ocrx_word' id='word_1_105' title='bbox 1275 813 1316 846; x_wconf 83' lang='lat'>11,</span> <span class='ocrx_word' id='word_1_106' title='bbox 1336 807 1371 839; x_wconf 78' lang='lat' dir='ltr'>et</span> <span class='ocrx_word' id='word_1_107' title='bbox 1388 806 1454 838; x_wconf 80' lang='lat' dir='ltr'>art.</span> <span class='ocrx_word' id='word_1_108' title='bbox 1467 803 1503 845; x_wconf 80' lang='lat'>5,</span> <span class='ocrx_word' id='word_1_109' title='bbox 1521 806 1637 846; x_wconf 63' lang='lat' dir='ltr'>quast.</span> <span class='ocrx_word' id='word_1_110' title='bbox 1658 810 1685 838; x_wconf 87' lang='grc' dir='ltr'>ιι</span> <span class='ocrx_word' id='word_1_111' title='bbox 1712 806 1750 838; x_wconf 77' lang='lat' dir='ltr'>et</span> <span class='ocrx_word' id='word_1_112' title='bbox 1765 812 1823 846; x_wconf 83' lang='lat' dir='ltr'>m,</span> <span class='ocrx_word' id='word_1_113' title='bbox 1846 809 1883 840; x_wconf 76' lang='lat' dir='ltr'>et</span> <span class='ocrx_word' id='word_1_114' title='bbox 1904 804 2001 840; x_wconf 71' lang='lat' dir='ltr'>Im.</span> <span class='ocrx_word' id='word_1_115' title='bbox 2014 811 2081 851; x_wconf 75' lang='lat' dir='ltr'>vu,</span> 
     </span>
     <span class='ocr_line' id='line_1_13' title="bbox 892 851 1393 895; baseline -0.006 -7"><span class='ocrx_word' id='word_1_116' title='bbox 892 854 972 888; x_wconf 81' lang='lat' dir='ltr'>lect.</span> <span class='ocrx_word' id='word_1_117' title='bbox 987 853 1021 895; x_wconf 82' lang='lat'>2,</span> <span class='ocrx_word' id='word_1_118' title='bbox 1037 857 1072 888; x_wconf 82' lang='grc'>51</span> <span class='ocrx_word' id='word_1_119' title='bbox 1086 854 1183 888; x_wconf 90' lang='lat' dir='ltr'>Rom.</span> <span class='ocrx_word' id='word_1_120' title='bbox 1201 861 1248 893; x_wconf 79' lang='lat' dir='ltr'>lv,</span> <span class='ocrx_word' id='word_1_121' title='bbox 1266 851 1342 886; x_wconf 75' lang='lat' dir='ltr'>lect.</span> <span class='ocrx_word' id='word_1_122' title='bbox 1360 851 1393 886; x_wconf 86' lang='lat'>2.</span> 
     </span>
    </p>
   </div>
   <div class='ocr_carea' id='block_1_6' title="bbox 198 905 2084 1215">
    <p class='ocr_par' dir='ltr' id='par_1_7' title="bbox 198 905 2084 1215">
     <span class='ocr_line' id='line_1_14' title="bbox 252 905 2082 967; baseline -0.002 -12"><span class='ocrx_word' id='word_1_123' title='bbox 252 911 321 958; x_wconf 90' lang='lat' dir='ltr'>Ad</span> <span class='ocrx_word' id='word_1_124' title='bbox 341 912 526 957; x_wconf 86' lang='lat' dir='ltr'>tertium</span> <span class='ocrx_word' id='word_1_125' title='bbox 547 911 615 955; x_wconf 91' lang='grc'>510</span> <span class='ocrx_word' id='word_1_126' title='bbox 636 910 914 967; x_wconf 85' lang='lat' dir='ltr'>proceditur.</span> <span class='ocrx_word' id='word_1_127' title='bbox 937 912 957 953; x_wconf 77' lang='lat'><strong>1</strong></span> <span class='ocrx_word' id='word_1_128' title='bbox 969 942 980 953; x_wconf 88' lang='lat'>.</span> <span class='ocrx_word' id='word_1_129' title='bbox 997 908 1182 953; x_wconf 90' lang='lat' dir='ltr'>Videtur</span> <span class='ocrx_word' id='word_1_130' title='bbox 1200 907 1322 963; x_wconf 77' lang='lat' dir='ltr'>quod</span> <span class='ocrx_word' id='word_1_131' title='bbox 1346 905 1464 951; x_wconf 89' lang='lat' dir='ltr'>ritus</span> <span class='ocrx_word' id='word_1_132' title='bbox 1482 905 1848 950; x_wconf 85' lang='lat' dir='ltr'>circumcisionis</span> <span class='ocrx_word' id='word_1_133' title='bbox 1868 919 1961 950; x_wconf 87' lang='lat' dir='ltr'>non</span> <span class='ocrx_word' id='word_1_134' title='bbox 1980 907 2082 953; x_wconf 82' lang='lat' dir='ltr'>fue-</span> 
     </span>
     <span class='ocr_line' id='line_1_15' title="bbox 199 967 2081 1024; baseline -0.002 -6"><span class='ocrx_word' id='word_1_135' title='bbox 199 972 258 1018; x_wconf 85' lang='lat' dir='ltr'>rit</span> <span class='ocrx_word' id='word_1_136' title='bbox 274 973 574 1017; x_wconf 89' lang='lat' dir='ltr'>conveniens.</span> <span class='ocrx_word' id='word_1_137' title='bbox 603 971 899 1016; x_wconf 84' lang='lat' dir='ltr'>circumcisio</span> <span class='ocrx_word' id='word_1_138' title='bbox 921 971 1064 1024; x_wconf 86' lang='lat' dir='ltr'>enim,</span> <span class='ocrx_word' id='word_1_139' title='bbox 1081 969 1201 1014; x_wconf 90' lang='lat' dir='ltr'>sicut</span> <span class='ocrx_word' id='word_1_140' title='bbox 1216 968 1390 1013; x_wconf 88' lang='lat' dir='ltr'>dictum</span> <span class='ocrx_word' id='word_1_141' title='bbox 1411 971 1483 1012; x_wconf 90' lang='lat' dir='ltr'>est</span> <span class='ocrx_word' id='word_1_142' title='bbox 1506 969 1610 1020; x_wconf 80' lang='lat' dir='ltr'>(art.</span> <span class='ocrx_word' id='word_1_143' title='bbox 1631 970 1654 1011; x_wconf 86' lang='lat'><strong>1</strong></span> <span class='ocrx_word' id='word_1_144' title='bbox 1676 972 1722 1011; x_wconf 87' lang='lat' dir='ltr'>et</span> <span class='ocrx_word' id='word_1_145' title='bbox 1743 970 1771 1011; x_wconf 78' lang='lat'><strong>2</strong></span> <span class='ocrx_word' id='word_1_146' title='bbox 1785 972 1960 1024; x_wconf 83' lang='lat' dir='ltr'>praec.),</span> <span class='ocrx_word' id='word_1_147' title='bbox 1978 967 2081 1014; x_wconf 88' lang='lat' dir='ltr'>fidei</span> 
     </span>
     <span class='ocr_line' id='line_1_16' title="bbox 199 1028 2084 1091; baseline -0.002 -12"><span class='ocrx_word' id='word_1_148' title='bbox 199 1035 410 1090; x_wconf 84' lang='lat' dir='ltr'>quoedam</span> <span class='ocrx_word' id='word_1_149' title='bbox 431 1034 655 1091; x_wconf 86' lang='lat' dir='ltr'>professio</span> <span class='ocrx_word' id='word_1_150' title='bbox 677 1038 762 1078; x_wconf 87' lang='lat' dir='ltr'>est.</span> <span class='ocrx_word' id='word_1_151' title='bbox 789 1032 877 1077; x_wconf 89' lang='lat' dir='ltr'>Sed</span> <span class='ocrx_word' id='word_1_152' title='bbox 895 1032 1011 1076; x_wconf 91' lang='lat' dir='ltr'>fides</span> <span class='ocrx_word' id='word_1_153' title='bbox 1030 1032 1077 1074; x_wconf 86' lang='lat' dir='ltr'>in</span> <span class='ocrx_word' id='word_1_154' title='bbox 1098 1031 1143 1074; x_wconf 84' lang='lat' dir='ltr'>vi</span> <span class='ocrx_word' id='word_1_155' title='bbox 1160 1029 1496 1086; x_wconf 87' lang='lat' dir='ltr'>apprehensiva</span> <span class='ocrx_word' id='word_1_156' title='bbox 1514 1028 1685 1083; x_wconf 83' lang='lat' dir='ltr'>existit,</span> <span class='ocrx_word' id='word_1_157' title='bbox 1708 1029 1844 1086; x_wconf 77' lang='lat' dir='ltr'>quus</span> <span class='ocrx_word' id='word_1_158' title='bbox 1861 1031 2084 1086; x_wconf 83' lang='lat' dir='ltr'>operatio-</span> 
     </span>
     <span class='ocr_line' id='line_1_17' title="bbox 198 1090 2082 1152; baseline -0.002 -11"><span class='ocrx_word' id='word_1_159' title='bbox 198 1109 285 1141; x_wconf 89' lang='lat' dir='ltr'>nes</span> <span class='ocrx_word' id='word_1_160' title='bbox 303 1097 504 1141; x_wconf 82' lang='lat' dir='ltr'>maxime</span> <span class='ocrx_word' id='word_1_161' title='bbox 523 1102 750 1152; x_wconf 79' lang='lat' dir='ltr'>apparent</span> <span class='ocrx_word' id='word_1_162' title='bbox 767 1095 815 1138; x_wconf 88' lang='lat' dir='ltr'>in</span> <span class='ocrx_word' id='word_1_163' title='bbox 843 1094 1008 1151; x_wconf 87' lang='lat' dir='ltr'>capite.</span> <span class='ocrx_word' id='word_1_164' title='bbox 1030 1095 1148 1148; x_wconf 85' lang='lat' dir='ltr'>Ergo</span> <span class='ocrx_word' id='word_1_165' title='bbox 1166 1092 1315 1147; x_wconf 85' lang='lat' dir='ltr'>magis</span> <span class='ocrx_word' id='word_1_166' title='bbox 1330 1090 1490 1135; x_wconf 88' lang='lat' dir='ltr'>debuit</span> <span class='ocrx_word' id='word_1_167' title='bbox 1507 1090 1696 1146; x_wconf 86' lang='lat' dir='ltr'>signum</span> <span class='ocrx_word' id='word_1_168' title='bbox 1718 1090 2082 1138; x_wconf 84' lang='lat' dir='ltr'>circumcisionis</span> 
     </span>
     <span class='ocr_line' id='line_1_18' title="bbox 199 1154 1358 1215; baseline -0.007 -12"><span class='ocrx_word' id='word_1_169' title='bbox 199 1159 297 1203; x_wconf 89' lang='lat' dir='ltr'>dari</span> <span class='ocrx_word' id='word_1_170' title='bbox 326 1160 373 1202; x_wconf 92' lang='lat' dir='ltr'>in</span> <span class='ocrx_word' id='word_1_171' title='bbox 391 1160 541 1215; x_wconf 88' lang='lat' dir='ltr'>capite</span> <span class='ocrx_word' id='word_1_172' title='bbox 563 1158 703 1215; x_wconf 74' lang='lat' dir='ltr'>quam</span> <span class='ocrx_word' id='word_1_173' title='bbox 725 1158 772 1201; x_wconf 92' lang='lat' dir='ltr'>in</span> <span class='ocrx_word' id='word_1_174' title='bbox 796 1156 1007 1201; x_wconf 90' lang='lat' dir='ltr'>membro</span> <span class='ocrx_word' id='word_1_175' title='bbox 1031 1154 1358 1211; x_wconf 83' lang='lat' dir='ltr'>generationis.</span> 
     </span>
    </p>
   </div>
   <div class='ocr_carea' id='block_1_7' title="bbox 255 1214 2155 1274">
    <p class='ocr_par' dir='ltr' id='par_1_8' title="bbox 255 1214 2155 1274">
     <span class='ocr_line' id='line_1_19' title="bbox 255 1214 2155 1274; baseline -0.001 -11"><span class='ocrx_word' id='word_1_176' title='bbox 255 1223 298 1263; x_wconf 74' lang='lat'>2.</span> <span class='ocrx_word' id='word_1_177' title='bbox 328 1223 565 1274; x_wconf 86' lang='lat' dir='ltr'>Praeterea,</span> <span class='ocrx_word' id='word_1_178' title='bbox 594 1220 652 1264; x_wconf 88' lang='lat' dir='ltr'>ad</span> <span class='ocrx_word' id='word_1_179' title='bbox 669 1230 810 1263; x_wconf 89' lang='lat' dir='ltr'>usum</span> <span class='ocrx_word' id='word_1_180' title='bbox 832 1222 1231 1263; x_wconf 87' lang='lat' dir='ltr'>sacramentorum</span> <span class='ocrx_word' id='word_1_181' title='bbox 1256 1214 1539 1259; x_wconf 87' lang='lat' dir='ltr'>assumimus</span> <span class='ocrx_word' id='word_1_182' title='bbox 1565 1227 1620 1259; x_wconf 86' lang='lat' dir='ltr'>ea</span> <span class='ocrx_word' id='word_1_183' title='bbox 1647 1227 1846 1270; x_wconf 90' lang='lat' dir='ltr'>quorum</span> <span class='ocrx_word' id='word_1_184' title='bbox 1863 1220 2081 1261; x_wconf 70' lang='lat' dir='ltr'>est‘com-</span> <span class='ocrx_word' id='word_1_185' title='bbox 2154 1235 2155 1238; x_wconf 43' lang='lat'>¹</span> 
     </span>
    </p>
   </div>
   <div class='ocr_carea' id='block_1_8' title="bbox 198 1274 2084 2256">
    <p class='ocr_par' dir='ltr' id='par_1_9' title="bbox 198 1274 2084 1454">
     <span class='ocr_line' id='line_1_20' title="bbox 198 1274 2081 1336; baseline -0.002 -11"><span class='ocrx_word' id='word_1_186' title='bbox 198 1281 356 1326; x_wconf 87' lang='lat' dir='ltr'>munis</span> <span class='ocrx_word' id='word_1_187' title='bbox 370 1294 503 1334; x_wconf 83' lang='lat' dir='ltr'>usus,</span> <span class='ocrx_word' id='word_1_188' title='bbox 520 1281 640 1325; x_wconf 87' lang='lat' dir='ltr'>sicut</span> <span class='ocrx_word' id='word_1_189' title='bbox 656 1291 827 1336; x_wconf 88' lang='lat' dir='ltr'>aquam</span> <span class='ocrx_word' id='word_1_190' title='bbox 843 1278 902 1322; x_wconf 92' lang='lat' dir='ltr'>ad</span> <span class='ocrx_word' id='word_1_191' title='bbox 921 1277 1224 1330; x_wconf 87' lang='lat' dir='ltr'>abluendum,</span> <span class='ocrx_word' id='word_1_192' title='bbox 1248 1281 1294 1319; x_wconf 91' lang='lat' dir='ltr'>et</span> <span class='ocrx_word' id='word_1_193' title='bbox 1313 1287 1482 1330; x_wconf 91' lang='lat' dir='ltr'>panem</span> <span class='ocrx_word' id='word_1_194' title='bbox 1507 1274 1567 1319; x_wconf 90' lang='lat' dir='ltr'>ad</span> <span class='ocrx_word' id='word_1_195' title='bbox 1583 1275 1884 1321; x_wconf 85' lang='lat' dir='ltr'>reficiendum</span> <span class='ocrx_word' id='word_1_196' title='bbox 1901 1279 1974 1331; x_wconf 71' lang='lat'>(1).</span> <span class='ocrx_word' id='word_1_197' title='bbox 1995 1277 2081 1323; x_wconf 87' lang='lat' dir='ltr'>Sed</span> 
     </span>
     <span class='ocr_line' id='line_1_21' title="bbox 199 1336 2084 1394; baseline -0.002 -7"><span class='ocrx_word' id='word_1_198' title='bbox 199 1343 260 1388; x_wconf 88' lang='lat' dir='ltr'>ad</span> <span class='ocrx_word' id='word_1_199' title='bbox 280 1343 582 1388; x_wconf 87' lang='lat' dir='ltr'>incidendum</span> <span class='ocrx_word' id='word_1_200' title='bbox 602 1340 899 1385; x_wconf 78' lang='lat' dir='ltr'>communius</span> <span class='ocrx_word' id='word_1_201' title='bbox 921 1340 1096 1384; x_wconf 88' lang='lat' dir='ltr'>utimur</span> <span class='ocrx_word' id='word_1_202' title='bbox 1113 1337 1301 1381; x_wconf 91' lang='lat' dir='ltr'>cultello</span> <span class='ocrx_word' id='word_1_203' title='bbox 1323 1337 1472 1381; x_wconf 89' lang='lat' dir='ltr'>ferreo</span> <span class='ocrx_word' id='word_1_204' title='bbox 1490 1336 1633 1393; x_wconf 73' lang='lat' dir='ltr'>quam</span> <span class='ocrx_word' id='word_1_205' title='bbox 1649 1337 1847 1392; x_wconf 89' lang='lat' dir='ltr'>petrino.</span> <span class='ocrx_word' id='word_1_206' title='bbox 1867 1340 1986 1394; x_wconf 83' lang='lat' dir='ltr'>Ergo</span> <span class='ocrx_word' id='word_1_207' title='bbox 1999 1338 2084 1384; x_wconf 82' lang='lat' dir='ltr'>cir-</span> 
     </span>
     <span class='ocr_line' id='line_1_22' title="bbox 198 1398 1255 1454; baseline -0.006 -7"><span class='ocrx_word' id='word_1_208' title='bbox 198 1403 421 1448; x_wconf 87' lang='lat' dir='ltr'>cumcisio</span> <span class='ocrx_word' id='word_1_209' title='bbox 444 1415 538 1446; x_wconf 87' lang='lat' dir='ltr'>non</span> <span class='ocrx_word' id='word_1_210' title='bbox 562 1401 723 1446; x_wconf 83' lang='lat' dir='ltr'>debuit</span> <span class='ocrx_word' id='word_1_211' title='bbox 739 1401 837 1445; x_wconf 86' lang='lat' dir='ltr'>fieri</span> <span class='ocrx_word' id='word_1_212' title='bbox 855 1400 1040 1444; x_wconf 87' lang='lat' dir='ltr'>cultello</span> <span class='ocrx_word' id='word_1_213' title='bbox 1059 1398 1255 1454; x_wconf 86' lang='lat' dir='ltr'>petrino.</span> 
     </span>
    </p>

    <p class='ocr_par' dir='ltr' id='par_1_10' title="bbox 198 1458 2084 1888">
     <span class='ocr_line' id='line_1_23' title="bbox 254 1458 2081 1521; baseline -0.001 -13"><span class='ocrx_word' id='word_1_214' title='bbox 254 1467 296 1508; x_wconf 89' lang='lat'>3.</span> <span class='ocrx_word' id='word_1_215' title='bbox 328 1466 567 1521; x_wconf 86' lang='lat' dir='ltr'>Praeterea,</span> <span class='ocrx_word' id='word_1_216' title='bbox 589 1464 710 1508; x_wconf 89' lang='lat' dir='ltr'>sicut</span> <span class='ocrx_word' id='word_1_217' title='bbox 728 1462 987 1519; x_wconf 79' lang='lat' dir='ltr'>baptismus</span> <span class='ocrx_word' id='word_1_218' title='bbox 1003 1460 1260 1504; x_wconf 87' lang='lat' dir='ltr'>instituitur</span> <span class='ocrx_word' id='word_1_219' title='bbox 1282 1459 1330 1503; x_wconf 90' lang='lat' dir='ltr'>in</span> <span class='ocrx_word' id='word_1_220' title='bbox 1349 1458 1607 1504; x_wconf 88' lang='lat' dir='ltr'>remedium</span> <span class='ocrx_word' id='word_1_221' title='bbox 1626 1458 1865 1515; x_wconf 82' lang='lat' dir='ltr'>originalis</span> <span class='ocrx_word' id='word_1_222' title='bbox 1889 1461 2081 1519; x_wconf 83' lang='lat' dir='ltr'>peccati,</span> 
     </span>
     <span class='ocr_line' id='line_1_24' title="bbox 198 1520 2081 1578; baseline -0.001 -8"><span class='ocrx_word' id='word_1_223' title='bbox 198 1526 262 1570; x_wconf 88' lang='lat' dir='ltr'>ita</span> <span class='ocrx_word' id='word_1_224' title='bbox 276 1526 413 1570; x_wconf 88' lang='lat' dir='ltr'>etiam</span> <span class='ocrx_word' id='word_1_225' title='bbox 426 1525 732 1578; x_wconf 72' lang='lat' dir='ltr'>circumcisio,</span> <span class='ocrx_word' id='word_1_226' title='bbox 746 1524 868 1568; x_wconf 89' lang='lat' dir='ltr'>sicut</span> <span class='ocrx_word' id='word_1_227' title='bbox 884 1523 1006 1567; x_wconf 90' lang='lat' dir='ltr'>Beda</span> <span class='ocrx_word' id='word_1_228' title='bbox 1019 1522 1129 1567; x_wconf 87' lang='lat' dir='ltr'>dicit</span> <span class='ocrx_word' id='word_1_229' title='bbox 1148 1522 1207 1575; x_wconf 85' lang='lat' dir='ltr'>(in</span> <span class='ocrx_word' id='word_1_230' title='bbox 1230 1521 1354 1564; x_wconf 91' lang='lat' dir='ltr'>hom.</span> <span class='ocrx_word' id='word_1_231' title='bbox 1369 1520 1654 1577; x_wconf 71' lang='lat' dir='ltr'>circumcis,</span> <span class='ocrx_word' id='word_1_232' title='bbox 1673 1526 1837 1578; x_wconf 79' lang='lat' dir='ltr'>parum</span> <span class='ocrx_word' id='word_1_233' title='bbox 1852 1521 1880 1566; x_wconf 77' lang='lat' dir='ltr'>a</span> <span class='ocrx_word' id='word_1_234' title='bbox 1896 1521 2081 1578; x_wconf 87' lang='lat' dir='ltr'>princ.).</span> 
     </span>
     <span class='ocr_line' id='line_1_25' title="bbox 199 1582 2083 1642; baseline -0.001 -11"><span class='ocrx_word' id='word_1_235' title='bbox 199 1588 287 1632; x_wconf 91' lang='lat' dir='ltr'>Sed</span> <span class='ocrx_word' id='word_1_236' title='bbox 304 1587 564 1642; x_wconf 85' lang='lat' dir='ltr'>baptismus</span> <span class='ocrx_word' id='word_1_237' title='bbox 583 1599 675 1630; x_wconf 90' lang='lat' dir='ltr'>non</span> <span class='ocrx_word' id='word_1_238' title='bbox 697 1585 907 1630; x_wconf 79' lang='lat' dir='ltr'>differtur</span> <span class='ocrx_word' id='word_1_239' title='bbox 929 1597 1080 1642; x_wconf 88' lang='lat' dir='ltr'>usque</span> <span class='ocrx_word' id='word_1_240' title='bbox 1098 1584 1155 1628; x_wconf 85' lang='lat' dir='ltr'>ad</span> <span class='ocrx_word' id='word_1_241' title='bbox 1176 1588 1394 1626; x_wconf 88' lang='lat' dir='ltr'>octavum</span> <span class='ocrx_word' id='word_1_242' title='bbox 1410 1582 1551 1640; x_wconf 90' lang='lat' dir='ltr'>diem,</span> <span class='ocrx_word' id='word_1_243' title='bbox 1570 1595 1629 1627; x_wconf 91' lang='lat' dir='ltr'>ne</span> <span class='ocrx_word' id='word_1_244' title='bbox 1649 1583 1808 1640; x_wconf 90' lang='lat' dir='ltr'>pueris</span> <span class='ocrx_word' id='word_1_245' title='bbox 1826 1584 2083 1639; x_wconf 89' lang='lat' dir='ltr'>periculum</span> 
     </span>
     <span class='ocr_line' id='line_1_26' title="bbox 200 1644 2083 1703; baseline -0.001 -11"><span class='ocrx_word' id='word_1_246' title='bbox 200 1647 511 1692; x_wconf 87' lang='lat' dir='ltr'>damnationis</span> <span class='ocrx_word' id='word_1_247' title='bbox 537 1647 774 1692; x_wconf 85' lang='lat' dir='ltr'>immineat</span> <span class='ocrx_word' id='word_1_248' title='bbox 796 1651 983 1702; x_wconf 86' lang='lat' dir='ltr'>propter</span> <span class='ocrx_word' id='word_1_249' title='bbox 1016 1645 1242 1700; x_wconf 87' lang='lat' dir='ltr'>originale</span> <span class='ocrx_word' id='word_1_250' title='bbox 1274 1648 1540 1701; x_wconf 81' lang='lat' dir='ltr'>peccatum,</span> <span class='ocrx_word' id='word_1_251' title='bbox 1570 1644 1610 1688; x_wconf 88' lang='lat' dir='ltr'>si</span> <span class='ocrx_word' id='word_1_252' title='bbox 1636 1644 1845 1688; x_wconf 77' lang='lat' dir='ltr'>nondum</span> <span class='ocrx_word' id='word_1_253' title='bbox 1869 1645 2083 1703; x_wconf 83' lang='lat' dir='ltr'>baptizati</span> 
     </span>
     <span class='ocr_line' id='line_1_27' title="bbox 201 1705 2084 1765; baseline -0.001 -13"><span class='ocrx_word' id='word_1_254' title='bbox 201 1708 452 1763; x_wconf 70' lang='lat' dir='ltr'>decedant,</span> <span class='ocrx_word' id='word_1_255' title='bbox 474 1708 755 1765; x_wconf 86' lang='lat' dir='ltr'>quandoque</span> <span class='ocrx_word' id='word_1_256' title='bbox 773 1708 909 1751; x_wconf 89' lang='lat' dir='ltr'>etiam</span> <span class='ocrx_word' id='word_1_257' title='bbox 929 1707 1129 1751; x_wconf 85' lang='lat' dir='ltr'>traditur</span> <span class='ocrx_word' id='word_1_258' title='bbox 1151 1705 1410 1761; x_wconf 88' lang='lat' dir='ltr'>baptismus</span> <span class='ocrx_word' id='word_1_259' title='bbox 1429 1709 1533 1760; x_wconf 86' lang='lat' dir='ltr'>post</span> <span class='ocrx_word' id='word_1_260' title='bbox 1561 1708 1778 1749; x_wconf 89' lang='lat' dir='ltr'>octavum</span> <span class='ocrx_word' id='word_1_261' title='bbox 1800 1706 1938 1750; x_wconf 82' lang='lat' dir='ltr'>diem.</span> <span class='ocrx_word' id='word_1_262' title='bbox 1965 1708 2084 1763; x_wconf 83' lang='lat' dir='ltr'>Ergo</span> 
     </span>
     <span class='ocr_line' id='line_1_28' title="bbox 200 1765 2082 1822; baseline -0.001 -8"><span class='ocrx_word' id='word_1_263' title='bbox 200 1770 538 1814; x_wconf 85' lang='lat' dir='ltr'>circumcisioni</span> <span class='ocrx_word' id='word_1_264' title='bbox 559 1782 651 1813; x_wconf 91' lang='lat' dir='ltr'>non</span> <span class='ocrx_word' id='word_1_265' title='bbox 681 1768 843 1813; x_wconf 89' lang='lat' dir='ltr'>debuit</span> <span class='ocrx_word' id='word_1_266' title='bbox 865 1767 1161 1813; x_wconf 89' lang='lat' dir='ltr'>determinari</span> <span class='ocrx_word' id='word_1_267' title='bbox 1180 1771 1371 1810; x_wconf 89' lang='lat' dir='ltr'>octavus</span> <span class='ocrx_word' id='word_1_268' title='bbox 1394 1766 1514 1821; x_wconf 89' lang='lat' dir='ltr'>dies,</span> <span class='ocrx_word' id='word_1_269' title='bbox 1540 1765 1624 1809; x_wconf 88' lang='lat' dir='ltr'>sed</span> <span class='ocrx_word' id='word_1_270' title='bbox 1646 1765 1845 1810; x_wconf 89' lang='lat' dir='ltr'>debebat</span> <span class='ocrx_word' id='word_1_271' title='bbox 1873 1767 2082 1822; x_wconf 88' lang='lat' dir='ltr'>quando-</span> 
     </span>
     <span class='ocr_line' id='line_1_29' title="bbox 201 1828 2010 1888; baseline -0.003 -13"><span class='ocrx_word' id='word_1_272' title='bbox 201 1843 292 1888; x_wconf 87' lang='lat' dir='ltr'>que</span> <span class='ocrx_word' id='word_1_273' title='bbox 314 1831 572 1888; x_wconf 70' lang='lat' dir='ltr'>praeveniri,</span> <span class='ocrx_word' id='word_1_274' title='bbox 597 1831 717 1875; x_wconf 85' lang='lat' dir='ltr'>sicut</span> <span class='ocrx_word' id='word_1_275' title='bbox 734 1831 873 1875; x_wconf 90' lang='lat' dir='ltr'>etiam</span> <span class='ocrx_word' id='word_1_276' title='bbox 893 1829 1173 1886; x_wconf 89' lang='lat' dir='ltr'>quandoque</span> <span class='ocrx_word' id='word_1_277' title='bbox 1194 1828 1476 1872; x_wconf 87' lang='lat' dir='ltr'>tardabatur.</span> <span class='ocrx_word' id='word_1_278' title='bbox 1947 1857 1949 1859; x_wconf 28' lang='grc' dir='ltr'>ψ</span> <span class='ocrx_word' id='word_1_279' title='bbox 2007 1879 2010 1882; x_wconf 27' lang='grc'>,</span> 
     </span>
    </p>

    <p class='ocr_par' dir='ltr' id='par_1_11' title="bbox 199 1889 2082 2008">
     <span class='ocr_line' id='line_1_30' title="bbox 258 1889 2082 1948; baseline 0 -12"><span class='ocrx_word' id='word_1_280' title='bbox 258 1893 344 1937; x_wconf 87' lang='lat' dir='ltr'>Sed</span> <span class='ocrx_word' id='word_1_281' title='bbox 366 1898 524 1936; x_wconf 72' lang='lat' dir='ltr'>contra</span> <span class='ocrx_word' id='word_1_282' title='bbox 544 1897 614 1936; x_wconf 89' lang='lat' dir='ltr'>est</span> <span class='ocrx_word' id='word_1_283' title='bbox 636 1892 760 1948; x_wconf 81' lang='lat' dir='ltr'>quod</span> <span class='ocrx_word' id='word_1_284' title='bbox 781 1894 927 1946; x_wconf 87' lang='lat' dir='ltr'>(Rom.</span> <span class='ocrx_word' id='word_1_285' title='bbox 956 1905 1018 1947; x_wconf 80' lang='lat' dir='ltr'>iv,</span> <span class='ocrx_word' id='word_1_286' title='bbox 1041 1903 1181 1947; x_wconf 91' lang='lat' dir='ltr'>super</span> <span class='ocrx_word' id='word_1_287' title='bbox 1206 1889 1319 1934; x_wconf 90' lang='lat' dir='ltr'>illud</span> <span class='ocrx_word' id='word_1_288' title='bbox 1339 1904 1350 1931; x_wconf 89' lang='lat'>:</span> <span class='ocrx_word' id='word_1_289' title='bbox 1376 1892 1632 1946; x_wconf 73' lang='lat' dir='ltr'>Etsiqnum</span> <span class='ocrx_word' id='word_1_290' title='bbox 1651 1893 1827 1947; x_wconf 73' lang='lat' dir='ltr'>accepit</span> <span class='ocrx_word' id='word_1_291' title='bbox 1847 1894 2082 1936; x_wconf 75' lang='lat' dir='ltr'>circumci-</span> 
     </span>
     <span class='ocr_line' id='line_1_31' title="bbox 199 1949 1986 2008; baseline 0 -11"><span class='ocrx_word' id='word_1_292' title='bbox 199 1956 353 2007; x_wconf 80' lang='lat' dir='ltr'>sionis)</span> <span class='ocrx_word' id='word_1_293' title='bbox 373 1953 705 1997; x_wconf 85' lang='lat' dir='ltr'>determinatur</span> <span class='ocrx_word' id='word_1_294' title='bbox 723 1954 771 1996; x_wconf 91' lang='lat' dir='ltr'>in</span> <span class='ocrx_word' id='word_1_295' title='bbox 790 1953 949 1996; x_wconf 89' lang='lat' dir='ltr'>Glossa</span> <span class='ocrx_word' id='word_1_296' title='bbox 967 1951 1102 2006; x_wconf 89' lang='lat' dir='ltr'>(ord.)</span> <span class='ocrx_word' id='word_1_297' title='bbox 1119 1950 1369 2008; x_wconf 85' lang='lat' dir='ltr'>praedictus</span> <span class='ocrx_word' id='word_1_298' title='bbox 1391 1949 1758 1994; x_wconf 86' lang='lat' dir='ltr'>circumcisionis</span> <span class='ocrx_word' id='word_1_299' title='bbox 1780 1951 1897 1996; x_wconf 86' lang='lat' dir='ltr'>ritus</span> <span class='ocrx_word' id='word_1_300' title='bbox 1909 1953 1986 2007; x_wconf 74' lang='lat'>(2).</span> 
     </span>
    </p>

    <p class='ocr_par' dir='ltr' id='par_1_12' title="bbox 199 2016 2078 2128">
     <span class='ocr_line' id='line_1_32' title="bbox 247 2016 2078 2070; baseline 0 -9"><span class='ocrx_word' id='word_1_301' title='bbox 247 2020 536 2062; x_wconf 81' lang='lat' dir='ltr'>CONCLUSIO.</span> <span class='ocrx_word' id='word_1_302' title='bbox 568 2044 616 2049; x_wconf 93' lang='lat'>—</span> <span class='ocrx_word' id='word_1_303' title='bbox 640 2021 746 2060; x_wconf 82' lang='lat' dir='ltr'>Gum</span> <span class='ocrx_word' id='word_1_304' title='bbox 763 2018 1017 2060; x_wconf 84' lang='lat' dir='ltr'>circumcisio</span> <span class='ocrx_word' id='word_1_305' title='bbox 1039 2019 1209 2068; x_wconf 81' lang='lat' dir='ltr'>signum</span> <span class='ocrx_word' id='word_1_306' title='bbox 1236 2016 1445 2070; x_wconf 86' lang='lat' dir='ltr'>quoddam</span> <span class='ocrx_word' id='word_1_307' title='bbox 1466 2017 1563 2057; x_wconf 84' lang='lat' dir='ltr'>fidei</span> <span class='ocrx_word' id='word_1_308' title='bbox 1587 2017 1642 2056; x_wconf 88' lang='lat' dir='ltr'>sit</span> <span class='ocrx_word' id='word_1_309' title='bbox 1668 2019 1694 2058; x_wconf 68' lang='grc' dir='ltr'>ὲ</span> <span class='ocrx_word' id='word_1_310' title='bbox 1711 2019 1791 2058; x_wconf 84' lang='lat' dir='ltr'>Deo</span> <span class='ocrx_word' id='word_1_311' title='bbox 1810 2019 2078 2070; x_wconf 81' lang='lat' dir='ltr'>institutum,</span> 
     </span>
     <span class='ocr_line' id='line_1_33' title="bbox 199 2075 1187 2128; baseline -0.003 -12"><span class='ocrx_word' id='word_1_312' title='bbox 199 2077 306 2117; x_wconf 85' lang='lat' dir='ltr'>ritus</span> <span class='ocrx_word' id='word_1_313' title='bbox 323 2077 410 2128; x_wconf 87' lang='lat' dir='ltr'>ejus</span> <span class='ocrx_word' id='word_1_314' title='bbox 425 2076 670 2116; x_wconf 88' lang='lat' dir='ltr'>conveniens</span> <span class='ocrx_word' id='word_1_315' title='bbox 684 2077 767 2114; x_wconf 87' lang='lat' dir='ltr'>fuit</span> <span class='ocrx_word' id='word_1_316' title='bbox 785 2075 829 2115; x_wconf 89' lang='lat' dir='ltr'>in</span> <span class='ocrx_word' id='word_1_317' title='bbox 849 2075 936 2127; x_wconf 85' lang='lat' dir='ltr'>lege</span> <span class='ocrx_word' id='word_1_318' title='bbox 950 2078 1187 2127; x_wconf 68' lang='lat' dir='ltr'>praeceptus.</span> 
     </span>
    </p>

    <p class='ocr_par' dir='ltr' id='par_1_13' title="bbox 200 2136 2084 2256">
     <span class='ocr_line' id='line_1_34' title="bbox 254 2136 2084 2194; baseline 0.001 -12"><span class='ocrx_word' id='word_1_319' title='bbox 254 2138 523 2194; x_wconf 86' lang='lat' dir='ltr'>Respondeo</span> <span class='ocrx_word' id='word_1_320' title='bbox 551 2138 798 2182; x_wconf 87' lang='lat' dir='ltr'>dicendum</span> <span class='ocrx_word' id='word_1_321' title='bbox 827 2137 978 2194; x_wconf 81' lang='lat' dir='ltr'>quod,</span> <span class='ocrx_word' id='word_1_322' title='bbox 1011 2137 1132 2180; x_wconf 89' lang='lat' dir='ltr'>sicut</span> <span class='ocrx_word' id='word_1_323' title='bbox 1154 2136 1329 2180; x_wconf 90' lang='lat' dir='ltr'>dictum</span> <span class='ocrx_word' id='word_1_324' title='bbox 1357 2139 1430 2180; x_wconf 87' lang='lat' dir='ltr'>est</span> <span class='ocrx_word' id='word_1_325' title='bbox 1456 2137 1555 2189; x_wconf 82' lang='lat' dir='ltr'>(art.</span> <span class='ocrx_word' id='word_1_326' title='bbox 1582 2138 1770 2193; x_wconf 87' lang='lat' dir='ltr'>praec.),</span> <span class='ocrx_word' id='word_1_327' title='bbox 1792 2136 2084 2184; x_wconf 83' lang='lat' dir='ltr'>circumcisio</span> 
     </span>
     <span class='ocr_line' id='line_1_35' title="bbox 200 2196 2082 2256; baseline 0.002 -14"><span class='ocrx_word' id='word_1_328' title='bbox 200 2199 433 2256; x_wconf 89' lang='lat' dir='ltr'>quoddam</span> <span class='ocrx_word' id='word_1_329' title='bbox 451 2200 636 2254; x_wconf 88' lang='lat' dir='ltr'>signum</span> <span class='ocrx_word' id='word_1_330' title='bbox 658 2199 765 2243; x_wconf 86' lang='lat' dir='ltr'>fidei</span> <span class='ocrx_word' id='word_1_331' title='bbox 784 2204 872 2251; x_wconf 83' lang='lat' dir='ltr'>est,</span> <span class='ocrx_word' id='word_1_332' title='bbox 890 2198 1150 2243; x_wconf 87' lang='lat' dir='ltr'>institutum</span> <span class='ocrx_word' id='word_1_333' title='bbox 1173 2197 1200 2240; x_wconf 78' lang='lat' dir='ltr'>a</span> <span class='ocrx_word' id='word_1_334' title='bbox 1224 2199 1332 2253; x_wconf 90' lang='lat' dir='ltr'>Deo,</span> <span class='ocrx_word' id='word_1_335' title='bbox 1354 2196 1490 2253; x_wconf 75' lang='lat' dir='ltr'>quus</span> <span class='ocrx_word' id='word_1_336' title='bbox 1509 2196 1747 2253; x_wconf 79' lang='lat' dir='ltr'>sapientiae</span> <span class='ocrx_word' id='word_1_337' title='bbox 1776 2209 1870 2242; x_wconf 91' lang='lat' dir='ltr'>non</span> <span class='ocrx_word' id='word_1_338' title='bbox 1897 2204 1969 2243; x_wconf 85' lang='lat' dir='ltr'>est</span> <span class='ocrx_word' id='word_1_339' title='bbox 1995 2212 2082 2246; x_wconf 86' lang='lat' dir='ltr'>nu·</span> 
     </span>
    </p>
   </div>
   <div class='ocr_carea' id='block_1_9' title="bbox 199 2258 2158 2318">
    <p class='ocr_par' dir='ltr' id='par_1_14' title="bbox 199 2258 2158 2318">
     <span class='ocr_line' id='line_1_36' title="bbox 199 2258 2158 2318; baseline 0.002 -14"><span class='ocrx_word' id='word_1_340' title='bbox 199 2273 358 2305; x_wconf 90' lang='lat' dir='ltr'>merus</span> <span class='ocrx_word' id='word_1_341' title='bbox 373 2263 446 2315; x_wconf 87' lang='lat'>(3).</span> <span class='ocrx_word' id='word_1_342' title='bbox 473 2261 785 2305; x_wconf 81' lang='lat' dir='ltr'>Deterruinare</span> <span class='ocrx_word' id='word_1_343' title='bbox 803 2265 960 2304; x_wconf 89' lang='lat' dir='ltr'>autem</span> <span class='ocrx_word' id='word_1_344' title='bbox 978 2259 1303 2304; x_wconf 85' lang='lat' dir='ltr'>convenientia</span> <span class='ocrx_word' id='word_1_345' title='bbox 1326 2258 1483 2314; x_wconf 84' lang='lat' dir='ltr'>signa,</span> <span class='ocrx_word' id='word_1_346' title='bbox 1508 2263 1581 2303; x_wconf 91' lang='lat' dir='ltr'>est</span> <span class='ocrx_word' id='word_1_347' title='bbox 1606 2258 1846 2315; x_wconf 85' lang='lat' dir='ltr'>sapientiae</span> <span class='ocrx_word' id='word_1_348' title='bbox 1868 2273 2003 2318; x_wconf 87' lang='lat' dir='ltr'>opus.</span> <span class='ocrx_word' id='word_1_349' title='bbox 2029 2263 2083 2309; x_wconf 83' lang='lat' dir='ltr'>Et</span> <span class='ocrx_word' id='word_1_350' title='bbox 2156 2313 2158 2315; x_wconf 75' lang='lat'>.</span> 
     </span>
    </p>
   </div>
   <div class='ocr_carea' id='block_1_10' title="bbox 200 2320 1858 2378">
    <p class='ocr_par' dir='ltr' id='par_1_15' title="bbox 200 2320 1858 2378">
     <span class='ocr_line' id='line_1_37' title="bbox 200 2320 1858 2378; baseline 0 -12"><span class='ocrx_word' id='word_1_351' title='bbox 200 2321 304 2366; x_wconf 78' lang='lat' dir='ltr'>ideo</span> <span class='ocrx_word' id='word_1_352' title='bbox 321 2322 672 2367; x_wconf 88' lang='lat' dir='ltr'>concedendum</span> <span class='ocrx_word' id='word_1_353' title='bbox 696 2327 768 2366; x_wconf 88' lang='lat' dir='ltr'>est</span> <span class='ocrx_word' id='word_1_354' title='bbox 788 2321 914 2378; x_wconf 67' lang='lat' dir='ltr'>qued</span> <span class='ocrx_word' id='word_1_355' title='bbox 936 2321 1054 2366; x_wconf 88' lang='lat' dir='ltr'>ritus</span> <span class='ocrx_word' id='word_1_356' title='bbox 1074 2320 1441 2366; x_wconf 88' lang='lat' dir='ltr'>circumcisionis</span> <span class='ocrx_word' id='word_1_357' title='bbox 1457 2320 1547 2364; x_wconf 88' lang='lat' dir='ltr'>fuit</span> <span class='ocrx_word' id='word_1_358' title='bbox 1561 2321 1858 2366; x_wconf 88' lang='lat' dir='ltr'>conveniens.</span> 
     </span>
    </p>
   </div>
   <div class='ocr_carea' id='block_1_11' title="bbox 254 2381 2158 2440">
    <p class='ocr_par' dir='ltr' id='par_1_16' title="bbox 254 2381 2158 2440">
     <span class='ocr_line' id='line_1_38' title="bbox 254 2381 2158 2440; baseline 0.001 -11"><span class='ocrx_word' id='word_1_359' title='bbox 254 2383 322 2429; x_wconf 87' lang='lat' dir='ltr'>Ad</span> <span class='ocrx_word' id='word_1_360' title='bbox 351 2387 548 2439; x_wconf 81' lang='lat' dir='ltr'>primum</span> <span class='ocrx_word' id='word_1_361' title='bbox 577 2396 687 2440; x_wconf 88' lang='lat' dir='ltr'>ergo</span> <span class='ocrx_word' id='word_1_362' title='bbox 721 2384 994 2439; x_wconf 89' lang='lat' dir='ltr'>dicendum,</span> <span class='ocrx_word' id='word_1_363' title='bbox 1027 2383 1153 2439; x_wconf 78' lang='lat' dir='ltr'>quod</span> <span class='ocrx_word' id='word_1_364' title='bbox 1182 2381 1472 2426; x_wconf 87' lang='lat' dir='ltr'>circumcisio</span> <span class='ocrx_word' id='word_1_365' title='bbox 1506 2382 1837 2427; x_wconf 89' lang='lat' dir='ltr'>convenienter</span> <span class='ocrx_word' id='word_1_366' title='bbox 1865 2383 2004 2430; x_wconf 84' lang='lat' dir='ltr'>fiebat</span> <span class='ocrx_word' id='word_1_367' title='bbox 2031 2385 2082 2431; x_wconf 82' lang='lat' dir='ltr'>in</span> <span class='ocrx_word' id='word_1_368' title='bbox 2155 2391 2158 2394; x_wconf 78' lang='grc'><strong>“</strong></span> 
     </span>
    </p>
   </div>
   <div class='ocr_carea' id='block_1_12' title="bbox 199 2440 2083 3116">
    <p class='ocr_par' dir='ltr' id='par_1_17' title="bbox 199 2440 2083 3116">
     <span class='ocr_line' id='line_1_39' title="bbox 200 2440 2082 2501; baseline 0.003 -13"><span class='ocrx_word' id='word_1_369' title='bbox 200 2444 409 2489; x_wconf 89' lang='lat' dir='ltr'>membro</span> <span class='ocrx_word' id='word_1_370' title='bbox 432 2444 762 2501; x_wconf 85' lang='lat' dir='ltr'>generationis,</span> <span class='ocrx_word' id='word_1_371' title='bbox 779 2445 927 2500; x_wconf 77' lang='lat' dir='ltr'>primo</span> <span class='ocrx_word' id='word_1_372' title='bbox 945 2444 1133 2501; x_wconf 89' lang='lat' dir='ltr'>quidem</span> <span class='ocrx_word' id='word_1_373' title='bbox 1159 2444 1268 2500; x_wconf 89' lang='lat' dir='ltr'>quia</span> <span class='ocrx_word' id='word_1_374' title='bbox 1287 2443 1476 2499; x_wconf 85' lang='lat' dir='ltr'>signum</span> <span class='ocrx_word' id='word_1_375' title='bbox 1498 2449 1597 2487; x_wconf 89' lang='lat' dir='ltr'>erat</span> <span class='ocrx_word' id='word_1_376' title='bbox 1618 2440 1725 2488; x_wconf 89' lang='lat' dir='ltr'>fidei</span> <span class='ocrx_word' id='word_1_377' title='bbox 1745 2446 1839 2501; x_wconf 76' lang='lat' dir='ltr'>qua</span> <span class='ocrx_word' id='word_1_378' title='bbox 1855 2444 2082 2494; x_wconf 82' lang='lat' dir='ltr'>Abraham</span> 
     </span>
     <span class='ocr_line' id='line_1_40' title="bbox 200 2504 2083 2560; baseline 0.003 -12"><span class='ocrx_word' id='word_1_379' title='bbox 200 2504 395 2549; x_wconf 90' lang='lat' dir='ltr'>credidit</span> <span class='ocrx_word' id='word_1_380' title='bbox 416 2506 645 2549; x_wconf 85' lang='lat' dir='ltr'>Christum</span> <span class='ocrx_word' id='word_1_381' title='bbox 668 2517 727 2549; x_wconf 82' lang='lat' dir='ltr'>ex</span> <span class='ocrx_word' id='word_1_382' title='bbox 746 2518 833 2549; x_wconf 89' lang='lat' dir='ltr'>suo</span> <span class='ocrx_word' id='word_1_383' title='bbox 852 2506 1032 2549; x_wconf 90' lang='lat' dir='ltr'>semine</span> <span class='ocrx_word' id='word_1_384' title='bbox 1056 2504 1369 2559; x_wconf 66' lang='lat' dir='ltr'>nasciturum,</span> <span class='ocrx_word' id='word_1_385' title='bbox 1387 2504 1592 2548; x_wconf 80' lang='lat' dir='ltr'>secundo</span> <span class='ocrx_word' id='word_1_386' title='bbox 1607 2505 1716 2560; x_wconf 90' lang='lat' dir='ltr'>quia</span> <span class='ocrx_word' id='word_1_387' title='bbox 1737 2509 1838 2550; x_wconf 88' lang='lat' dir='ltr'>erat</span> <span class='ocrx_word' id='word_1_388' title='bbox 1860 2506 1908 2550; x_wconf 92' lang='lat' dir='ltr'>in</span> <span class='ocrx_word' id='word_1_389' title='bbox 1930 2519 2083 2553; x_wconf 90' lang='lat' dir='ltr'>reme-</span> 
     </span>
     <span class='ocr_line' id='line_1_41' title="bbox 199 2565 2081 2623; baseline 0.003 -14"><span class='ocrx_word' id='word_1_390' title='bbox 199 2565 329 2610; x_wconf 90' lang='lat' dir='ltr'>dium</span> <span class='ocrx_word' id='word_1_391' title='bbox 350 2566 525 2622; x_wconf 85' lang='lat' dir='ltr'>peceati</span> <span class='ocrx_word' id='word_1_392' title='bbox 550 2566 814 2623; x_wconf 88' lang='lat' dir='ltr'>originalis,</span> <span class='ocrx_word' id='word_1_393' title='bbox 847 2566 973 2623; x_wconf 87' lang='lat' dir='ltr'>quod</span> <span class='ocrx_word' id='word_1_394' title='bbox 996 2578 1079 2622; x_wconf 91' lang='lat' dir='ltr'>per</span> <span class='ocrx_word' id='word_1_395' title='bbox 1105 2570 1262 2610; x_wconf 89' lang='lat' dir='ltr'>actum</span> <span class='ocrx_word' id='word_1_396' title='bbox 1295 2565 1610 2619; x_wconf 82' lang='lat' dir='ltr'>generationis</span> <span class='ocrx_word' id='word_1_397' title='bbox 1642 2566 1922 2622; x_wconf 85' lang='lat' dir='ltr'>traducitur3</span> <span class='ocrx_word' id='word_1_398' title='bbox 1951 2570 2081 2615; x_wconf 79' lang='lat' dir='ltr'>tertio</span> 
     </span>
     <span class='ocr_line' id='line_1_42' title="bbox 199 2626 2082 2688; baseline 0.003 -17"><span class='ocrx_word' id='word_1_399' title='bbox 199 2627 308 2684; x_wconf 89' lang='lat' dir='ltr'>quia</span> <span class='ocrx_word' id='word_1_400' title='bbox 321 2627 622 2672; x_wconf 89' lang='lat' dir='ltr'>ordinabatur</span> <span class='ocrx_word' id='word_1_401' title='bbox 638 2628 695 2672; x_wconf 91' lang='lat' dir='ltr'>ad</span> <span class='ocrx_word' id='word_1_402' title='bbox 715 2626 1071 2672; x_wconf 88' lang='lat' dir='ltr'>diminutionem</span> <span class='ocrx_word' id='word_1_403' title='bbox 1091 2627 1293 2672; x_wconf 87' lang='lat' dir='ltr'>carnalis</span> <span class='ocrx_word' id='word_1_404' title='bbox 1309 2626 1714 2683; x_wconf 84' lang='lat' dir='ltr'>concupiscentiae,</span> <span class='ocrx_word' id='word_1_405' title='bbox 1735 2639 1840 2683; x_wconf 86' lang='lat' dir='ltr'>quae</span> <span class='ocrx_word' id='word_1_406' title='bbox 1852 2630 2082 2688; x_wconf 71' lang='lat' dir='ltr'>praecipue</span> 
     </span>
     <span class='ocr_line' id='line_1_43' title="bbox 200 2687 2026 2745; baseline 0.003 -13"><span class='ocrx_word' id='word_1_407' title='bbox 200 2688 247 2732; x_wconf 90' lang='lat' dir='ltr'>in</span> <span class='ocrx_word' id='word_1_408' title='bbox 271 2689 493 2732; x_wconf 89' lang='lat' dir='ltr'>membris</span> <span class='ocrx_word' id='word_1_409' title='bbox 515 2689 605 2733; x_wconf 91' lang='lat' dir='ltr'>illis</span> <span class='ocrx_word' id='word_1_410' title='bbox 630 2690 768 2745; x_wconf 82' lang='lat' dir='ltr'>viget,</span> <span class='ocrx_word' id='word_1_411' title='bbox 792 2693 979 2745; x_wconf 89' lang='lat' dir='ltr'>propter</span> <span class='ocrx_word' id='word_1_412' title='bbox 1003 2688 1336 2732; x_wconf 87' lang='lat' dir='ltr'>abundantiam</span> <span class='ocrx_word' id='word_1_413' title='bbox 1360 2687 1681 2733; x_wconf 87' lang='lat' dir='ltr'>delectationis</span> <span class='ocrx_word' id='word_1_414' title='bbox 1703 2700 2026 2739; x_wconf 84' lang='lat' dir='ltr'>venereorum.</span> 
     </span>
     <span class='ocr_line' id='line_1_44' title="bbox 254 2749 2082 2805; baseline 0.003 -12"><span class='ocrx_word' id='word_1_415' title='bbox 254 2749 322 2794; x_wconf 89' lang='lat' dir='ltr'>Ad</span> <span class='ocrx_word' id='word_1_416' title='bbox 339 2751 584 2792; x_wconf 75' lang='lat' dir='ltr'>secundum</span> <span class='ocrx_word' id='word_1_417' title='bbox 604 2749 866 2804; x_wconf 82' lang='lat' dir='ltr'>dicendum,</span> <span class='ocrx_word' id='word_1_418' title='bbox 886 2749 1012 2805; x_wconf 80' lang='lat' dir='ltr'>quod</span> <span class='ocrx_word' id='word_1_419' title='bbox 1030 2749 1246 2793; x_wconf 89' lang='lat' dir='ltr'>cultellus</span> <span class='ocrx_word' id='word_1_420' title='bbox 1264 2749 1476 2804; x_wconf 87' lang='lat' dir='ltr'>lapideus</span> <span class='ocrx_word' id='word_1_421' title='bbox 1496 2761 1590 2793; x_wconf 90' lang='lat' dir='ltr'>non</span> <span class='ocrx_word' id='word_1_422' title='bbox 1609 2753 1708 2794; x_wconf 87' lang='lat' dir='ltr'>erat</span> <span class='ocrx_word' id='word_1_423' title='bbox 1729 2750 1787 2795; x_wconf 92' lang='lat' dir='ltr'>de</span> <span class='ocrx_word' id='word_1_424' title='bbox 1810 2753 2082 2800; x_wconf 87' lang='lat' dir='ltr'>necessitate</span> 
     </span>
     <span class='ocr_line' id='line_1_45' title="bbox 200 2810 2082 2868; baseline 0.004 -14"><span class='ocrx_word' id='word_1_425' title='bbox 200 2810 594 2866; x_wconf 89' lang='lat' dir='ltr'>circumcisionis,</span> <span class='ocrx_word' id='word_1_426' title='bbox 616 2812 742 2855; x_wconf 91' lang='lat' dir='ltr'>unde</span> <span class='ocrx_word' id='word_1_427' title='bbox 774 2823 868 2855; x_wconf 90' lang='lat' dir='ltr'>non</span> <span class='ocrx_word' id='word_1_428' title='bbox 892 2810 1130 2855; x_wconf 90' lang='lat' dir='ltr'>invenitur</span> <span class='ocrx_word' id='word_1_429' title='bbox 1156 2811 1246 2854; x_wconf 89' lang='lat' dir='ltr'>tale</span> <span class='ocrx_word' id='word_1_430' title='bbox 1275 2811 1640 2856; x_wconf 88' lang='lat' dir='ltr'>instrumentum</span> <span class='ocrx_word' id='word_1_431' title='bbox 1669 2817 1902 2868; x_wconf 84' lang='lat' dir='ltr'>praecepto</span> <span class='ocrx_word' id='word_1_432' title='bbox 1923 2814 2082 2861; x_wconf 88' lang='lat' dir='ltr'>divino</span> 
     </span>
     <span class='ocr_line' id='line_1_46' title="bbox 200 2871 2080 2928; baseline 0.003 -12"><span class='ocrx_word' id='word_1_433' title='bbox 200 2871 558 2916; x_wconf 86' lang='lat' dir='ltr'>determinatum</span> <span class='ocrx_word' id='word_1_434' title='bbox 584 2874 669 2927; x_wconf 76' lang='lat'>(4);</span> <span class='ocrx_word' id='word_1_435' title='bbox 696 2884 848 2928; x_wconf 89' lang='lat' dir='ltr'>neque</span> <span class='ocrx_word' id='word_1_436' title='bbox 869 2873 1009 2917; x_wconf 90' lang='lat' dir='ltr'>etiam</span> <span class='ocrx_word' id='word_1_437' title='bbox 1039 2872 1349 2916; x_wconf 89' lang='lat' dir='ltr'>communiter</span> <span class='ocrx_word' id='word_1_438' title='bbox 1370 2871 1449 2916; x_wconf 90' lang='lat' dir='ltr'>tali</span> <span class='ocrx_word' id='word_1_439' title='bbox 1471 2871 1782 2917; x_wconf 86' lang='lat' dir='ltr'>instrumento</span> <span class='ocrx_word' id='word_1_440' title='bbox 1811 2874 2080 2922; x_wconf 70' lang='grc' dir='ltr'>11111εεί1115-</span> 
     </span>
     <span class='ocr_line' id='line_1_47' title="bbox 199 2932 2080 2991; baseline 0.004 -15"><span class='ocrx_word' id='word_1_441' title='bbox 199 2932 370 2977; x_wconf 83' lang='lat' dir='ltr'>bantur</span> <span class='ocrx_word' id='word_1_442' title='bbox 389 2933 449 2978; x_wconf 89' lang='lat' dir='ltr'>ad</span> <span class='ocrx_word' id='word_1_443' title='bbox 467 2933 895 2978; x_wconf 87' lang='lat' dir='ltr'>circumcidendum</span> <span class='ocrx_word' id='word_1_444' title='bbox 910 2967 923 2990; x_wconf 93' lang='lat'>,</span> <span class='ocrx_word' id='word_1_445' title='bbox 953 2934 1076 2978; x_wconf 89' lang='lat' dir='ltr'>sicut</span> <span class='ocrx_word' id='word_1_446' title='bbox 1099 2946 1250 2990; x_wconf 90' lang='lat' dir='ltr'>neque</span> <span class='ocrx_word' id='word_1_447' title='bbox 1268 2934 1408 2978; x_wconf 91' lang='lat' dir='ltr'>modo</span> <span class='ocrx_word' id='word_1_448' title='bbox 1434 2938 1648 2979; x_wconf 88' lang='lat' dir='ltr'>utuntur.</span> <span class='ocrx_word' id='word_1_449' title='bbox 1670 2937 1907 2991; x_wconf 82' lang='lat' dir='ltr'>Leguntur</span> <span class='ocrx_word' id='word_1_450' title='bbox 1926 2941 2080 2984; x_wconf 87' lang='lat' dir='ltr'>tamen</span> 
     </span>
     <span class='ocr_line' id='line_1_48' title="bbox 200 2993 2077 3052; baseline 0.003 -15"><span class='ocrx_word' id='word_1_451' title='bbox 200 2993 368 3051; x_wconf 85' lang='lat' dir='ltr'>aliquae</span> <span class='ocrx_word' id='word_1_452' title='bbox 387 2995 769 3040; x_wconf 89' lang='lat' dir='ltr'>circumcisiones</span> <span class='ocrx_word' id='word_1_453' title='bbox 789 2996 982 3041; x_wconf 77' lang='lat' dir='ltr'>famosae</span> <span class='ocrx_word' id='word_1_454' title='bbox 1003 2995 1189 3040; x_wconf 87' lang='lat' dir='ltr'>cultello</span> <span class='ocrx_word' id='word_1_455' title='bbox 1211 2995 1392 3052; x_wconf 91' lang='lat' dir='ltr'>lapideo</span> <span class='ocrx_word' id='word_1_456' title='bbox 1413 2994 1564 3051; x_wconf 77' lang='lat' dir='ltr'>factae,</span> <span class='ocrx_word' id='word_1_457' title='bbox 1589 2996 1711 3040; x_wconf 86' lang='lat' dir='ltr'>sicut</span> <span class='ocrx_word' id='word_1_458' title='bbox 1733 2996 1902 3052; x_wconf 83' lang='lat' dir='ltr'>legitur</span> <span class='ocrx_word' id='word_1_459' title='bbox 1920 2997 2077 3052; x_wconf 89' lang='lat' dir='ltr'>(Exod.</span> 
     </span>
     <span class='ocr_line' id='line_1_49' title="bbox 200 3057 2079 3116; baseline 0.003 -18"><span class='ocrx_word' id='word_1_460' title='bbox 200 3067 258 3113; x_wconf 91' lang='lat' dir='ltr'>1v,</span> <span class='ocrx_word' id='word_1_461' title='bbox 277 3057 363 3111; x_wconf 73' lang='lat'>25),</span> <span class='ocrx_word' id='word_1_462' title='bbox 383 3057 509 3114; x_wconf 77' lang='lat' dir='ltr'>quod</span> <span class='ocrx_word' id='word_1_463' title='bbox 526 3058 633 3102; x_wconf 74' lang='lat' dir='ltr'>tulit</span> <span class='ocrx_word' id='word_1_464' title='bbox 653 3059 860 3114; x_wconf 78' lang='lat' dir='ltr'>Sephora</span> <span class='ocrx_word' id='word_1_465' title='bbox 888 3061 1198 3102; x_wconf 76' lang='lat' dir='ltr'>acutissimam</span> <span class='ocrx_word' id='word_1_466' title='bbox 1216 3062 1421 3114; x_wconf 76' lang='lat' dir='ltr'>petram,</span> <span class='ocrx_word' id='word_1_467' title='bbox 1446 3061 1490 3102; x_wconf 81' lang='lat' dir='ltr'>et</span> <span class='ocrx_word' id='word_1_468' title='bbox 1512 3058 1794 3103; x_wconf 76' lang='lat' dir='ltr'>circumcidit</span> <span class='ocrx_word' id='word_1_469' title='bbox 1811 3064 2079 3116; x_wconf 70' lang='lat' dir='ltr'>praeputium</span> 
     </span>
    </p>
   </div>
   <div class='ocr_carea' id='block_1_13' title="bbox 201 3182 2079 3340">
    <p class='ocr_par' dir='ltr' id='par_1_18' title="bbox 201 3182 2079 3340">
     <span class='ocr_line' id='line_1_50' title="bbox 242 3182 1791 3245; baseline 0.003 -11"><span class='ocrx_word' id='word_1_470' title='bbox 242 3200 286 3242; x_wconf 74' lang='grc'>(4)</span> <span class='ocrx_word' id='word_1_471' title='bbox 314 3201 379 3235; x_wconf 83' lang='lat' dir='ltr'>Seu</span> <span class='ocrx_word' id='word_1_472' title='bbox 403 3201 439 3234; x_wconf 92' lang='lat' dir='ltr'>in</span> <span class='ocrx_word' id='word_1_473' title='bbox 460 3200 623 3241; x_wconf 78' lang='lat' dir='ltr'>baptismo</span> <span class='ocrx_word' id='word_1_474' title='bbox 649 3213 768 3242; x_wconf 85' lang='lat' dir='ltr'>aquam</span> <span class='ocrx_word' id='word_1_475' title='bbox 791 3206 885 3241; x_wconf 83' lang='lat' dir='ltr'>cujus</span> <span class='ocrx_word' id='word_1_476' title='bbox 910 3182 1098 3237; x_wconf 84' lang='lat' dir='ltr'>communis</span> <span class='ocrx_word' id='word_1_477' title='bbox 1224 3204 1267 3245; x_wconf 82' lang='lat'>(5)</span> <span class='ocrx_word' id='word_1_478' title='bbox 1280 3204 1483 3245; x_wconf 75' lang='lat' dir='ltr'>usurpatum</span> <span class='ocrx_word' id='word_1_479' title='bbox 1497 3215 1535 3238; x_wconf 86' lang='lat' dir='ltr'>ex</span> <span class='ocrx_word' id='word_1_480' title='bbox 1552 3203 1607 3238; x_wconf 89' lang='lat' dir='ltr'>Ps.</span> <span class='ocrx_word' id='word_1_481' title='bbox 1625 3211 1741 3244; x_wconf 72' lang='lat' dir='ltr'>CXLVI,</span> <span class='ocrx_word' id='word_1_482' title='bbox 1757 3204 1791 3239; x_wconf 76' lang='lat'>5.</span> 
     </span>
     <span class='ocr_line' id='line_1_51' title="bbox 201 3248 2079 3293; baseline 0.002 -11"><span class='ocrx_word' id='word_1_483' title='bbox 201 3258 278 3282; x_wconf 84' lang='lat' dir='ltr'>usus</span> <span class='ocrx_word' id='word_1_484' title='bbox 304 3248 345 3282; x_wconf 82' lang='lat' dir='ltr'>ad</span> <span class='ocrx_word' id='word_1_485' title='bbox 368 3248 587 3288; x_wconf 80' lang='lat' dir='ltr'>abluendum,</span> <span class='ocrx_word' id='word_1_486' title='bbox 615 3253 650 3283; x_wconf 85' lang='lat' dir='ltr'>et</span> <span class='ocrx_word' id='word_1_487' title='bbox 683 3249 719 3282; x_wconf 86' lang='lat' dir='ltr'>in</span> <span class='ocrx_word' id='word_1_488' title='bbox 743 3249 955 3285; x_wconf 77' lang='lat' dir='ltr'>Eucharistia</span> <span class='ocrx_word' id='word_1_489' title='bbox 976 3262 1096 3292; x_wconf 83' lang='lat' dir='ltr'>panem</span> <span class='ocrx_word' id='word_1_490' title='bbox 1222 3252 1267 3293; x_wconf 65' lang='lat'>(4)</span> <span class='ocrx_word' id='word_1_491' title='bbox 1300 3251 1394 3293; x_wconf 83' lang='lat' dir='ltr'>Quod</span> <span class='ocrx_word' id='word_1_492' title='bbox 1429 3250 1532 3286; x_wconf 82' lang='lat' dir='ltr'>etiam</span> <span class='ocrx_word' id='word_1_493' title='bbox 1566 3251 1732 3285; x_wconf 74' lang='lat' dir='ltr'>iilustino</span> <span class='ocrx_word' id='word_1_494' title='bbox 1767 3250 1803 3284; x_wconf 89' lang='lat' dir='ltr'>iu</span> <span class='ocrx_word' id='word_1_495' title='bbox 1841 3250 1973 3291; x_wconf 80' lang='lat' dir='ltr'>dialogo</span> <span class='ocrx_word' id='word_1_496' title='bbox 2003 3263 2079 3286; x_wconf 84' lang='lat' dir='ltr'>cum</span> 
     </span>
     <span class='ocr_line' id='line_1_52' title="bbox 201 3296 2077 3340; baseline 0.003 -13"><span class='ocrx_word' id='word_1_497' title='bbox 201 3299 294 3334; x_wconf 71' lang='grc'>0111115</span> <span class='ocrx_word' id='word_1_498' title='bbox 312 3296 502 3331; x_wconf 83' lang='lat' dir='ltr'>communis</span> <span class='ocrx_word' id='word_1_499' title='bbox 517 3309 595 3331; x_wconf 89' lang='lat' dir='ltr'>usus</span> <span class='ocrx_word' id='word_1_500' title='bbox 616 3296 656 3331; x_wconf 83' lang='lat' dir='ltr'>ad</span> <span class='ocrx_word' id='word_1_501' title='bbox 677 3297 911 3331; x_wconf 76' lang='lat' dir='ltr'>reficiendum.</span> <span class='ocrx_word' id='word_1_502' title='bbox 1183 3299 1354 3340; x_wconf 66' lang='lat' dir='ltr'>&#39;l&#39;riphone</span> <span class='ocrx_word' id='word_1_503' title='bbox 1374 3298 1414 3333; x_wconf 82' lang='lat' dir='ltr'>ab</span> <span class='ocrx_word' id='word_1_504' title='bbox 1432 3299 1571 3338; x_wconf 76' lang='lat' dir='ltr'>Hugone</span> <span class='ocrx_word' id='word_1_505' title='bbox 1590 3299 1729 3333; x_wconf 85' lang='lat' dir='ltr'>Victore</span> <span class='ocrx_word' id='word_1_506' title='bbox 1753 3298 1882 3340; x_wconf 77' lang='lat' dir='ltr'>(Palud,</span> <span class='ocrx_word' id='word_1_507' title='bbox 1911 3298 1970 3332; x_wconf 88' lang='lat' dir='ltr'>lib.</span> <span class='ocrx_word' id='word_1_508' title='bbox 1997 3308 2022 3338; x_wconf 91' lang='grc'>1,</span> <span class='ocrx_word' id='word_1_509' title='bbox 2044 3309 2077 3339; x_wconf 76' lang='lat'>1).</span> 
     </span>
    </p>
   </div>
   <div class='ocr_carea' id='block_1_14' title="bbox 202 3341 2078 3478">
    <p class='ocr_par' dir='ltr' id='par_1_19' title="bbox 202 3341 2078 3478">
     <span class='ocr_line' id='line_1_53' title="bbox 243 3341 2078 3389; baseline 0.003 -13"><span class='ocrx_word' id='word_1_510' title='bbox 243 3341 283 3380; x_wconf 83' lang='lat'>(2)</span> <span class='ocrx_word' id='word_1_511' title='bbox 305 3342 432 3383; x_wconf 84' lang='lat' dir='ltr'>Nempe</span> <span class='ocrx_word' id='word_1_512' title='bbox 460 3344 547 3385; x_wconf 76' lang='lat' dir='ltr'>quod</span> <span class='ocrx_word' id='word_1_513' title='bbox 569 3344 604 3378; x_wconf 87' lang='lat' dir='ltr'>in</span> <span class='ocrx_word' id='word_1_514' title='bbox 634 3344 728 3378; x_wconf 84' lang='lat' dir='ltr'>virili</span> <span class='ocrx_word' id='word_1_515' title='bbox 762 3342 928 3383; x_wconf 83' lang='lat' dir='ltr'>membro,</span> <span class='ocrx_word' id='word_1_516' title='bbox 947 3344 1037 3386; x_wconf 73' lang='lat' dir='ltr'>quod</span> <span class='ocrx_word' id='word_1_517' title='bbox 1061 3345 1097 3378; x_wconf 91' lang='lat' dir='ltr'>in</span> <span class='ocrx_word' id='word_1_518' title='bbox 1183 3346 1238 3389; x_wconf 66' lang='lat'>42,</span> <span class='ocrx_word' id='word_1_519' title='bbox 1256 3359 1285 3382; x_wconf 85' lang='lat' dir='ltr'>c.</span> <span class='ocrx_word' id='word_1_520' title='bbox 1298 3348 1344 3389; x_wconf 87' lang='grc'>2),</span> <span class='ocrx_word' id='word_1_521' title='bbox 1359 3346 1456 3382; x_wconf 79' lang='lat' dir='ltr'>Rich.</span> <span class='ocrx_word' id='word_1_522' title='bbox 1471 3350 1506 3381; x_wconf 75' lang='lat' dir='ltr'>et</span> <span class='ocrx_word' id='word_1_523' title='bbox 1519 3346 1596 3382; x_wconf 65' lang='lat' dir='ltr'>aliis</span> <span class='ocrx_word' id='word_1_524' title='bbox 1611 3347 1647 3381; x_wconf 76' lang='lat' dir='ltr'>in</span> <span class='ocrx_word' id='word_1_525' title='bbox 1663 3348 1755 3382; x_wconf 80' lang='lat' dir='ltr'>Sent.</span> <span class='ocrx_word' id='word_1_526' title='bbox 1774 3355 1822 3387; x_wconf 85' lang='lat' dir='ltr'>lv,</span> <span class='ocrx_word' id='word_1_527' title='bbox 1839 3346 1872 3380; x_wconf 77' lang='lat' dir='ltr'>d.</span> <span class='ocrx_word' id='word_1_528' title='bbox 1891 3346 1906 3380; x_wconf 72' lang='grc' dir='ltr'>Ι</span> <span class='ocrx_word' id='word_1_529' title='bbox 1922 3346 2078 3382; x_wconf 77' lang='lat' dir='ltr'>traditur.</span> 
     </span>
     <span class='ocr_line' id='line_1_54' title="bbox 202 3388 1100 3434; baseline 0.002 -11"><span class='ocrx_word' id='word_1_530' title='bbox 202 3388 310 3423; x_wconf 69' lang='lat' dir='ltr'>cultro</span> <span class='ocrx_word' id='word_1_531' title='bbox 338 3388 482 3430; x_wconf 81' lang='lat' dir='ltr'>petrino.</span> <span class='ocrx_word' id='word_1_532' title='bbox 501 3391 590 3431; x_wconf 74' lang='lat' dir='ltr'>quod</span> <span class='ocrx_word' id='word_1_533' title='bbox 617 3395 732 3428; x_wconf 84' lang='lat' dir='ltr'>octavo</span> <span class='ocrx_word' id='word_1_534' title='bbox 758 3391 812 3427; x_wconf 82' lang='lat' dir='ltr'>die</span> <span class='ocrx_word' id='word_1_535' title='bbox 840 3391 938 3427; x_wconf 83' lang='lat' dir='ltr'>fieret</span> <span class='ocrx_word' id='word_1_536' title='bbox 962 3396 1100 3434; x_wconf 81' lang='lat' dir='ltr'>propter</span> 
     </span>
     <span class='ocr_line' id='line_1_55' title="bbox 203 3438 708 3478; baseline 0.006 -7"><span class='ocrx_word' id='word_1_537' title='bbox 203 3445 314 3471; x_wconf 69' lang='lat' dir='ltr'>causas</span> <span class='ocrx_word' id='word_1_538' title='bbox 329 3438 482 3478; x_wconf 83' lang='lat' dir='ltr'>deinceps</span> <span class='ocrx_word' id='word_1_539' title='bbox 500 3439 708 3474; x_wconf 68' lang='lat' dir='ltr'>indicandas.</span> 
     </span>
    </p>
   </div>
  </div>
 </body>
</html>
