2170 3808
585 196 783 283 QUAEST.
813 231 968 284 XLVII,
998 232 1118 274 ART.
1146 231 1185 273 ΙΙ
1212 232 1278 274 ET
1305 230 1373 274 111.
1843 226 1939 274 401³

52 315 172 358 nobis
190 313 450 358 oblationem
471 315 516 355 et
534 311 731 354 hostiam
751 317 844 355 Deo
862 315 909 355 in
927 312 1110 355 odorem
1129 314 1388 355 suavitatis.
1410 310 1678 356 obedientia
1696 310 1807 354 vero
1827 323 1926 355 om-

53 376 190 420 nibus
205 375 438 420 sacrificiis
459 373 728 427 antefertur,
748 373 1006 418 secundum
1028 372 1143 417 illud
1159 375 1208 426 (1.
1225 376 1336 428 Reg.
1353 386 1426 428 xv,
1442 375 1512 426 222)
1529 388 1540 416 ε
1558 373 1721 415 Melior
1742 376 1810 415 est
1825 374 1922 417 obe·

53 439 226 482 dientia·
248 440 378 492 quam
413 439 618 480 victimae.
635 438 689 479 Et
708 435 811 480 ideo
829 434 1113 480 conveniens
1133 434 1221 479 fuit
1252 439 1305 479 ut
1325 434 1601 479 sacrificium
1621 434 1852 491 passionis
1881 441 1927 479 et

52 499 214 544 mortis
231 498 388 543 Christi
416 510 475 543 ex
504 497 765 541 obedientia
787 497 1070 554 procederet.
1098 496 1262 552 Tertio,
1295 496 1383 540 hoc
1415 496 1699 541 conveniens
1718 496 1803 540 fuit
1825 495 1927 552 eJus

53 559 271 615 victoriae,
300 562 390 617 qua
410 559 468 604 de
488 563 635 603 morte
656 563 703 603 et
726 565 914 603 auctore
949 556 1110 602 mortis
1153 557 1450 614 triumphavit
1474 573 1486 601 :
1511 569 1605 600 non
1635 557 1759 602 enim
1795 557 1926 602 miles

53 621 238 666 vincere
261 625 423 679 potest,
444 620 533 664 nisi
563 619 670 664 duci
701 619 901 665 obediat.
922 623 974 664 Et
1001 620 1064 664 ita
1082 619 1220 663 homo
1239 619 1444 663 Christus
1466 618 1703 662 victoriam
1727 619 1927 663 obtinuit

53 694 137 740 per
165 685 252 728 hoc
286 682 405 740 quod
438 685 528 726 Deo
559 681 646 725 fuit
666 680 902 737 obediens,
921 681 1179 726 secundum
1210 680 1324 725 illud
1349 679 1579 733 (Proverb.
1602 693 1686 736 xxi,
1717 683 1816 734 28):
1843 683 1926 724 Vir

54 745 259 790 obediens
279 746 474 800 loquitur
491 746 718 788 victorias.
1932 751 1946 764 ¹

108 807 175 851 Ad
194 809 384 863 primum
404 817 515 861 ergo
525 805 798 861 dicendum,
825 805 949 862 quod
967 804 1171 850 Christus
1189 804 1461 849 mandatum
1478 803 1654 860 accepit
1674 804 1701 847 a
1723 805 1852 847 Patre
1871 810 1921 846 ut

55 872 300 924 pateretur.
324 868 492 912 Dicitur
508 868 631 912 enim
655 870 796 920 (Joan.
822 881 866 923 x,
886 870 951 919 18)
975 879 988 910 :
1008 870 1282 911 Potestaiem
1317 867 1460 910 liabeo
1490 866 1686 924 ponendi
1720 867 1924 907 anima-m

55 941 218 986 meam,
236 933 279 973 et
302 932 570 985 potestatem
591 929 732 972 liabeo
754 929 916 970 iterum
937 929 1144 971 sumendi
1170 941 1300 981 eam‚·
1323 932 1366 970 et
1384 929 1468 971 hoc
1485 929 1755 971 mandatum
1773 928 1925 982 accepi

55 991 86 1035 ὰ
115 995 250 1035 Patre
279 1005 389 1047 meo,
414 991 587 1035 scilicet
621 989 823 1047 ponendi
852 989 1055 1034 animam
1077 994 1122 1034 et
1155 990 1367 1034 sumendi
1405 1002 1524 1034 eam.
1566 1008 1585 1028 α
1611 993 1676 1034 Ex
1696 1001 1806 1045 que,
1828 1008 1848 1027 »
1874 992 1926 1033 ut

55 1054 406 1109 chrysostomus
426 1053 534 1097 dicit
561 1053 699 1106 (hom.
724 1065 792 1095 mx
815 1051 863 1095 in
890 1053 1021 1095 Joan.
1047 1051 1166 1096 inter
1184 1052 1330 1107 princ.
1357 1055 1403 1095 et
1424 1053 1582 1107 med),
1607 1069 1627 1090 «ι
1652 1063 1744 1094 non
1765 1050 1925 1094 estin-

57 1115 354 1172 telligendum
380 1114 502 1172 quod
530 1116 658 1172 prius
687 1114 994 1169 expectaverit
1016 1113 1177 1158 audire
1201 1118 1246 1157 et
1266 1125 1384 1173 opus
1412 1113 1454 1157 ei
1472 1114 1610 1158 fuerit
1626 1113 1819 1166 discere,
1843 1112 1925 1158 sed

55 1175 364 1220 voluntarium
389 1175 662 1220 monstravit
684 1186 972 1232 processum,
989 1179 1036 1217 et
1059 1173 1397 1218 contrarietatis
1414 1174 1473 1218 ad
1496 1176 1671 1218 Patrem
1695 1173 1924 1228 suspicio-

56 1249 163 1281 nem
187 1237 427 1282 destruxit.
448 1255 468 1277 »
492 1236 604 1289 Quia
632 1241 787 1280 tamen
817 1235 864 1278 in
885 1239 1032 1278 morte
1054 1235 1218 1278 Christi
1242 1235 1317 1279 lex
1339 1240 1476 1279 vetus
1492 1242 1816 1279 consummata
1835 1239 1921 1291 est,

54 1299 307 1343 secundum
332 1298 444 1344 illud
462 1298 585 1355 quod
606 1298 706 1354 ipse
720 1296 922 1342 moriens
944 1296 1053 1341 dixit
1071 1298 1214 1350 (Joan.
1231 1310 1317 1351 xix,
1338 1299 1408 1351 30)
1429 1300 1826 1341 :consummatum
1840 1301 1921 1349 est,

53 1366 202 1416 potest
245 1361 434 1416 intelligi
470 1358 594 1416 quod
630 1358 847 1416 patiendo
883 1359 1038 1402 omnIa
1072 1359 1241 1403 veteris
1273 1359 1390 1414 legis
1434 1364 1663 1416 praecepta
1701 1358 1922 1414 implevit.

52 1422 231 1466 Moralia
247 1422 432 1479 quidem
464 1421 629 1478 quaein
665 1419 903 1477 praeceptis
928 1419 1163 1465 charitatis
1184 1421 1456 1480 fundantur,
1482 1421 1704 1477 implevit,
1725 1421 1923 1477 inquan-

55 1488 151 1527 tum
183 1496 349 1540 passus
375 1488 462 1539 est,
486 1488 532 1527 et
562 1496 620 1527 ex
643 1483 887 1528 dilectione
910 1482 1071 1534 Patris,
1101 1483 1356 1527 secundum
1394 1483 1511 1528 iilud
1534 1486 1676 1537 (Joan.
1712 1497 1800 1536 xiv,
1826 1486 1924 1533 31)=

59 1549 116 1589 Ut
156 1549 390 1602 coqnoscat
431 1546 624 1588 mundus
668 1549 774 1600 quia
819 1546 962 1600 diliqo
998 1548 1179 1588 Patrem
1196 1578 1208 1599 „
1252 1549 1295 1588 et
1336 1548 1454 1589 sicut
1492 1547 1758 1589 mandatum
1798 1546 1928 1589 dedit

52 1607 165 1650 milii
192 1611 344 1663 Pater,
375 1609 440 1650 sic
467 1609 615 1661 facio;
644 1610 811 1662 surqite
836 1619 989 1649 eamus
1015 1608 1138 1662 hinc,
1168 1607 1345 1651 scilicet
1382 1607 1441 1652 ad
1467 1608 1621 1652 locum
1652 1606 1881 1663 passionis
1909 1621 1922 1651 x

55 1673 102 1713 et
138 1667 275 1712 etiam
307 1680 366 1712 ex
396 1667 638 1712 dilectione
671 1668 885 1724 proximi,
934 1668 1191 1713 secundum
1228 1668 1342 1714 illud
1382 1668 1492 1723 (Gal.
1527 1683 1573 1724 ιι,
1607 1671 1676 1722 20)
1705 1683 1718 1712 t
1752 1669 1927 1712 Dilexit

54 1743 140 1786 me,
173 1732 216 1774 et
245 1730 444 1773 tradidit
476 1732 759 1785 semetipsum
783 1743 867 1785 pro
892 1743 978 1774 me.
1008 1729 1350 1774 caeremonialia
1382 1730 1492 1775 vero
1519 1734 1749 1787 praecepta
1777 1729 1893 1784 legis
1910 1761 1923 1785 ‚

55 1804 158 1848 quae
193 1792 251 1836 ad
290 1791 512 1836 sacrificia
545 1795 592 1835 et
619 1791 874 1836 oblationes
905 1792 1137 1849 praecipue
1163 1792 1451 1849 ordinantur,
1486 1792 1693 1849 implevit
1720 1791 1927 1836 Christus

55 1856 141 1898 sua
171 1852 399 1909 passione,
428 1853 701 1908 inquantum
725 1854 882 1897 omnia
908 1853 1100 1910 antiqua
1134 1853 1360 1898 sacrificia
1391 1854 1554 1910 figurae
1583 1854 1772 1898 fuerunt
1803 1853 1926 1897 illius

55 1916 152 1960 veri
187 1915 414 1967 sacrificii„
437 1913 560 1970 quod.
599 1914 804 1958 Christus
835 1915 1002 1959 obtulit
1038 1915 1277 1960 moriendo
1313 1928 1398 1972 pro
1430 1916 1578 1960 nobis.
1603 1915 1731 1959 Unde
1760 1915 1928 1959 dicitur

55 1977 240 2030 (Coloss.
261 1989 307 2032 Π,
328 1979 396 2030 16)
414 1978 580 2020 :Nemo
595 1989 669 2018 vos
680 1977 860 2030 judicet
874 1980 922 2018 in
941 1977 1052 2030 cibo,
1075 1981 1157 2019 aut
1178 1980 1362 2033 inpetu,
1383 1981 1464 2020 aut
1482 1981 1531 2020 in
1552 1981 1685 2033 parte
1700 1978 1793 2020 diei
1805 1979 1924 2030 festi,
1951 2023 1961 2036 ⁹

55 2043 136 2083 aut
147 2041 396 2087 neomeniae,
418 2050 515 2093 quae
533 2041 638 2080 sunt
655 2039 815 2081 umbra
837 2041 1111 2094 futurorum,
1127 2052 1287 2095 corpus
1298 2043 1448 2082 autem
1466 2041 1654 2094 Christi,
1678 2038 1735 2082 εὸ
1752 2037 1927 2083 scilicet

56 2100 179 2156 quod
192 2099 395 2143 Christus
412 2102 705 2154 comparatur
721 2098 781 2142 ad
802 2098 896 2155 ina,
919 2099 1042 2149 sicut
1062 2112 1232 2156 corpus
1246 2099 1306 2143 ad
1319 2101 1549 2144 umbram.
1568 2103 1798 2155 Praecepta
1817 2098 1928 2143 verb

52 2161 284 2218 J'udicialia
307 2160 436 2217 legis,
460 2173 564 2216 quae
581 2160 812 2217 praecipue
832 2160 1106 2205 ordinantur
1123 2161 1184 2205 ad
1199 2161 1574 2207 satisfaciendum
1588 2162 1804 2218 injuriam
1823 2172 1927 2216 pas·

57 2223 138 2275 sis,
174 2222 377 2277 implevit
418 2222 625 2266 Christus
662 2224 750 2266 sua
784 2223 1021 2279 passione3
1056 2223 1292 2279 quoniam,
1324 2227 1375 2267 ut
1413 2224 1546 2278 (Psal.
1572 2225 1714 2276 txvni)
1739 2222 1925 2279 dicitur,

57 2297 153 2338 quae
175 2296 263 2326 non
293 2285 450 2338 rapuit
480 2283 682 2337 exsolvit,
711 2284 981 2339 permittens
1012 2295 1063 2328 se
1096 2285 1222 2340 ligno
1251 2284 1375 2341 affigi
1406 2297 1491 2342 pro
1520 2296 1673 2341 pomo,
1708 2285 1834 2340 quod
1869 2284 1927 2330 de

59 2346 183 2401 ligno
199 2345 334 2389 homo
350 2349 564 2400 rapuerat
581 2350 743 2389 contra
768 2345 843 2389 Dei
862 2344 1133 2389 mandatum
1149 2347 1226 2399 (1).

110 2407 175 2452 Ad
204 2408 444 2450 secundum
476 2406 740 2461 dicendum,
777 2406 902 2463 quod
939 2405 1202 2451 obedientia
1236 2407 1323 2452 etsi
1359 2407 1575 2464 importet
1606 2407 1926 2454 necessitatem

57 2473 264 2525 respectu
287 2467 390 2523 ejus
413 2467 538 2523 quod
569 2467 847 2525 praecipitur,
872 2471 1027 2512 tamen
1047 2468 1266 2524 importat
1284 2468 1570 2515 voluntatem
1597 2475 1811 2525 respectu
1840 2470 1927 2515 im-

56 2529 268 2586 pletionis
286 2529 516 2585 praecepti.
533 2531 585 2573 Et
602 2529 704 2573 talis
722 2529 808 2574 fuit
825 2528 1088 2573 obedientia
1105 2529 1286 2574 Christi.
1306 2532 1419 2574 Nam
1434 2530 1534 2587 ipsa
1545 2531 1699 2587 passio
1715 2535 1762 2575 et
1780 2543 1924 2589 mors,

58 2589 310 2635 secundum
330 2603 381 2634 se
397 2590 700 2647 considerata,
724 2590 922 2635 naturali
953 2591 1180 2635 voluntati
1216 2593 1530 2648 repugnabatg
1554 2593 1739 2637 volebat
1771 2598 1925 2638 tamen

57 2653 259 2697 Christus
281 2651 358 2696 Dei
383 2652 668 2697 voluntatem
707 2652 829 2697 circa
859 2652 949 2696 hoc
976 2653 1184 2709 implere,
1213 2654 1473 2699 secundum
1492 2654 1607 2698 illud
1627 2655 1760 2708 (Psal.
1784 2669 1925 2711 xxx1x7

59 2715 100 2767 9)
120 2729 133 2758 z
158 2717 215 2756 Ut.
233 2716 428 2767 facerem
457 2714 732 2758 voluntatem
765 2717 907 2769 tuam,
941 2717 1058 2756 Deus
1074 2727 1215 2770 meus,
1234 2715 1370 2759 volui.
1391 2714 1520 2759 Unde
1542 2714 1723 2759 dicebat
1756 2716 1922 2768 (Matth.

58 2787 166 2828 xxvr,
186 2776 255 2828 42)
271 2789 284 2818 z
303 2776 353 2817 Si
373 2787 462 2818 non
471 2777 617 2830 potest
632 2777 828 2818 transire
841 2775 872 2817 ὰ
891 2787 961 2817 me
981 2775 1111 2817 calix
1124 2777 1224 2827 iste,
1246 2778 1333 2818 nisi
1355 2775 1500 2819 bibam
1515 2776 1661 2831 illum,
1678 2777 1764 2830 fiat
1777 2775 1927 2820 volun-

60 2839 132 2879 tas
154 2838 253 2877 tua.

110 2896 176 2941 Ad
191 2899 372 2940 tertium
394 2895 656 2955 dicendum,
670 2896 794 2954 quud
811 2897 975 2942 eadem
1001 2897 1179 2943 ratione
1195 2896 1402 2942 Christus
1420 2909 1587 2953 passus
1607 2902 1676 2942 est
1695 2910 1755 2942 ex
1775 2897 1927 2943 chari‘

59 2961 152 3002 tate
178 2963 225 3002 et
240 2957 500 3001 obedientia
523 2971 535 2999 ε
560 2957 668 3013 quia
686 2962 733 3001 et
752 2964 983 3015 praecepta
1003 2958 1242 3003 charitatis
1264 2971 1324 3003 ex
1344 2958 1607 3003 obedientia
1637 2958 1860 3017 implevit,
1879 2966 1925 3006 et

58 3019 277 3064 obediens
293 3019 380 3062 fuit
397 3031 453 3062 ex
472 3018 716 3063 dilectione
735 3020 793 3064 ad
814 3023 992 3065 Patrem
1016 3020 1375 3077 praecipientem.

112 3082 451 3126 ARTICULUS
478 3083 561 3125 111.
590 3104 644 3111 —
665 3094 802 3124 ursum
823 3095 925 3125 nnus
947 3096 1075 3125 mm
1099 3096 1348 3125 'rmnmsmr
1368 3095 1573 3126 cumsrmt
1592 3095 1773 3126 iussioni
1794 3085 1869 3139 (2).

180 3150 229 3184 De
243 3148 295 3183 his
309 3152 411 3183 etiam
426 3149 519 3182 Sent.
539 3157 592 3189 ιιι,
607 3147 683 3182 dist.
703 3147 758 3188 20,
771 3152 837 3184 art.
859 3151 891 3189 5,
907 3155 1022 3191 quaest.
1042 3158 1068 3191 1,
1096 3153 1131 3185 et
1149 3149 1262 3192 quodi.
1279 3159 1306 3192 1,
1325 3153 1390 3185 art.
1403 3151 1426 3184 5
1438 3149 1499 3185 fin.
1516 3154 1550 3184 et
1570 3150 1689 3186 Matth.
1707 3159 1801 3187 xxvx.

111 3202 177 3248 Ad
199 3202 383 3246 tertium
407 3202 473 3246 sic
498 3201 774 3258 proceditur.
805 3205 849 3246 1.
884 3202 1070 3247 Videtur
1091 3203 1215 3260 qued
1250 3207 1369 3248 Deus
1404 3206 1536 3249 Pater
1568 3217 1663 3249 non
1689 3205 1926 3250 tradiderit

99 3310 145 3353 (Ι)
171 3310 311 3351 Insuper
328 3309 413 3344 illud
444 3309 639 3344 mandatum
671 3313 796 3351 spectat
825 3310 867 3344 ad
894 3314 948 3349 jus
1073 3311 1116 3350 (2)
1135 3310 1289 3347 Declarat
1307 3313 1340 3346 S.
1365 3313 1489 3348 Doctor
1504 3313 1672 3348 Christum
1688 3313 1797 3348 tribus
1818 3313 1926 3348 modis

62 3358 295 3398 1iivinum,1·us
321 3358 469 3392 naturale
488 3363 587 3398 etius
607 3358 799 3400 positivum,
819 3361 852 3392 et
870 3357 948 3392 inde
1030 3359 1049 3393 ὲ
1067 3359 1164 3394 Patre
1178 3360 1352 3402 traditum,
1369 3365 1403 3395 et
1423 3361 1492 3396 haec
1515 3362 1666 3396 doctrina
1691 3372 1771 3397 vera
1795 3366 1854 3401 est,
1877 3361 1926 3396 ait

60 3406 209 3447 sequitur
231 3405 399 3439 Christum
425 3406 459 3439 in
484 3407 574 3441 omni
597 3410 684 3448 jure,
716 3405 952 3448 quodcumque
1032 3406 1174 3448 Sylvius,
1206 3406 1275 3441 sive
1302 3408 1402 3442 Pater
1435 3414 1585 3442 sumatur
1611 3407 1833 3444 essentialiter
1863 3418 1925 3449 pro

62 3452 116 3494 sit,
129 3453 296 3494 justitiam
310 3453 551 3495 adimplevisse.
1034 3459 1101 3489 tota
1115 3455 1297 3499 Trinitate,
1315 3456 1383 3491 sive
1404 3456 1638 3498 personaliter.
