2170 3808
776 220 971 271 QUAEST.
1002 221 1149 275 XVIII,
1179 220 1300 263 ART.
1330 220 1398 263 VI.
1949 220 2031 264 175

151 303 271 347 idem
283 301 544 346 attendatur
560 299 801 345 diversitas
815 300 1122 344 voluntatum.
1145 300 1188 344 Si
1203 300 1327 344 enim
1346 299 1483 344 unius
1496 298 1710 344 voluntas
1724 297 1785 342 sit
1802 297 1860 341 de
1876 297 2030 353 aliquo

153 362 574 409 fiendo-secundum
601 360 850 417 quamdam
869 360 1096 405 rationem
1115 359 1444 415 universalem,
1467 365 1513 404 et
1532 359 1722 404 alterius
1743 357 1956 402 voluntas
1971 358 2032 401 sit

153 426 210 470 de
230 424 391 469 eodem
413 436 503 467 non
522 420 672 467 fiendo
692 422 949 466 secundum
973 422 1223 479 quamdam
1240 421 1464 474 rationem
1482 421 1823 478 particularem,
1849 432 1941 464 non
1957 426 2028 464 est

153 487 342 531 omnino
376 485 674 530 contrarietas
699 484 1015 539 voluntatum,
1048 484 1176 539 puta,
1202 483 1242 526 si
1278 486 1373 527 Rex
1403 483 1504 527 vult
1541 482 1763 539 suspendi
1803 482 2030 525 latronem

153 554 338 604 propter
371 547 544 592 bonum
567 545 822 601 publicum,
856 551 904 590 et
923 545 1092 601 aliquis
1124 545 1226 600 eJus
1258 544 1636 599 consanguineus
1657 543 1770 588 nolit
1794 555 1902 587 eum
1923 555 2033 587 sus-

155 609 291 666 pendi
306 615 488 666 propter
506 619 710 651 amorem
730 607 975 663 privatum,
993 619 1084 665 non
1097 606 1184 650 erit
1197 604 1500 649 contrarietas
1514 604 1764 648 voluntatis
1777 619 1789 659 ς
1811 603 1900 648 nisi
1915 603 2032 647 forte

154 670 384 714 intantum
403 681 454 714 se
468 668 688 712 extendat
709 668 926 712 voluntas
955 667 1157 712 hominis
1175 665 1358 723 privati,
1380 669 1432 709 ut
1452 665 1628 709 bonum
1663 665 1900 720 publicum
1922 664 2033 709 velit

153 731 389 787 impedire,
403 735 454 774 ut
463 737 762 774 conservetur
774 730 949 774 bonum
962 729 1196 786 privatum
1211 743 1224 783 ς
1243 733 1355 772 tunc
1369 726 1493 771 enim
1507 726 1629 771 circa
1644 726 1766 771 idem
1782 725 2034 771 attenditur

153 792 456 848 repugnantia
494 792 797 836 voluntatum.
837 790 1047 836 Secundo
1084 796 1238 835 autem
1280 788 1532 846 requiritur
1567 788 1625 832 ad
1661 788 2030 832 contrarietatem

151 852 398 898 voluntatis
432 852 557 910 quod
580 853 640 897 sit
670 853 793 897 circa
815 852 1024 897 eamdem
1059 852 1364 896 voluntatem.
1389 850 1432 894 Si
1454 849 1577 894 enim
1600 850 1738 893 homo
1765 848 1867 893 vult
1882 861 2032 893 unum

150 913 404 959 secundum
426 914 679 971 appetitum
701 913 907 970 rationis,
929 919 974 958 et
991 914 1088 958 vult
1118 913 1244 958 aliud
1267 911 1526 958 secundum
1559 910 1814 968 appetitum
1842 910 2032 955 sensiti-

151 988 278 1030 vum,
302 989 394 1020 non
417 981 486 1020 est
510 975 583 1020 hic
602 976 755 1032 aliqua
770 975 1089 1031 contrarietas,
1113 976 1201 1019 nisi
1224 975 1340 1018 forte
1355 974 1588 1031 appetitus
1604 972 1857 1017 sensitivus
1876 971 2033 1016 intan-

153 1044 247 1081 tum
260 1038 520 1094 praevaleat,
541 1038 663 1093 quod
674 1039 745 1082 vel
765 1039 993 1092 immutet,
1010 1038 1083 1082 vel
1093 1037 1294 1082 retardet
1312 1035 1567 1093 appetitum
1580 1035 1768 1078 rationis
1789 1050 1800 1078 ε
1819 1033 1887 1079 sic
1906 1034 2030 1078 enim

145 1098 242 1154 jam
268 1099 326 1144 ad
359 1100 505 1156 ipsam
529 1100 816 1145 voluntatem
840 1099 1032 1144 rationis
1068 1098 1329 1156 perveniret
1350 1096 1524 1154 aliquid
1547 1095 1604 1141 de
1643 1101 1773 1140 motu
1802 1096 2033 1140 contrario

149 1159 377 1216 appetitus
396 1160 621 1205 sensitivi.
638 1186 694 1193 —-
714 1160 785 1205 Sic
799 1160 940 1216 igitur
954 1160 1202 1206 dicendum
1222 1158 1430 1215 estquod
1449 1157 1558 1202 licet
1571 1157 1790 1202 voluntas
1806 1157 2032 1201 naturalis

148 1226 194 1263 et
212 1221 424 1266 voluntas
440 1221 751 1267 sensualitatis
771 1221 819 1266 in
839 1222 1016 1266 Christo
1031 1220 1203 1278 aliquid
1219 1220 1345 1264 aliud
1367 1219 1562 1264 voluerit
1577 1218 1718 1276 quam
1730 1218 1946 1262 voluntas
1965 1218 2033 1262 di-

148 1281 271 1338 vina,
284 1287 329 1327 et
342 1282 558 1328 voluntas
569 1282 761 1327 rationis
777 1282 938 1340 ipsius,
959 1297 1050 1327 non
1073 1288 1227 1328 tamen
1244 1281 1330 1326 fuit
1341 1281 1496 1338 aliqua
1510 1279 1811 1326 contrarietas
1825 1279 2034 1323 volunta-

148 1347 259 1391 tum.
277 1343 422 1388 Primo
434 1344 637 1404 quidem,
652 1345 760 1400 quia
772 1357 921 1401 neque
935 1345 1151 1389 voluntas
1171 1343 1411 1398 naturalis,
1431 1354 1583 1399 neque
1605 1341 1820 1385 voluntas
1836 1352 2032 1385 sensua-

147 1403 285 1448 litatis
311 1406 580 1462 repudiabat
609 1406 734 1451 illam
770 1407 1020 1462 rationem,
1051 1407 1225 1451 scilicet
1252 1407 1344 1462 qua
1365 1404 1522 1450 divina
1545 1403 1779 1457 voluntas,
1796 1407 1843 1447 et
1863 1402 2034 1446 volun-

149 1469 218 1509 tas
244 1466 434 1511 rationis
461 1468 676 1511 humanae
708 1467 755 1512 in
787 1468 963 1512 Christo
991 1468 1256 1525 passionem
1294 1466 1494 1511 volebat.
1520 1465 1708 1510 Volebat
1742 1463 1866 1509 enim
1895 1464 2034 1509 etiam

148 1526 360 1572 voluntas
384 1529 595 1573 absoluta
626 1531 683 1584 (1)
697 1529 743 1573 in
764 1529 938 1574 Christo
962 1530 1157 1575 salutem
1172 1529 1362 1575 humani
1380 1528 1580 1585 generis,
1597 1527 1680 1572 sed
1699 1526 1800 1583 eJus
1822 1538 1917 1571 non
1934 1532 2036 1572 erat

147 1587 265 1632 velle
283 1588 368 1633 hoc
387 1589 435 1633 in
457 1590 619 1635 ordine
641 1591 699 1635 ad
720 1591 843 1636 aliud
868 1598 1053 1636 :motus
1072 1596 1229 1635 autem
1257 1589 1573 1635 sensualitatis
1598 1588 1658 1633 ad
1687 1588 1775 1632 hoc
1798 1600 1848 1632 se
1871 1591 2035 1632 exten-

147 1647 255 1718 dere
279 1663 371 1693 non
391 1651 588 1696 valebat.
616 1653 841 1706 Secundo,
880 1653 989 1709 quia
1022 1665 1174 1709 neque
1206 1653 1422 1697 voluntas
1444 1651 1612 1708 divina,
1631 1662 1782 1707 neque
1817 1649 2034 1694 voluntas

149 1711 339 1755 rationis
357 1712 402 1755 ln
422 1713 597 1756 Christo
628 1713 962 1770 impediebatur
986 1720 1066 1758 aut
1089 1714 1407 1758 retardabatur
1429 1726 1511 1770 per
1527 1712 1815 1756 voluntatem
1843 1715 2036 1755 natura·

149 1769 256 1839 lem,
271 1777 351 1816 aut
366 1786 446 1828 per
454 1774 708 1829 appetitum
720 1775 1046 1819 sensualitatis.
1060 1775 1269 1819 Similiter
1288 1775 1427 1820 etiam
1437 1786 1523 1819 nec
1535 1774 1562 1818 e
1574 1772 1803 1817 contrario
1818 1771 2035 1817 voluntas

149 1830 319 1889 dlvina,
337 1834 409 1878 vel
429 1835 643 1878 voluntas
666 1836 854 1880 rationis
876 1837 924 1880 in
960 1836 1135 1881 Christo
1168 1836 1441 1893 refugiebat,
1467 1843 1548 1880 aut
1568 1834 1832 1880 retardabat
1856 1838 2035 1878 motum

148 1892 399 1960 voluntatis
432 1896 654 1940 naturalis
673 1897 888 1941 humanae
918 1901 965 1942 et
981 1903 1159 1941 motum
1180 1897 1493 1942 sensualitatis
1521 1897 1569 1941 in
1594 1896 1788 1942 Christo.
1822 1895 2036 1941 Placebat

147 1964 269 2023 enim
283 1955 457 2000 Christo
469 1958 726 2002 secundum
738 1958 1021 2003 voluntatem
1031 1958 1249 2014 divinam,
1266 1964 1313 2003 et
1330 1959 1468 2003 etiam
1480 1957 1738 2003 secundum
1749 1956 2033 2001 voluntatem

147 2016 353 2071 rationis,
375 2021 424 2060 ut
444 2017 658 2062 voluntas
677 2020 899 2063 naturalis
917 2019 964 2063 in
989 2019 1105 2076 ipso,
1137 2025 1182 2064 et
1208 2020 1423 2065 voluntas
1446 2018 1757 2064 sensualitatis
1776 2017 2034 2063 secundum

147 2075 353 2120 ordinem
389 2089 484 2120 suae
517 2083 694 2121 naturae
734 2085 1040 2124 moverentur.
1068 2081 1195 2125 Unde
1217 2087 1342 2138 patet
1363 2080 1488 2138 quod
1524 2080 1571 2124 in
1594 2079 1770 2125 Christo
1791 2078 1918 2123 nulla
1949 2079 2035 2124 fuit

148 2138 469 2194 repugnantia,
499 2139 573 2183 vel
597 2141 893 2185 contrarietas
908 2142 1213 2186 voluntatum.

203 2200 268 2244 Ad
287 2203 482 2254 primum
503 2213 614 2257 ergo
634 2201 898 2258 dicendum,
927 2203 1053 2260 quod
1083 2204 1170 2248 hoc
1194 2204 1345 2260 ipsum
1364 2203 1491 2261 quod
1518 2203 1674 2259 aliqua
1691 2201 1908 2246 voluntas
1940 2201 2030 2246 hu-

151 2272 291 2330 mana
314 2261 361 2304 in
382 2262 555 2306 Christo
577 2262 701 2307 aliud
729 2264 914 2309 volebat
941 2265 1081 2321 quam
1109 2266 1213 2322 ejus
1237 2266 1455 2310 voluntas
1475 2264 1647 2320 divina,
1676 2262 1955 2320 procedebat
1974 2276 2035 2309 ex

149 2334 252 2378 ipsa
273 2323 508 2368 voluntate
528 2324 699 2382 divina,
731 2326 866 2382 cuius
889 2327 1179 2383 beneplacito
1199 2332 1363 2372 natura
1382 2329 1587 2372 humana
1611 2326 1815 2372 motibus
1837 2326 2035 2382 propriis

146 2383 418 2498 movebat&-
432 2384 478 2428 in
500 2385 690 2444 Christo,
714 2392 766 2430 ut
780 2391 1092 2432 Damascenus
1112 2387 1255 2443 dicit(
1274 2389 1401 2434 Orth.
1418 2387 1496 2433 fid.
1515 2387 1593 2432 lib.
1613 2401 1658 2444 u,
1677 2399 1780 2444 cap.
1793 2389 1847 2431 15
1865 2388 1893 2430 a
1906 2388 2031 2432 med.

145 2455 172 2487 e
211 2457 311 2500 cap.
337 2451 355 2488 1
409 2477 421 2488 .

201 2505 266 2575 Ad
289 2507 528 2551 secundum
555 2507 820 2563 dicendum,
839 2510 966 2566 quod
986 2510 1034 2554 in
1060 2510 1194 2555 nobis
1213 2523 1296 2569 per
1317 2510 1740 2568 concupiscentiam
1771 2509 1925 2555 carnis
1945 2510 2032 2554 im-

85 2578 94 2582 ’
146 2567 437 2639 pedituraut
458 2569 718 2615 retardatur
738 2571 1115 2628 concupiscentia
1143 2573 1355 2630 spiritus3
1377 2573 1503 2631 quod
1525 2573 1573 2618 in
1605 2573 1785 2617 Christo
1813 2584 1906 2616 non
1926 2572 2028 2618 fuit.

145 2630 199 2672 Et
219 2628 322 2672 ldeo
340 2641 388 2673 1n
406 2630 584 2674 Christo
607 2632 801 2678 nonfuit
819 2634 1121 2680 contrarietas
1138 2635 1294 2680 carnis
1317 2635 1378 2681 ad
1403 2634 1636 2691 spiritum,
1659 2634 1781 2679 sicut
1801 2633 1850 2678 in
1877 2633 2027 2679 nobis.

200 2689 265 2734 Ad
289 2693 469 2761 testium
491 2692 756 2751 dicendum,
773 2694 897 2750 quod
916 2696 1082 2752 agonia
1104 2708 1196 2740 non
1217 2696 1302 2740 fuit
1316 2696 1364 2740 in
1387 2695 1566 2740 Christo
1590 2695 1817 2752 quantum
1836 2694 1895 2742 ad
1922 2708 2032 2752 par-

107 2801 109 2803 v
152 2755 242 2793 tem
265 2764 431 2796 animae
451 2754 738 2810 rationalem,
762 2758 1020 2802 secundum
1049 2758 1174 2814 quod
1198 2757 1415 2814 importat
1445 2757 1834 2803 concertationem
1861 2757 2032 2801 volun-

150 2816 293 2855 tatum
316 2825 375 2882 θὶς
386 2814 649 2861 diversitate
673 2817 902 2862 rationum
930 2819 1278 2875 procedentem3
1301 2820 1413 2876 puta
1435 2823 1541 2865 cum
1566 2819 1750 2876 aliquis,
1769 2820 2031 2866 secundum

147 2871 273 2927 quod
289 2879 403 2918 ratio
420 2877 680 2922 considerat
698 2891 864 2935 unum,
885 2880 986 2924 vult
999 2881 1110 2938 hoc3
1129 2885 1175 2925 et
1189 2881 1448 2925 secundum
1466 2880 1592 2937 quod
1609 2881 1872 2926 considerat
1885 2881 2029 2940 aliud,

150 2931 249 2975 vult
263 2936 560 3004 contrarium.
579 2940 672 2982 Hoc
690 2939 814 2984 enim
833 2941 1061 2997 contingit
1079 2947 1267 2998 propter
1279 2941 1566 2986 debilitatem
1585 2942 1795 2998 rationis,
1816 2955 1920 2999 quae
1935 2956 2031 2989 non

148 2998 299 3062 potest
329 2995 579 3051 dijudicare
600 2999 714 3055 quid
742 3002 802 3046 sit
832 3002 1102 3059 simpliciter
1131 3002 1328 3047 melius:
1366 3003 1493 3059 quod
1514 3003 1562 3048 in
1591 3003 1770 3048 Christo
1802 3016 1896 3049 non
1924 3006 2028 3062 fuit,

152 3065 359 3125 quia-per
382 3069 514 3128 suam
530 3059 750 3106 rationem
765 3062 1003 3118 judicabat
1021 3066 1079 3119 (2)
1102 3064 1372 3120 simpliciter
1386 3076 1491 3109 esse
1509 3065 1677 3110 melius
1691 3065 1816 3122 quod
1833 3078 1915 3122 per
1926 3067 2030 3124 ejus

150 3127 412 3168 passionem
436 3120 702 3176 impleretur
719 3124 933 3170 voluntas
954 3126 1112 3170 divina
1130 3127 1251 3171 circa
1272 3126 1470 3171 salutem
1489 3127 1672 3182 generis
1692 3127 1902 3172 humani.
1926 3129 2028 3173 Fuit

195 3240 236 3279 (l)
253 3240 318 3274 Seu
329 3241 478 3276 absolute
489 3254 526 3276 ac
540 3244 724 3278 secundum
736 3256 770 3278 se
785 3246 988 3282 considerata
1005 3254 1041 3282 ut
1125 3248 1274 3282 absolute
1291 3249 1445 3283 voluntas
1471 3254 1529 3283 aut
1551 3249 1703 3284 absolute
1730 3249 1845 3283 volens
1867 3248 2028 3289 intelligi-

149 3289 280 3328 natura,
301 3293 393 3343 cujus
409 3290 584 3331 proprium
603 3303 670 3326 non
696 3297 747 3327 est
766 3293 965 3335 deliberare,
988 3295 1039 3328 vol
1126 3301 1194 3337 tur,
1215 3297 1308 3337 quasi
1336 3297 1477 3332 omniuo
1498 3297 1629 3339 volens;
1659 3302 1695 3331 ut
1714 3296 1788 3331 aliis
1819 3296 2023 3337 quibusdam

150 3344 254 3366 unum
279 3333 319 3367 ad
339 3334 427 3368 aliud
447 3336 538 3376 quasi
557 3337 600 3371 ad
623 3337 726 3373 finem
749 3351 848 3373 suum
866 3340 1038 3380 ordinare,
1122 3342 1207 3377 locis
1221 3350 1410 3385 usurpatur.

148 3379 205 3412 sed
223 3380 403 3436 volunta-tis
429 3383 641 3431 consideratoe
666 3390 705 3419 ut
719 3387 805 3420 ratio
831 3393 864 3420 et
894 3387 1038 3428 quodam
1164 3391 1207 3432 (2)
1223 3392 1308 3425 Hinc
1320 3393 1426 3435 (Joan.
1439 3401 1538 3433 xvut,
1553 3394 1604 3433 Η)
1617 3406 1624 3426 :
1639 3393 1797 3428 Calicem
1808 3402 1910 3435 quem
1923 3392 2025 3426 dedit

148 3426 247 3461 modo
269 3428 416 3465 relativae
440 3442 449 3463 :
486 3442 554 3465 non
578 3433 670 3473 ergo,
687 3433 858 3469 concludit
886 3435 1036 3476 Nicolai,
1121 3439 1213 3473 mihi
1227 3439 1353 3479 Pater,
1368 3450 1442 3475 non
1458 3441 1576 3476 bibam
1586 3441 1714 3475 illum?
