2170 3808
130 197 212 241 520
698 194 901 246 QUAEST.
933 192 1054 246 an,
1083 192 1202 236 ART.
1233 161 1273 236 11⁴
1297 191 1461 238 min.

130 277 468 335 potentiarum,
492 275 555 320 ita
586 274 735 330 gratia
770 271 1123 318 sacramentalis
1154 271 1282 317 addit
1314 285 1455 330 super
1487 273 1683 331 gratiam
1719 274 2031 320 communiter

131 339 320 396 dictam,
342 343 388 383 et
410 349 552 394 super
575 336 774 390 virtutes
797 341 844 380 et
867 335 1006 390 dona,
1030 334 1264 392 quoddam
1289 335 1499 381 divinum
1524 337 1749 381 auxilium
1769 336 1828 381 ad
1858 347 2030 381 conse-

126 400 371 457 quendum
406 398 687 443 sacramenti
717 397 876 442 finem.
911 398 963 442 Et
995 408 1079 453 per
1110 396 1237 441 hune
1267 396 1459 442 modum
1498 398 1645 454 gratia
1678 396 2031 443 sacramentalis

130 462 259 509 addit
281 472 421 517 super
444 459 643 517 gratiam
667 459 895 504 virtutum
920 464 966 504 et
985 459 1234 504 donorum.

185 523 252 569 Ad
275 527 475 580 primum
506 534 617 578 ergo
647 521 920 579 dicendum,
953 520 1079 578 quod
1112 520 1262 577 gratia
1287 520 1512 566 virtutum
1547 525 1594 567 et
1627 521 1859 566 donorum
1895 520 2030 566 suffl-

130 585 306 632 cienter
325 584 505 642 perficit
536 585 791 630 essentiam
813 588 858 629 et
879 584 1112 641 potentias
1135 583 1306 629 animae
1328 584 1557 641 quantum
1575 583 1633 629 ad
1657 583 1925 641 generalem
1955 596 2027 628 or-

129 646 416 692 dinationem
438 650 630 690 actuum
653 646 851 702 animae;
877 644 962 691 sed
985 645 1216 703 quantum
1245 645 1306 691 ad
1324 645 1552 703 quosdam
1571 646 1764 691 effectus
1785 644 2026 702 speciales,

129 706 211 765 qui
233 707 538 764 requiruntur
561 707 609 752 in
631 707 729 752 vita
752 707 1021 764 christiana,
1045 706 1299 764 requiritur
1321 707 1672 752 sacramentalis
1698 707 1859 764 gratia.

184 769 251 815 Ad
270 771 516 814 secundum
539 769 815 826 dicendum,
847 768 974 826 quod
997 781 1081 825 per
1108 768 1306 814 virtutes
1329 773 1377 814 et
1399 769 1523 815 dona
1548 770 1862 815 excluduntur
1891 767 2028 813 sum--

131 830 307 876 cienter
328 830 439 875 vitia
458 834 503 875 et
524 834 715 887 peccata
739 833 970 887 quantum
990 829 1049 874 ad
1069 842 1279 887 praeseus
1297 834 1344 875 et
1366 829 1575 876 futurum
1591 864 1605 888 .,
1634 831 1916 888 inquantum
1937 828 2030 874 sci-

129 890 236 937 licet
266 892 519 950 impeditur
542 894 682 937 homo
711 905 794 950 per
826 892 1022 936 virtutes
1045 897 1091 937 et
1114 892 1239 937 dona
1262 892 1290 937 a
1311 893 1571 951 peccand03
1592 893 1687 948 'sed
1711 893 1939 951 quantum
1971 889 2031 938 ad

130 955 361 1014 praeterita
384 959 593 1012 peccata,
619 966 724 1012 quae
745 958 991 999 transeunt
1011 958 1116 999 actu
1139 959 1185 999 et
1206 961 1486 1013 permanent
1506 959 1657 1013 reatu,
1679 955 1927 1001 adhibetur
1944 954 2031 999 ho-

128 1016 245 1061 mini
268 1016 527 1062 remedium
547 1018 810 1074 specialiter
837 1029 919 1074 per
941 1021 1249 1062 sacramenta.

78 1121 80 1123 ,
184 1078 251 1125 Ad
274 1082 462 1123 tertium
485 1080 751 1136 dicendum,
774 1079 900 1138 quod
923 1079 1040 1124 ratio
1063 1080 1414 1125 sacramentalis
1430 1081 1591 1138 gratiae
1610 1092 1661 1124 se
1678 1079 1821 1125 habet
1841 1077 1900 1124 ad
1920 1090 2031 1137 gra-

131 1139 241 1186 tiam
274 1142 587 1202 communiter
622 1142 813 1199 dictam,
847 1141 970 1187 sicut
1006 1142 1124 1187 ratio
1147 1141 1319 1199 speciei
1340 1142 1399 1187 ad
1423 1154 1593 1200 genus.
1617 1141 1747 1186 Unde
1783 1139 1907 1186 sicut
1935 1151 2030 1185 non

128 1203 368 1260 aequivoce
399 1203 569 1250 dicitur
597 1205 772 1251 animal
801 1204 1110 1250 communiter
1132 1204 1326 1261 dictum,
1356 1208 1404 1250 et
1437 1217 1522 1263 pro
1549 1203 1741 1249 homine
1768 1206 2029 1260 sumptum,

127 1265 193 1310 ita
216 1277 311 1311 non
337 1266 576 1324 aequivoce
601 1267 770 1313 dicitur
793 1266 943 1325 gratia
964 1266 1276 1312 communiter
1306 1271 1493 1325 sumpta
1522 1272 1567 1313 et
1597 1267 1745 1324 gratia
1771 1277 2032 1311 sacramen-

128 1327 252 1373 talis.

148 1393 497 1439 ARTICULUS
523 1397 607 1438 ΙΙΙ.
634 1418 691 1426 --
711 1406 847 1437 uranu
870 1405 1134 1438 SAanuEN‘rA
1159 1406 1279 1438 novae:
1300 1406 1419 1439 meis
1443 1406 1703 1438 commum·
1726 1405 1907 1436 cunum
1929 1392 2008 1447 (1).

328 1463 376 1496 De
391 1462 443 1496 his
461 1462 564 1497 etiam
583 1463 678 1497 Sent.
694 1470 742 1503 lv,
761 1462 840 1498 dist.
855 1464 889 1504 2,
907 1469 974 1500 art.
997 1464 1031 1503 4,
1047 1465 1166 1504 quast.
1181 1471 1230 1506 lv,
1249 1467 1284 1497 et
1298 1462 1347 1497 De
1363 1474 1435 1499 ver.
1454 1466 1574 1505 quaest.
1591 1470 1700 1504 xxvii,
1717 1466 1782 1497 art.
1800 1462 1834 1496 ⁷.

183 1516 250 1562 Ad
273 1517 462 1561 tertium
484 1517 553 1561 sic
576 1516 860 1574 proceditur.
881 1521 925 1563 1.
957 1516 1147 1562 Videtur
1169 1517 1295 1574 quod
1323 1521 1616 1563 sacramenta
1639 1529 1773 1561 novae
1793 1516 1912 1572 legis
1934 1529 2029 1561 non

127 1577 399 1623 contineant
423 1578 636 1634 gratiam.
663 1579 940 1624 Contentum
961 1578 1089 1623 enim
1106 1578 1293 1623 videtur
1314 1590 1421 1623 esse
1439 1578 1490 1622 in
1511 1577 1797 1622 continente.
1819 1577 1908 1622 Sed
1931 1589 2031 1634 gra-

128 1640 191 1684 tia
211 1652 306 1684 non
326 1644 398 1685 est
419 1641 467 1685 in
485 1644 804 1697 sacrament03
828 1653 983 1699 neque
1003 1639 1126 1685 sicut
1147 1640 1195 1684 in
1214 1639 1426 1698 subjecto
1440 1639 1566 1698 (quia
1589 1639 1854 1697 subjectum
1870 1639 2032 1696 gratiae

127 1714 221 1746 non
243 1705 315 1747 est
337 1714 534 1760 coi-pils,
560 1703 645 1748 sed
677 1703 885 1760 spiritus)
906 1737 918 1760 ,
949 1715 1102 1761 neque
1129 1702 1252 1748 sicut
1273 1702 1322 1746 in
1352 1715 1491 1757 vase,
1523 1701 1633 1760 quia
1655 1720 1676 1741 «
1699 1714 1786 1748 vas
1805 1706 1879 1748 est
1898 1702 2031 1748 locus

126 1762 328 1819 mobilis,
354 1782 376 1803 »
402 1768 457 1809 ut
481 1763 651 1810 dicitur
683 1765 884 1824 (Physic.
918 1765 999 1809 lib.
1036 1779 1098 1821 ιν,
1133 1768 1245 1809 text.
1275 1768 1369 1818 41)·,
1405 1776 1510 1810 esse
1543 1769 1699 1809 autem
1724 1763 1772 1808 in
1807 1763 1911 1809 loco
1932 1776 2029 1809 non

125 1824 347 1871 convenit
365 1825 613 1871 accidenti.
636 1829 755 1882 Ergo
778 1827 964 1872 videtur
988 1826 1114 1884 quod
1143 1830 1436 1871 sacramenta
1460 1838 1592 1871 novae
1623 1826 1742 1884 legis
1762 1838 1858 1871 non
1877 1826 2031 1872 conti-

125 1891 270 1932 neant
291 1887 508 1943 gratiam.

179 1951 223 1993 2.
254 1952 498 2007 Praeterea,
534 1955 829 1996 sacramenta
849 1951 1127 1996 ordinantur
1145 1950 1206 1996 ad
1230 1951 1319 1995 hoc
1340 1950 1467 2008 quod
1497 1951 1714 1995 homines
1735 1962 1820 2008 per
1836 1962 1892 1996 ea
1919 1962 2030 2008 gra-

125 2011 236 2055 tiam
260 2017 627 2069 consequantur.
653 2013 742 2059 Sed
771 2013 936 2071 gratia,
961 2016 1068 2059 cum
1101 2012 1163 2059 sit
1183 2012 1428 2071 accidenS,
1448 2026 1544 2058 non
1567 2017 1721 2070 potest
1749 2012 1949 2059 transire
1969 2013 2029 2059 de

124 2073 337 2131 subJ'ecto
359 2074 409 2119 in
431 2075 716 2132 subjectum.
741 2079 860 2133 Ergo
880 2089 965 2134 pro
992 2076 1136 2121 nihilo
1153 2079 1280 2122 esset
1303 2075 1452 2133 gratia
1473 2076 1522 2121 in
1547 2076 1869 2121 sacramentis.

179 2138 224 2182 3.
239 2139 479 2193 Praeterea,
506 2138 744 2194 spirituale
765 2152 858 2182 non
880 2139 1147 2183 continetur
1165 2138 1193 2183 a
1210 2139 1456 2196 corporali,
1477 2139 1660 2184 etiamsi
1681 2138 1728 2182 in
1750 2151 1805 2184 eo
1824 2137 1907 2196 sit3
1930 2149 2026 2183 non

124 2199 251 2244 enim
270 2200 427 2244 anima
446 2202 714 2246 continetur
736 2202 763 2245 a
783 2214 993 2261 corpore,
1014 2202 1098 2247 sed
1120 2201 1277 2258 potius
1310 2202 1519 2248 continet
1540 2214 1727 2259 corpuS.
1759 2203 1879 2259 Ergo
1898 2200 2028 2246 vide·

124 2265 202 2306 tur
222 2262 347 2319 quod
372 2263 538 2320 gratia,
570 2264 678 2308 cum
710 2264 770 2309 sit
798 2264 1023 2321 quiddam
1044 2264 1311 2322 spirituale,
1349 2277 1444 2309 non
1475 2264 1771 2310 contineatur
1790 2264 1840 2308 in
1873 2275 2028 2308 sacra-

123 2327 284 2369 mento
303 2324 547 2381 corporali.
565 2366 568 2369 ,

180 2385 268 2430 Sed
287 2389 449 2429 contra
470 2390 543 2431 est
560 2386 684 2443 quod
707 2389 838 2443 Hugo
863 2387 921 2432 de
938 2390 1109 2432 Sancto
1141 2389 1319 2433 Victore
1342 2391 1421 2443 (De
1441 2400 1640 2434 sacram.
1666 2387 1747 2432 lib.
1769 2401 1807 2444 ι,
1837 2390 1955 2445 part.
1979 2390 2023 2445 9,

123 2459 225 2505 cap.
250 2449 293 2503 2)
314 2447 441 2503 dicit,
476 2447 601 2505 quod
624 2466 644 2486 «
666 2453 1013 2494 sacramentum
1043 2461 1103 2494 ex
1132 2449 1500 2496 sanctificatione
1523 2449 1806 2495 invisibilem
1828 2448 2026 2506 gratiam

121 2510 347 2555 continet.
377 2529 397 2547 υ

171 2577 467 2618 CONCLUSIO.
490 2600 539 2606 -
559 2578 821 2618 Sacramenta
850 2590 967 2619 novae
992 2579 1094 2630 legis
1121 2579 1338 2620 continent
1365 2579 1555 2631 gratiam,
1576 2577 1686 2621 sicut
1713 2590 1838 2621 causa
1863 2579 2025 2621 instru-

121 2632 319 2673 mentalis
337 2632 528 2673 effectum
546 2633 754 2674 continere.
776 2633 942 2673 dicitur.

176 2695 453 2752 Respondeo
476 2693 728 2741 dicendum
761 2696 887 2754 quod
919 2695 1236 2753 multipliciter
1267 2696 1445 2754 aliquid
1475 2697 1646 2742 dicitur
1681 2708 1787 2742 esse
1821 2696 1871 2742 in
1895 2697 2017 2756 ali03

120 2757 244 2803 inter
276 2770 395 2815 quos
429 2757 603 2815 duplici
628 2759 766 2803 modo
801 2758 950 2814 gratia
982 2763 1054 2803 est
1078 2759 1125 2802 in
1160 2759 1466 2805 sacramentis
1491 2774 1501 2803 ε
1526 2772 1624 2804 uno
1653 2759 1794 2805 modo
1826 2759 1948 2806 sicut
1973 2760 2023 2806 in

121 2818 274 2876 sign0‚
298 2831 409 2864 nam
432 2826 780 2869 sacramentum
800 2825 874 2866 est
909 2820 1099 2877 signum
1123 2822 1314 2879 gratiae3
1349 2822 1439 2867 alio
1469 2821 1609 2867 modo
1635 2822 1757 2868 sicut
1781 2822 1831 2868 in
1861 2835 2023 2881 causa,

120 2893 249 2939 nam,
285 2882 407 2927 sicut
437 2882 615 2927 dictum
649 2888 721 2929 est
741 2885 845 2938 (art.
869 2887 890 2928 1
919 2883 1019 2941 huj.
1043 2887 1247 2942 quaest),
1271 2888 1621 2930 sacramentum
1655 2896 1790 2930 novae
1810 2884 1931 2943 legis
1952 2891 2025 2933 est

121 2942 494 2990 instrumentalis
525 2945 687 3001 gratiae
715 2959 871 2991 causa.
906 2945 1036 2991 Unde
1068 2946 1216 3002 gratia
1241 2951 1313 2993 est
1344 2947 1392 2992 in
1416 2952 1712 2993 sacramento
1733 2949 2021 3007 novaelegis,

120 3018 217 3050 non
242 3007 432 3064 quidem
459 3008 721 3054 secundum
746 3009 1098 3054 similitudinem
1122 3008 1311 3066 speciei,
1336 3009 1458 3055 sicut
1486 3010 1682 3055 effectus
1705 3015 1776 3055 est
1799 3010 1847 3055 in
1881 3023 2024 3057 causa

120 3068 321 3114 univoca
341 3072 428 3127 (ἓν,
452 3083 609 3128 neque
628 3071 769 3117 etiam
790 3072 1049 3117 secundum
1075 3071 1279 3129 aliquam
1299 3072 1498 3117 formam
1522 3073 1755 3130 propriam
1775 3076 1821 3118 et
1839 3086 2021 3130 perma-

160 3158 205 3201 (l)
230 3158 278 3193 De
295 3158 363 3192 fide
387 3163 437 3194 est
461 3165 578 3194 contra
610 3161 799 3196 Lutherum
818 3166 1028 3202 sacramenta
1113 3160 1305 3196 Florentini
1334 3162 1484 3196 dicitur:
1510 3162 1656 3204 Septem
1679 3165 1767 3196 sunl
1785 3166 2020 3199 sacramenta

120 3204 491 3245 novaelegiscontinere
503 3208 662 3250 gratiam,
676 3213 713 3242 ut
724 3214 814 3250 patet
830 3221 868 3244 ex
885 3208 1026 3244 concilio
1112 3220 1213 3244 novoe
1233 3210 1324 3253 lepis
1349 3221 1429 3253 quoe
1451 3210 1609 3245 multam
1639 3210 1683 3244 ab
1717 3211 1884 3253 antiquis
1913 3211 2020 3257 diffe-

120 3254 345 3289 Tridentino:
363 3255 408 3288 Si
425 3257 507 3299 quis
521 3256 664 3292 dixerit
677 3262 912 3293 sacramenta
925 3267 1027 3292 norm
1111 3262 1201 3292 runt
1224 3272 1236 3293 :
1262 3260 1337 3293 Illa
1357 3259 1455 3292 enim
1481 3269 1556 3292 non
1586 3258 1790 3292 causabam
1813 3259 2017 3302 qratiam...

122 3302 211 3346 lepis
238 3303 427 3338 continere
456 3305 621 3346 qratiam
649 3314 760 3348 quam
783 3307 1024 3350 εἱςηίῇεαοιῖς
1111 3307 1187 3341 haec
1201 3308 1286 3343 vero
1300 3310 1430 3342 nostra
1444 3310 1476 3342 et
1492 3307 2019 3351 continentqraciametipsam

122 3353 185 3384 aut
206 3352 370 3393 qratiam
393 3351 517 3394 ipsam
546 3362 622 3385 non
641 3354 865 3395 ponentibus
893 3354 1025 3388 obicem
1112 3354 1222 3397 dique
1237 3355 1527 3398 suscipientibus
1545 3356 1753 3397 conserunt.

121 3406 195 3432 non
203 3398 413 3443 conferre...
427 3400 626 3434 anathema
642 3402 692 3434 sit
706 3402 795 3442 (sess.
813 3410 875 3441 vn.
894 3414 966 3437 can.
978 3403 1023 3442 6).
1152 3403 1195 3444 (2)
1215 3405 1319 3438 Causa
1336 3405 1466 3438 dicitur
1483 3403 1624 3438 univoca
1638 3404 1714 3438 cum
1728 3402 1875 3452 ciusdem
1887 3401 2018 3443 generis

121 3445 211 3481 Adde
239 3447 330 3490 quod
361 3448 398 3483 in
415 3448 550 3483 decreto
574 3447 636 3483 sub
661 3449 811 3487 Eugenio
827 3449 873 3483 lv
888 3450 1022 3484 concilii
1110 3452 1152 3486 sit
1168 3463 1205 3486 ac
1219 3452 1372 3486 effectas.
