2170 3808
706 202 903 255 QUAEST.
933 201 1037 256 xw,
1059 201 1176 244 Aer.
1205 200 1239 244 1.
1836 197 1929 240 127·

40 299 273 344 consume,
293 286 478 330 induere
498 282 815 340 fortitudinem
843 282 1078 325 brachium
1103 282 1297 322 Domini.
1318 277 1491 334 Tertia,
1518 277 1630 334 quia
1651 276 1914 332 congruen-

42 349 133 394 tius
164 360 247 404 per
273 345 585 393 fortitudinem
618 343 760 401 quam
789 355 871 400 per
891 341 1204 386 infirmitatem
1234 339 1494 394 videbatur,
1517 343 1564 384 et
1583 341 1790 396 potestas
1817 336 1916 381 dia-

43 409 132 454 boli
156 421 292 465 posse
315 406 537 464 superari,
557 409 603 450 et
627 404 830 449 humana
852 403 1096 447 infirmitas
1125 413 1265 458 posse
1283 400 1454 445 sanari.
1477 403 1576 445 Non
1604 410 1716 455 ergo
1737 398 1917 443 videtur

43 469 324 514 ‹cnveniens
347 467 490 512 fuisse
518 466 643 524 quod
669 465 810 510 Filius
836 463 914 509 Dei
939 464 1192 508 humanam
1227 467 1442 505 naturam
1472 459 1777 517 assumpserit
1809 470 1916 503 cum

42 529 357 587 corporalibus
378 527 736 576 infirmitatibus,
762 526 860 570 sive
883 524 1152 570 defectibus

99 592 185 637 Sed
204 594 362 636 contra
393 595 461 635 est
494 588 619 646 quod
641 588 808 633 dicitur
828 586 980 641 (Hebr.
1012 600 1070 639 11,
1095 587 1165 640 18)
1185 597 1196 626 :
1217 588 1271 628 In
1297 597 1347 627 eo
1368 586 1417 626 in
1445 596 1529 639 quo
1551 596 1714 639 passus
1736 586 1804 626 est
1823 585 1917 638 ipse

45 656 88 696 et
113 657 327 707 tentatus,
345 655 500 709 potens
521 654 648 694 estet
674 653 736 693 eis
759 652 835 706 qui
859 651 1111 701 tentantur,
1142 646 1381 690 auxiliari.
1407 644 1494 689 Sed
1522 644 1580 688 ad
1602 645 1689 688 hoc
1717 644 1844 688 venit
1865 649 1917 687 ut

42 726 127 758 nos
148 714 384 771 adJuvaret
408 728 418 756 z
443 711 569 757 unde
592 716 639 756 et
659 710 799 756 David
822 710 1005 755 dicebat
1035 708 1171 763 (Psal.
1195 721 1276 753 cxx
1292 743 1304 761 ,
1329 710 1370 759 1)
1394 721 1406 751 ε
1432 709 1597 750 Levavi
1623 706 1774 748 oculos
1799 718 1927 748 meos

43 777 90 817 in
114 779 281 818 montes
297 808 309 828 ,
327 774 445 817 unde
465 775 611 817 veniet
638 773 866 816 aemilium
888 772 1017 815 mihi.
1049 773 1167 827 Ergo
1187 768 1472 814 conveniens
1495 767 1582 812 fuit
1608 772 1661 811 ut
1679 766 1820 811 Filius
1838 766 1913 811 Dei

43 847 227 880 carnem
249 834 552 892 assumpserit
572 833 917 878 infirmitatibus
936 831 1154 876 humanis
1174 829 1512 888 subiacentem,
1537 834 1592 873 ut
1615 828 1663 872 in
1689 840 1742 873 ea
1761 831 1916 884 posset

43 895 135 952 pat-i
151 904 196 940 et
215 895 396 953 tentari,
417 901 464 940 et
482 895 551 939 sic
569 894 792 939 auxilium
812 894 947 939 nobis
964 893 1099 938 ferre.

88 963 373 1004 CONCLUSio.
401 985 447 992 --
473 962 526 1003 Ut
544 975 614 1014 pro
643 966 800 1014 peccato
824 961 998 1002 humani
1024 958 1182 1010 generis
1200 959 1388 1000 Christus
1413 958 1679 1007 satisfaceret,
1706 957 1830 998 fldem
1849 957 1915 997 in-

42 1018 283 1057 carnationis
301 1029 385 1057 suae
406 1020 615 1065 astrueret,
631 1020 670 1056 et
684 1016 923 1057 hominibus
938 1015 1146 1067 patientiae
1170 1014 1404 1065 exemplum
1416 1012 1624 1053 exhiberet
1635 1042 1647 1061 ,
1672 1012 1929 1052 conveniens*-

41 1071 119 1111 fuit
134 1082 274 1122 corpus
292 1072 344 1112 ab
367 1083 413 1112 ec
427 1076 686 1123 assumptum
700 1071 896 1111 humanis
916 1069 1234 1110 infirmitatibus
1247 1073 1290 1109 et
1304 1068 1527 1109 defectibus
1548 1068 1770 1119 subiacere.
1877 1104 1979 1122 Χ

95 1134 361 1191 Respondeo
383 1134 631 1180 dicendum
657 1133 939 1179 conveniens
968 1131 1115 1177 fuisse
1136 1145 1308 1190 corpus
1339 1135 1633 1187 assu-mptum
1658 1130 1685 1174 a
1706 1130 1816 1175 Filio
1838 1130 1915 1175 Dei

42 1193 256 1240 humanis
281 1194 623 1240 infirmitatibus
638 1199 684 1239 et
708 1194 968 1239 defectibus
989 1193 1258 1251 subjacere3
1288 1197 1334 1237 et
1350 1192 1582 1249 praecipue
1603 1195 1791 1249 propter
1810 1191 1913 1236 tria.

41 1254 187 1299 Primo
208 1255 411 1313 quidem,
428 1255 535 1312 quia
554 1256 611 1300 ad
631 1257 718 1300 hoc
739 1255 878 1300 Filius
899 1255 993 1311 Dei,
1013 1267 1153 1300 carne
1176 1257 1432 1311 assumpta,
1453 1254 1579 1298 venit
1596 1253 1645 1298 in
1667 1253 1912 1310 mundum,

42 1320 91 1360 ut
110 1329 193 1373 pro
211 1324 400 1373 peccato
415 1318 606 1362 humani
631 1317 815 1374 generis
834 1318 1135 1362 satisfaceret.
1161 1319 1289 1361 Unus
1311 1321 1466 1361 autem
1488 1328 1573 1373 pro
1594 1321 1785 1372 peccato
1802 1315 1916 1360 alte-

41 1377 135 1422 rius
149 1379 387 1434 satisfacit,
410 1378 521 1424 dum
535 1390 722 1436 poenam
737 1390 821 1435 pro
836 1384 1026 1436 peccato
1038 1378 1229 1424 alterius
1242 1378 1443 1424 debitam
1459 1378 1509 1422 in
1522 1390 1574 1423 se
1595 1377 1803 1434 suscipit.
1821 1380 1916 1422 Hu-

40 1438 239 1495 iusmodi
260 1446 413 1486 autem
445 1440 651 1486 defectus
670 1441 948 1498 corporales,
969 1441 1146 1486 scilieet
1167 1452 1294 1485 mors
1309 1476 1320 1494 ‚
1351 1440 1499 1485 fames
1513 1474 1526 1496 ,
1546 1439 1649 1484 sitis
1683 1444 1729 1483 et
1750 1439 1915 1496 huJ’us-

41 1501 179 1557 modi,
200 1507 310 1547 sunt
331 1515 470 1558 poena
490 1502 695 1561 peccati,
717 1503 839 1559 quod
863 1508 936 1549 est
965 1503 1014 1548 in
1035 1503 1263 1549 mundum
1288 1515 1371 1560 per
1402 1503 1547 1548 Adam
1568 1502 1883 1547 introductum
1899 1536 1912 1560 ,

41 1562 295 1607 secundum
324 1563 439 1608 illud
471 1566 614 1619 (Rom.
649 1576 692 1620 v,
718 1567 789 1619 102)
812 1579 824 1609 ι
850 1569 936 1608 Per
965 1577 1105 1608 unum
1138 1566 1360 1608 hominem
1379 1567 1615 1621 peecatum
1643 1566 1837 1607 intravit
1867 1568 1915 1607 in

41 1624 269 1680 mundum,
287 1628 330 1667 et
346 1638 429 1681 per
446 1620 679 1682 peceatum
701 1638 837 1670 mors.
872 1625 1000 1671 Unde
1025 1627 1310 1671 conveniens
1331 1626 1418 1671 suit
1439 1628 1667 1683 quantum
1692 1625 1750 1669 ad
1775 1625 1921 1670 finem

42 1682 400 1742 incarnationis,
422 1686 546 1743 quod
576 1686 841 1744 hujusmodi
873 1688 1166 1746 poenalitates
1195 1688 1243 1732 in
1276 1693 1434 1733 nostra
1456 1693 1623 1732 natura
1658 1687 1914 1743 susciperet

41 1743 139 1787 vice
159 1747 331 1800 nostra,
347 1746 603 1791 seeundum
626 1747 741 1792 illud
764 1750 865 1801 (isa.
893 1762 981 1804 uu,
1002 1752 1044 1804 4)
1063 1764 1073 1791 ε
1101 1751 1216 1792 Vere
1233 1749 1472 1806 languores
1489 1753 1664 1793 nostros
1684 1752 1777 1805 ipse
1792 1749 1910 1794 tulit.

41 1805 251 1850 Secundo
268 1812 453 1862 propter
475 1807 613 1852 fidem
635 1808 964 1854 incarnationis
990 1810 1334 1855 adstruendam.
1360 1813 1472 1855 Cum
1496 1811 1620 1855 enim
1640 1814 1806 1853 natura
1824 1811 1913 1855 hu-

41 1876 180 1908 mana
205 1878 297 1910 non
318 1867 449 1910 aliter
475 1873 597 1912 esset
617 1873 725 1912 nota
745 1870 1028 1925 hominibus,
1053 1870 1141 1914 nisi
1161 1875 1299 1927 prout
1317 1870 1582 1926 hujusmodi
1597 1870 1923 1926 corporalibus-

42 1927 297 1972 defectibus
318 1928 551 1985 subjacet3
576 1928 615 1973 si
638 1929 740 1974 sine
768 1931 841 1975 his
864 1931 1120 1976 defectibus
1148 1932 1288 1976 Filius
1315 1933 1391 1976 Dei
1424 1933 1675 1977 humanam
1699 1940 1913 1978 naturam

39 1987 380 2044 assumpsisset,
402 1988 634 2034 videretur
663 2004 755 2035 non
786 1991 928 2037 fuisse
961 2006 1098 2037 verus
1125 1992 1290 2048 homo,
1325 2005 1412 2038 nec
1432 2005 1593 2038 veram
1619 2006 1806 2038 carnem
1830 1995 1914 2039 ha-

37 2047 209 2104 buisse,
235 2049 318 2093 sed
336 2050 689 2108 phantasticam,
711 2059 764 2097 ut
785 2054 1016 2098 Manichaei
1038 2060 1312 2110 posuerunt.
1328 2054 1515 2110 Etjdeo,
1535 2060 1589 2100 ut
1611 2055 1779 2100 dicitur
1798 2057 1912 2110 (Phi-

37 2109 149 2166 lipp.
182 2123 227 2167 11,
259 2113 318 2166 7),
342 2114 595 2156 exinanivit
615 2118 922 2171 semetipsum,
948 2119 1146 2171 sormam
1163 2120 1283 2160 servi
1302 2119 1550 2174 accipiens,
1570 2121 1618 2160 in
1644 2118 1910 2162 similitudi-

37 2183 135 2213 nem
157 2172 384 2216 hominum
401 2175 548 2226 sactus
564 2209 576 2228 ‚
594 2178 643 2218 et
660 2176 818 2219 habitu
839 2180 1041 2221 inventus
1064 2181 1113 2221 ut
1135 2178 1283 2222 homo.
1315 2178 1444 2223 Unde
1465 2185 1512 2223 et
1536 2181 1585 2223 B.
1611 2180 1806 2224 Thomas
1829 2193 1913 2237 per

37 2239 272 2289 aspectum
295 2235 539 2280 vulnerum
565 2243 635 2282 est
658 2238 715 2282 ad
734 2238 871 2283 fidem
901 2244 1161 2296 revocatus,
1185 2244 1239 2284 ut
1259 2240 1427 2284 dicitur
1454 2242 1597 2295 (Joan.
1623 2243 1712 2295 xx).
1734 2242 1908 2301 Tertia,

37 2300 221 2351 propter
242 2296 505 2353 exemplum
538 2298 768 2354 patientiae
799 2300 925 2357 quod
962 2301 1095 2345 nobis
1123 2301 1324 2357 exhibet,
1356 2301 1597 2357 passiones
1630 2307 1676 2347 et
1703 2303 1911 2350 defectus

35 2355 264 2401 humanos
286 2357 460 2402 fortiter
476 2359 717 2405 tolerando
737 2374 750 2406 :
775 2362 902 2407 unde
919 2362 1087 2407 dicitur
1107 2363 1258 2415 (Hebr.
1279 2377 1353 2420 xn,
1376 2366 1418 2419 3)
1437 2367 1691 2408 :Sustinuit
1710 2367 1740 2409 ὰ
1754 2379 1910 2422 pecca·

36 2418 204 2460 toribus
225 2418 440 2463 adversas
475 2425 759 2478 semetipsum
793 2426 1219 2480 contradictionem,
1256 2429 1307 2468 ut
1336 2438 1425 2468 non
1458 2429 1715 2483 fatiqemini
1744 2431 1908 2472 animis

35 2482 190 2522 vestris
213 2480 468 2534 defi-cientes
491 2483 568 2536 (1).

89 2541 152 2584 Ad
180 2545 377 2596 primum
398 2553 509 2599 ergo
531 2542 795 2600 dicendum,
829 2546 954 2602 qued
976 2546 1225 2591 satisfactio
1247 2559 1330 2604 pro
1343 2548 1546 2605 peccatis
1565 2548 1755 2594 alterius
1771 2550 1910 2597 habet

34 2602 236 2659 quidem,
260 2602 393 2659 quasi
416 2604 678 2659 materiam,
710 2618 874 2662 poenas
903 2620 1020 2664 quas
1039 2609 1205 2664 aliquis
1235 2621 1316 2666 pro
1341 2614 1530 2666 peccato
1552 2610 1743 2656 alterius
1769 2615 1908 2658 susti-

36 2669 139 2715 net;
166 2663 247 2708 sed
270 2676 353 2720 pro
375 2664 598 2722 principio
619 2666 760 2712 habet
782 2667 989 2714 habitum
1013 2671 1196 2724 animae,
1220 2683 1276 2715 ex
1297 2683 1390 2727 quo
1407 2671 1656 2717 inclinatur
1678 2674 1735 2718 ad
1756 2675 1909 2720 volen«

36 2722 144 2767 dum
163 2725 425 2770 satisfacere
443 2739 525 2782 pro
547 2727 653 2784 alio,
673 2734 721 2773 et
741 2741 800 2775 ex
820 2743 911 2787 quc
930 2732 1181 2776 satisfactio
1203 2732 1453 2777 efficaciam
1474 2733 1611 2779 habet
1635 2748 1646 2778 ε
1673 2748 1764 2779 11011
1784 2738 1907 2782 enim

37 2790 158 2827 esset
182 2785 343 2830 efficax
361 2786 612 2834 satisfactio
631 2790 718 2835 nisi
739 2804 796 2836 ex
816 2794 1037 2838 charitate
1062 2794 1354 2851 procederet,
1378 2800 1431 2839 ut
1451 2795 1570 2839 infra
1590 2796 1769 2841 dicetur
1792 2799 1904 2851 (Vid.

38 2845 266 2901 supplem.
297 2854 460 2919 quaest.
482 2864 568 2906 xiv,
594 2859 679 2896 art.
714 2856 772 2908 2).
805 2857 857 2898 Et
881 2855 982 2900 ideo
1005 2856 1209 2912 oportuit
1237 2856 1439 2901 animam
1464 2858 1623 2902 Christi
1658 2860 1907 2915 perfectam

37 2918 138 2977 csse
156 2911 379 2976 quantum
395 2910 452 2954 ad
471 2911 677 2958 habitum
700 2916 998 2961 scientiarum
1024 2923 1069 2962 et
1086 2918 1328 2971 virtutum,
1352 2924 1405 2962 ut
1426 2918 1616 2963 haberet
1644 2921 1906 2967 facultatem

35 2968 367 3039 satisfaciendi,
387 2974 433 3014 et
450 2972 573 3026 quod
591 2986 759 3030 corpus
778 2977 880 3034 eJus
900 2983 1023 3023 esset
1037 2979 1298 3035 subjectum
1319 2979 1676 3038 infirmitatibus,
1697 2989 1749 3027 111
1771 2984 1810 3028 ei
1830 2997 1908 3029 sa-

39 3030 307 3074 tisfactionis
331 3033 522 3076 materia
549 3046 639 3082 non
664 3036 858 3083 deesset.

89 3090 152 3134 Ad
173 3093 415 3135 secundum
444 3093 707 3151 dicendum,
725 3098 849 3154 quod
876 3101 1134 3145 secundum
1155 3101 1413 3146 naturalem
1432 3102 1750 3149 habitudinem
1768 3141 1779 3159 ,
1804 3120 1910 3164 quae

37 3158 105 3195 est
123 3152 240 3196 inter
258 3154 458 3224 animam
483 3161 527 3200 et
548 3169 743 3214 corpuS,
766 3171 823 3204 ex
851 3163 996 3216 gloria
1029 3164 1196 3206 animae
1224 3162 1455 3209 redundat
1478 3165 1622 3221 gloria
1640 3168 1695 3211 ad
1721 3180 1904 3225 corpus.

37 3213 119 3256 Sed
142 3214 237 3257 haec
257 3216 477 3259 naturalis
500 3217 719 3262 habitudo
738 3219 785 3262 in
808 3217 984 3266 Christo
1008 3223 1279 3279 subjacebat
1299 3225 1526 3270 voluntati
1554 3228 1808 3273 Divinitatis
1834 3231 1905 3286 ip-

75 3317 116 3356 {l}
140 3317 232 3371 filtra
246 3318 387 3370 rationes
404 3320 441 3352 Ι).
457 3320 605 3359 Τίιοῐιιτε,
618 3322 925 3363 aitBilluart‚hanc
1009 3326 1115 3365 riissc,
1130 3325 1364 3367 defatigatum.
1387 3341 1532 3370 passum,
1552 3337 1724 3365 mortuum
1747 3334 1906 3374 probant,

37 3361 197 3401 haeresun,
221 3365 346 3418 scilicet
378 3367 697 3407 Pliantasiastorum.
727 3370 926 3410 impugnant
1014 3378 1044 3408 et
1060 3374 1256 3408 sanctissimi
1284 3376 1410 3416 Patres,
1438 3377 1566 3412 scilicet
1594 3380 1714 3413 lustin.
1748 3380 1906 3416 Athanas.

35 3413 144 3445 omnia
168 3413 348 3452 Scriptura*
367 3417 555 3450 testimonia
575 3430 646 3458 ‹111ae
667 3418 830 3452 Cin-istum
851 3430 924 3452 esu·
1009 3420 1108 3455 Basil.
1127 3421 1293 3464 Nissenus,
1308 3423 1476 3466 Chrysost.
1497 3432 1559 3459 etc.
