2170 3808
149 180 235 226 311
281 217 285 221 .
762 179 960 232 QUAEST.
990 163 1187 222 xxxvm
1202 210 1215 236 ,
1246 179 1365 223 ΛΒΤ.
1396 180 1431 224 1.

158 266 272 311 Deus
290 262 373 306 dat
388 264 607 319 qratiam,
628 264 683 305 ut
699 259 866 304 dicitur
886 258 1055 317 (iacobi
1074 273 1134 313 iv,
1154 261 1216 312 6).
1237 261 1292 304 Et
1308 259 1412 306 ideo
1430 260 1554 306 sicut
1574 260 1802 316 Christus,
1818 258 1926 305 licet
1947 272 2040 304 non

154 329 277 369 esset
293 323 382 379 legi
399 323 646 376 obnoxius,
658 322 806 367 voluit
820 327 974 366 tamen
995 321 1400 366 circumcisionem
1415 329 1461 368 et
1477 323 1564 368 alia
1581 323 1694 379 legis
1709 333 1852 367 onera
1867 323 2038 377 subire,

153 387 213 430 ad
228 385 641 430 demonstrandum
664 383 938 428 humilitatis
957 389 1004 428 et
1027 382 1302 428 obedientiae
1323 385 1604 441 exemplum,
1628 390 1674 430 et
1698 390 1751 428 ut
1768 384 2042 441 approbaret

152 448 319 503 legem,
335 453 382 492 et
396 451 447 491 ut
463 445 711 491 calumniae
723 446 1017 490 occasionem
1030 444 1200 489 Judaeis
1216 445 1393 490 tolleret
1410 461 1421 490 :
1439 452 1627 504 propter
1636 446 1824 491 easdem
1837 445 2040 490 rationes

152 508 294 552 voluit.
314 515 361 552 et
375 514 570 552 matrem
590 519 726 552 suam
748 507 941 563 implere
962 507 1077 562 legis
1099 506 1434 563 observantias,
1454 508 1626 565 quibus
1647 512 1803 552 tamen
1826 518 1919 551 non
1943 511 2042 552 erat

150 569 367 614 obnoxia.

205 633 275 676 Ad
290 635 494 689 primum
509 643 620 688 ergo
638 630 907 684 dicendum,
934 629 1181 687 quodlicet
1197 632 1244 676 B.
1266 630 1403 687 Virgo
1418 631 1594 676 nullam
1615 632 1807 676 haberet
1834 631 2037 675 immun-

150 695 327 752 ditiam,
346 695 493 739 voluit
513 699 667 738 tamen
691 692 980 750 purgationis
1002 692 1348 738 observantiam
1364 693 1573 750 implere,
1595 706 1686 738 non
1713 700 1898 751 propter
1918 693 2039 738 indi-

151 758 373 815 gentiam,
397 757 480 801 sed
502 761 690 813 propter
705 755 823 811 legis
844 760 1147 812 praeceptum.
1167 757 1222 799 Et
1239 755 1344 799 ideo
1362 755 1601 812 signanter
1620 756 1913 812 Evangelista
1931 753 2041 799 dicit

149 819 275 875 quod
295 819 474 875 impleti
488 821 592 861 sunt
613 817 711 862 dies
731 819 1020 874 purqaticmis
1037 818 1133 873 effus
1153 818 1398 860 secundum
1420 817 1560 875 leqem
1570 831 1590 874 ,-
1607 817 1708 876 ipsa
1729 818 1854 862 enim
1872 828 2040 861 secun-

146 879 260 925 dum
279 893 333 926 se
352 879 632 937 purgatione
653 891 748 923 non
771 878 1026 935 indigebat.

204 942 270 987 Ad
299 943 544 985 secundum
574 941 844 995 dicendum,
869 940 996 998 quod
1021 940 1267 996 signanter
1286 941 1466 998 Moyses
1486 940 1672 985 videtur
1689 941 1835 985 fuisse
1855 940 2041 984 locutus

147 1005 207 1049 ad
248 1004 568 1062 excipiendam
603 1003 662 1047 ab
702 1003 999 1048 immunditia
1035 1009 1231 1047 matrem
1250 1002 1344 1062 Dei,
1366 1015 1472 1060 quae
1500 1015 1595 1047 non
1616 1004 1795 1060 peperit
1823 1007 2053 1058 suscepto

147 1067 341 1111 semine.
376 1068 429 1110 Et
458 1066 563 1111 ideo
587 1070 717 1123 patet
745 1065 871 1123 quod
898 1078 991 1113 non
1015 1064 1312 1122 obligabatur
1332 1064 1391 1109 ad
1423 1065 1741 1122 impletionem
1762 1064 1888 1109 illius
1918 1075 2041 1121 prae-

146 1129 284 1185 cepti,
310 1129 394 1173 sed
410 1127 672 1173 voluntarie
690 1127 984 1184 purgationis
1000 1127 1350 1172 observantiam
1374 1125 1661 1185 adimplevit,
1690 1132 1743 1170 ut
1763 1125 1940 1170 dictum
1969 1128 2041 1170 est

145 1191 211 1245 (in
236 1203 364 1248 corp.
390 1193 511 1247 art..)

199 1253 265 1298 Ad
284 1256 467 1297 tertium
488 1251 756 1308 dicendum,
786 1250 909 1309 quod
932 1251 1099 1308 legalia
1131 1255 1424 1296 sacramenta
1445 1263 1540 1295 non
1567 1250 1835 1307 purgabant
1866 1249 1927 1294 ab
1947 1247 2039 1292 im-

145 1315 372 1360 munditia
395 1314 563 1372 culpae,
587 1313 714 1371 quod
734 1287 786 1358 t'it
814 1326 898 1370 per
918 1314 1131 1370 gratiam,
1161 1314 1245 1358 sed
1273 1314 1395 1357 hanc
1415 1312 1741 1370 purgationem
1766 1310 2040 1368 praefigura-

144 1374 284 1433 bant3
308 1376 573 1433 purgabant
595 1381 752 1420 autem
783 1376 1063 1432 purgatione
1090 1375 1296 1431 quadam
1320 1374 1493 1419 carnali
1517 1374 1576 1418 ab
1605 1373 1900 1418 immunditia
1923 1373 2039 1417 irre-

145 1438 406 1494 gularitalis
425 1437 688 1495 cuiusdam,
713 1436 833 1480 sicut
854 1436 903 1480 in
926 1436 1136 1481 secunda
1158 1442 1287 1492 parte
1314 1435 1490 1480 dictum
1518 1440 1590 1481 est
1612 1437 1646 1489 (1
1673 1437 1717 1490 2,
1738 1447 1819 1491 qu.
1853 1447 1924 1492 cn,
1947 1438 2037 1478 art.

143 1503 171 1544 5
190 1500 248 1544 ad
272 1504 312 1555 5,
333 1502 361 1545 6
381 1505 427 1544 et
448 1503 505 1554 7).
527 1502 746 1544 Neutram
766 1503 922 1550 tamen
940 1497 1287 1542 immunditiam
1304 1499 1355 1541 B.
1374 1498 1511 1553 Virgo
1533 1503 1848 1553 contraxerat,
1866 1501 1916 1541 et
1935 1495 2041 1541 ideo

145 1573 240 1606 non
264 1561 502 1618 indigebat
524 1561 730 1619 purgari.

774 1666 1082 1732 QUAESTIO
1126 1666 1410 1721 XXXVIII.

456 1795 518 1830 DE
550 1794 786 1830 BAPTISMO
815 1793 1028 1845 JOANNJS,
1056 1793 1105 1829 ιΝ
1135 1793 1223 1829 SEX
1259 1791 1524 1828 ARTlcULos
1555 1792 1723 1830 D1V1SA.

191 1897 347 1939 Deinde
362 1897 706 1939 considerandum
720 1902 780 1939 est
794 1896 845 1938 de
864 1897 1070 1948 baptismo
1085 1907 1169 1959 quo
1182 1895 1371 1936 Christus
1386 1895 1620 1947 baptizatus
1634 1899 1714 1945 est;
1731 1898 1772 1936 et
1786 1896 1885 1948 quia
1898 1895 2038 1936 Chris-

143 1956 211 1993 tus
230 1952 461 2005 baptizatus
475 1956 537 1993 est
553 1953 759 2004 baptismo
774 1953 969 2001 Joannis;
989 1951 1123 2004 primo
1140 1950 1486 1991 considerandum
1503 1952 1562 1990 est
1583 1951 1633 1991 de
1649 1950 1852 2001 baptismo
1868 1950 2038 1991 Joannis

143 2009 186 2103 iln
218 2008 456 2056 communi,
486 2007 663 2047 secundo
696 2005 745 2047 de
774 2006 1046 2059 baptizatione
1075 2005 1243 2046 Christi
1259 2028 1307 2035 —
1330 2006 1444 2046 Circa
1468 2004 1650 2058 primum
1669 2011 1912 2057 quaeruntur
1939 2017 2037 2046 sex·

169 2063 348 2102 Utrum
372 2063 619 2103 conveniens
647 2062 770 2102 fuerit
798 2063 911 2113 quod
931 2062 1109 2102 Joannes
1130 2061 1369 2112 baptizaret.
1399 2083 1446 2091 -—
1476 2068 1514 2100 2ο
1539 2062 1690 2101 Utrum
1715 2061 1786 2100 ille
1809 2060 2038 2112 baptismus

142 2118 291 2157 tuerit
279 2129 303 2157 a
324 2118 419 2157 Deo.
441 2139 490 2146 —
508 2123 548 2157 3⁰
571 2118 719 2157 Utrum
734 2118 956 2157 contulerit
984 2118 1174 2166 gratiam.
1194 2138 1242 2145 —
1259 2120 1299 2155 4υ
1315 2115 1466 2155 Utrum
1481 2115 1554 2155 alii
1570 2120 1714 2167 praeter
1732 2114 1943 2155 Christum
1965 2115 2038 2156 illo

143 2172 346 2225 baptismo
368 2171 583 2213 debuerint
603 2172 817 2224 baptizari.
836 2194 886 2203 ‹—
910 2179 949 2212 50
970 2172 1121 2212 Utrum
1147 2170 1379 2222 baptismus
1401 2170 1472 2211 ille
1490 2181 1642 2211 cessare
1666 2170 1851 2220 debuerit
1877 2170 2038 2211 Christo

141 2227 358 2279 baptizato.
375 2250 420 2257 -
437 2235 478 2267 6·
492 2228 640 2268 Utrum
654 2227 852 2280 baptizati
869 2227 1072 2279 baptismo
1090 2227 1262 2266 ,loannis
1280 2229 1414 2266 essent
1430 2230 1565 2277 postea
1581 2225 1817 2278 baptizandi
1836 2227 2039 2278 baptismo

140 2282 309 2324 Christi.

251 2362 596 2404 ARTICULUS
625 2362 662 2403 1.
680 2383 739 2391 —
761 2373 901 2402 uranu
924 2372 1075 2403 runnu·
1098 2370 1361 2402 CONVENIENS
1383 2370 1571 2401 somnam
1593 2370 1816 2400 menuae
1845 2359 1921 2412 (2).

597 2429 646 2464 De
660 2428 714 2463 his
725 2428 828 2464 etiam
850 2428 945 2463 Sent.
959 2435 1010 2468 lv.
1025 2426 1104 2463 dist.
1122 2426 1158 2469 2,
1183 2430 1298 2468 quaest.
1312 2435 1355 2465 11.
1375 2430 1439 2461 nrt.
1457 2425 1536 2461 2ad
1550 2426 1584 2461 4.

193 2484 261 2530 Ad
281 2485 483 2542 primum
500 2484 568 2529 sic
586 2483 868 2540 proceditur.
890 2487 932 2528 1.
956 2482 1144 2528 Videtur
1163 2481 1287 2538 quud
1312 2494 1407 2525 non
1429 2480 1567 2525 fuerit
1585 2481 1782 2526 conveni
1787 2493 1872 2526 ens
1893 2484 2031 2528 Joan·

138 2560 247 2593 nem
269 2546 518 2604 baptizare.
533 2547 693 2591 Omnis
708 2546 834 2592 enim
857 2546 974 2590 ritus
992 2543 1344 2590 sacramentalis
1355 2543 1413 2587 ad
1434 2543 1639 2600 aliquam
1651 2545 1852 2600 pertinet
1866 2545 2032 2603 legem.

140 2610 227 2655 Sed
248 2612 451 2654 loannes
470 2621 563 2653 non
598 2608 856 2654 introduxit
878 2620 1047 2652 novam
1075 2607 1242 2664 legem.
1277 2609 1395 2662 Ergo
1430 2605 1770 2651 inconveniens
1798 2608 1884 2652 fuit
1910 2609 2035 2666 quod

139 2684 314 2716 novum
334 2671 475 2715 ritum
499 2670 760 2728 baptizandi
787 2671 1120 2715 introduceret.

194 2737 237 2778 2.
262 2735 502 2789 Praeterea,
526 2736 726 2777 ioannes
742 2732 831 2777 fuit
862 2732 1039 2776 missus
1061 2731 1089 2775 a
1122 2733 1214 2775 Deo
1242 2729 1291 2774 in
1321 2728 1642 2775 testimonium
1671 2733 1895 2786 tanquam
1924 2744 2035 2777 nro-

138 2797 294 2854 pheta,
315 2794 574 2840 secundum
598 2795 713 2840 illud
743 2798 800 2848 (3
823 2796 948 2849 (Luc.
975 2808 1006 2851 1,
1030 2796 1138 2848 76);
1169 2797 1232 2836 Tu
1252 2805 1368 2850 puer
1387 2790 1617 2848 propheta
1649 2791 1877 2835 Altissz‘mc‘
1900 2808 2035 2838 voca-

139 2859 273 2902 beris.
294 2858 378 2903 Sed
400 2858 639 2915 prophetae
661 2858 740 2914 qui
764 2858 955 2902 fuerunt
974 2862 1083 2901 ante
1101 2855 1331 2900 Christum
1351 2866 1446 2898 non
1473 2853 1835 2898 introduxeiunt
1860 2868 2033 2902 novum

139 2919 296 2976 ritum,
330 2920 414 2964 sed
447 2919 791 2964 observantiam
824 2918 1046 2975 legalium
1083 2917 1258 2961 rituum
1281 2914 1593 2970 inducebant,
1617 2920 1671 2959 ut
1689 2921 1814 2971 patet
1832 2918 2032 2970 (Malach.

139 2982 245 3038 ult,
268 2985 346 3036 4).
369 2986 632 3025 Mementote
653 2982 762 3038 leqis
785 2982 942 3038 Moysi,
967 2982 1087 3024 servi
1107 2982 1211 3023 mei.
1230 2980 1349 3039 Ergo
1374 2990 1460 3023 nec
1480 2979 1682 3022 loannes
1701 2990 1872 3023 novum
1895 2980 2035 3025 ritum

139 3043 401 3100 baptizandi
424 3045 718 3089 introducere
740 3043 914 3088 debuit.

182 3142 224 3183 (1)
254 3141 417 3176 Nonnulli
452 3146 567 3176 tamen
598 3141 717 3176 volunt
746 3141 815 3175 haec
830 3139 933 3176 verba
961 3139 1045 3180 legis
1128 3137 1310 3181 piratione,
1336 3141 1430 3178 juxta
1454 3135 1540 3170 illud
1559 3136 1667 3175 <Joan.
1691 3138 1740 3170 ll:
1761 3135 1836 3177 Qui
1859 3149 1915 3172 me
1930 3140 2034 3175 misit

139 3189 487 3231 (Levit.xu)Mariam
503 3190 608 3230 ipsam
627 3189 925 3230 comprehendere,
944 3200 1044 3230 prop-
1129 3188 1321 3230 baptizare
1346 3187 1388 3220 in
1414 3195 1525 3228 aqua,
1548 3185 1616 3219 ille
1640 3185 1733 3219 mihi
1760 3185 1860 3220 discit
1880 3198 1893 3221 .·
1919 3197 2034 3230 super

140 3242 231 3273 terea
245 3238 335 3280 quod
354 3238 389 3272 in
412 3236 544 3271 haebreo
562 3237 727 3271 habeatur
741 3264 750 3277 ,
766 3237 893 3271 mulier
908 3249 982 3279 quo
995 3248 1045 3271 se-
1130 3245 1233 3280 quem
1248 3234 1386 3269 videris
1401 3233 1601 3277 Spiritum.

140 3285 380 3322 miniiicavorit
394 3297 450 3319 seu
467 3297 540 3327 quae
557 3286 676 3320 feccrit
692 3297 820 3326 senten,
842 3285 876 3319 id
894 3291 956 3327 est,
972 3297 1045 3326 qnae
1170 3284 1214 3325 (5)
1233 3283 1276 3318 Ut
1290 3288 1322 3317 et
1336 3281 1421 3316 illud
1439 3282 1546 3318 (ioan.
1562 3289 1588 3321 1,
1603 3281 1637 3322 6)
1653 3294 1661 3314 :
1677 3281 1768 3315 Fuit
1783 3281 1887 3316 homo
1899 3282 2031 3317 miuus

141 3336 354 3376 generaverit
372 3339 406 3368 et
423 3345 537 3368 semen
554 3345 615 3374 pro
632 3333 702 3374 ipsa
722 3333 815 3373 prole
831 3333 978 3374 positum
996 3333 1046 3367 in·
1130 3333 1153 3367 ὰ
1171 3333 1242 3366 Deo
1259 3333 1322 3366 cui
1333 3340 1464 3366 nomen
1488 3332 1569 3363 erat
1585 3329 1749 3363 «Ioannes
1766 3341 1776 3364 .·
1800 3330 1859 3363 hic
1875 3331 1974 3364 venit
1988 3330 2031 3363 in

140 3383 365 3422 telligeretur.
1131 3380 1378 3416 testimonium
1398 3382 1440 3413 ul
1465 3378 1713 3413 testimonium
1739 3378 1948 3420 perhiberet
1987 3378 2029 3411 de

182 3432 223 3471 ‹2›
242 3433 386 3466 loannes
408 3429 601 3473 baptizabat
623 3441 661 3463 ex
685 3430 834 3470 Spiritu-s
851 3429 957 3464 sancti
976 3430 1043 3464 ins·
1131 3429 1284 3464 lumine.
