2170 3808
102 28 159 55 ΥΤ

724 224 923 275 QUAEST.
954 222 1087 276 XLVI,
1118 222 1234 263 ART.
1266 221 1353 263 VIII
1380 221 1441 263 ET
1463 220 1533 263 IX.
1983 219 2059 263 391

188 309 304 358 titia.
334 309 372 350 si
391 306 451 350 sit
474 304 741 358 vehemens,
774 314 866 346 non
901 302 1052 347 solum
1069 300 1260 357 impedit
1284 299 1637 345 delectationem
1659 295 1954 351 contrariam,
1982 295 2066 340 sed

190 359 550 426 quamcumque3
567 368 618 409 et
638 363 664 408 e
695 375 921 407 converso
939 364 1018 418 (1).
1037 361 1172 405 Dolor
1186 364 1339 405 antem
1361 360 1592 417 passionis
1620 359 1782 403 Christi
1804 357 1890 401 fuit
1910 355 2064 400 maxi-

191 442 310 484 mus,
323 433 372 472 ut
383 433 623 472 ostensum
634 430 708 469 vest
724 428 825 478 (art.
843 429 870 470 6
881 424 980 481 huj.
997 425 1182 480 quaest.)
1192 437 1205 478 ς
1216 426 1262 467 et
1276 422 1487 467 similiter
1499 421 1738 466 delectatio
1747 419 1981 464 fruitionis
1993 421 2064 463 est

191 489 521 546 maxima,utin
543 487 766 544 principio
776 486 994 531 secundae
1006 483 1154 541 partis
1166 483 1457 527 habitum-est
1471 485 1508 536 (1
1528 486 1570 535 2,
1588 487 1752 539 quaest.
1763 483 2063 538 iv).Nonergo

191 551 448 610 potuitesse
456 548 582 606 quod
596 548 749 592 anima
768 547 932 605 Christi
955 549 1050 590 tota
1065 544 1204 589 simul
1217 548 1451 600 pateretur
1468 547 1517 587 et
1538 543 1783 588 frueretur.

243 615 286 658 3.
318 614 553 666 Praeterea,
573 610 726 654 fruitio
748 610 879 653 beata
899 612 971 653 est
986 606 1246 652 secundum
1264 605 1576 661 cognitionem
1594 609 1640 649 et
1660 617 1864 649 amorem
1881 603 2064 649 divino-

189 685 309 732 rum,
332 677 386 718 ut
397 676 522 729 patet
539 684 619 727 per
637 670 944 726 Augustinum
964 671 1042 723 (De
1059 667 1266 713 doctrina
1290 667 1450 712 christ.
1475 666 1555 710 lib.
1576 681 1610 720 ι,
1629 678 1732 723 cap.
1750 670 1776 711 4
1799 670 1844 710 et
1863 668 1952 717 10).
1973 665 2063 711 Sed

189 746 284 780 non
310 745 474 778 omnes
502 733 623 777 vires
655 733 823 776 animae
834 731 1072 788 attingunt
1088 729 1148 774 ad
1165 727 1541 784 cognoscendum
1554 732 1605 772 et
1628 727 1880 772 amandum
1901 731 2060 772 Deum.

189 798 287 840 Non
305 807 417 853 ergo
436 799 529 838 tota
557 794 710 838 anima
729 793 891 838 Christi
908 791 1163 836 fruebatur.

246 857 332 903 Sed
350 861 508 901 contra
522 861 593 902 est
613 857 737 912 quod
757 859 1067 899 Damascenus
1086 853 1196 898 dicit
1211 853 1353 907 (Orth.
1371 851 1450 897 fid.
1468 852 1547 896 lib.
1569 866 1632 908 111,
1647 865 1747 909 cap.
1762 854 1836 905 15,
1858 852 1885 894 a
1902 851 2060 907 med.),

191 919 313 976 quod
335 918 583 962 «Divinitas
605 918 768 962 Christi
789 916 998 974 permisit
1034 915 1164 960 carni
1188 927 1327 971 agere
1349 919 1394 958 et
1416 914 1506 971 pati
1544 925 1648 970 quae
1680 914 1912 971 propria.»
1946 915 2063 970 Ergo

191 980 287 1037 pffli
311 980 503 1034 ratione,
537 980 644 1023 cum
681 979 914 1035 proprium
934 982 1064 1022 esset
1088 977 1260 1021 animae
1276 975 1462 1031 Christi,
1482 975 1761 1032 inquantum
1783 978 1883 1019 erat
1910 975 2061 1031 beata,

191 1041 311 1099 quud
338 1042 581 1097 frueretur,
600 1042 757 1098 passio
777 1041 880 1097 eJ'us
892 1038 1161 1084 Iiruitionem
1178 1050 1277 1083 rnon
1301 1037 1594 1093 impediebat.
1778 1039 1781 1043 ’
1831 1095 1833 1098 Ι

236 1109 517 1151 CONCLUSIO.
541 1131 587 1139 -
612 1110 858 1160 Quanquam
886 1111 972 1147 tota
1001 1108 1142 1146 anima
1162 1104 1313 1146 Christi
1342 1116 1412 1156 per
1441 1105 1660 1145 essentiam
1689 1106 1771 1146 Deo
1791 1104 1990 1144 frueretur
2017 1104 2062 1145 in

190 1163 387 1216 passione,
412 1176 494 1204 non
524 1168 657 1203 tamen
686 1161 912 1203 secundum
928 1172 1075 1201 omnes
1099 1172 1194 1200 suas
1215 1160 1444 1211 potentias,
1464 1158 1534 1200 sed
1559 1160 1695 1200 solum
1714 1161 1898 1212 superior
1917 1160 1962 1199 in
1989 1159 2063 1200 illo

191 1219 360 1259 rationis
382 1230 473 1271 pars
494 1219 654 1269 proprio
675 1220 768 1258 actu
786 1217 1002 1257 beatorum
1019 1215 1215 1255 fruitione
1232 1214 1455 1256 fruebatur.

244 1281 513 1337 Respondeo
526 1280 774 1325 dicendum
790 1277 931 1335 quod,
944 1278 1065 1323 sieut
1077 1277 1253 1323 dictum
1271 1283 1343 1322 est
1354 1277 1482 1334 prius
1494 1281 1596 1329 (art.
1612 1278 1784 1334 praee),
1801 1282 1896 1321 tota
1906 1278 2063 1323 anima

190 1346 338 1396 potest
351 1341 543 1398 intelligi
563 1341 877 1386 etsecundum
897 1339 1167 1395 essentiam,
1189 1344 1235 1384 et
1247 1340 1508 1385 secundum
1519 1349 1683 1384 omues
1692 1339 1797 1396 ejus
1813 1340 2059 1395 potentias.

190 1402 234 1447 Si
252 1409 405 1447 autem
428 1404 712 1459 intelligatur
744 1401 997 1454 secundum
1023 1401 1288 1455 essentiam,
1314 1401 1381 1446 sic
1403 1406 1499 1445 tota
1521 1402 1675 1445 anima
1712 1401 1967 1457 fruebatur,
1988 1401 2063 1445 in-

190 1470 415 1520 quantum
435 1469 506 1509 est
525 1465 785 1521 subiectum
801 1462 1051 1520 superioris
1066 1463 1211 1519 partis
1234 1463 1420 1519 animae,
1439 1467 1575 1519 cuius
1591 1467 1666 1508 est
1683 1463 1775 1507 frui
1786 1463 2028 1508 Divinitate
2046 1475 2060 1507 t

190 1530 239 1570 ut
253 1526 372 1570 sicut
391 1526 544 1582 passio
560 1527 740 1571 ratione
755 1524 1253 1570 essentiaeatuibuitur
1269 1525 1624 1593 superioribparti
1637 1525 1819 1580 animae,
1837 1524 2064 1569 itaecon·

192 1598 326 1631 verso
351 1587 506 1632 fruitio
524 1588 700 1632 ratione
719 1586 972 1643 superioris
986 1586 1130 1643 partis
1149 1586 1320 1631 animae
1341 1586 1619 1631 attribuatur
1638 1586 1866 1632 essentiae.
1883 1585 1928 1629 Si
1952 1586 2062 1630 vero

192 1648 468 1705 accipiamus
482 1653 623 1694 totam
645 1647 847 1693 animam
869 1648 1048 1693 ratione
1065 1648 1274 1693 omnium
1293 1648 1603 1704 potentiarum
1625 1647 1743 1705 ejuS,
1767 1647 1834 1691 sic
1854 1658 1947 1690 non
1966 1651 2062 1691 tota

192 1710 341 1754 anima
359 1710 609 1766 fruebatur,
631 1724 718 1756 nec
737 1709 908 1756 directe
921 1709 1125 1767 quidem,
1136 1709 1246 1767 quia
1258 1709 1415 1754 fruitio
1427 1722 1521 1754 non
1537 1714 1691 1766 potest
1706 1721 1809 1754 esse
1825 1713 1965 1753 actus
1983 1721 2063 1753 cu-

186 1771 378 1827 juslibet
393 1772 536 1829 partis
546 1773 713 1817 animae
728 1774 911 1826 (2):,nec
920 1784 1002 1828 per
1023 1771 1378 1817 redundantiam
1397 1772 1572 1829 gloriae,
1596 1772 1705 1829 quia
1727 1774 1833 1815 cum
1853 1770 2061 1815 Christus

191 1836 289 1877 erat
306 1832 469 1892 viator,
486 1845 580 1876 non
606 1833 745 1877 fiebat
760 1832 1067 1878 redundantia
1092 1832 1251 1889 gloriae
1273 1832 1299 1876 a
1320 1832 1545 1889 superiori
1568 1832 1761 1889 partein
1779 1832 2059 1887 inferiorem,

194 1905 278 1938 nec
306 1893 364 1938 ab
383 1893 539 1938 anima
561 1894 608 1938 in
643 1906 827 1950 corpus.
853 1894 940 1939 Sed
976 1893 1085 1951 quia
1106 1907 1194 1939 nec
1214 1895 1242 1938 6
1275 1906 1500 1939 converso
1528 1895 1739 1951 superior
1759 1906 1867 1949 pars
1894 1893 2061 1938 animae

191 1955 524 2012 impediebatur
553 1956 680 2001 circa
714 1956 760 2001 id
794 1956 919 2013 quod
955 1961 1029 2001 est
1059 1955 1148 2001 sibi
1185 1956 1423 2014 proprium
1460 1968 1543 2013 per
1577 1955 1855 2012 inferiorem,
1897 1967 2062 2000 conse·

191 2029 338 2072 quens
370 2021 443 2062 est
485 2018 604 2074 quod
644 2018 855 2074 superior
889 2029 998 2074 pars
1036 2018 1207 2063 animae
1244 2017 1445 2075 perfecte
1481 2018 1737 2074 fruebatur,
1752 2017 1941 2062 Christo
1974 2029 2062 2075 pa-

190 2077 344 2122 tiente.

241 2138 307 2183 Ad
325 2141 522 2195 primum
542 2150 652 2195 ergo
671 2138 937 2194 dicendum,
966 2139 1092 2197 quod
1119 2140 1342 2198 gaudium
1372 2139 1603 2185 fruitionis
1639 2152 1732 2184 non
1753 2141 2060 2185 contrariatur

191 2199 358 2245 directe
379 2201 522 2246 dolori
546 2201 791 2258 passionis,
814 2202 922 2259 quia
954 2213 1048 2247 non
1067 2207 1179 2247 sunt
1212 2202 1271 2248 de
1303 2201 1485 2248 eodem.
1515 2201 1633 2246 Nihil
1655 2206 1810 2247 autem
1848 2202 2061 2259 prohibet

138 2307 141 2311 ,
189 2262 419 2305 contraria
436 2262 586 2306 eidem
598 2263 770 2318 inesse,
789 2275 883 2308 non
897 2263 1157 2309 secundum
1178 2263 1318 2309 idem.
1340 2265 1392 2307 Et
1408 2263 1477 2308 sic
1495 2263 1716 2320 gaudium
1731 2262 1966 2308 fruitionis
1976 2276 2061 2320 po-

192 2325 280 2366 test
298 2322 526 2378 pertinere
547 2323 605 2368 ad
625 2323 911 2379 superiorem
931 2329 1110 2381 partem
1143 2325 1334 2369 rationis
1357 2337 1439 2381 per
1457 2325 1694 2381 proprium
1716 2330 1897 2382 actumt,
1931 2324 2061 2370 dolor

191 2387 343 2427 autem
365 2384 594 2439 passionis
613 2385 867 2430 secundum
887 2386 1165 2443 subJectum.
1184 2386 1252 2432 Ad
1266 2386 1519 2432 essent-iam
1537 2385 1647 2431 vero
1666 2387 1834 2431 animae
1862 2386 2061 2444 pertinet

189 2443 318 2489 dolor
336 2445 566 2502 passionis
580 2458 638 2490 ex
655 2451 785 2503 parte
804 2449 1026 2505 corporis,
1041 2448 1177 2506 quus
1196 2453 1269 2493 est
1280 2449 1450 2503 forma;
1467 2448 1690 2504 gaudium
1704 2449 1814 2494 vero
1828 2449 2060 2494 fruitionis

189 2516 247 2549 ex
268 2510 396 2562 parte
413 2507 643 2563 potentiss,
663 2507 738 2552 cui
755 2508 1013 2566 subjicitur.

242 2567 308 2612 Ad
345 2570 585 2613 secundum
616 2570 883 2629 dicendum,
923 2571 1050 2628 qued
1091 2571 1286 2617 verbum
1320 2571 1435 2617 illud
1467 2572 1725 2628 Philosophi
1759 2572 1899 2618 hahet
1936 2573 2062 2618 veri-

189 2631 326 2673 tatem
357 2629 534 2675 ratione
566 2632 900 2689 redundamus,
930 2645 1037 2690 quae
1063 2633 1332 2679 naturaliter
1352 2634 1406 2678 fit
1433 2633 1491 2678 ab
1529 2646 1622 2678 una
1655 2633 1860 2690 potentia
1891 2634 2060 2679 animae

190 2688 258 2793 int
272 2689 433 2804 aliamg
474 2691 556 2736 sed
592 2693 679 2736 hoc
717 2692 765 2737 in
803 2693 982 2738 Christo
1002 2706 1096 2739 non
1129 2694 1232 2750 fuit,
1267 2698 1320 2738 ut
1354 2706 1495 2751 supra
1527 2694 1702 2739 dictum
1739 2698 1810 2739 est
1837 2694 1901 2749 (in
1931 2707 2057 2752 corp.

190 2761 240 2792 ar
262 2784 272 2794 .
297 2784 307 2794 .

242 2811 307 2855 Ad
330 2815 512 2856 tertium
533 2814 798 2873 dicendum,
818 2815 944 2873 quod
963 2816 1079 2861 ratio
1092 2816 1172 2861 illa
1188 2816 1392 2873 procedit
1412 2817 1470 2862 de
1486 2816 1708 2861 totalitate
1730 2817 1897 2861 animae
1911 2829 2058 2874 quan-

191 2870 287 2915 tum
300 2872 361 2917 ad
383 2875 481 2929 eJus
500 2875 739 2930 potentias.

243 2936 579 2980 ARTICULUS
599 2939 682 2981 lx.
710 2957 767 2971 —-
787 2951 922 2983 urium
944 2952 1137 2983 cnmsrus
1154 2952 1305 2983 runnu·
1329 2952 1599 2983 conviciamur}
1622 2953 1815 2984 'rampone
1838 2953 2001 2985 passus.

827 3007 876 3042 Do
892 3007 945 3043 his
961 3009 1063 3043 etiam
1076 3006 1177 3047 infra,
1193 3011 1259 3043 art.
1277 3008 1316 3042 lo
1326 3019 1419 3049 corp.

242 3058 308 3102 Ad
326 3069 499 3102 nonum
518 3058 585 3102 sic
597 3059 870 3115 proceditur.
886 3064 928 3106 1.
941 3061 1128 3106 Videtur
1136 3062 1263 3118 quod
1278 3062 1484 3107 Christus
1501 3074 1595 3106 non
1608 3062 1745 3107 fuerit
1761 3063 2057 3109 convenienti

191 3120 391 3174 tempore
413 3131 594 3175 passuS.
617 3119 771 3164 Passio
801 3121 926 3167 enim
946 3122 1108 3167 Christi
1128 3122 1416 3180 figurabatur
1450 3136 1533 3180 per
1567 3123 1926 3169 immolationem
1948 3126 2058 3180 agni

191 3179 439 3235 paschalis:
457 3180 579 3225 unde
597 3185 644 3224 et
657 3182 899 3237 Apostolus
910 3183 1020 3227 dicit
1034 3186 1082 3238 (1.
1105 3184 1203 3227 Cor.
1223 3198 1263 3239 v,
1287 3186 1354 3237 7):
1373 3185 1552 3228 Pascha
1574 3187 1776 3228 nostrum
1799 3186 2058 3229 immolatas

191 3243 257 3284 est
265 3242 486 3286 Christus.
505 3242 591 3286 Sed
603 3254 755 3299 agnus
773 3243 1330 3300 paschalisimmolabatur
1348 3249 1512 3302 quarta
1527 3246 1704 3291 decima
1719 3247 1792 3292 die
1811 3248 1871 3292 ad
1891 3259 2057 3303 vespe-

226 3335 451 3377 (l)Nimirum
472 3337 558 3378 quod
578 3338 606 3372 si
628 3337 803 3373 delectatio
827 3340 873 3374 sit
891 3339 1079 3382 vehemens,
1205 3341 1247 3383 (2)
1271 3342 1336 3376 Seu
1358 3341 1534 3382 cujuslibet
1552 3342 1720 3378 facultatis
1741 3346 1832 3382 juxta
1850 3342 2056 3378 locutionem

187 3395 253 3418 non
283 3385 412 3418 tantum
441 3385 624 3425 oppositam
639 3412 649 3428 ,
677 3386 735 3421 sed
770 3397 905 3422 omnem
948 3399 1081 3429 prorsus
1163 3388 1354 3430 Philosophi
1387 3391 1445 3431 qui
1482 3389 1580 3430 vulgo
1615 3391 1663 3424 sic
1699 3391 1842 3431 appellat
1883 3389 2056 3430 facultates

185 3431 357 3465 tristitiam
372 3432 530 3466 excludit.
1162 3436 1294 3477 animae,
1310 3438 1460 3477 quamvis
1479 3438 1615 3480 proprie
1631 3443 1746 3479 partes
1766 3450 1834 3471 non
1853 3438 1930 3474 siut.
