2170 3808
165 247 220 288 70
747 237 947 290 QUAEST.
979 234 1064 289 vn,
1099 234 1216 276 ART.
1247 234 1282 276 11
1310 233 1374 276 ΕΤ
1402 232 1471 276 111.

98 306 106 312 ²
165 324 412 370 mandasse
427 321 552 380 quod
570 317 730 376 egenis
753 317 928 374 aliquid
948 316 1092 361 daret.
1113 313 1520 370 concupiscentias
1545 316 1701 358 autem
1719 323 1889 369 pravas
1909 312 2058 358 Chris-

166 391 243 432 tus
272 385 461 430 omnino
492 395 586 427 non
614 379 792 436 habuit,
826 378 947 423 sicut
977 378 1097 422 infra
1116 375 1291 434 patebit
1313 377 1498 433 (quaest.
1529 389 1601 431 xv,
1636 379 1721 419 art.
1757 376 1779 418 1
1815 377 1861 419 et
1888 375 1946 430 2).
1967 376 2060 420 Nec

163 455 351 506 propter
373 449 460 492 hoc
483 450 639 488 tamen
658 441 923 487 excluditur
937 440 1050 498 quin
1066 438 1279 483 habuerit
1292 437 1662 494 temperantiamz,
1682 447 1788 493 quae
1806 435 1934 481 tanto
1951 449 2060 494 per-

164 510 328 556 fectior
350 512 421 553 est
456 507 504 551 in
535 503 740 559 homine,
770 502 948 560 quanto
978 501 1129 559 magis
1165 500 1324 558 pravis
1352 498 1741 556 concupiscentiis
1762 504 1905 543 caret.
1929 498 2059 546 Unde

164 571 423 618 secundum
445 567 770 624 Philosophum
795 565 954 620 (Ethie.
989 564 1069 609 lib.
1101 577 1175 618 vn,
1206 575 1308 619 cap.
1333 563 1393 621 9),
1417 565 1698 619 temperatus
1720 560 1770 606 in
1797 559 1885 605 hoc
1907 560 2059 607 differt

165 633 194 678 a
213 633 496 688 continente,
521 629 645 688 quod
677 632 963 685 temperatus
994 639 1089 670 non
1120 624 1262 670 habet
1293 636 1463 682 pravas
1493 622 1913 681 concupiscentias,
1938 635 2058 681 quas

163 693 413 739 continens
441 691 630 749 patitur.
669 689 799 735 Unde
822 689 891 734 sic
928 687 1198 744 accipiendo
1221 685 1572 743 continentiam,
1602 686 1723 730 sicut
1754 684 2059 742 Philosophus

163 755 344 813 accipit,
378 767 436 800 ex
463 755 553 799 hoc
575 753 677 810 ipso
706 752 832 810 quod
859 750 1065 796 Christus
1097 748 1260 794 habuit
1285 760 1473 793 omnem
1501 749 1735 804 virtutem,
1772 759 1868 793 non
1898 746 2057 794 habuit

163 817 497 864 continentiam
520 818 595 872 (l),
616 827 721 872 quae
746 826 840 858 non
868 818 940 858 est
957 812 1123 868 virtus,
1148 811 1231 857 sed
1253 810 1429 869 aliquid
1445 811 1601 855 minus
1621 810 1805 856 virtute.

479 879 820 923 ARTICULUS
842 878 926 920 111.
951 899 1005 908 —
1025 887 1165 918 u'rnuu
1186 887 1227 917 m
1248 886 1420 918 cnmsm
1443 887 1593 918 summ·
1615 886 1748 918 mnas.

165 949 214 983 De
225 946 282 983 his
314 948 418 983 etiam
439 947 542 989 infra,
560 950 627 981 art.
646 948 666 981 4
683 957 775 987 corp.
800 949 835 980 et
848 948 914 978 art.
942 944 964 978 8
978 943 1019 978 ad
1047 943 1081 984 2,
1099 946 1135 978 et
1157 944 1222 977 art.
1245 943 1267 977 9
1290 942 1332 978 ad
1348 942 1382 982 l.
1399 946 1433 977 et
1450 942 1466 978 Ι
1494 942 1528 985 2,
1544 946 1659 984 quaest.
1679 950 1759 983 ην,
1783 946 1850 978 art.
1868 943 1890 978 5
1907 942 1950 978 ad
1967 943 2000 984 5,
2021 945 2058 981 61
2138 964 2141 965 ⁷

204 996 298 1031 Sent.
316 1004 367 1035 ln.
386 994 465 1030 dist.
480 995 535 1036 1¹5,
553 997 669 1036 quaest.
698 1002 723 1035 1,
743 996 810 1028 art.
827 992 860 1031 2.
876 994 990 1033 quast.
1006 999 1020 1025 1
1035 991 1076 1025 ad
1088 991 1120 1031 l,
1142 993 1175 1025 et
1190 989 1268 1024 dist.
1288 990 1344 1031 56,
1366 992 1431 1024 art.
1450 988 1473 1024 2
1490 990 1533 1024 ad
1545 990 1580 1032 5,
1595 994 1630 1025 et
1645 990 1693 1025 De
1707 989 1806 1025 verit.
1825 994 1941 1032 qnaest.
1962 998 2058 1033 xxm,

203 1046 271 1080 art.
291 1044 312 1078 ⁴
327 1043 369 1078 ad
383 1043 437 1086 45,
454 1047 487 1077 et
506 1043 552 1076 De
569 1042 673 1078 verit.
692 1045 808 1082 quaest.
828 1049 877 1082 lv,
893 1043 958 1074 art.
975 1040 990 1074 4
1015 1038 1056 1074 ad
1069 1039 1104 1074 2.

215 1097 283 1142 Ad
312 1097 498 1142 tertium
518 1097 586 1142 sic
603 1095 883 1153 proceditur.
904 1097 946 1138 1.
970 1093 1156 1138 Videtur
1183 1092 1309 1150 quod
1335 1092 1384 1137 in
1405 1092 1583 1138 Christo
1612 1092 1751 1137 fuerit
1769 1093 1902 1138 fides.
1924 1093 2057 1140 Fides

161 1157 286 1204 enim
311 1162 383 1203 est
405 1158 600 1202 nobilior
619 1157 767 1202 virtus
791 1155 933 1213 quam
947 1155 1143 1199 virtutes
1160 1154 1379 1211 morales,
1398 1154 1513 1211 puta
1535 1154 1856 1212 temperantia,
1879 1159 1926 1200 et
1939 1155 2058 1200 libe-

161 1218 334 1264 ralitas.
353 1215 638 1276 >HujUsmodi
669 1222 826 1262 autem
848 1217 1043 1261 virtutes
1074 1216 1264 1261 fuerunt
1288 1215 1338 1260 in
1368 1216 1562 1272 Chr1sto,
1587 1221 1641 1261 ut
1661 1215 1838 1261 dictum
1862 1221 1933 1261 est
1952 1218 2055 1272 (art.

160 1286 332 1338 praec.).
359 1281 497 1326 Multo
512 1294 623 1338 ergo
646 1281 795 1337 magis
814 1279 901 1324 fuit
920 1280 968 1324 in
987 1291 1043 1324 eo
1063 1278 1195 1324 fides.

214 1346 258 1388 2.
282 1346 524 1400 Praeterea,
547 1344 754 1388 Christus
774 1355 868 1386 non
899 1342 1057 1386 docuit
1080 1341 1276 1386 virtutes
1294 1354 1412 1399 quas
1430 1341 1531 1398 ipse
1554 1353 1646 1385 non
1678 1341 1858 1397 habuit,
1882 1354 2055 1387 secun-

161 1404 271 1449 dum
291 1405 408 1450 illud
432 1410 541 1458 (Act.
563 1420 593 1462 1,
620 1407 692 1459 1):
720 1407 867 1461 Coepit
898 1406 1055 1458 facere
1074 1407 1115 1447 et
1136 1405 1314 1447 docere.
1341 1403 1428 1448 Sed
1451 1403 1510 1449 de
1529 1403 1706 1448 Christo
1734 1403 1903 1448 dicitur
1923 1403 2052 1457 (Heb.

158 1471 251 1523 xn),
277 1466 405 1523 quod
422 1471 489 1510 est
509 1470 670 1510 auctor
693 1470 736 1509 et
759 1468 1099 1509 consummator
1120 1466 1246 1519 fidei.
1269 1467 1389 1520 Ergo
1419 1465 1468 1509 in
1491 1477 1547 1510 eo
1569 1465 1772 1509 maxime
1803 1465 1889 1510 fuit
1922 1466 2053 1512 fides,

213 1530 255 1572 3.
279 1529 521 1584 Praeterea,
557 1527 779 1585 quicquid
812 1531 885 1572 est
920 1525 1300 1583 imperfectionis,
1334 1526 1598 1571 excluditur
1620 1526 1647 1570 a
1683 1526 1848 1571 beatis.
1883 1527 1971 1574 Sed
2005 1527 2054 1573 in

157 1588 308 1633 beatis
326 1593 398 1634 est
418 1589 535 1635 fides
559 1602 571 1633 ε
598 1602 706 1633 nam
728 1602 869 1646 super
888 1589 1002 1634 illud
1024 1590 1171 1644 (Rom.
1192 1591 1223 1640 ι)
1248 1604 1261 1631 2
1280 1592 1470 1633 Iustitia
1495 1592 1580 1632 Dei
1598 1589 1834 1633 revelatur
1856 1593 1904 1632 in
1921 1603 1972 1633 eo
1997 1603 2056 1634 ex

156 1651 250 1705 fide
270 1653 319 1692 in
338 1652 494 1706 fidem,
518 1651 628 1697 dicit
649 1651 808 1695 Glossa
828 1651 942 1705 (ord.
962 1651 1066 1695 loco
1089 1649 1276 1695 citando
1293 1651 1342 1694 in
1361 1653 1593 1708 respons.)
1614 1663 1625 1693 ε
1651 1668 1671 1687 «ν
1696 1654 1759 1695 Β6
1780 1651 1871 1696 fide
1888 1651 2054 1697 verho-

156 1723 262 1755 rum
281 1716 328 1756 et
346 1713 446 1769 spei
462 1713 509 1757 in
526 1713 663 1757 fidem
684 1725 842 1757 rerum
858 1717 904 1757 et
921 1713 1108 1769 speciei.
1122 1728 1145 1755 »
1162 1715 1280 1770 Ergo
1297 1712 1481 1757 videtur
1498 1712 1623 1770 quod
1642 1712 1782 1757 etiam
1806 1713 1854 1757 in
1877 1714 2054 1759 Christo

156 1771 295 1817 fuerit
318 1773 452 1829 fides,
478 1775 585 1818 cum
611 1774 725 1818 nihil
747 1773 1111 1830 imperfectionis
1135 1774 1366 1831 importet.

215 1834 302 1879 Sed
329 1840 491 1879 contra
527 1840 598 1881 est
630 1837 755 1892 quod
790 1836 959 1881 dicitur
982 1836 1132 1890 (Hebr.
1170 1850 1230 1890 X1,
1253 1838 1312 1893 1),
1335 1835 1461 1892 quod
1492 1836 1604 1890 fides
1635 1839 1703 1879 est
1739 1841 2053 1892 armamentum

154 1909 244 1938 non
268 1901 606 1953 apparentium.
631 1898 718 1942 Sed
748 1898 925 1942 Christo
962 1898 1075 1942 nihil
1107 1898 1195 1943 fuit
1229 1910 1324 1942 non
1357 1910 1604 1956 apparenS,
1639 1898 1899 1943 secundum
1936 1900 2052 1946 illud

154 1958 292 2063 gum}l
303 1958 420 2003 dixit
438 1960 480 2004 ei
501 1963 662 2004 Petrus
685 1962 829 2015 (Joan.
852 1960 937 2004 ult.
959 1963 1031 2015 17)
1051 1974 1063 2004 :
1094 1964 1159 2004 Tu
1178 1963 1331 2004 omnia
1352 1964 1487 2005 nosti.
1509 1963 1627 2016 Ergo
1660 1960 1709 2005 in
1745 1961 1924 2006 Christo
1956 1975 2048 2008 non

172 2019 242 2063 uit
295 2020 393 2064 des.

201 2088 495 2128 CONCLUSIO.
512 2110 558 2117 -
580 2089 682 2128 Cum
704 2088 893 2128 Christus
912 2090 935 2128 a
955 2090 1087 2141 primo
1102 2090 1277 2130 instanti
1291 2089 1569 2141 conceptionis
1591 2101 1676 2130 suae
1693 2090 1810 2141 plene
1828 2103 1897 2142 per
1914 2103 2048 2134 essen-

155 2142 255 2184 tiam
270 2145 401 2183 Deum
411 2143 574 2191 viderit,
595 2142 713 2182 nullo
733 2144 856 2183 modo
876 2144 976 2183 fides
995 2146 1040 2183 in
1065 2156 1112 2184 eo
1130 2156 1215 2185 esse
1233 2146 1380 2196 potuit.

209 2205 482 2262 Respondeo
520 2204 772 2249 dicendum
798 2205 942 2261 quod,
968 2205 1090 2249 sicut
1126 2205 1175 2250 in
1212 2207 1422 2251 secunda
1453 2211 1584 2263 parte
1620 2207 1798 2253 dictum
1831 2216 1904 2255 est
1924 2213 1969 2266 (2
2004 2215 2046 2271 2,

153 2273 320 2323 quaest.
359 2279 390 2321 1,
412 2270 499 2309 art.
523 2268 585 2321 4),
610 2266 845 2321 obJectum
869 2266 973 2310 fidei
998 2272 1071 2311 est
1104 2279 1180 2312 res
1215 2267 1372 2312 divina
1405 2280 1501 2312 non
1528 2268 1646 2313 visa.
1670 2270 1861 2316 Habitus
1889 2279 2048 2319 autem

152 2327 354 2379 virtutis,
374 2327 495 2371 sicut
513 2331 560 2371 et
581 2328 777 2384 quilibet
799 2328 935 2385 alius,
962 2329 1151 2385 respicit
1173 2330 1378 2387 speciem
1409 2330 1470 2375 ab
1503 2331 1702 2388 obJectO.
1742 2336 1794 2378 Et
1828 2335 1934 2380 ideo
1965 2349 2047 2382 ex-

152 2389 285 2435 cluso
316 2388 439 2446 quod
464 2402 539 2433 res
571 2389 728 2433 divina
750 2389 810 2434 sit
831 2402 923 2434 non
943 2391 1059 2447 visa,
1085 2392 1344 2437 excluditur
1365 2393 1482 2438 ratio
1503 2393 1627 2439 fidei.
1650 2396 1872 2443 Christus„
1890 2402 2046 2445 autem

151 2449 180 2494 a
202 2450 353 2507 primo
371 2450 563 2494 instanti
579 2463 678 2495 suae
698 2452 1016 2507 conceptionis
1039 2453 1177 2509 plene
1199 2453 1314 2499 vidit
1334 2457 1479 2500 Deum
1498 2467 1581 2513 per
1607 2458 1875 2512 essentiam,
1898 2465 1950 2505 ut
1970 2461 2044 2507 in·-

151 2510 222 2556 fra
240 2511 420 2556 dicetur
443 2515 537 2568 (qu.
559 2525 703 2569 xxx1v,
726 2517 811 2556 art.
830 2515 889 2567 4).
913 2513 1041 2558 Unde
1064 2514 1111 2557 in
1130 2526 1187 2559 eo
1201 2514 1319 2560 fides
1339 2528 1443 2561 esse
1466 2529 1561 2561 non
1582 2519 1730 2574 potuit
1749 2522 1822 2574 (2).

204 2573 272 2618 Ad
293 2576 493 2630 primum
515 2585 627 2630 ergo
646 2573 911 2631 dicendum,
934 2575 1057 2632 quod
1072 2576 1189 2622 fides
1206 2582 1278 2622 est
1297 2578 1495 2623 nobilior
1511 2579 1661 2625 virtus
1676 2581 1928 2629 virtutibus
1947 2598 2045 2631 mo·

150 2632 344 2688 ralihus,
369 2635 479 2691 quia
501 2639 572 2679 est
602 2635 725 2679 circa
745 2636 1018 2680 nobiliorem
1050 2638 1317 2695 materiam3
1345 2640 1430 2686 sed
1452 2645 1606 2685 tamen
1639 2642 1856 2699 importat
1876 2658 2044 2702 quem-

149 2694 258 2741 dam
276 2696 508 2740 defectum
528 2697 576 2740 in
599 2698 943 2753 comparatione
963 2699 1021 2743 ad
1040 2699 1167 2744 illam
1187 2701 1427 2746 materiam
1446 2716 1458 2745 x
1475 2702 1555 2759 qui
1575 2703 1784 2750 defectus
1802 2706 1850 2750 in
1868 2708 2044 2754 Christo

149 2769 245 2803 non
264 2757 369 2803 fuit.
393 2761 446 2802 Et
466 2758 570 2804 ideo
595 2772 690 2803 non
723 2760 874 2816 potuit
903 2761 951 2804 in
974 2773 1029 2805 eo
1051 2774 1155 2807 esse
1177 2763 1310 2820 fides,
1344 2763 1450 2809 licet
1478 2765 1653 2810 fuerint
1675 2766 1724 2811 in
1757 2779 1813 2813 eo
1848 2769 2044 2817 virtutes

147 2820 368 2875 moraleS,
394 2834 500 2878 quae
522 2822 570 2865 in
590 2822 664 2866 sui
685 2823 861 2866 ratione
882 2823 1151 2880 hujusmodi
1174 2825 1406 2871 defectum
1424 2839 1519 2871 non
1537 2826 1792 2884 important
1808 2843 1892 2888 per
1913 2845 2043 2879 com-

147 2883 435 2939 parationem
462 2884 521 2929 ad
544 2896 654 2928 suas
677 2885 909 2929 materias.
1934 2927 1939 2941 ,

203 2945 270 2989 Ad
306 2947 552 2989 secundum
590 2947 857 3004 dicendum,
894 2948 1018 3004 quod
1051 2949 1270 2994 meritum
1307 2950 1415 2995 fidei
1458 2951 1671 2997 consistit
1705 2953 1754 2998 in
1790 2955 1880 3001 hoc
1917 2959 2041 3016 quod

148 3006 288 3051 homo
301 3019 357 3051 ex
381 3007 645 3053 ohedientia
665 3009 741 3053 Dei
763 3011 956 3054 assentit
976 3010 1066 3055 illis
1085 3023 1190 3068 quae
1212 3023 1306 3056 non
1325 3011 1466 3070 videt,
1484 3014 1743 3060 secundum
1762 3017 1877 3063 illud
1894 3023 2039 3074 (Rom.

147 3081 179 3122 ι,
205 3068 250 3126 5)
271 3080 283 3112 ε
305 3071 382 3113 Ad
407 3071 700 3114 obediendum
722 3073 828 3125 fidei
844 3076 892 3115 in
915 3074 1115 3116 omnibus
1136 3075 1340 3130 qentibus
1359 3089 1446 3132 pro
1468 3080 1647 3121 nomine
1674 3081 1785 3134 ejus.
1811 3081 2041 3128 Obedien-

147 3130 260 3176 tiam
286 3136 442 3175 autem
467 3133 524 3177 ad
548 3136 691 3177 Deum
711 3134 981 3190 plenissime
1000 3135 1161 3180 habuit
1182 3136 1406 3194 Christus,
1432 3139 1690 3185 secundum
1724 3141 1839 3188 illud
1859 3145 2036 3203 (Philip.

147 3204 194 3249 11,
218 3194 258 3243 8)
277 3207 288 3236 ς
314 3196 481 3236 Factus
505 3199 570 3237 est
594 3196 801 3238 obediens
823 3210 961 3252 usque
982 3199 1047 3241 ad
1062 3202 1266 3243 mortem.
1292 3202 1343 3244 Et
1359 3199 1426 3244 sic
1447 3193 1560 3245 nihil
1583 3202 1643 3247 ad
1661 3203 1877 3249 meritum
1894 3209 2040 3263 perti-

146 3265 267 3299 nens
291 3253 470 3312 docuit,
495 3256 617 3312 quod
643 3257 743 3313 ipse
763 3259 1066 3304 excellentius
1087 3273 1180 3305 non
1199 3262 1414 3317 impleret
1434 3263 1509 3319 (3).

187 3337 232 3380 (l)
249 3338 372 3372 Confer
400 3338 489 3380 quod
523 3339 650 3374 dictum
685 3345 734 3374 est
763 3341 802 3374 de
828 3342 1049 3384 continentia,
1136 3349 1186 3378 est
1208 3345 1242 3378 iu
1264 3346 1437 3379 servandis
1462 3346 1645 3387 promissis,
1666 3352 1703 3381 ut
1727 3349 1767 3382 ad
1789 3351 1883 3384 Rom.
1905 3362 1957 3393 ιιι,
1982 3354 2035 3390 Ps.

146 3388 261 3426 quaest.
280 3394 417 3429 Lxxxw,
434 3393 499 3421 art.
518 3389 538 3422 7
559 3387 593 3422 in
611 3400 758 3429 respons.
776 3389 817 3422 ad
833 3391 852 3423 5
868 3396 902 3423 ct
916 3391 949 3425 5.
1135 3401 1242 3433 xxxu,
1257 3395 1313 3427 Os.
1331 3403 1356 3428 n
1374 3400 1406 3427 ot
1422 3394 1514 3428 alibi.

190 3431 232 3474 (2)
243 3433 339 3475 Quod
353 3436 432 3476 ergo
446 3434 526 3469 fides
543 3435 670 3470 dicitur
685 3437 905 3471 cinctorium
918 3449 1048 3473 renum
1177 3443 1218 3483 (5)
1239 3442 1389 3477 Habebat
1409 3443 1500 3476 enim
1529 3443 1562 3476 id
1591 3443 1679 3478 unde
1706 3444 1865 3480 meritum
1891 3447 1968 3483 fidei
1991 3450 2034 3484 siz

147 3479 225 3522 ejus
241 3492 278 3515 ex
295 3481 338 3516 Is.
369 3491 414 3523 ¹1,
440 3482 523 3517 fides
545 3486 685 3525 ponitur
711 3497 772 3524 pro
798 3486 960 3520 fidelitate
977 3500 1049 3528 quae
1135 3490 1168 3523 in
1186 3490 1297 3528 nobis,
1318 3490 1350 3523 id
1374 3498 1434 3524 est.
1455 3491 1657 3524 obedit-nna.
