2170 3808
183 212 270 257 240
722 211 923 264 QUAEST.
954 212 1131 266 XXVIII,
1163 212 1282 256 ART.
1312 213 1367 256 111
1393 214 1459 258 ET
1488 214 1555 258 IV.

182 294 401 351 designat
427 297 606 339 certum
629 297 835 349 tempus,
861 292 1123 337 secundum
1143 292 1260 338 illud
1279 294 1387 347 (Gal.
1412 309 1473 351 111,
1496 298 1594 347 19):
1619 300 1812 354 Propter
1831 302 2084 356 transqres-

180 358 328 401 siones
370 357 446 399 lex
467 358 617 412 posita
643 357 729 412 est,
757 355 900 398 donec
927 359 1102 399 veniret
1129 368 1279 399 semen
1311 359 1384 399 cui
1403 361 1680 414 promiserat
1705 361 1779 415 (l).
1801 360 2086 420 Quandoque

180 417 292 463 vero
307 417 463 473 signat
492 416 728 461 infinitum
750 420 959 474 tempus,
976 417 1239 463 secundum
1258 416 1374 463 illud
1392 419 1527 473 (Psal.
1552 433 1679 473 cxxn,
1701 423 1774 475 2):
1798 421 1928 465 Oculi
1942 410 2085 470 nosti-i

181 479 249 522 ad
270 481 513 530 Dominum
535 481 676 520 Deum
693 479 915 534 nostrum,
927 479 1067 521 donec
1077 480 1354 522 misereatur
1367 483 1512 524 nostri
1527 496 1543 523 .-
1562 494 1620 526 εἴ(
1637 495 1732 538 quo
1746 494 1841 526 non
1864 487 1936 528 est
1956 483 2084 533 intel·

181 538 423 597 ligendum
447 538 572 597 quod
593 543 700 596 post
715 538 1007 596 impetratam
1027 540 1395 585 misericordIam
1414 542 1537 588 oculi
1560 548 1833 588 avertantur
1851 543 1879 587 a
1898 546 2006 590 Deo.
2036 548 2086 594 Et

187 601 452 647 secundum
474 601 600 646 hunc
618 601 811 647 modum
833 601 1059 658 loquendi
1077 602 1401 660 significantur
1427 615 1484 648 ea
1504 604 1563 649 de
1583 606 1756 662 quibus
1775 610 1934 662 posset
1951 606 2084 652 dubi·

182 662 287 717 tari,
305 663 346 708 si
370 663 544 720 scripta
558 675 655 707 non
670 664 870 708 fuissent
886 677 900 719 ς
920 668 1091 708 caetera
1105 664 1216 709 vero
1235 669 1410 709 nostrae
1427 664 1743 724 intelligentiae
1756 667 2085 725 derelinquun-
2154 709 2160 713 .

182 727 272 768 tur.
296 726 349 768 Et
368 724 627 770 secundum
650 724 739 769 hoc
763 724 1056 781 Evangelista
1077 726 1188 770 dicit
1216 730 1414 771 matrem
1435 728 1512 772 Dei
1541 741 1634 773 non
1668 741 1772 774 esse
1805 729 2039 786 cognitam
2057 729 2085 776 ὲ
2157 783 2160 786 ⁴

179 785 287 904 {igsot
297 799 452 905 11ξὲῐῖῗὲ
454 787 530 893 1ald
552 790 754 844 partum,
779 790 833 831 ut
862 786 1012 831 multo
1034 788 1187 845 magis
1208 787 1525 845 intelligamus
1556 791 1793 847 cognitam
1821 802 1918 834 non
1939 791 2086 838 fuisse
2142 847 2159 872 Γ

235 909 302 956 Ad
325 915 538 968 quartum
552 909 822 967 dicendum,
837 909 965 968 quod
980 923 1085 956 mos
1107 911 1373 957 divinarum
1393 913 1733 970 scripturarum
1753 918 1897 959 estut
1917 913 2085 971 primo·

180 973 391 1029 genitum
413 976 582 1018 vocent
594 984 687 1017 non
709 973 862 1017 solum
883 985 991 1018 eum
1011 985 1153 1031 quem
1177 975 1345 1019 fratres
1367 980 1649 1032 sequuntur,
1667 976 1746 1021 sed
1772 988 1881 1021 eum
1895 976 1977 1034 qui
1992 977 2085 1034 pri-
2160 980 2170 988 “

178 1045 289 1080 mus
308 1040 451 1080 natus
486 1035 546 1079 sit
575 1047 589 1078 ε
620 1034 826 1092 alioquin
853 1036 892 1080 si
915 1048 1011 1079 non
1033 1040 1106 1081 est
1134 1035 1497 1093 primogenitus,
1534 1037 1625 1082 nisi
1661 1049 1801 1094 quem
1824 1042 2085 1095 sequuntur
2157 1059 2163 1083 z

179 1096 362 1154 fratres,
402 1097 581 1141 tamdiu
609 1097 871 1142 secundum
889 1097 1041 1155 legem
1062 1098 1372 1156 primogenita
1401 1111 1495 1143 non
1526 1099 1773 1157 debentur,
1795 1100 2020 1157 quamdiu
2040 1105 2087 1147 et
2160 1121 2162 1128 ·

179 1158 271 1203 alia
291 1159 464 1205 suerint
482 1162 724 1217 procreata
748 1158 840 1214 (2st
862 1160 990 1218 quod
1017 1164 1145 1217 patet
1170 1173 1275 1206 esse
1292 1161 1481 1219 falsum,
1507 1165 1614 1206 cum
1637 1162 1761 1206 intra
1780 1174 1930 1207 unum
1952 1174 2085 1208 men-

179 1232 280 1266 sem
302 1223 359 1278 (3)
384 1222 695 1279 primogenita
713 1222 879 1267 redimi
900 1223 1240 1269 mandarentur
1258 1225 1517 1269 secundum
1532 1225 1701 1281 legem.
2162 1251 2167 1261 ·

234 1283 302 1328 Ad
330 1287 536 1341 quintum
558 1284 825 1342 dicendum,
855 1285 982 1342 quod
1014 1287 1234 1342 quidam,
1276 1285 1398 1331 sicut
1429 1287 1742 1343 Hieronymus
1777 1286 1887 1332 dicit
1927 1290 2087 1344 (super

180 1345 336 1390 Matth.
362 1358 466 1403 cap.
487 1349 558 1402 12,
588 1358 694 1404 sup.
716 1345 859 1391 illud:
879 1351 995 1391 Ecce
1016 1351 1167 1391 mater
1180 1349 1310 1404 eius),
1335 1366 1355 1386 «
1373 1349 1540 1393 fratres
1555 1348 1735 1393 Domini
1750 1348 1807 1394 de
1825 1348 1916 1393 alia
1935 1361 2084 1394 uxore
2151 1351 2166 1383 '-

178 1408 351 1464 Joseph
373 1407 495 1452 filios
515 1408 832 1465 suspicantur.
855 1411 946 1453 Nos
971 1414 1131 1454 autem
1147 1413 1315 1455 fratres
1335 1411 1531 1469 Domini,
1552 1424 1647 1455 non
1663 1411 1784 1455 filios
1798 1410 1983 1467 loseph,
2001 1411 2085 1456 sed

183 1469 491 1515 consobrinos
507 1469 773 1526 SalvatoriS‚
785 1470 937 1516 Mariae
949 1476 1210 1517 materterae
1223 1472 1402 1517 Domini
1422 1473 1593 1518 liberos
1606 1473 1954 1530 intelligimus.»
1969 1474 2086 1526 Qua·

180 1536 287 1577 tuor
301 1533 429 1577 enim
449 1532 602 1577 modis
618 1532 666 1576 ln
691 1532 940 1590 scripturis
967 1533 1136 1580 fratres
1157 1535 1395 1592 dicuntur,
1422 1534 1600 1581 scilicet
1618 1538 1800 1591 natura,
1832 1540 1990 1592 gente,
2008 1546 2086 1581 co·
2158 1534 2170 1596 ᾗ

179 1594 420 1651 gnatione,
441 1599 488 1639 et
510 1595 699 1640 affecta.
716 1595 848 1640 Unde
866 1596 1035 1641 fratres
1052 1597 1233 1642 Domini
1253 1597 1364 1643 dicti
1387 1602 1515 1653 sunt,
1539 1611 1635 1643 non
1659 1598 1918 1643 secundum
1949 1601 2084 1643 natu-

176 1668 296 1713 ram,
316 1657 452 1714 quasi
473 1656 533 1702 ab
558 1657 719 1702 eadem
747 1661 896 1702 matre
917 1658 1031 1715 nati,
1052 1659 1138 1704 sed
1167 1660 1427 1705 secundum
1450 1660 1793 1718 cognationem,
1816 1659 1950 1717 quasi
1972 1671 2084 1705 con·
2153 1648 2165 1698 j

174 1719 425 1777 sanguinei
445 1719 549 1777 eJus
581 1719 853 1765 existentes
876 1721 1048 1778 Joseph
1078 1728 1250 1776 autem,
1276 1723 1399 1768 sicut
1424 1723 1734 1782 Hieronymus
1767 1722 1879 1768 dicit
1908 1724 2085 1777 (contra
2158 1719 2161 1723 ’

174 1780 453 1842 Helvidium,
471 1795 575 1840 cap.
600 1785 643 1841 9,
663 1782 711 1827 in
731 1783 832 1837 fin.)
851 1798 865 1826 ι
890 1801 910 1822 «
927 1784 1079 1841 magis
1098 1785 1363 1830 credendus
1381 1790 1454 1831 est
1475 1786 1608 1844 virgo
1625 1784 1960 1844 permansisse,
1975 1785 2086 1842 quia

175 1842 316 1951 alig-Izi
332 1855 527 1889 uxorem
548 1843 770 1890 habuisse
791 1857 889 1889 non
908 1845 1145 1906 scribitur,
1166 1851 1213 1891 et
1230 1847 1476 1893 fornicatio
1492 1848 1540 1893 ln
1567 1852 1782 1894 sanctum
1807 1846 1962 1892 virum
1988 1859 2083 1891 non

176 1918 231 1952 ca
266 1920 280 1950 l
305 1939 318 1950 .
336 1925 357 1946 ι»

228 1968 297 2015 Ad
313 1971 494 2012 sextum
515 1968 792 2025 dicendum,
816 1969 944 2027 quod
971 1971 1125 2028 Maria,
1148 1983 1257 2029 quae
1278 1971 1447 2017 dicitur
1466 1972 1624 2017 Jacobi
1654 1978 1701 2018 et
1722 1972 1894 2029 Joseph
1915 1975 2084 2025 mater,
2160 1983 2170 2021 Α;

175 2043 273 2076 non
295 2028 569 2088 intelligitur
584 2044 688 2077 esse
710 2036 860 2077 mater
880 2032 1077 2089 Domini,
1099 2045 1205 2092 quae
1223 2034 1271 2078 in
1287 2034 1540 2091 Evangelio
1558 2047 1654 2079 non
1680 2032 1925 2086 consuevit
1939 2033 2084 2078 nomi-

176 2093 296 2150 nari,
322 2093 414 2138 nisi
435 2106 544 2138 cum
559 2093 971 2151 cognominatione
987 2095 1131 2152 hujus
1150 2096 1407 2153 dignitatis,
1432 2096 1559 2154 quod
1585 2096 1646 2141 sit
1666 2101 1817 2140 mater
1832 2097 1958 2139 JeSU.
1977 2096 2089 2139 Haec—

177 2161 335 2201 autem
368 2156 505 2201 Maria
526 2157 806 2214 intelligitur
822 2170 926 2202 esse
946 2170 1066 2203 uxor
1087 2158 1261 2216 Alphaei
1279 2161 1356 2215 (4),
1371 2159 1510 2216 cujus
1525 2157 1651 2203 fflius
1671 2162 1742 2203 est
1762 2157 1963 2201 Jacobus
1995 2156 2085 2200 mi·
2142 2175 2144 2177 >

181 2230 284 2275 nor,
301 2218 382 2275 qui
402 2218 556 2263 dictus
573 2222 647 2263 est
666 2218 808 2263 frater
828 2219 1026 2263 Domini.
2161 2239 2165 2246 ¹

341 2289 686 2331 ARTICULUS
707 2289 790 2331 IV.
817 2311 873 2320 —-
892 2300 1033 2331 ursum
1056 2300 1198 2332 MATER
1216 2302 1285 2332 nm
1307 2301 1607 2333 vmcmtn'rau
1632 2301 1813 2333 vovmm·
1835 2289 1912 2344 (5).

458 2362 509 2398 De
520 2362 574 2398 his
587 2362 691 2398 etiam
709 2362 805 2398 Sent.
820 2371 870 2406 lv,
888 2363 972 2399 dist.
989 2364 1044 2407 50,
1066 2368 1190 2407 quaesfi
1206 2373 1246 2406 Π,
1264 2368 1331 2399 art.
1349 2365 1383 2406 l,
1403 2369 1524 2407 quaest.
1541 2373 1555 2400 1
1566 2392 1576 2407 ,
1591 2369 1626 2400 et
1639 2364 1763 2400 Matth.
1782 2372 1808 2399 1.

228 2424 297 2471 Ad
317 2427 539 2483 quartum
557 2423 625 2468 sic
647 2423 932 2480 proceditur.
954 2428 999 2470 1.
1022 2425 1212 2470 Videtur
1241 2424 1367 2483 quod
1388 2429 1537 2470 mater
1554 2426 1634 2471 Dei
1652 2424 1968 2482 virginitatem
1985 2437 2085 2470 non

175 2486 368 2532 voverit.
386 2485 560 2531 Dicitur
582 2485 708 2531 enim
733 2487 1019 2544 (Deuterwu,
1041 2490 1147 2542 14):
1171 2490 1275 2531 Non
1297 2490 1386 2531 erit
1416 2489 1544 2544 apud
1577 2491 1620 2531 te
1643 2488 1819 2531 sterilis
1847 2489 2091 2543 utriusque*

171 2552 328 2594 sexa-5.
368 2548 592 2593 Sterilitas
627 2552 786 2593 autem
816 2549 1031 2606 sequitur
1051 2549 1385 2608 virginitatem.
1418 2553 1538 2607 Ergo
1572 2550 1773 2595 servatio
1800 2549 2090 2606 virginitatis

171 2615 276 2656 erat
293 2615 456 2656 contra
469 2614 758 2668 praeceptum
777 2611 950 2656 veteris
968 2611 1102 2668 legiS.
1124 2611 1218 2658 Sed
1235 2613 1390 2658 adhuc
1407 2612 1486 2658 lex
1506 2616 1642 2658 vetus
1660 2612 1862 2657 habehat
1890 2616 2079 2667 statum,

172 2677 426 2730 antequam
444 2671 657 2718 Christus
683 2677 972 2719 nasceretur.
999 2676 1118 2731 Ergo
1144 2687 1240 2719 non
1259 2673 1410 2732 potuit
1428 2674 1552 2719 licite
1570 2676 1620 2719 B.
1641 2675 1778 2731 Virgo
1800 2685 1970 2719 vovere
1988 2674 2081 2717 vir-
2150 2690 2152 2692 ·

171 2736 416 2794 ginitatem
445 2748 532 2794 pro
543 2740 764 2793 'tempore
782 2735 878 2783 illo,

227 2801 269 2845 2.
294 2802 536 2855 Praeterea,
552 2798 800 2856 Apostolus
814 2800 864 2852 (1.
890 2800 991 2843 Cor.
1012 2812 1090 2854 vn,
1106 2801 1177 2854 25)
1200 2799 1311 2845 dicit
1330 2814 1342 2844 :
1361 2804 1428 2843 De
1438 2801 1690 2857 virqinibns
1707 2803 1864 2843 autem
1877 2811 2086 2856 praecep·

172 2866 271 2907 tum
289 2864 474 2906 Domini
491 2874 582 2905 non
601 2861 763 2917 habeo,
790 2860 1029 2904 consilium
1052 2865 1205 2906 autem
1223 2863 1298 2905 do.
1320 2862 1408 2906 Sed
1426 2861 1646 2918 perfectio
1662 2860 1845 2906 consilii
1862 2860 1889 2904 a
1902 2861 2085 2905 Christo-

212 2986 255 3027 (Α)
277 2986 335 3022 Sic
367 2986 453 3022 etl.
494 2985 575 3021 Cor.
605 2993 663 3029 xv,
691 2985 761 3020 25:
792 2984 947 3029 Oportet
967 2986 1081 3021 illum

172 3044 331 3078 regnare
353 3034 465 3069 donec
489 3036 606 3077 ponat
633 3034 807 3068 inimicos
839 3033 904 3068 sub
927 3034 1080 3077 pedibus

171 3083 250 3127 ejus
265 3094 276 3116 :
300 3093 343 3116 an
380 3086 419 3117 ut
443 3085 558 3123 postea
582 3093 724 3122 regnare
751 3080 882 3116 cesset?
913 3081 1082 3116 Similiter

170 3130 273 3166 etiam
298 3129 329 3164 Ι.
355 3130 446 3164 Tim.
476 3139 525 3171 lv,
547 3130 589 3165 v15
613 3143 622 3164 :
646 3130 769 3165 Donec
788 3131 906 3170 venio,
937 3130 1082 3164 attende

173 3179 325 3214 lectioni
343 3190 354 3212 :
368 3189 409 3212 an
427 3182 467 3212 ut
482 3182 597 3219 postea
615 3177 797 3213 lectionem
820 3178 1000 3219 negligat?

213 3227 261 3269 (2)
290 3227 342 3260 Ita
363 3226 442 3260 Mss.
476 3229 510 3259 et
539 3230 668 3260 veteres
697 3226 778 3262 edit.
805 3227 940 3268 passim.
970 3226 1043 3262 Alc.
1070 3239 1080 3262 z

176 3275 206 3309 T
205 3275 335 3310 amdiu
361 3273 615 3309 sacerdotibus
633 3275 837 3309 secundum
862 3276 974 3320 leqem
999 3276 1081 3318 pri-

173 3323 361 3368 moqenita
391 3332 468 3356 non
501 3322 679 3357 debentur
704 3323 802 3364 (item
834 3323 1077 3364 deberentur),

177 3371 362 3415 quamdiu
385 3370 464 3404 alia
489 3379 566 3404 non
588 3370 730 3411 suerint
752 3375 977 3415 procreata;
1007 3384 1080 3413 quae

173 3419 274 3454 lectio
293 3421 311 3454 a
327 3418 447 3452 Garcia
472 3418 622 3460 inducta,
647 3419 666 3452 ὲ
688 3419 937 3461 posterioribus
955 3421 1079 3462 passim

171 3473 223 3503 cst
243 3468 412 3510 adoptata.

1208 2987 1251 3029 (5)
1267 2987 1317 3020 Ita
1333 2987 1412 3022 Mss.
1429 2991 1464 3020 et
1483 2986 1567 3020 edit.
1584 2986 1826 3020 communiter.
1844 2984 2078 3027 Cod.'1¹armc.,

1166 3035 1270 3070 intra
1291 3045 1432 3069 annum
1461 3037 1495 3069 et
1516 3044 1685 3070 mensem.
1712 3036 1859 3076 Camer.,
1884 3033 1992 3075 infra
2011 3043 2078 3067 an·

1165 3092 1258 3117 num
1272 3081 1358 3123 (lege
1382 3081 1513 3122 unum)
1529 3091 1696 3116 mensem.
1726 3081 1794 3122 Al„
1810 3080 1917 3125 infra
1937 3089 2094 3125 annum·

1167 3134 1201 3167 et
1215 3141 1385 3166 mensem.
1411 3129 1554 3170 Nicolai,
1574 3133 1658 3174 post
1681 3138 1851 3163 mensem.
1868 3127 1956 3163 Vide
1980 3139 2076 3163 num.

1167 3179 1337 3271 48(’ἀῖεέιιι
1359 3227 1459 3263 aliter
1485 3226 1650 3268 Cleophas
1674 3225 1800 3260 dicitur
1816 3230 1851 3260 et
1871 3228 1945 3260 erat
1969 3225 2076 3260 frater

1163 3276 1308 3366 1031&
1327 3327 1450 3365 negant
1466 3323 1635 3366 Calvinus,
1649 3323 1734 3357 Beza
1749 3327 1782 3356 et
1800 3322 1860 3356 alii
1875 3326 2051 3356 novatores
2062 3346 2073 3362 ,

1164 3374 1221 3408 sed
1252 3374 1312 3408 SS.
1346 3374 1464 3407 Patres
1497 3372 1640 3411 Gregor.
1669 3371 1848 3411 Nyssenus,
1874 3367 2071 3410 Angustia„

1168 3419 1559 3467 Anselmus,Bernardus
1571 3418 1677 3460 ergani
1691 3418 2008 3460 sententiamquam
2018 3416 2079 3450 hic·

1165 3469 1300 3511 exponit
1318 3470 1356 3503 B.
1369 3469 1515 3504 Thomas
1530 3471 1757 3510 propugnant.
