2170 3808
707 267 906 319 QUAEST.
937 269 1099 320 XXVII,
1130 270 1248 313 ΑΒΤ.
1282 271 1349 316 lv.
1891 272 1974 314 229

174 348 514 391 ARTICULUS
549 349 630 391 IV.
662 372 718 379 —
753 362 892 392 uranii
930 363 1007 392 PER
1045 363 1271 394 flususnom
1311 363 1702 395 smum-*mulonem
1741 363 1889 394 runmr
1956 376 1958 378 -

585 422 825 455 consanum
854 424 905 454 ur
933 425 1124 463 numum
1154 425 1363 456 PECGARET
1394 417 1470 466 (1).

90 476 139 512 ne
165 477 218 513 his
242 476 345 513 etiam
369 478 463 512 Sent.
483 487 536 519 ΠΙ,
557 478 635 512 dist.
655 479 689 520 5,
707 484 824 521 quaest.
853 489 879 521 1,
895 482 959 516 art.
976 481 1007 522 i,
1033 484 1067 514 et
1088 480 1164 515 dist.
1184 481 1237 522 45,
1263 486 1378 523 quaest.
1406 490 1431 522 ¹,
1446 488 1512 517 art.
1531 483 1564 524 2,
1584 488 1700 525 quoest.
1729 491 1847 523 lcorp.
1876 486 1911 516 et
1926 489 1973 523 Π,

130 522 255 614 giga}
275 529 434 615 gaeztpt.
443 529 516 609 ἐπὶ.
532 524 565 567 i,
581 531 699 567 quaest.
717 535 746 561 11
767 538 861 568 corp.
888 531 922 562 et
947 527 1068 570 Opuso.
1090 535 1144 567 111.
1176 537 1250 569 cap.
1277 527 1354 568 224,
1370 533 1403 562 et
1431 530 1554 570 Opuse.
1579 537 1642 569 vn,
1663 540 1736 570 cap.
1763 529 1785 563 6
1812 527 1923 570 princ.
1939 532 1974 564 et

145 628 213 673 Ad
243 633 458 686 quartum
494 629 562 673 sic
595 630 876 686 proceditur.
911 634 956 675 1.
993 630 1181 675 Videtur
1202 630 1329 687 quod
1355 643 1439 686 per
1477 631 1890 677 sanctificationem
1924 634 1971 677 in

93 692 222 733 utero
243 701 337 734 non
365 689 502 734 fuerit
522 692 571 735 B.
601 691 737 747 Virgo
767 697 1048 748 praeservata
1074 691 1134 736 ab
1155 691 1283 735 omni
1313 697 1504 748 peccato
1525 692 1710 736 actuali.
1748 693 1860 746 Quia
1874 725 1888 750 ‚
1923 700 1974 739 ut

90 750 266 797 dictum
285 757 358 797 est
386 754 487 807 (art.
514 765 653 811 praec.
670 757 702 807 )‚
726 759 832 810 post
853 755 1051 811 primam
1075 754 1487 800 sanctificationem
1518 754 1667 798 fomes
1695 755 1873 811 peccati
1895 769 1972 801 re—

89 813 261 857 mansit
281 813 328 858 in
347 813 545 870 Virgine.
567 817 714 860 Motus
732 820 888 860 autem
908 815 1080 860 fomitis
1098 850 1111 871 ,
1133 816 1314 861 etiamsi
1337 816 1565 861 rationem
1587 817 1868 872 praeveniat,
1900 824 1973 863 est

88 879 328 928 peccatum
338 876 533 934 veniale,
555 877 665 922 licet
681 878 984 933 levissimum„
1000 882 1054 922 ut
1076 879 1362 934 Augustinus
1383 878 1494 923 dicit
1511 878 1575 933 (in
1598 879 1680 923 lib.
1704 878 1762 923 de
1779 878 1967 934 Trinit.).

88 936 208 991 Ergo
236 936 284 980 in
306 939 353 981 B.
378 937 561 993 Virgine
579 938 665 983 fuit
687 939 874 996 aliquod
891 944 1135 997 peccatum
1152 940 1349 985 veniale.

144 999 187 1041 2.
214 999 447 1055 Praeterea,
474 1012 614 1057 super
634 1001 749 1045 illud
770 1003 893 1056 (Luc.
914 1004 988 1056 11):
1009 1004 1151 1044 Tuam
1170 1004 1312 1058 ipsius
1327 1005 1532 1045 animam
1550 1001 1851 1058 pertransibit
1871 1003 1971 1058 yla-

91 1059 210 1114 dius,
234 1057 344 1105 dicit
363 1063 650 1117 Augustinus
681 1062 816 1116 (alius
839 1068 999 1107 auctor
1030 1063 1078 1107 in
1107 1063 1185 1107 lib.
1209 1066 1378 1115 Quaest.
1403 1063 1573 1107 veteris
1601 1067 1647 1107 et
1676 1062 1783 1107 novi
1817 1065 1970 1109 Testa-

88 1121 249 1177 menti,
263 1128 426 1178 quaest.
444 1126 515 1180 73,
530 1124 640 1167 circ.
656 1124 815 1180 med.),
829 1125 954 1180 quod
972 1142 992 1162 α
1005 1126 1054 1168 Β.
1069 1125 1204 1180 Virgo
1223 1125 1272 1168 in
1290 1129 1439 1169 morte
1455 1124 1634 1168 Domini
1651 1129 1841 1180 stupore
1856 1138 1971 1182 quo-

89 1181 196 1226 dam
217 1184 457 1229 dubitavit.
483 1204 504 1223 »2
530 1186 617 1231 Sed
649 1186 860 1231 dubitare
882 1187 940 1231 de
970 1186 1060 1231 fide
1082 1191 1329 1242 peccatum
1352 1192 1439 1231 est.
1476 1190 1595 1242 Ergo
1628 1190 1676 1231 B.
1712 1187 1849 1244 Virgo
1876 1201 1967 1232 non

88 1243 175 1288 fuit
195 1253 475 1302 praeservata
495 1248 717 1292 immunis
736 1247 796 1292 ab
817 1249 944 1293 omni
968 1253 1173 1305 peccato.

141 1309 183 1351 3.
213 1310 436 1354 Praeterea
455 1310 810 1367 Chrysostomus
834 1311 996 1368 (Super
1015 1311 1170 1355 Matth.
1192 1324 1266 1363 κη,
1290 1311 1415 1355 hom.
1435 1324 1531 1366 nv,
1552 1323 1717 1366 parum
1738 1311 1766 1354 a
1783 1311 1968 1370 princ.)‚

89 1379 326 1425 exponens
350 1371 500 1415 illud':
526 1376 640 1415 Ecce
660 1375 808 1415 mater
837 1376 918 1415 tua
939 1376 984 1416 et
1006 1375 1180 1426 fratres
1204 1375 1270 1416 tui
1302 1374 1415 1426 soris
1440 1374 1595 1427 stant,
1622 1376 1871 1427 quaerentes
1897 1377 1966 1430 te,

88 1428 228 1474 dicit:
257 1449 278 1470 «ι
299 1433 587 1477 Manifestum
619 1440 692 1479 est
713 1434 838 1490 quod
869 1434 1022 1478 solum
1052 1447 1111 1479 ex
1143 1447 1265 1478 vana
1301 1434 1448 1490 gloria
1471 1435 1558 1478 hoc
1580 1434 1829 1479 faciebant.
1865 1453 1885 1474 »
1917 1438 1971 1480 Et

88 1494 233 1545 (Joan.
257 1507 313 1548 ιι,
338 1506 479 1550 super
499 1494 643 1540 illud:
667 1498 830 1538 Vinum
853 1509 943 1539 non
963 1495 1148 1550 habent)
1161 1495 1273 1540 dicit
1295 1495 1419 1540 idem
1442 1496 1803 1552 Chrysostomus
1826 1497 1967 1551 (hom.

87 1568 140 1598 xx
163 1557 209 1598 in
234 1557 364 1600 Joan.
389 1556 498 1601 circ.
519 1557 679 1613 med),
701 1557 827 1614 quod
845 1575 864 1596 «
883 1558 1069 1602 volebat
1083 1558 1183 1614 jam
1200 1570 1305 1602 eam
1322 1558 1566 1601 hominum
1588 1558 1783 1614 gratiam
1808 1559 1967 1603 conci-

88 1616 200 1662 liare
227 1622 272 1663 et
292 1618 494 1675 seipsam
526 1621 584 1674 (2)
617 1619 854 1663 clariorem
877 1621 1029 1665 facere
1051 1633 1134 1677 per
1155 1620 1342 1676 Filium3
1370 1625 1416 1664 et
1437 1620 1647 1664 fortassis
1668 1621 1779 1677 quid
1800 1621 1970 1665 huma-

92 1690 201 1722 num
241 1680 497 1736 patiebatur
530 1681 923 1737 quemadmodum
958 1684 1014 1726 et‘
1036 1682 1202 1725 fratres
1226 1682 1330 1738 eJus
1365 1681 1575 1726 dicentes
1596 1697 1606 1724 ε
1634 1683 1871 1726 Manifesta
1908 1687 1969 1726 te-

90 1739 451 1796 ipsum·mund0.
468 1759 488 1780 »
512 1743 568 1785 Et
585 1746 691 1797 post
709 1753 859 1797 pauca
882 1742 1040 1787 subdit
1060 1758 1072 1787 t
1102 1760 1122 1780 «
1140 1743 1355 1788 Nondum
1374 1743 1501 1787 enim
1515 1776 1528 1799 ,
1550 1755 1693 1799 quam
1710 1744 1967 1800 oportebat,

90 1800 149 1846 de
166 1813 221 1846 eo
241 1801 505 1858 opinionem
526 1803 727 1847 habebat
747 1817 760 1848 ε
786 1822 807 1842 »
833 1804 958 1861 quod
984 1809 1135 1849 totum
1158 1809 1341 1849 constat
1370 1817 1473 1849 esse
1496 1811 1757 1861 peccatum.
1780 1808 1899 1861 Ergo
1921 1808 1966 1850 B.

89 1863 224 1920 Virgo
248 1875 343 1907 non
361 1864 447 1908 fuit
468 1869 744 1920 praeservata
764 1865 986 1910 immunis
1006 1867 1064 1911 ab
1089 1867 1216 1911 omni
1235 1871 1442 1923 peccato,

147 1925 232 1969 Sed
265 1928 424 1968 contra
445 1930 516 1970 est
537 1927 660 1982 quod
680 1929 966 1984 Augustinus
996 1929 1107 1974 dicit
1125 1929 1189 1982 (in
1211 1929 1293 1973 lib.
1315 1931 1377 1972 De
1400 1932 1568 1971 natura
1596 1932 1641 1971 et
1667 1928 1815 1982 gratia
1829 1960 1841 1982 ,
1866 1941 1966 1984 cap.

89 1988 143 2031 36
156 2020 169 2042 ,
194 1989 302 2031 ante
322 1987 464 2041 med.)
487 2000 499 2028 z
526 2005 547 2025 «
571 1990 632 2031 De
656 1992 816 2032 sancta
837 1989 1022 2046 Virgine
1043 1990 1180 2033 Maria
1202 1993 1391 2046 propter
1410 1990 1635 2032 honorem
1654 1988 1846 2044 Christi,
1868 1990 1969 2033 nul-

87 2048 196 2104 lam,
211 2049 416 2105 prorsuS‚
436 2048 542 2093 cnm
553 2049 612 2093 de
632 2050 832 2105 peccatis
854 2051 1022 2107 agitur,
1040 2051 1211 2095 habere
1230 2051 1336 2095 volo
1358 2050 1667 2106 quaestionem
1687 2065 1696 2091 :
1719 2050 1829 2094 inde
1844 2051 1968 2095 enim

88 2110 262 2155 scimus
286 2109 408 2166 quod
429 2109 471 2154 ei
493 2110 599 2165 plus
618 2112 779 2165 gratiae
797 2112 1015 2156 collatum
1038 2112 1178 2157 fuerit
1196 2112 1254 2157 ad
1284 2112 1573 2156 vincendum
1595 2123 1654 2155 ex
1684 2112 1807 2155 omni
1844 2117 1970 2167 parte

87 2176 342 2228 peccatum2
355 2170 480 2226 quod
496 2172 739 2228 concipere
760 2185 816 2216 ac
833 2186 994 2230 parere
1011 2174 1182 2219 meruit
1201 2186 1309 2218 eum
1323 2186 1463 2230 quem
1483 2177 1666 2217 constat
1687 2173 1869 2217 nullum
1888 2175 1967 2218 ha-

87 2234 247 2279 buisse
268 2239 527 2290 peccatum.
553 2252 574 2271 n

137 2301 426 2340 CONCLUSiO,
441 2322 488 2329 —
502 2300 607 2340 Cum
622 2299 774 2340 eximio
787 2302 829 2340 et
846 2301 1046 2351 singulari
1064 2300 1244 2352 quodam
1264 2301 1386 2341 modo
1412 2301 1483 2340 Dei
1509 2301 1642 2340 Filius
1666 2301 1711 2339 in
1737 2301 1857 2340 Beata
1881 2302 1952 2341 Vir

88 2355 183 2405 gine
197 2354 453 2402 habitaverit,
480 2354 722 2406 simpliciter
735 2356 949 2395 fatendum
963 2359 1039 2405 est,
1055 2366 1148 2395 eam
1165 2366 1239 2395 nec
1262 2354 1448 2402 mortale,
1466 2366 1540 2393 nec
1573 2354 1734 2395 veniale
1758 2366 1874 2406 pecca
1881 2360 1965 2396 tum

88 2421 272 2460 unquam
287 2410 534 2450 commisisse
551 2424 562 2450 :
588 2409 665 2450 hoc
676 2411 848 2450 enimin
868 2410 947 2450 filii
962 2411 1238 2461 ignominiam
1251 2410 1561 2461 quodammodo
1580 2414 1770 2460 vergeret.

143 2472 411 2529 Respondeo
432 2471 681 2517 dicendum
699 2473 825 2530 quod
849 2474 954 2518 illos
982 2486 1099 2530 quos
1120 2476 1242 2518 Deus
1261 2474 1321 2518 ad
1343 2473 1517 2529 aliquid
1541 2473 1684 2530 eligit,
1706 2474 1769 2518 ita
1787 2487 1969 2531 praepa-

90 2539 160 2579 rat
179 2540 227 2580 et
247 2534 464 2590 disponit,
487 2538 540 2578 ut
556 2535 618 2579 ad
630 2534 678 2580 id
695 2535 753 2580 ad
772 2536 896 2592 quod
921 2535 1171 2592 eliguntur,
1191 2535 1491 2580 inveniantur
1510 2535 1682 2592 idonei,
1708 2538 1967 2582 secundum

88 2595 199 2641 illud
220 2597 286 2651 (Ιῖ.
308 2596 507 2640 Corinth.
526 2610 587 2651 ιιι,
612 2599 655 2652 6)
677 2609 688 2640 :
709 2598 897 2640 Idoneos
917 2611 998 2641 nos
1020 2599 1128 2651 fecit
1148 2601 1380 2641 ministros
1400 2601 1506 2640 novt
1527 2599 1815 2642 Testamenti.
1833 2601 1968 2644 Beata

89 2661 244 2702 autem
265 2657 398 2713 Virgo
412 2657 498 2701 fuit
516 2658 663 2702 electa
684 2658 907 2704 divinitus
925 2664 978 2703 ut
1000 2664 1123 2704 esset
1145 2665 1294 2704 mater
1315 2659 1409 2703 Dei.
1436 2662 1489 2702 Et
1508 2659 1611 2703 ideo
1632 2672 1724 2703 non
1748 2666 1819 2704 est
1834 2661 1968 2705 dubi·

90 2718 281 2762 tandum
301 2718 415 2774 quin
442 2721 561 2763 Deus
585 2731 666 2775 per
694 2732 828 2764 suam
851 2721 1047 2777 gratiam
1080 2733 1184 2765 eam
1216 2720 1276 2764 ad
1299 2721 1387 2764 hoc
1415 2720 1632 2764 idoneam
1655 2721 1868 2776 reddidit,
1895 2735 1967 2767 se-

91 2780 291 2824 cundum
315 2780 440 2836 quod
459 2781 653 2837 angelus
681 2781 741 2826 ad
761 2794 865 2826 eam
887 2782 997 2827 dicit
1024 2784 1172 2835 (Lucae
1194 2795 1230 2838 ι,
1251 2783 1323 2836 30)
1341 2796 1353 2823 2
1378 2784 1597 2825 Invenisti
1621 2785 1821 2837 qratiam
1843 2785 1968 2840 apud

92 2845 234 2884 Deum
251 2853 266 2881 .·
288 2853 386 2884 ecce
408 2845 640 2899 concipies,
664 2847 751 2888 etc.
774 2846 872 2889 Non
892 2848 1047 2888 autem
1068 2843 1232 2888 fuisset
1249 2843 1416 2887 idonea
1434 2848 1583 2888 mater
1601 2845 1693 2899 Dei,
1718 2844 1758 2889 si
1779 2857 1967 2902 peccas*

90 2907 162 2948 set
183 2901 462 2958 aliquando:
488 2908 586 2948 tum
608 2905 717 2961 quia
735 2905 883 2950 honor
901 2911 1150 2962 parentum
1172 2905 1405 2950 redundat
1425 2906 1472 2949 in
1493 2906 1687 2962 prolem‚
1708 2907 1965 2952 secundum

89 2964 204 3009 illud
228 2963 452 3017 (Proverb.
472 2978 574 3020 xvn,
594 2968 664 3019 6):
687 2968 841 3012 Gloria
855 2969 1067 3022 filiorum,
1085 2972 1246 3024 patres
1263 2981 1417 3011 eorum
1425 2982 1443 3023 ,·
1464 2968 1591 3012 unde
1610 2973 1656 3012 et
1677 2980 1759 3024 per
1779 2970 1965 3025 opposi-

90 3030 189 3071 tum
210 3025 461 3081 ignominia
478 3027 638 3070 matris
655 3028 715 3072 ad
735 3029 882 3073 filium
904 3029 1242 3086 redundasset3
1267 3033 1369 3073 tum
1392 3029 1534 3073 etiam
1553 3030 1662 3086 quia
1682 3030 1964 3086 singularem

90 3087 360 3133 affinitatem
379 3086 540 3131 habuit
560 3087 620 3131 ad
639 3089 882 3147 Christum,
906 3091 983 3148 qui
1014 3091 1074 3135 ab
1104 3103 1159 3135 ea
1177 3103 1366 3136 carnem
1395 3090 1591 3146 accepit.
1615 3091 1789 3136 Dicitur
1810 3099 1965 3138 autem

129 3203 173 3243 (Ι)
198 3201 410 3239 Affirmative
432 3203 700 3243 respondendum
716 3208 767 3239 est
787 3208 877 3243 iuxta
892 3206 982 3240 illud
1109 3207 1151 3245 (23
1174 3208 1225 3241 Ita
1250 3218 1326 3240 cum
1342 3206 1519 3245 Theologis
1545 3207 1688 3242 Nicolai.
1708 3209 1787 3243 Cod.
1812 3209 1931 3244 Alcan-
1955 3223 1964 3243 ε

94 3250 216 3286 concil.
233 3249 390 3284 Trident.
404 3249 490 3291 (sess,
505 3258 555 3289 vi,
571 3262 643 3284 can.
659 3250 712 3288 25)
729 3264 737 3283 ε
754 3251 798 3284 Si
818 3254 897 3295 qais
919 3254 979 3287 Ῑιο-
1071 3255 1217 3289 Volebat
1241 3254 1348 3288 illius
1377 3255 1565 3298 imponere
1589 3257 1763 3299 qratiam,
1788 3262 1821 3290 el
1841 3259 1966 3292 semet·

89 3297 846 3341 minemsemeljustificatumdixerilposse
859 3302 984 3334 inlota
1068 3303 1187 3342 ipsam
1211 3302 1409 3337 clariorem
1434 3305 1568 3344 facere,
1598 3308 1661 3337 etc.
1699 3305 1789 3339 Edit.
1819 3305 1966 3337 Romana

89 3349 166 3381 vila
193 3349 337 3390 peccata
369 3346 492 3379 omnia
521 3349 630 3380 etiam
652 3347 817 3380 venialia
844 3349 983 3389 vitare,
1069 3349 1208 3391 aliaeque
1233 3354 1387 3385 veteres:
1415 3351 1560 3386 Volebat
1583 3352 1663 3385 illis
1681 3353 1868 3393 imponere
1882 3360 1962 3392 yra-

89 3395 166 3429 πίει·
185 3404 231 3428 ecc
249 3393 407 3435 speciali
429 3393 497 3427 Dei
518 3394 733 3436 privile9i0‚
757 3395 984 3436 quemadmo·
1071 3399 1171 3437 tiam,
1188 3400 1220 3431 et
1239 3398 1396 3441 seipsam
1409 3425 1416 3437 ,
1433 3407 1496 3433 etc..
1518 3399 1609 3433 Edit.
1628 3400 1744 3434 Patav.
1764 3397 1908 3434 Volebat
1924 3400 1968 3431 ut

91 3441 177 3476 dum
205 3441 248 3476 de
262 3440 381 3475 Beata
409 3441 560 3484 Virqine
577 3445 672 3477 tenet
694 3442 872 3485 Ecclesia,
893 3453 985 3478 ana·
1062 3447 1144 3487 jam
1158 3446 1344 3480 hominum
1360 3449 1522 3488 qratiam
1537 3448 1768 3486 conciliaret,
1785 3453 1849 3480 otc.

92 3489 211 3525 thema
226 3492 281 3524 sit.
1209 3494 1211 3498 “
