2170 3808
788 187 984 238 QUAEST.
1014 187 1134 243 LXV,
1162 187 1279 230 ART.
1311 187 1345 229 11
1373 187 1438 228 ET
1465 186 1533 228 111.
2020 186 2101 229 553
2151 181 2163 187 ’

277 267 342 312 Ad
360 269 540 311 tertium
558 265 804 311 dicendum
821 301 834 323 ‚
864 266 989 323 quod
1010 266 1343 311 nutrimentum
1363 271 1409 310 et
1434 264 1654 321 praecedit
1674 267 1980 320 augmentum
1994 297 2007 323 ‚
2033 265 2098 308 si-

221 333 302 373 cut
321 342 462 373 causa
483 328 603 385 ejus,
623 332 669 371 et
687 327 990 384 subsequitur
1008 333 1312 382 augmentum
1327 360 1340 383 ,
1360 328 1481 372 sicut
1504 338 1786 371 conservans
1799 325 2032 370 hominem
2051 327 2098 371 in

221 389 423 446 perfecta
437 388 695 446 quantitate
716 394 761 432 et
779 389 965 433 virtute.
989 391 1043 432 Et
1062 389 1166 432 ideo
1188 393 1341 444 potest
1368 387 1653 432 Eucharistia
1685 387 1897 443 praemitti
1927 387 2097 431 confir-

220 451 425 507 mationi,
449 455 501 494 ut
523 450 770 507 Dionysius
788 450 898 494 facit
922 450 985 503 (in
1005 450 1082 493 lib.
1102 452 1163 492 De
1179 450 1433 494 ecclesiast.
1458 450 1683 494 hierarch.
1712 462 1812 506 cap.
1834 451 1859 493 3
1886 454 1932 493 et
1953 450 2024 505 4);
2053 453 2098 494 et

220 516 372 567 potest
395 511 625 567 postponi,
647 512 766 555 sicut
784 512 996 566 Magister
1016 511 1124 555 facit
1141 513 1281 565 (Sent.
1304 511 1384 555 lib.
1408 525 1466 564 iv„
1492 511 1597 555 dist.
1620 514 1643 555 7
1666 516 1712 555 et
1734 514 1793 564 8).

274 572 340 616 Ad
358 576 572 627 quartum
593 572 859 629 dicendum,
884 573 1007 629 quod
1024 572 1139 615 ramo
1155 571 1230 615 illa
1249 573 1372 616 recte
1390 573 1675 628 procederet,
1698 572 1735 616 si
1756 571 2028 628 poenitentia
2041 583 2096 617 ex

219 633 493 678 necessitate
513 634 841 689 requireretur,
852 638 906 678 ut
917 632 1242 688 praeparatoria
1255 632 1313 676 ad
1327 632 1674 677 Eucharistiam.
1698 633 1784 676 Sed
1808 634 1896 676 hoc
1917 645 2009 676 non
2027 637 2097 678 est

219 706 405 739 verum:
423 706 532 738 nam
555 695 594 738 si
615 695 784 751 aliquis
795 699 918 739 esset
934 694 1034 738 sine
1050 699 1240 750 peccato
1258 694 1458 746 mortali,
1472 706 1565 737 non
1578 693 1804 747 indigeret
1825 693 2096 750 poenitentia

219 756 278 800 ad
289 756 603 812 sumptionem
615 756 910 801 Eucharistiae
921 771 934 810 ς
945 761 991 800 et
1010 756 1077 799 sic
1089 761 1214 813 patet
1233 754 1356 811 quod
1374 767 1456 811 per
1469 755 1686 799 accidens
1698 755 1970 811 poenitentia
1981 767 2098 812 prae-

218 823 350 874 parat
364 819 422 862 ad
437 819 785 874 Eucharistiam,
805 818 980 863 scilicet
999 818 1238 874 supposito
1252 822 1458 874 peccato,
1480 817 1607 861 Unde
1627 817 1794 861 dicitur
1811 820 1876 871 (ll.
1901 817 2095 874 Paralip.

217 879 320 934 ult.)
345 895 355 923 ε
386 885 462 931 Tu,
493 884 701 936 Domine,
733 885 851 923 Deus
863 882 1118 936 justorum,
1147 894 1234 923 non
1258 883 1445 936 posuisti
1476 882 1786 936 paenitentiam
1806 882 1939 934 justis
1956 881 2031 933 (4).

272 941 337 986 Ad
358 944 560 997 quintum
583 936 858 998 dicendum,
884 941 1008 998 quod
1039 949 1247 985 extrema
1279 941 1439 984 unctio
1462 945 1647 997 propter
1675 941 1900 984 rationem
1929 940 2096 985 induc-

218 1006 311 1047 tam
334 1007 405 1046 est
427 1002 644 1047 ultimum
666 1003 788 1047 inter
805 1006 1095 1047 sacramenta
1117 1014 1221 1058 quae
1243 1002 1518 1046 ordinantur
1534 1002 1594 1047 ad
1615 1002 1942 1058 perfectionem
1955 1001 2097 1047 unius

217 1076 443 1122 personae.

243 1128 588 1171 ARTICULUS
616 1129 698 1172 111.
719 1150 777 1159 -
806 1138 942 1170 ursum
963 1138 1258 1168 SAanunnrun
1281 1137 1560 1169 nuanms'nAE
1584 1138 1646 1169 srr
1677 1139 1922 1170 Ponssmun
1944 1139 2069 1170 mma

975 1198 1236 1228 SAcRAMENTA
1261 1188 1332 1237 (ἐξ).

216 1248 266 1284 De
281 1247 332 1283 his
347 1248 449 1283 etiam
463 1249 556 1283 Sent.
571 1255 619 1288 lv,
636 1248 712 1282 dist.
723 1248 758 1286 7.
776 1251 892 1288 quaest.
905 1255 931 1288 1,
948 1251 1013 1280 art.
1031 1247 1062 1285 4,
1078 1251 1193 1287 quaest.
1214 1254 1254 1280 ¹11
1271 1258 1365 1286 corp.
1381 1250 1414 1281 et
1428 1246 1507 1281 «list.
1519 1247 1541 1280 8
1553 1273 1562 1288 ,
1584 1250 1699 1287 quaest.
1715 1255 1742 1289 1,
1756 1251 1822 1282 art.
1838 1247 1870 1290 l,
1889 1250 2003 1289 quaest.
2019 1255 2045 1289 Ι,
2061 1250 2096 1282 et

539 1295 636 1329 Cont.
651 1298 744 1335 gent.
758 1294 820 1329 lib.
840 1303 888 1335 lv,
905 1305 976 1335 cap.
993 1294 1047 1335 74,
1067 1298 1100 1328 et
1114 1294 1161 1328 De
1179 1305 1250 1328 ver.
1267 1300 1381 1334 quaest.
1396 1302 1459 1334 vn,
1479 1298 1545 1328 art.
1563 1295 1585 1329 4
1603 1306 1694 1335 corp.
1709 1295 1769 1330 fin.

266 1342 334 1387 Ad
357 1342 540 1386 tertium
572 1342 640 1386 sic
664 1342 946 1398 proceditur.
976 1345 1019 1386 1.
1052 1342 1238 1387 Videtur
1271 1340 1395 1397 quod
1427 1346 1770 1386 sacramentum
1801 1343 2096 1388 Eucharistiae

216 1414 309 1447 non
338 1403 398 1448 sit
427 1403 719 1459 potissimum
751 1403 873 1447 inter
894 1408 1202 1447 sacramenta.
1225 1404 1402 1447 Bonum
1429 1403 1555 1447 enim
1574 1414 1821 1448 commune
1842 1405 1997 1461 potius
2026 1410 2096 1450 est

215 1476 355 1521 quam
377 1466 554 1509 bonum
577 1466 734 1518 unius,
757 1470 811 1510 ut
833 1465 1001 1510 dicitur
1024 1465 1180 1519 (Ethic.
1202 1465 1283 1509 lib.
1306 1480 1339 1536 ¹2
1358 1478 1458 1522 cap.
1476 1468 1519 1522 2,
1544 1466 1591 1509 in
1616 1463 1697 1510 fin.
1702 1468 1734 1522 ).
1755 1467 1841 1512 Sed
1857 1467 2096 1511 matrimo-

215 1527 343 1571 nium
366 1514 607 1572 ordinatur
629 1528 687 1572 ad
708 1527 885 1572 bonum
905 1539 1153 1572 commune
1173 1526 1342 1584 speclei
1361 1527 1578 1571 humanae
1592 1539 1674 1583 per
1694 1527 1816 1572 viam
1839 1540 1981 1584 genel
1982 1531 2094 1574 atio

215 1588 318 1644 nis3
342 1594 683 1633 sacramentum
703 1594 857 1634 autem
884 1589 1180 1634 Eucharistiae
1210 1589 1451 1633 ordinatur
1473 1588 1532 1634 ad
1554 1588 1730 1633 bonum
1750 1590 1987 1647 proprium
2011 1603 2093 1636 su-

215 1651 401 1696 mentis.
422 1654 541 1709 Ergo
563 1664 657 1695 non
678 1655 749 1696 est
772 1651 1065 1708 potissimum
1084 1656 1500 1695 sacramentorum.
2083 1689 2086 1692 .
2121 1663 2126 1668 ·

270 1715 312 1757 2.
344 1715 568 1757 Praeterea
583 1747 595 1768 ,
614 1713 823 1769 digniora
851 1718 1145 1764 sacramenta
1163 1725 1269 1759 esse
1289 1713 1506 1757 videntur
1528 1725 1632 1770 quae
1649 1726 1733 1770 per
1754 1713 1977 1770 majorem
2001 1715 2092 1760 mi-

215 1772 413 1817 nistrum
445 1774 766 1818 conferuntur.
796 1774 883 1818 Sed
910 1779 1253 1819 sacramentum
1281 1774 1644 1819 confirmationis
1670 1779 1717 1818 et
1750 1780 2091 1820 sacramentum

214 1835 390 1880 ordinis
413 1849 507 1881 non
524 1837 830 1881 conferuntur
850 1836 939 1881 nisi
959 1849 1042 1894 per
1058 1837 1345 1894 episcopuma
1367 1836 1445 1892 qui
1468 1841 1540 1880 est
1557 1836 1705 1892 maJ'or
1718 1836 1930 1882 minister
1949 1837 2091 1895 quam

214 1897 412 1955 simplex
439 1898 684 1955 sacerdos,
710 1911 792 1955 per
810 1910 950 1955 quem
985 1899 1221 1943 confertur
1253 1898 1548 1943 Eucharistiae
1580 1904 1939 1943 sacramentum.
1972 1901 2090 1956 Ergo

213 1959 292 2004 illa
313 1964 604 2005 sacramenta
624 1966 736 2005 sunt
752 1961 946 2018 potiora.

267 2024 310 2067 3.
341 2024 580 2079 Praeterea,
605 2026 895 2066 sacramenta
914 2021 1041 2066 tanto
1061 2026 1172 2067 sunt
1192 2020 1371 2078 potiora
1386 2056 1396 2075 ,
1428 2021 1602 2077 quanto
1630 2022 1852 2078 maj0rcm
1871 2023 2089 2069 virtutem

213 2083 401 2128 habent.
429 2084 516 2129 Sed
535 2084 748 2141 quaedam
768 2088 1059 2128 sacramenta
1080 2084 1353 2139 imprimunt
1371 2082 1700 2139 characterem,
1724 2083 1899 2128 scilicet
1915 2084 2089 2142 baptis-

200 2141 336 2201 ‘mus7
351 2145 639 2190 confirmatio
657 2152 703 2190 et
721 2146 860 2202 ordo3
885 2146 1009 2202 quod
1024 2158 1119 2189 non
1139 2145 1246 2189 facit
1264 2144 1561 2188 Eucharistia.
1576 2146 1694 2200 Ergo
1709 2145 1786 2188 illa
1801 2151 2089 2192 sacramenta

214 2213 324 2252 sunt
342 2209 534 2265 potiora.

267 2273 311 2314 4.
340 2273 588 2326 Praeterea,
612 2270 727 2315 illud
748 2269 932 2315 videtur
953 2282 1057 2314 esse
1078 2269 1233 2326 potius
1262 2280 1321 2313 ex
1345 2281 1437 2325 quo
1457 2268 1547 2312 alia
1565 2268 1854 2325 dependent,
1875 2273 1923 2314 et
1943 2282 2038 2315 non
2061 2272 2089 2316 e

212 2343 452 2378 converso.
475 2333 562 2378 Sed
584 2345 643 2377 ex
661 2332 889 2389 baptismo
912 2331 1142 2388 dependet
1163 2330 1468 2386 Eucharistia3
1495 2343 1590 2375 non
1606 2331 1731 2375 enim
1749 2336 1901 2387 potest
1921 2332 2090 2389 aliquis

211 2394 540 2439 Eucharistiam
563 2395 772 2451 accipere
788 2429 798 2448 ‚
823 2394 911 2438 nisi
936 2393 1073 2438 fuerit
1096 2393 1371 2448 baptizatus.
1402 2395 1520 2448 Ergo
1551 2392 1810 2450 baptismus
1837 2398 1910 2438 est
1939 2394 2089 2450 potior

210 2456 508 2500 Eucharistia.

264 2519 350 2563 Sed
387 2522 547 2562 contra
577 2522 648 2562 est
676 2518 800 2575 quod
831 2518 1079 2575 Dionysius
1111 2516 1220 2561 dicit
1247 2516 1380 2569 (Eccl.
1410 2516 1639 2560 hierarch.
1670 2529 1770 2572 cap.
1803 2519 1851 2572 3,
1875 2530 2040 2573 parum
2059 2518 2088 2562 a

209 2580 393 2636 prino),
415 2579 538 2636 quod
565 2597 584 2616 α
607 2592 701 2623 non
725 2579 952 2637 contingit
975 2579 1177 2635 aliquem
1195 2577 1353 2634 perfici
1375 2578 1656 2633 perfectione
1674 2578 1972 2632 hierarchica,
1996 2580 2086 2624 nisi

209 2654 291 2698 per
315 2641 650 2685 divinissimam
670 2641 1020 2686 EucharIStiam.
1043 2658 1064 2679 ι»
1090 2641 1207 2696 Ergo
1224 2639 1311 2682 hoc
1337 2643 1679 2682 sacramentum
1703 2644 1774 2682 est
1794 2641 2084 2695 potissimum

210 2703 415 2746 omnium
438 2702 648 2746 aliorum.

257 2763 546 2804 CONCLUSIO.
574 2785 620 2791 —
645 2763 750 2802 Gum
770 2763 813 2803 in
831 2762 1099 2803 Eucharistiae
1129 2763 1379 2802 sacramento
1408 2759 1594 2801 Christus
1614 2760 1714 2810 ipse,
1738 2772 1780 2800 re
1803 2764 1918 2811 vera,
1945 2774 2090 2829 secun-4

210 2817 310 2858 dnm
326 2818 599 2857 substantiam
613 2819 883 2868 contineatur,
899 2821 1018 2869 atque
1036 2818 1087 2857 ad
1112 2816 1215 2856 illud
1238 2815 1413 2855 velutad
1432 2817 1557 2855 finem
1571 2815 1710 2854 omnia
1730 2816 1811 2855 alia
1829 2817 2084 2871 ordinentur,

210 2872 473 2912 manifestum
491 2875 549 2911 est
563 2872 700 2922 ipsum
717 2883 800 2912 esse
821 2876 1166 2913 sacramentorum
1185 2871 1375 2910 omnium
1399 2871 1674 2922 potissimum.

263 2928 535 2985 Respondeo
555 2928 802 2971 dicendum
822 2928 946 2985 quod
968 2927 1237 2983 simpliciter
1262 2926 1521 2983 loquendo,
1554 2931 1892 2971 sacramentum
1914 2929 2088 2973 Eucha

212 2989 347 3033 ristiae
370 2995 439 3033 est
459 2989 750 3062 potissimum
769 2989 890 3034 inter
911 2990 1000 3033 alia
1026 2993 1333 3033 sacramenta.
1366 2988 1495 3041 Quod
1524 2987 1710 3044 quidem
1742 2988 1979 3044 tripliciter
1999 3003 2090 3050 ap-

210 3058 380 3107 paret:
419 3051 568 3107 primo
606 3050 794 3106 quidem
828 3063 887 3095 ex
919 3064 975 3096 eo
1015 3050 1139 3107 quod
1184 3050 1231 3094 in
1272 3062 1328 3094 eo
1367 3049 1664 3094 continetur·
1654 3083 1667 3104 ‚
1707 3062 1814 3093 nam
1850 3050 1897 3094 in
1935 3063 2085 3096 sacra-

211 3118 365 3156 mento
396 3112 694 3156 Eucharistiae
715 3112 981 3157 continetur
1005 3113 1104 3169 ipse
1143 3111 1351 3156 Christus
1381 3111 1773 3167 substantialiter3
1799 3112 1846 3155 in
1879 3112 1980 3157 aliis
2001 3108 2090 3157 au-

211 3177 302 3220 tem
334 3173 638 3217 sacramentis
670 3173 932 3218 continetur
974 3173 1186 3230 quaedam
1222 3173 1371 3217 virtus
1411 3173 1776 3217 instrumentalis
1809 3158 2090 3230 participata

248 3269 292 3312 (i)
315 3271 503 3304 Habeturi
496 3283 529 3304 in
550 3270 700 3305 motione
727 3270 878 3306 Manasse
905 3270 997 3305 inter
1024 3282 1102 3312 apo·
1186 3282 1254 3304 esse
1273 3270 1367 3310 paria
1393 3272 1480 3311 (sess
1503 3270 1811 3310 v11‚can.5):Si
1834 3269 1914 3312 quis
1940 3269 2087 3311 dixerit,

212 3318 332 3358 urypha
347 3323 422 3351 ante
443 3319 566 3352 librum
581 3321 602 3353 5
618 3318 740 3352 Esdroe.
1187 3319 1261 3354 haec
1285 3321 1418 3361 septem
1439 3322 1670 3353 sacramenta
1689 3318 1741 3351 ita
1758 3328 1830 3352 esse
1847 3319 1948 3351 inter
1964 3327 2000 3351 se
2018 3319 2089 3361 ριν

249 3366 294 3409 (2)
319 3366 505 3400 Concilium
528 3366 767 3400 ‘l'ridentinum
793 3365 1003 3400 anathemate
1028 3377 1101 3406 per·
1187 3367 1263 3406 ria,
1283 3371 1323 3399 ut
1341 3365 1447 3399 nulla
1469 3367 1613 3400 ratione
1635 3365 1740 3400 aliud
1756 3365 1804 3399 sit
1824 3364 1901 3398 alio
1917 3364 2080 3408 dignius,

207 3417 309 3447 cussit
327 3425 381 3447 eos
406 3414 464 3454 qui
489 3413 735 3448 contendebant
757 3412 871 3448 omnia
897 3417 1104 3449 sacrament·
1189 3414 1383 3449 anathema
1398 3414 1460 3448 sit.
