2170 3808
196 274 246 309 Vl
1073 270 1239 306 INDEX.

194 366 262 404 Per
285 364 408 413 qualia
430 363 654 401 manifestari
679 361 862 400 debuerit.

195 413 244 451 De
268 412 396 450 ordine
421 410 745 449 manifestationis.

195 461 245 499 De
269 460 372 498 stella
401 471 463 508 per
486 469 591 507 quam
620 459 849 497 manifestata
874 457 944 495 fuit
969 457 1049 506 ejus
1075 455 1262 495 nativitas.
1335 501 1342 508 .
1372 502 1379 509 .

199 509 251 548 De
275 509 511 547 veneratione
535 508 732 555 Magorum,
759 507 822 555 qui
845 516 910 555 per
937 506 1082 544 stellam
1109 504 1247 542 Christi
1270 503 1498 540 nativitatem
1521 499 1784 548 cognoverunt.

395 606 449 634 DE
474 604 708 634 LEGALiBUs
736 603 859 633 cincA
881 603 1053 632 PUERUM
1077 601 1211 632 Jnstm
1237 597 1557 630 OBSERVANTHS.
1585 609 1632 616 —-
1658 587 1827 636 Quaestio
1851 587 1914 626 37.

197 677 325 720 Utrum
346 677 512 716 debuerit
534 676 757 726 circumcidi.
1100 721 1107 727 ,

247 748 296 754 -
345 726 455 764 fuerit
478 726 733 764 convenienter
757 724 791 762 ei
817 733 950 761 nomen
975 723 1201 771 impOSitum.

247 796 296 803 —-
347 774 516 813 debuerit
539 774 658 812 offerri
683 774 718 810 in
743 773 896 821 templo.

247 845 295 851 —
344 826 460 862 mater
482 823 547 861 Dei
569 821 733 860 debuerit
754 819 944 870 purganda
969 819 1014 857 ad
1038 817 1212 866 templum
1235 815 1419 855 accedere.

726 913 780 941 DE
803 910 1012 940 BAPTismo
1037 909 1230 940 JOANNIS.
1259 920 1306 926 —
1331 896 1502 945 Quaestio
1521 896 1581 935 38.

198 979 327 1019 Utrum
347 979 569 1018 conveniens
592 979 705 1017 fuerit
728 978 826 1027 quod
847 977 1006 1016 Joannes
1032 976 1252 1026 baptizaret.

346 1028 409 1065 ille
432 1028 633 1076 baptismus
661 1027 771 1065 fuerit
794 1026 813 1064 a
837 1027 925 1063 Deo.

348 1076 542 1114 contulerit
566 1076 733 1123 gratiam.
1229 1119 1236 1126 .
1396 1118 1402 1123 .
1472 1116 1480 1123 .

347 1125 410 1162 alii
433 1126 564 1172 praeter
587 1124 770 1161 Christum
793 1124 859 1162 illo
882 1123 1065 1172 baptismo
1089 1120 1281 1173 debuerint
1305 1118 1496 1166 baptizari.

346 1172 548 1220 baptismus
570 1171 632 1210 ille
655 1182 800 1210 cessare
825 1171 991 1212 debuerit
1013 1170 1158 1208 Christo
1182 1169 1383 1220 baptizato.
1426 1213 1431 1220 ¹
1549 1213 1556 1220 ,
1738 1214 1744 1220 ¹

346 1220 520 1268 baptizati
545 1220 726 1270 baptismo
748 1221 898 1260 Joannis
923 1222 1047 1260 essent
1073 1219 1203 1268 postea
1226 1214 1435 1265 baptizandi
1457 1213 1638 1263 baptismo
1662 1214 1811 1253 Christi.

686 1313 738 1341 DE
761 1311 1068 1343 BAPTizATmNE
1095 1308 1274 1339 crinisri.
1304 1319 1351 1325 —
1375 1297 1545 1344 Quaestio
1568 1299 1628 1335 39.

198 1376 326 1418 Utrum
346 1377 516 1416 Christus
538 1378 703 1416 debuerit
722 1379 915 1426 baptizari.

247 1447 296 1453 —-
346 1426 509 1464 debuerit
531 1426 705 1475 baptizari
729 1427 913 1475 baptismo
937 1425 1101 1465 Joannis.

198 1475 250 1513 De
274 1477 442 1524 tempore
464 1474 651 1523 baptismi.

198 1523 252 1561 De
275 1523 356 1561 loco
380 1523 566 1571 baptismi.

199 1571 251 1609 De
277 1580 320 1609 eo
347 1572 441 1626 quod
467 1574 551 1609 sunt
572 1571 606 1609 ei
629 1571 712 1610 coeli
737 1571 869 1620 aperti.

198 1619 249 1658 De
275 1619 430 1668 Spiritus
456 1621 570 1657 saneti
592 1620 818 1668 apparitione
836 1620 875 1657 in
896 1619 1021 1668 speeie
1045 1618 1235 1658 columbae.

198 1665 323 1706 Utrum
346 1667 409 1706 illa
433 1668 598 1706 columba
621 1669 731 1706 fuerit
755 1679 880 1707 verum
903 1668 1052 1706 animal.

198 1715 251 1755 De
272 1725 362 1754 voce
384 1716 528 1765 paterni
550 1716 766 1755 testimonii.

581 1809 634 1837 nn
661 1809 776 1838 iiooo
802 1809 1167 1839 coiWERSATioNis
1191 1808 1378 1839 cunisri.
1407 1820 1453 1826 —
1481 1798 1648 1846 Quaestio
1671 1800 1732 1837 40.

153 1914 157 1917 ,
199 1873 326 1913 Utrum
347 1875 515 1914 Christus
537 1875 702 1914 debuerit
725 1876 923 1914 solitariam
950 1876 1062 1914 vitam
1087 1875 1234 1922 ducere,
1258 1886 1304 1913 an
1327 1875 1422 1912 inter
1444 1875 1612 1913 homines
1636 1879 1855 1912 conversari.

246 1944 295 1950 -
345 1923 509 1963 debuerit
530 1926 710 1962 austeram
734 1925 845 1962 vitam
872 1924 1005 1962 ducere
1029 1925 1067 1961 in
1093 1924 1189 1970 cibo,
1220 1927 1312 1973 potu
1335 1927 1372 1962 et
1394 1923 1546 1969 vestitu,
1572 1933 1618 1960 an
1636 1922 1718 1960 aliis
1743 1931 1987 1962 communem.

247 1993 296 1999 -—
413 1993 462 1999 —
536 1972 715 2020 abjective
737 1973 857 2011 vivere
885 1973 923 2010 in
945 1973 1014 2011 hoe
1034 1973 1185 2019 mundo,
1212 1983 1258 2011 an
1281 1972 1320 2010 in
1342 1971 1483 2010 divitiis
1506 1975 1544 2010 et
1567 1972 1720 2010 honore.

248 2039 297 2048 —-
415 2041 463 2047 —
536 2020 659 2059 vivere
685 2020 883 2059 seeundum
909 2021 1040 2069 legem.

700 2113 754 2140 DE
781 2111 1051 2141 TENTATIONE
1076 2111 1259 2141 cmusri.
1283 2123 1331 2130 -
1353 2101 1524 2149 Quaestio
1549 2103 1614 2141 41.

197 2176 325 2217 Utriim
342 2178 563 2216 conveniens
589 2178 699 2216 fuerit
721 2178 909 2216 Christum
930 2177 1082 2216 tentari.

195 2226 248 2264 De
273 2227 354 2264 loco
374 2226 604 2264 tentationis.

196 2273 250 2312 De
274 2277 346 2312 tem
376 2284 438 2313 ore
462 2274 690 2312 tentationis.

196 2321 249 2360 De
274 2332 332 2360 mo
360 2332 396 2368 o,
420 2322 546 2361 ordine
573 2323 798 2362 tentationis.

724 2417 779 2445 nr.
802 2415 1017 2448 noenum
1042 2417 1227 2448 cunisri.
1252 2429 1300 2436 -
1324 2408 1495 2455 Quaestio
1523 2410 1584 2450 42.

196 2479 323 2520 Utriim
345 2482 515 2537 Christus
537 2482 701 2538 debuerit
726 2484 919 2540 praedicare
942 2484 1058 2523 solum
1078 2485 1227 2541 judaeis,
1257 2495 1302 2522 au
1329 2485 1439 2523 etiam
1464 2485 1681 2540 Gentilibus.

245 2550 294 2557 —
343 2541 382 2568 in
403 2541 467 2568 sua
484 2532 743 2586 praedicatione
767 2533 932 2588 debuerit
955 2534 1197 2572 turbationem
1220 2533 1427 2572 Judaeorum
1451 2537 1579 2572 vitare.

244 2598 293 2654 Ξ
343 2578 507 2666 ἓὲἒῖῗὲἔῑῗὲ
527 2580 913 2676 ἓὲῗέἒέἃέἓιέῑῗέἐὲἓζ
936 2591 987 2668 Ξῗι
1003 2581 1304 2679 {diffluens

439 2724 494 2753 nii
527 2724 753 2755 MiiiAcums
775 2726 803 2755 A
830 2726 1008 2756 cums'ro
1037 2726 1179 2756 FACTis
1203 2727 1250 2756 IN
1278 2726 1509 2757 GENERALI.
1533 2739 1582 2747 —
1607 2719 1777 2766 Quaestio
1801 2720 1864 2758 43.

195 2796 322 2837 Utrum
341 2797 508 2836 Christus
531 2799 699 2837 debuerit
721 2799 896 2839 miracula
922 2799 1061 2840 facere.

245 2867 292 2873 --
343 2846 470 2884 fecerit
492 2857 535 2885 ea
556 2848 692 2886 virtute
717 2848 857 2886 divina.

194 2893 272 2939 Quo
295 2897 462 2943 tempore
487 2895 664 2944 inceperit
689 2897 863 2935 miracula
887 2897 1022 2936 facere.

195 2941 324 2981 Utrum
347 2953 412 2992 per
433 2943 606 2982 miracula
629 2944 740 2982 fuerit
763 2944 989 2984 sufficienter
1011 2948 1159 2984 ostensa
1181 2946 1262 2995 ejus
1289 2946 1477 2986 divinitas.

572 3037 626 3065 m:
654 3037 883 3067 iiiiiAcums
908 3038 1076 3068 canisii
1102 3039 1149 3067 IN
1178 3019 1384 3068 SP'ECIALI.
1409 3051 1455 3057 —
1481 3030 1651 3077 Quaestio
1674 3031 1734 3069 44.

195 3101 248 3141 De
265 3102 451 3142 miraculis
473 3113 553 3152 quae
578 3104 746 3143 Christus
768 3105 860 3144 fecit
887 3106 985 3144 eirca
1011 3105 1221 3154 spirituales
1247 3105 1469 3144 substautias
1494 3118 1504 3143 ε
1527 3105 1648 3145 utrum
1673 3106 1810 3144 fuerint
1835 3104 2106 3147 conveniendo.

585 3173 633 3180 —
1011 3153 1176 3192 coelestia
1200 3164 1368 3202 corpora.

584 3221 633 3228 —
1010 3202 1195 3240 homines.

598 3269 633 3277 -
1008 3250 1239 3288 irrationales
1262 3253 1463 3289 creaturas.

617 3340 671 3368 m:
695 3339 1115 3370 TRANSFIGURATIONE
1143 3342 1324 3371 CHRISTI.
1356 3353 1405 3360 -
1430 3333 1602 3380 Quaestio
1625 3333 1689 3372 45.

195 3403 322 3444 Utrum
342 3405 565 3444 conveniens
587 3406 700 3444 fuerit
723 3406 908 3444 Christum
931 3407 1196 3453 transfigurari.

243 3474 292 3480 —
340 3454 486 3492 claritas
506 3454 836 3502 transfigurationis
860 3454 970 3492 fuerit
992 3455 1138 3493 claritas
1167 3456 1343 3503 gloriosa.

244 3521 292 3529 -
342 3502 601 3541 convenienter
622 3503 767 3540 adducti
790 3501 926 3541 fuerint
947 3505 1063 3542 testes
1089 3503 1301 3552 huJ'usmodi
1325 3501 1670 3551 transfigurationis.

196 3548 247 3588 De
268 3550 480 3589 testimonio
504 3554 666 3600 paternae
692 3551 811 3589 vocis.
