2170 3808
165 262 217 300 lv
1029 262 1192 297 INDEX.

261 407 317 439 DE
342 408 415 439 ms
441 408 537 444 QUAE
559 409 798 440 PERTINENT
820 408 877 439 AD
902 408 1118 502 EMTQATEM
1142 407 1348 443 QUANTUM
1373 408 1428 437 AD
1454 407 1754 438 oPEEA'rioNEu
1780 406 1961 439 cums'n.

1023 456 1162 493 uaestio
1183 457 1243 494 19.

166 535 295 577 Utrum
313 536 351 574 in
374 537 519 576 Christo
539 535 653 575 fuerit
675 546 747 575 una
773 536 935 584 operatio
959 536 1158 574 divinitatis
1185 539 1222 586 et
1242 535 1491 580 humanitatis,
1514 545 1560 573 an
1585 535 1724 584 plures.

214 605 263 615 -
384 606 430 612 -
537 584 672 623 fuerint
697 584 820 633 plures
843 586 1069 633 operationes
1091 583 1286 621 secundnm
1306 584 1498 621 humanam
1517 585 1696 622 naturam.

214 650 263 664 -
312 631 508 672 secundnm
530 632 777 681 operationem
803 633 995 670 humanam
1018 631 1153 679 aliquid
1180 631 1251 671 sibi
1271 631 1457 670 meruerit.

214 697 264 710 -
312 690 380 729 per
401 691 481 718 eam
502 680 639 729 aliquid
661 681 768 719 nobis
794 680 981 718 meruerit.

1662 723 1680 736 Ο

235 784 299 822 DE'
318 791 388 823 HIS
412 791 506 827 QUAE
531 792 809 823 CONVENJUNT
833 793 1019 885 cnmsrcb
1032 793 1259 825 SECUNDUM
1279 790 1591 828 SUBJEC'HONEM
1615 793 1720 826 Esus
1736 793 1794 825 AD
1819 792 2003 824 PATREU.

1022 839 1157 877 uaestio
1182 842 1246 878 20.

170 918 299 960 Utrum
315 919 482 960 Christus
504 919 554 960 sit
573 919 762 969 subjectus
781 919 944 1016 gissiriipsi

692 1076 747 1106 DE
771 1075 985 1105 ORATIONE
1011 1075 1190 1105 cums'rl.
1216 1087 1262 1093 —
1289 1066 1460 1112 Quaestio
1480 1069 1543 1109 21.

170 1148 298 1189 Utrhm
315 1149 459 1188 Christo
486 1148 677 1188 conveniat
700 1158 817 1187 orare.

219 1218 268 1226 -
317 1197 511 1236 conveniat
532 1197 603 1236 sibi
625 1196 820 1235 secundnm
842 1195 1074 1235 sensualitem
1101 1206 1218 1234 orare.

219 1267 267 1276 —
437 1266 485 1272 —
623 1255 724 1283 orare
747 1255 811 1292 pro
836 1255 876 1284 se
898 1246 993 1292 ipso,
1020 1254 1065 1282 an
1090 1254 1155 1293 pro
1180 1244 1263 1282 aliis
1284 1243 1438 1283 tanthm.

219 1314 268 1323 —
316 1293 433 1333 oratio
457 1292 539 1342 eJus
560 1292 610 1331 sit
634 1292 817 1331 exaudita.

673 1406 729 1435 DE
751 1405 1008 1435 SACERDo'rxo
1037 1406 1216 1435 eflmsn.
1240 1418 1286 1424 —
1310 1397 1478 1444 Quaestio
1497 1400 1560 1438 22.

164 1479 296 1518 Utriim
314 1479 507 1518 conveniat
531 1479 679 1518 Christo
701 1489 785 1518 esse
806 1479 1045 1518 sacerdotem.

164 1527 216 1566 De
240 1527 359 1565 hostia
385 1527 494 1576 hujus
517 1527 730 1567 sacerdotis.

164 1575 216 1614 De
243 1575 376 1614 effectu
401 1575 511 1624 hujus
533 1575 746 1614 sacerdotii.

163 1622 295 1662 Utrum
313 1623 464 1663 effectus
483 1624 677 1662 sacerdotii
699 1623 811 1672 hujus
836 1623 1018 1673 pertineat
1038 1623 1083 1662 ad
1106 1623 1238 1672 ipsum,
1263 1624 1322 1662 vel
1346 1624 1463 1665 solnm
1486 1626 1530 1665 ad
1559 1626 1668 1668 alioS.

163 1671 214 1710 De
235 1672 437 1710 aeternitate
460 1672 652 1710 sacerdotii
677 1672 771 1720 eJus.

164 1718 294 1758 Utrhm
314 1719 445 1760 debeat
466 1720 540 1759 dici
561 1720 729 1759 sacerdos
753 1719 950 1759 secundhm
973 1720 1135 1759 ordinem
1158 1720 1437 1760 Melchisedech.

673 1833 728 1862 DE
749 1832 988 1862 ADorrioNE
1014 1832 1197 1863 cmusn.
1225 1845 1272 1851 —
1297 1825 1468 1871 Quaestio
1493 1826 1555 1865 23.

165 1903 292 1943 Utrum
309 1906 503 1945 conveniat
522 1907 597 1945 Deo
620 1906 716 1944 filios
739 1906 924 1954 adoptare.

211 1974 258 1980 -
307 1954 379 1992 hoc
406 1954 597 1992 conveniat
619 1954 689 1992 soli
715 1955 788 1992 Deo
813 1955 924 1992 Patri.

210 2022 258 2029 —-
307 2001 356 2040 sit
382 2002 567 2050 proprium
593 2002 780 2040 hominum
804 2001 971 2050 adoptari
996 2002 1035 2040 in
1060 2002 1169 2042 filios.

211 2071 259 2077 —-
310 2050 478 2089 Christus
498 2050 616 2100 possit
640 2051 711 2088 dici
733 2051 829 2088 filius
855 2051 1064 2099 adoptivus.

587 2163 642 2191 DE
665 2163 1073 2192 PRAEDESTINATIONE
1096 2163 1277 2193 cnms‘n.
1302 2177 1349 2186 -
1377 2155 1549 2202 Quaestio
1571 2157 1634 2195 24.

162 2235 290 2276 Utrhm
308 2235 473 2274 Christus
495 2235 542 2273 sit
567 2235 861 2284 praedestinatus.

211 2305 259 2311 -
309 2283 359 2322 sit
381 2284 658 2332 praedestinatus
680 2283 877 2322 secundnm
904 2284 999 2331 quod
1023 2285 1147 2324 homo.

211 2353 259 2360 —
309 2331 391 2387 ejus
416 2332 685 2381 praedestinatio
710 2332 756 2370 sit
783 2334 967 2380 exemplar
991 2337 1123 2372 nostrae
1146 2335 1493 2382 praedestinationis.

211 2401 258 2410 -
308 2382 357 2419 sit
378 2390 486 2420 causa
506 2383 639 2419 nostrae
662 2380 1005 2429 praedestinationis.

660 2494 715 2522 DE
736 2493 1007 2523 ADORATIONE
1034 2494 1213 2524 cnmsn.
1237 2507 1284 2514 —-
1312 2487 1482 2533 Quaestio
1504 2490 1564 2526 25.

161 2564 291 2605 Utrhm
311 2564 384 2604 una
405 2568 445 2604 et
466 2566 591 2604 eadem
615 2566 824 2604 adoratione
844 2566 893 2604 sit
918 2566 1099 2604 adoranda
1123 2567 1293 2606 divinitas
1315 2568 1463 2619 Christi,
1490 2571 1528 2607 et
1548 2569 1631 2619 eJ'us
1651 2569 1868 2613 humanitas.

309 2623 392 2652 caro
418 2614 553 2652 Christi
580 2614 627 2652 sit
650 2615 831 2652 adoranda
858 2615 1067 2652 adoratione
1092 2615 1220 2653 latriae.

307 2662 469 2700 adoratio
494 2662 608 2700 latriae
632 2663 680 2700 sit
705 2663 905 2701 exhibenda
931 2663 1081 2710 imagini
1103 2664 1252 2702 Christi.

307 2710 356 2749 sit
381 2709 583 2748 exhibenda
606 2711 703 2748 cruci
730 2711 877 2748 Christi.

307 2758 356 2797 sit
379 2758 582 2796 exhibenda
605 2759 711 2796 matri
734 2759 828 2807 ejus.

307 2806 471 2854 reliquiae
494 2810 701 2845 sanctorum
723 2807 796 2845 sint
821 2806 1024 2846 adorandae.

209 2633 258 2834 ΙΙΙΙΙ

426 2920 483 2949 DE
507 2919 592 2949 Hoc
614 2920 729 2956 QUOD
754 2919 958 2951 CHRISTUS
982 2922 1153 2952 DICITUR
1175 2923 1247 2952 DEI
1271 2923 1323 2952 ET
1345 2923 1547 2956 HOMINUM
1571 2925 1795 2958 MEDIATOR.

985 2968 1155 3014 Quaestio
1178 2970 1239 3006 26.

160 3046 288 3087 Utrum
309 3057 392 3087 esse
413 3048 650 3086 mediatorem
675 3049 738 3086 Dei
761 3053 798 3086 et
820 3049 1006 3087 hominnm
1030 3050 1076 3087 sit
1099 3051 1283 3098 proprium
1305 3051 1464 3090 Christo.

211 3116 260 3124 —
308 3096 380 3135 hoc
402 3096 438 3134 ei
459 3098 651 3135 conveniat
675 3097 869 3136 secundnm
897 3099 1089 3136 humanam
1111 3106 1290 3136 naturam..

515 3207 572 3236 DE
593 3207 967 3253 SANCTIFIcA'IjiONE
989 3210 1132 3239 BEATAE
1155 3210 1361 3239 VIRGINIS.
1382 3223 1428 3230 —-
1452 3203 1624 3249 Quaestio
1646 3205 1709 3243 27.

160 3280 287 3321 Utrhm
305 3283 415 3321 Beata
437 3281 546 3329 Virgo
568 3281 680 3319 fuerit
701 3282 924 3320 sanctificata
946 3286 1029 3321 ante
1050 3283 1279 3322 nativitatem
1303 3295 1348 3322 ex
1369 3287 1486 3323 utero.

177 3354 180 3356 v
210 3351 256 3358 --
307 3330 418 3368 fuerit
440 3329 662 3367 sanctificata
683 3336 766 3367 ante
794 3330 1064 3368 animationem.

305 3388 372 3426 per
393 3377 602 3426 huiusmodi
625 3378 946 3416 sanctificationem
967 3379 1080 3416 fuerit
1101 3379 1172 3418 sibi
1196 3381 1359 3418 sublatus
1382 3381 1545 3418 totaliter
1567 3381 1685 3419 fomes
1706 3383 1862 3430 peccati.

306 3440 310 3454 ι
571 3447 618 3453 -
967 3427 1076 3464 fuerit
1102 3432 1310 3473 consecuta,
1338 3431 1379 3465 ut
1400 3439 1594 3477 numquam
1618 3434 1798 3477 peccaret.

570 3495 618 3502 —-
968 3475 1098 3523 adepta
1123 3476 1233 3513 fuerit
1258 3476 1520 3524 plenitudinem
1545 3478 1755 3525 gratiarum.

304 3520 360 3560 sic
380 3521 599 3561 sanctificari
619 3522 733 3561 fuerit
753 3522 824 3561 sibi
845 3523 1032 3572 proprium
1054 3528 1139 3571 post
1161 3525 1356 3562 Christum.
