<?xml version="1.0" encoding="UTF-8"?>
<!DOCTYPE html PUBLIC "-//W3C//DTD XHTML 1.0 Transitional//EN"
    "http://www.w3.org/TR/xhtml1/DTD/xhtml1-transitional.dtd">
<html xmlns="http://www.w3.org/1999/xhtml" xml:lang="en" lang="en">
 <head>
  <title>
</title>
<meta http-equiv="Content-Type" content="text/html;charset=utf-8" />
  <meta name='ocr-system' content='tesseract 3.04.00' />
  <meta name='ocr-capabilities' content='ocr_page ocr_carea ocr_par ocr_line ocrx_word'/>
</head>
<body>
  <div class='ocr_page' id='page_1' title='image "./summatheologica06thomuoft_0385.png"; bbox 0 0 2170 3808; ppageno 0'>
   <div class='ocr_carea' id='block_1_1' title="bbox 735 222 1959 277">
    <p class='ocr_par' dir='ltr' id='par_1_1' title="bbox 735 222 1959 277">
     <span class='ocr_line' id='line_1_1' title="bbox 735 222 1959 277; baseline 0.006 -13"><span class='ocrx_word' id='word_1_1' title='bbox 735 222 933 274; x_wconf 84' lang='lat' dir='ltr'><strong>QUAEST.</strong></span> <span class='ocrx_word' id='word_1_2' title='bbox 962 223 1089 277; x_wconf 79' lang='lat' dir='ltr'>XLII,</span> <span class='ocrx_word' id='word_1_3' title='bbox 1120 224 1236 266; x_wconf 85' lang='lat' dir='ltr'><strong>ART.</strong></span> <span class='ocrx_word' id='word_1_4' title='bbox 1269 224 1301 266; x_wconf 90' lang='lat'><strong>1.</strong></span> <span class='ocrx_word' id='word_1_5' title='bbox 1878 229 1959 271; x_wconf 77' lang='lat'><strong>349</strong></span> 
     </span>
    </p>
   </div>
   <div class='ocr_carea' id='block_1_2' title="bbox 57 301 1957 3242">
    <p class='ocr_par' dir='ltr' id='par_1_2' title="bbox 73 301 1957 606">
     <span class='ocr_line' id='line_1_2' title="bbox 75 301 1956 361; baseline 0.001 -12"><span class='ocrx_word' id='word_1_6' title='bbox 75 303 160 350; x_wconf 81' lang='lat' dir='ltr'><strong>sed</strong></span> <span class='ocrx_word' id='word_1_7' title='bbox 178 303 317 349; x_wconf 88' lang='lat' dir='ltr'><strong>etiam</strong></span> <span class='ocrx_word' id='word_1_8' title='bbox 336 302 585 360; x_wconf 88' lang='lat' dir='ltr'><strong>gentilibus</strong></span> <span class='ocrx_word' id='word_1_9' title='bbox 600 301 810 348; x_wconf 75' lang='lat' dir='ltr'>debuerit</span> <span class='ocrx_word' id='word_1_10' title='bbox 826 303 1092 359; x_wconf 87' lang='lat' dir='ltr'><strong>praedicare.</strong></span> <span class='ocrx_word' id='word_1_11' title='bbox 1113 303 1285 347; x_wconf 81' lang='lat' dir='ltr'><strong>Dicitur</strong></span> <span class='ocrx_word' id='word_1_12' title='bbox 1299 302 1423 348; x_wconf 89' lang='lat' dir='ltr'><strong>enim</strong></span> <span class='ocrx_word' id='word_1_13' title='bbox 1444 306 1546 358; x_wconf 86' lang='lat' dir='ltr'><strong>(lsa.</strong></span> <span class='ocrx_word' id='word_1_14' title='bbox 1565 319 1678 361; x_wconf 81' lang='lat' dir='ltr'><strong>xmx,</strong></span> <span class='ocrx_word' id='word_1_15' title='bbox 1700 308 1741 360; x_wconf 88' lang='grc'><strong>6)</strong></span> <span class='ocrx_word' id='word_1_16' title='bbox 1759 318 1771 350; x_wconf 90' lang='lat'>:</span> <span class='ocrx_word' id='word_1_17' title='bbox 1786 309 1956 351; x_wconf 84' lang='lat' dir='ltr'><strong>Parum</strong></span> 
     </span>
     <span class='ocr_line' id='line_1_3' title="bbox 74 364 1957 421; baseline 0.002 -12"><span class='ocrx_word' id='word_1_18' title='bbox 74 369 139 409; x_wconf 83' lang='lat' dir='ltr'><strong>est</strong></span> <span class='ocrx_word' id='word_1_19' title='bbox 154 368 205 409; x_wconf 83' lang='lat' dir='ltr'><strong>ut</strong></span> <span class='ocrx_word' id='word_1_20' title='bbox 224 368 286 409; x_wconf 77' lang='lat' dir='ltr'><strong>sis</strong></span> <span class='ocrx_word' id='word_1_21' title='bbox 304 367 418 409; x_wconf 66' lang='lat' dir='ltr'><strong>milti</strong></span> <span class='ocrx_word' id='word_1_22' title='bbox 435 377 590 408; x_wconf 83' lang='lat' dir='ltr'><strong>servus</strong></span> <span class='ocrx_word' id='word_1_23' title='bbox 605 365 669 408; x_wconf 85' lang='lat' dir='ltr'><strong>ad</strong></span> <span class='ocrx_word' id='word_1_24' title='bbox 684 366 975 408; x_wconf 73' lang='lat' dir='ltr'><strong>suscitandas</strong></span> <span class='ocrx_word' id='word_1_25' title='bbox 995 365 1134 408; x_wconf 80' lang='lat' dir='ltr'><strong>tribus</strong></span> <span class='ocrx_word' id='word_1_26' title='bbox 1151 364 1312 421; x_wconf 82' lang='lat' dir='ltr'><strong>Israel,</strong></span> <span class='ocrx_word' id='word_1_27' title='bbox 1335 369 1379 409; x_wconf 82' lang='lat' dir='ltr'><strong>et</strong></span> <span class='ocrx_word' id='word_1_28' title='bbox 1395 368 1525 420; x_wconf 82' lang='lat' dir='ltr'><strong>faeces</strong></span> <span class='ocrx_word' id='word_1_29' title='bbox 1538 368 1677 411; x_wconf 85' lang='lat' dir='ltr'><em>Jacob</em></span> <span class='ocrx_word' id='word_1_30' title='bbox 1697 373 1957 412; x_wconf 79' lang='lat' dir='ltr'><strong>converten-</strong></span> 
     </span>
     <span class='ocr_line' id='line_1_4' title="bbox 75 426 1953 482; baseline 0.002 -12"><span class='ocrx_word' id='word_1_31' title='bbox 75 427 164 470; x_wconf 80' lang='lat' dir='ltr'><strong>das</strong></span> <span class='ocrx_word' id='word_1_32' title='bbox 178 439 194 468; x_wconf 89' lang='grc'><strong>.·</strong></span> <span class='ocrx_word' id='word_1_33' title='bbox 210 427 319 471; x_wconf 81' lang='lat' dir='ltr'><strong>dedi</strong></span> <span class='ocrx_word' id='word_1_34' title='bbox 341 430 384 469; x_wconf 84' lang='lat' dir='ltr'><strong>te</strong></span> <span class='ocrx_word' id='word_1_35' title='bbox 402 430 450 470; x_wconf 81' lang='lat' dir='ltr'><strong>in</strong></span> <span class='ocrx_word' id='word_1_36' title='bbox 471 426 613 469; x_wconf 85' lang='lat' dir='ltr'><strong>lucem</strong></span> <span class='ocrx_word' id='word_1_37' title='bbox 632 429 845 482; x_wconf 60' lang='lat' dir='ltr'><strong>(lentium,</strong></span> <span class='ocrx_word' id='word_1_38' title='bbox 869 429 920 469; x_wconf 88' lang='lat' dir='ltr'><strong>ut</strong></span> <span class='ocrx_word' id='word_1_39' title='bbox 937 429 1001 468; x_wconf 80' lang='lat' dir='ltr'><strong>sis</strong></span> <span class='ocrx_word' id='word_1_40' title='bbox 1019 426 1146 469; x_wconf 82' lang='lat' dir='ltr'><strong>salus</strong></span> <span class='ocrx_word' id='word_1_41' title='bbox 1165 439 1265 468; x_wconf 86' lang='lat' dir='ltr'><strong>mea</strong></span> <span class='ocrx_word' id='word_1_42' title='bbox 1289 439 1427 481; x_wconf 79' lang='lat' dir='ltr'><strong>usque</strong></span> <span class='ocrx_word' id='word_1_43' title='bbox 1446 428 1511 470; x_wconf 83' lang='lat' dir='ltr'><strong>ad</strong></span> <span class='ocrx_word' id='word_1_44' title='bbox 1528 432 1779 472; x_wconf 77' lang='lat' dir='ltr'><strong>extremum</strong></span> <span class='ocrx_word' id='word_1_45' title='bbox 1805 433 1953 475; x_wconf 79' lang='lat' dir='ltr'><strong>terrae.</strong></span> 
     </span>
     <span class='ocr_line' id='line_1_5' title="bbox 75 486 1953 547; baseline 0.003 -16"><span class='ocrx_word' id='word_1_46' title='bbox 75 487 163 532; x_wconf 83' lang='lat' dir='ltr'><strong>Sed</strong></span> <span class='ocrx_word' id='word_1_47' title='bbox 184 487 343 532; x_wconf 90' lang='lat' dir='ltr'><strong>lumen</strong></span> <span class='ocrx_word' id='word_1_48' title='bbox 363 491 410 531; x_wconf 91' lang='lat' dir='ltr'><strong>et</strong></span> <span class='ocrx_word' id='word_1_49' title='bbox 428 486 621 531; x_wconf 87' lang='lat' dir='ltr'><strong>salutem</strong></span> <span class='ocrx_word' id='word_1_50' title='bbox 646 486 852 531; x_wconf 89' lang='lat' dir='ltr'><strong>Christus</strong></span> <span class='ocrx_word' id='word_1_51' title='bbox 870 486 1066 543; x_wconf 87' lang='lat' dir='ltr'><strong>praebuit</strong></span> <span class='ocrx_word' id='word_1_52' title='bbox 1087 499 1169 542; x_wconf 88' lang='lat' dir='ltr'><strong>per</strong></span> <span class='ocrx_word' id='word_1_53' title='bbox 1187 498 1322 530; x_wconf 87' lang='lat' dir='ltr'><strong>suam</strong></span> <span class='ocrx_word' id='word_1_54' title='bbox 1344 487 1616 533; x_wconf 83' lang='lat' dir='ltr'><strong>doctrinam.</strong></span> <span class='ocrx_word' id='word_1_55' title='bbox 1638 492 1756 547; x_wconf 85' lang='lat' dir='ltr'><strong>Ergo</strong></span> <span class='ocrx_word' id='word_1_56' title='bbox 1775 489 1953 536; x_wconf 86' lang='lat' dir='ltr'><strong>videtur</strong></span> 
     </span>
     <span class='ocr_line' id='line_1_6' title="bbox 73 548 1601 606; baseline 0.002 -14"><span class='ocrx_word' id='word_1_57' title='bbox 73 552 239 606; x_wconf 80' lang='lat' dir='ltr'><strong>parum</strong></span> <span class='ocrx_word' id='word_1_58' title='bbox 263 548 420 604; x_wconf 81' lang='lat' dir='ltr'><strong>fuisse,</strong></span> <span class='ocrx_word' id='word_1_59' title='bbox 439 548 478 593; x_wconf 90' lang='lat' dir='ltr'><strong>si</strong></span> <span class='ocrx_word' id='word_1_60' title='bbox 498 548 648 593; x_wconf 81' lang='lat' dir='ltr'><strong>solum</strong></span> <span class='ocrx_word' id='word_1_61' title='bbox 670 549 840 593; x_wconf 88' lang='lat' dir='ltr'><strong>Judaeis</strong></span> <span class='ocrx_word' id='word_1_62' title='bbox 862 553 909 593; x_wconf 89' lang='lat' dir='ltr'><strong>et</strong></span> <span class='ocrx_word' id='word_1_63' title='bbox 931 561 1024 592; x_wconf 90' lang='lat' dir='ltr'><strong>non</strong></span> <span class='ocrx_word' id='word_1_64' title='bbox 1046 548 1295 605; x_wconf 86' lang='lat' dir='ltr'><strong>gentilibus</strong></span> <span class='ocrx_word' id='word_1_65' title='bbox 1318 549 1601 604; x_wconf 84' lang='lat' dir='ltr'><strong>praedicavit.</strong></span> 
     </span>
    </p>

    <p class='ocr_par' dir='ltr' id='par_1_3' title="bbox 72 610 1954 975">
     <span class='ocr_line' id='line_1_7' title="bbox 129 610 1954 672; baseline 0.003 -17"><span class='ocrx_word' id='word_1_66' title='bbox 129 613 171 655; x_wconf 78' lang='lat'><strong>2.</strong></span> <span class='ocrx_word' id='word_1_67' title='bbox 204 613 443 669; x_wconf 77' lang='lat' dir='ltr'><strong>Praeterea,</strong></span> <span class='ocrx_word' id='word_1_68' title='bbox 467 610 586 654; x_wconf 89' lang='lat' dir='ltr'><strong>sicut</strong></span> <span class='ocrx_word' id='word_1_69' title='bbox 608 610 775 655; x_wconf 85' lang='lat' dir='ltr'><strong>dicitur</strong></span> <span class='ocrx_word' id='word_1_70' title='bbox 797 610 964 665; x_wconf 86' lang='lat' dir='ltr'><strong>(Matth.</strong></span> <span class='ocrx_word' id='word_1_71' title='bbox 990 624 1071 669; x_wconf 85' lang='lat' dir='ltr'><strong>vn,</strong></span> <span class='ocrx_word' id='word_1_72' title='bbox 1096 613 1165 664; x_wconf 70' lang='lat'><strong>529)</strong></span> <span class='ocrx_word' id='word_1_73' title='bbox 1187 613 1246 664; x_wconf 81' lang='lat'><strong>(1)</strong></span> <span class='ocrx_word' id='word_1_74' title='bbox 1263 624 1276 654; x_wconf 76' lang='grc' dir='ltr'><strong>ε</strong></span> <span class='ocrx_word' id='word_1_75' title='bbox 1293 614 1411 654; x_wconf 86' lang='lat' dir='ltr'><strong>Erat</strong></span> <span class='ocrx_word' id='word_1_76' title='bbox 1432 611 1596 656; x_wconf 78' lang='lat' dir='ltr'><strong>docens</strong></span> <span class='ocrx_word' id='word_1_77' title='bbox 1617 626 1706 669; x_wconf 79' lang='lat' dir='ltr'><strong>eos,</strong></span> <span class='ocrx_word' id='word_1_78' title='bbox 1731 617 1847 659; x_wconf 75' lang='lat' dir='ltr'><strong>sicut</strong></span> <span class='ocrx_word' id='word_1_79' title='bbox 1872 629 1954 672; x_wconf 83' lang='lat' dir='ltr'><strong>po-</strong></span> 
     </span>
     <span class='ocr_line' id='line_1_8' title="bbox 75 671 1953 729; baseline 0.003 -13"><span class='ocrx_word' id='word_1_80' title='bbox 75 675 285 716; x_wconf 80' lang='lat' dir='ltr'><em>testatem</em></span> <span class='ocrx_word' id='word_1_81' title='bbox 314 673 498 722; x_wconf 73' lang='lat' dir='ltr'><strong>lmbem.</strong></span> <span class='ocrx_word' id='word_1_82' title='bbox 528 671 615 716; x_wconf 87' lang='lat' dir='ltr'><strong>Sed</strong></span> <span class='ocrx_word' id='word_1_83' title='bbox 646 672 794 729; x_wconf 89' lang='lat' dir='ltr'><strong>maj0r</strong></span> <span class='ocrx_word' id='word_1_84' title='bbox 825 676 1029 728; x_wconf 87' lang='lat' dir='ltr'><strong>potestas</strong></span> <span class='ocrx_word' id='word_1_85' title='bbox 1051 672 1271 717; x_wconf 86' lang='lat' dir='ltr'><strong>doctrinae</strong></span> <span class='ocrx_word' id='word_1_86' title='bbox 1292 673 1551 718; x_wconf 84' lang='lat' dir='ltr'><strong>ostenditur</strong></span> <span class='ocrx_word' id='word_1_87' title='bbox 1571 673 1620 717; x_wconf 90' lang='lat' dir='ltr'><strong>in</strong></span> <span class='ocrx_word' id='word_1_88' title='bbox 1653 674 1953 722; x_wconf 77' lang='lat' dir='ltr'><strong>Instructione</strong></span> 
     </span>
     <span class='ocr_line' id='line_1_9' title="bbox 72 731 1951 792; baseline 0.002 -15"><span class='ocrx_word' id='word_1_89' title='bbox 72 731 258 778; x_wconf 89' lang='lat' dir='ltr'><strong>illorum</strong></span> <span class='ocrx_word' id='word_1_90' title='bbox 279 733 358 790; x_wconf 90' lang='lat' dir='ltr'><strong>qui</strong></span> <span class='ocrx_word' id='word_1_91' title='bbox 376 732 559 789; x_wconf 81' lang='lat' dir='ltr'><strong>penitus</strong></span> <span class='ocrx_word' id='word_1_92' title='bbox 578 731 691 776; x_wconf 90' lang='lat' dir='ltr'><strong>nihil</strong></span> <span class='ocrx_word' id='word_1_93' title='bbox 710 733 969 788; x_wconf 77' lang='lat' dir='ltr'><strong>audierant,</strong></span> <span class='ocrx_word' id='word_1_94' title='bbox 987 733 1148 791; x_wconf 87' lang='lat' dir='ltr'><strong>quales</strong></span> <span class='ocrx_word' id='word_1_95' title='bbox 1167 738 1301 779; x_wconf 86' lang='lat' dir='ltr'><strong>erant</strong></span> <span class='ocrx_word' id='word_1_96' title='bbox 1319 734 1545 791; x_wconf 86' lang='lat' dir='ltr'><strong>gentiles:</strong></span> <span class='ocrx_word' id='word_1_97' title='bbox 1566 735 1693 779; x_wconf 89' lang='lat' dir='ltr'><strong>unde</strong></span> <span class='ocrx_word' id='word_1_98' title='bbox 1707 737 1951 792; x_wconf 86' lang='lat' dir='ltr'><strong>Apostolus</strong></span> 
     </span>
     <span class='ocr_line' id='line_1_10' title="bbox 72 793 1950 853; baseline 0.001 -14"><span class='ocrx_word' id='word_1_99' title='bbox 72 793 181 839; x_wconf 86' lang='lat' dir='ltr'><strong>dicit</strong></span> <span class='ocrx_word' id='word_1_100' title='bbox 203 797 345 849; x_wconf 83' lang='lat' dir='ltr'><strong>(Rom.</strong></span> <span class='ocrx_word' id='word_1_101' title='bbox 366 808 435 851; x_wconf 85' lang='lat' dir='ltr'><strong>xv,</strong></span> <span class='ocrx_word' id='word_1_102' title='bbox 456 796 554 850; x_wconf 79' lang='lat'>20):</span> <span class='ocrx_word' id='word_1_103' title='bbox 573 797 648 838; x_wconf 79' lang='lat' dir='ltr'><strong>Sic</strong></span> <span class='ocrx_word' id='word_1_104' title='bbox 673 797 924 851; x_wconf 77' lang='lat' dir='ltr'><strong>praedicavz&#39;</strong></span> <span class='ocrx_word' id='word_1_105' title='bbox 945 795 1243 851; x_wconf 74' lang='lat' dir='ltr'><strong>Evonqelium</strong></span> <span class='ocrx_word' id='word_1_106' title='bbox 1266 797 1366 853; x_wconf 79' lang='lat' dir='ltr'><strong>hoc,</strong></span> <span class='ocrx_word' id='word_1_107' title='bbox 1387 809 1477 839; x_wconf 80' lang='lat' dir='ltr'><strong>non</strong></span> <span class='ocrx_word' id='word_1_108' title='bbox 1505 796 1581 839; x_wconf 83' lang='lat' dir='ltr'><strong>ubi</strong></span> <span class='ocrx_word' id='word_1_109' title='bbox 1607 799 1864 840; x_wconf 65' lang='lat' dir='ltr'><strong>nominatus</strong></span> <span class='ocrx_word' id='word_1_110' title='bbox 1885 802 1950 842; x_wconf 83' lang='lat' dir='ltr'><strong>est</strong></span> 
     </span>
     <span class='ocr_line' id='line_1_11' title="bbox 72 856 1950 915; baseline 0.002 -16"><span class='ocrx_word' id='word_1_111' title='bbox 72 856 296 915; x_wconf 75' lang='lat' dir='ltr'><strong>Christus,</strong></span> <span class='ocrx_word' id='word_1_112' title='bbox 327 869 381 899; x_wconf 84' lang='lat' dir='ltr'><strong>ne</strong></span> <span class='ocrx_word' id='word_1_113' title='bbox 406 869 542 911; x_wconf 83' lang='lat' dir='ltr'><strong>super</strong></span> <span class='ocrx_word' id='word_1_114' title='bbox 563 857 762 900; x_wconf 78' lang='lat' dir='ltr'><strong>alienum</strong></span> <span class='ocrx_word' id='word_1_115' title='bbox 791 859 1138 910; x_wconf 79' lang='lat' dir='ltr'><strong>fundamentum</strong></span> <span class='ocrx_word' id='word_1_116' title='bbox 1168 858 1458 911; x_wconf 81' lang='lat' dir='ltr'><strong>aedilicarem.</strong></span> <span class='ocrx_word' id='word_1_117' title='bbox 1482 859 1601 915; x_wconf 87' lang='lat' dir='ltr'><strong>Ergo</strong></span> <span class='ocrx_word' id='word_1_118' title='bbox 1628 858 1776 902; x_wconf 74' lang='lat' dir='ltr'><strong>multo</strong></span> <span class='ocrx_word' id='word_1_119' title='bbox 1803 859 1950 914; x_wconf 83' lang='lat' dir='ltr'><strong>magis</strong></span> 
     </span>
     <span class='ocr_line' id='line_1_12' title="bbox 72 917 1375 975; baseline 0.002 -14"><span class='ocrx_word' id='word_1_120' title='bbox 72 917 276 963; x_wconf 90' lang='lat' dir='ltr'><strong>Christus</strong></span> <span class='ocrx_word' id='word_1_121' title='bbox 298 918 548 975; x_wconf 86' lang='lat' dir='ltr'><strong>praedicare</strong></span> <span class='ocrx_word' id='word_1_122' title='bbox 570 917 728 962; x_wconf 87' lang='lat' dir='ltr'><strong>debuit</strong></span> <span class='ocrx_word' id='word_1_123' title='bbox 755 918 1004 975; x_wconf 89' lang='lat' dir='ltr'><strong>gentilibus</strong></span> <span class='ocrx_word' id='word_1_124' title='bbox 1028 918 1168 975; x_wconf 77' lang='lat' dir='ltr'><strong>quam</strong></span> <span class='ocrx_word' id='word_1_125' title='bbox 1190 918 1375 964; x_wconf 70' lang='lat' dir='ltr'><strong>iudaeis.</strong></span> 
     </span>
    </p>

    <p class='ocr_par' dir='ltr' id='par_1_4' title="bbox 70 979 1950 1221">
     <span class='ocr_line' id='line_1_13' title="bbox 127 979 1949 1038; baseline 0.001 -14"><span class='ocrx_word' id='word_1_126' title='bbox 127 982 169 1024; x_wconf 89' lang='lat'><strong>3.</strong></span> <span class='ocrx_word' id='word_1_127' title='bbox 203 982 441 1035; x_wconf 70' lang='lat' dir='ltr'><strong>Praeterea‚</strong></span> <span class='ocrx_word' id='word_1_128' title='bbox 467 979 622 1024; x_wconf 90' lang='lat' dir='ltr'><strong>utilior</strong></span> <span class='ocrx_word' id='word_1_129' title='bbox 646 985 717 1024; x_wconf 92' lang='lat' dir='ltr'><strong>est</strong></span> <span class='ocrx_word' id='word_1_130' title='bbox 737 980 980 1025; x_wconf 83' lang='lat' dir='ltr'><strong>instructio</strong></span> <span class='ocrx_word' id='word_1_131' title='bbox 1003 980 1256 1025; x_wconf 87' lang='lat' dir='ltr'><strong>multorum</strong></span> <span class='ocrx_word' id='word_1_132' title='bbox 1278 980 1420 1038; x_wconf 76' lang='lat' dir='ltr'><strong>quam</strong></span> <span class='ocrx_word' id='word_1_133' title='bbox 1447 980 1604 1026; x_wconf 88' lang='lat' dir='ltr'><strong>unius.</strong></span> <span class='ocrx_word' id='word_1_134' title='bbox 1632 981 1718 1027; x_wconf 90' lang='lat' dir='ltr'><strong>Sed</strong></span> <span class='ocrx_word' id='word_1_135' title='bbox 1745 982 1949 1027; x_wconf 88' lang='lat' dir='ltr'><strong>Christus</strong></span> 
     </span>
     <span class='ocr_line' id='line_1_14' title="bbox 73 1039 1950 1099; baseline 0.002 -15"><span class='ocrx_word' id='word_1_136' title='bbox 73 1039 252 1097; x_wconf 89' lang='lat' dir='ltr'><strong>aliquos</strong></span> <span class='ocrx_word' id='word_1_137' title='bbox 270 1041 509 1098; x_wconf 83' lang='lat' dir='ltr'><strong>gentilium</strong></span> <span class='ocrx_word' id='word_1_138' title='bbox 529 1041 763 1098; x_wconf 86' lang='lat' dir='ltr'><strong>instruxit,</strong></span> <span class='ocrx_word' id='word_1_139' title='bbox 778 1041 899 1086; x_wconf 89' lang='lat' dir='ltr'><strong>sicut</strong></span> <span class='ocrx_word' id='word_1_140' title='bbox 913 1041 1155 1086; x_wconf 87' lang='lat' dir='ltr'><strong>mulierem</strong></span> <span class='ocrx_word' id='word_1_141' title='bbox 1172 1042 1504 1087; x_wconf 83' lang='lat' dir='ltr'><strong>samaritanam</strong></span> <span class='ocrx_word' id='word_1_142' title='bbox 1521 1044 1664 1096; x_wconf 83' lang='lat' dir='ltr'><strong>(Joan.</strong></span> <span class='ocrx_word' id='word_1_143' title='bbox 1683 1043 1760 1099; x_wconf 81' lang='grc' dir='ltr'><strong>ιν),</strong></span> <span class='ocrx_word' id='word_1_144' title='bbox 1777 1047 1824 1087; x_wconf 85' lang='grc'><strong>01</strong></span> <span class='ocrx_word' id='word_1_145' title='bbox 1837 1043 1950 1087; x_wconf 86' lang='lat' dir='ltr'><strong>Cha-</strong></span> 
     </span>
     <span class='ocr_line' id='line_1_15' title="bbox 71 1103 1948 1160; baseline 0.002 -14"><span class='ocrx_word' id='word_1_146' title='bbox 71 1114 281 1147; x_wconf 84' lang='lat' dir='ltr'><strong>nanaeam</strong></span> <span class='ocrx_word' id='word_1_147' title='bbox 298 1105 465 1157; x_wconf 89' lang='lat' dir='ltr'><strong>(Matth.</strong></span> <span class='ocrx_word' id='word_1_148' title='bbox 482 1105 566 1158; x_wconf 85' lang='lat' dir='ltr'>xv).</span> <span class='ocrx_word' id='word_1_149' title='bbox 586 1106 703 1159; x_wconf 88' lang='lat' dir='ltr'><strong>Ergo</strong></span> <span class='ocrx_word' id='word_1_150' title='bbox 713 1104 894 1148; x_wconf 85' lang='lat' dir='ltr'><strong>videtur</strong></span> <span class='ocrx_word' id='word_1_151' title='bbox 906 1103 1031 1160; x_wconf 82' lang='lat' dir='ltr'><strong>quod</strong></span> <span class='ocrx_word' id='word_1_152' title='bbox 1040 1103 1187 1148; x_wconf 82' lang='lat' dir='ltr'><strong>multo</strong></span> <span class='ocrx_word' id='word_1_153' title='bbox 1201 1104 1366 1148; x_wconf 81' lang='lat' dir='ltr'><strong>fortius</strong></span> <span class='ocrx_word' id='word_1_154' title='bbox 1379 1103 1587 1148; x_wconf 88' lang='lat' dir='ltr'><strong>Christus</strong></span> <span class='ocrx_word' id='word_1_155' title='bbox 1599 1104 1811 1149; x_wconf 88' lang='lat' dir='ltr'><strong>debuerit</strong></span> <span class='ocrx_word' id='word_1_156' title='bbox 1826 1105 1948 1149; x_wconf 91' lang='lat' dir='ltr'><strong>mul-</strong></span> 
     </span>
     <span class='ocr_line' id='line_1_16' title="bbox 70 1162 768 1221; baseline 0.003 -15"><span class='ocrx_word' id='word_1_157' title='bbox 70 1162 255 1207; x_wconf 88' lang='lat' dir='ltr'><strong>titudini</strong></span> <span class='ocrx_word' id='word_1_158' title='bbox 277 1164 482 1221; x_wconf 88' lang='lat' dir='ltr'><strong>gentium</strong></span> <span class='ocrx_word' id='word_1_159' title='bbox 504 1164 768 1220; x_wconf 87' lang='lat' dir='ltr'><strong>praedicare.</strong></span> 
     </span>
    </p>

    <p class='ocr_par' dir='ltr' id='par_1_5' title="bbox 66 1225 1949 1452">
     <span class='ocr_line' id='line_1_17' title="bbox 126 1225 1949 1281; baseline 0.002 -13"><span class='ocrx_word' id='word_1_160' title='bbox 126 1225 211 1270; x_wconf 88' lang='lat' dir='ltr'><strong>Sed</strong></span> <span class='ocrx_word' id='word_1_161' title='bbox 235 1228 396 1268; x_wconf 80' lang='lat' dir='ltr'><strong>contra</strong></span> <span class='ocrx_word' id='word_1_162' title='bbox 419 1225 633 1281; x_wconf 90' lang='lat' dir='ltr'><strong>estquod</strong></span> <span class='ocrx_word' id='word_1_163' title='bbox 650 1225 872 1270; x_wconf 90' lang='lat' dir='ltr'><strong>Dominus</strong></span> <span class='ocrx_word' id='word_1_164' title='bbox 890 1225 1001 1270; x_wconf 90' lang='lat' dir='ltr'><strong>dicit</strong></span> <span class='ocrx_word' id='word_1_165' title='bbox 1023 1226 1192 1279; x_wconf 86' lang='lat' dir='ltr'><strong>(Matth.</strong></span> <span class='ocrx_word' id='word_1_166' title='bbox 1215 1239 1286 1280; x_wconf 76' lang='lat' dir='ltr'><strong>xv,</strong></span> <span class='ocrx_word' id='word_1_167' title='bbox 1308 1228 1379 1278; x_wconf 76' lang='lat'><strong>24)</strong></span> <span class='ocrx_word' id='word_1_168' title='bbox 1407 1242 1417 1270; x_wconf 73' lang='grc' dir='ltr'><strong><em>ε</em></strong></span> <span class='ocrx_word' id='word_1_169' title='bbox 1443 1230 1543 1270; x_wconf 85' lang='lat' dir='ltr'><strong>Non</strong></span> <span class='ocrx_word' id='word_1_170' title='bbox 1565 1240 1664 1270; x_wconf 81' lang='lat' dir='ltr'><strong>sum</strong></span> <span class='ocrx_word' id='word_1_171' title='bbox 1681 1230 1842 1270; x_wconf 76' lang='lat' dir='ltr'><strong>missus</strong></span> <span class='ocrx_word' id='word_1_172' title='bbox 1858 1232 1949 1272; x_wconf 79' lang='lat' dir='ltr'><strong>nisi</strong></span> 
     </span>
     <span class='ocr_line' id='line_1_18' title="bbox 69 1285 1947 1345; baseline 0.003 -18"><span class='ocrx_word' id='word_1_173' title='bbox 69 1285 136 1328; x_wconf 82' lang='lat' dir='ltr'><strong>ad</strong></span> <span class='ocrx_word' id='word_1_174' title='bbox 157 1298 273 1340; x_wconf 86' lang='lat' dir='ltr'><strong>oves,</strong></span> <span class='ocrx_word' id='word_1_175' title='bbox 310 1298 407 1341; x_wconf 79' lang='lat' dir='ltr'><strong>quae</strong></span> <span class='ocrx_word' id='word_1_176' title='bbox 436 1288 667 1341; x_wconf 78' lang='lat' dir='ltr'><strong>perierunt</strong></span> <span class='ocrx_word' id='word_1_177' title='bbox 687 1287 844 1330; x_wconf 74' lang='lat' dir='ltr'><strong>domus</strong></span> <span class='ocrx_word' id='word_1_178' title='bbox 862 1286 1021 1330; x_wconf 82' lang='lat' dir='ltr'><strong>Israel.</strong></span> <span class='ocrx_word' id='word_1_179' title='bbox 1058 1287 1144 1331; x_wconf 90' lang='lat' dir='ltr'><strong>Sed</strong></span> <span class='ocrx_word' id='word_1_180' title='bbox 1170 1287 1315 1342; x_wconf 84' lang='lat' dir='ltr'><strong>(Rom.</strong></span> <span class='ocrx_word' id='word_1_181' title='bbox 1334 1301 1378 1343; x_wconf 83' lang='lat' dir='ltr'><strong>x,</strong></span> <span class='ocrx_word' id='word_1_182' title='bbox 1404 1289 1474 1341; x_wconf 77' lang='lat'><strong>15)</strong></span> <span class='ocrx_word' id='word_1_183' title='bbox 1491 1286 1659 1332; x_wconf 86' lang='lat' dir='ltr'><strong>dicitur</strong></span> <span class='ocrx_word' id='word_1_184' title='bbox 1682 1300 1694 1325; x_wconf 89' lang='lat'><strong>.·</strong></span> <span class='ocrx_word' id='word_1_185' title='bbox 1719 1291 1947 1345; x_wconf 79' lang='lat' dir='ltr'><strong>Quomodo</strong></span> 
     </span>
     <span class='ocr_line' id='line_1_19' title="bbox 66 1345 1944 1405; baseline 0.003 -17"><span class='ocrx_word' id='word_1_186' title='bbox 66 1345 390 1402; x_wconf 71' lang='lat' dir='ltr'><strong>praedicabunt,</strong></span> <span class='ocrx_word' id='word_1_187' title='bbox 422 1349 511 1389; x_wconf 76' lang='lat' dir='ltr'><strong>nisi</strong></span> <span class='ocrx_word' id='word_1_188' title='bbox 539 1347 815 1391; x_wconf 76' lang='lat' dir='ltr'><strong>mittantur?</strong></span> <span class='ocrx_word' id='word_1_189' title='bbox 847 1350 965 1404; x_wconf 89' lang='lat' dir='ltr'><strong>Ergo</strong></span> <span class='ocrx_word' id='word_1_190' title='bbox 997 1348 1202 1392; x_wconf 90' lang='lat' dir='ltr'><strong>Christus</strong></span> <span class='ocrx_word' id='word_1_191' title='bbox 1240 1360 1334 1392; x_wconf 93' lang='lat' dir='ltr'><strong>non</strong></span> <span class='ocrx_word' id='word_1_192' title='bbox 1375 1348 1537 1393; x_wconf 88' lang='lat' dir='ltr'><strong>debuit</strong></span> <span class='ocrx_word' id='word_1_193' title='bbox 1573 1348 1825 1405; x_wconf 88' lang='lat' dir='ltr'><strong>praedicare</strong></span> <span class='ocrx_word' id='word_1_194' title='bbox 1856 1350 1944 1395; x_wconf 87' lang='lat' dir='ltr'><strong>nisi</strong></span> 
     </span>
     <span class='ocr_line' id='line_1_20' title="bbox 67 1407 250 1452; baseline 0.011 -3"><span class='ocrx_word' id='word_1_195' title='bbox 67 1407 250 1452; x_wconf 79' lang='lat' dir='ltr'><strong>Iudaeis.</strong></span> 
     </span>
    </p>

    <p class='ocr_par' dir='ltr' id='par_1_6' title="bbox 67 1475 1943 1635">
     <span class='ocr_line' id='line_1_21' title="bbox 116 1475 1943 1530; baseline 0.002 -15"><span class='ocrx_word' id='word_1_196' title='bbox 116 1475 404 1515; x_wconf 90' lang='lat' dir='ltr'><strong>CONCLUSIO.</strong></span> <span class='ocrx_word' id='word_1_197' title='bbox 421 1497 467 1504; x_wconf 89' lang='lat'><em>-</em></span> <span class='ocrx_word' id='word_1_198' title='bbox 486 1475 740 1515; x_wconf 87' lang='lat' dir='ltr'><strong>Conveniens</strong></span> <span class='ocrx_word' id='word_1_199' title='bbox 754 1476 850 1526; x_wconf 84' lang='lat' dir='ltr'><strong>fuit,</strong></span> <span class='ocrx_word' id='word_1_200' title='bbox 867 1479 915 1515; x_wconf 87' lang='lat' dir='ltr'><strong>ut</strong></span> <span class='ocrx_word' id='word_1_201' title='bbox 933 1475 1120 1517; x_wconf 88' lang='lat' dir='ltr'><strong>Christus</strong></span> <span class='ocrx_word' id='word_1_202' title='bbox 1135 1479 1220 1515; x_wconf 84' lang='grc'><strong>13111</strong></span> <span class='ocrx_word' id='word_1_203' title='bbox 1238 1488 1307 1528; x_wconf 89' lang='lat' dir='ltr'><strong>per</strong></span> <span class='ocrx_word' id='word_1_204' title='bbox 1320 1488 1376 1526; x_wconf 91' lang='lat' dir='ltr'><strong>se,</strong></span> <span class='ocrx_word' id='word_1_205' title='bbox 1392 1478 1518 1528; x_wconf 74' lang='lat' dir='ltr'><strong>quam</strong></span> <span class='ocrx_word' id='word_1_206' title='bbox 1533 1489 1603 1529; x_wconf 89' lang='lat' dir='ltr'><strong>per</strong></span> <span class='ocrx_word' id='word_1_207' title='bbox 1619 1478 1822 1530; x_wconf 86' lang='lat' dir='ltr'><strong>apostolos</strong></span> <span class='ocrx_word' id='word_1_208' title='bbox 1835 1491 1943 1529; x_wconf 83' lang='lat' dir='ltr'><strong>suos,</strong></span> 
     </span>
     <span class='ocr_line' id='line_1_22' title="bbox 67 1529 1943 1586; baseline 0.003 -18"><span class='ocrx_word' id='word_1_209' title='bbox 67 1529 242 1569; x_wconf 81' lang='lat' dir='ltr'><strong>salutem</strong></span> <span class='ocrx_word' id='word_1_210' title='bbox 260 1529 302 1568; x_wconf 91' lang='lat' dir='ltr'><strong>in</strong></span> <span class='ocrx_word' id='word_1_211' title='bbox 320 1529 517 1581; x_wconf 83' lang='lat' dir='ltr'><strong>principio</strong></span> <span class='ocrx_word' id='word_1_212' title='bbox 542 1530 694 1570; x_wconf 87' lang='lat' dir='ltr'><strong>Judaeis</strong></span> <span class='ocrx_word' id='word_1_213' title='bbox 714 1531 811 1570; x_wconf 90' lang='lat' dir='ltr'><strong>solis</strong></span> <span class='ocrx_word' id='word_1_214' title='bbox 837 1530 1085 1582; x_wconf 78' lang='lat' dir='ltr'><strong>praedicaret,</strong></span> <span class='ocrx_word' id='word_1_215' title='bbox 1108 1535 1154 1570; x_wconf 88' lang='lat' dir='ltr'><strong>ut</strong></span> <span class='ocrx_word' id='word_1_216' title='bbox 1170 1542 1240 1583; x_wconf 86' lang='lat' dir='ltr'><strong>per</strong></span> <span class='ocrx_word' id='word_1_217' title='bbox 1264 1542 1389 1571; x_wconf 90' lang='lat' dir='ltr'><strong>suum</strong></span> <span class='ocrx_word' id='word_1_218' title='bbox 1412 1532 1638 1573; x_wconf 85' lang='lat' dir='ltr'><strong>adventum</strong></span> <span class='ocrx_word' id='word_1_219' title='bbox 1660 1534 1943 1586; x_wconf 85' lang='lat' dir='ltr'><strong>promissiones</strong></span> 
     </span>
     <span class='ocr_line' id='line_1_23' title="bbox 67 1583 910 1635; baseline 0.002 -12"><span class='ocrx_word' id='word_1_220' title='bbox 67 1583 170 1624; x_wconf 88' lang='lat' dir='ltr'><strong>olim</strong></span> <span class='ocrx_word' id='word_1_221' title='bbox 184 1584 206 1623; x_wconf 84' lang='lat' dir='ltr'>J</span> <span class='ocrx_word' id='word_1_222' title='bbox 210 1583 335 1623; x_wconf 84' lang='lat' dir='ltr'><strong>udaeis</strong></span> <span class='ocrx_word' id='word_1_223' title='bbox 354 1583 477 1623; x_wconf 74' lang='lat' dir='ltr'><strong>factas</strong></span> <span class='ocrx_word' id='word_1_224' title='bbox 493 1584 656 1635; x_wconf 88' lang='lat' dir='ltr'><strong>impleri</strong></span> <span class='ocrx_word' id='word_1_225' title='bbox 670 1586 910 1625; x_wconf 75' lang='lat' dir='ltr'><strong>ostenderet.</strong></span> 
     </span>
    </p>

    <p class='ocr_par' dir='ltr' id='par_1_7' title="bbox 57 1646 1943 3242">
     <span class='ocr_line' id='line_1_24' title="bbox 121 1646 1941 1705; baseline 0.003 -15"><span class='ocrx_word' id='word_1_226' title='bbox 121 1646 390 1702; x_wconf 87' lang='lat' dir='ltr'><strong>Respondeo</strong></span> <span class='ocrx_word' id='word_1_227' title='bbox 413 1646 659 1691; x_wconf 89' lang='lat' dir='ltr'><strong>dicendum</strong></span> <span class='ocrx_word' id='word_1_228' title='bbox 689 1647 813 1704; x_wconf 82' lang='lat' dir='ltr'><strong>quod</strong></span> <span class='ocrx_word' id='word_1_229' title='bbox 835 1647 1120 1692; x_wconf 86' lang='lat' dir='ltr'><strong>conveniens</strong></span> <span class='ocrx_word' id='word_1_230' title='bbox 1144 1647 1229 1692; x_wconf 84' lang='lat' dir='ltr'><strong>fuit</strong></span> <span class='ocrx_word' id='word_1_231' title='bbox 1253 1648 1627 1705; x_wconf 80' lang='lat' dir='ltr'><strong>praedicationem</strong></span> <span class='ocrx_word' id='word_1_232' title='bbox 1658 1650 1822 1695; x_wconf 88' lang='lat' dir='ltr'><strong>Christi</strong></span> <span class='ocrx_word' id='word_1_233' title='bbox 1850 1655 1941 1695; x_wconf 87' lang='lat' dir='ltr'><strong>tam</strong></span> 
     </span>
     <span class='ocr_line' id='line_1_25' title="bbox 67 1708 1943 1767; baseline 0.003 -15"><span class='ocrx_word' id='word_1_234' title='bbox 67 1720 150 1766; x_wconf 87' lang='lat' dir='ltr'><strong>per</strong></span> <span class='ocrx_word' id='word_1_235' title='bbox 167 1708 319 1764; x_wconf 90' lang='lat' dir='ltr'><strong>ipsum</strong></span> <span class='ocrx_word' id='word_1_236' title='bbox 343 1709 484 1765; x_wconf 78' lang='lat' dir='ltr'><strong>quam</strong></span> <span class='ocrx_word' id='word_1_237' title='bbox 505 1721 587 1765; x_wconf 88' lang='lat' dir='ltr'><strong>per</strong></span> <span class='ocrx_word' id='word_1_238' title='bbox 607 1710 840 1765; x_wconf 89' lang='lat' dir='ltr'><strong>apostolos</strong></span> <span class='ocrx_word' id='word_1_239' title='bbox 859 1710 886 1754; x_wconf 78' lang='lat' dir='ltr'><strong>a</strong></span> <span class='ocrx_word' id='word_1_240' title='bbox 904 1710 1129 1767; x_wconf 86' lang='lat' dir='ltr'><strong>principio</strong></span> <span class='ocrx_word' id='word_1_241' title='bbox 1148 1710 1259 1754; x_wconf 91' lang='lat' dir='ltr'><strong>solis</strong></span> <span class='ocrx_word' id='word_1_242' title='bbox 1277 1710 1446 1755; x_wconf 87' lang='lat' dir='ltr'><strong>Judaeis</strong></span> <span class='ocrx_word' id='word_1_243' title='bbox 1465 1711 1671 1756; x_wconf 88' lang='lat' dir='ltr'><strong>exhiberi</strong></span> <span class='ocrx_word' id='word_1_244' title='bbox 1695 1714 1770 1765; x_wconf 72' lang='lat'><strong>(2).</strong></span> <span class='ocrx_word' id='word_1_245' title='bbox 1793 1713 1943 1759; x_wconf 79' lang='lat' dir='ltr'><strong>Primo</strong></span> 
     </span>
     <span class='ocr_line' id='line_1_26' title="bbox 67 1769 1943 1831; baseline 0.004 -18"><span class='ocrx_word' id='word_1_246' title='bbox 67 1769 254 1827; x_wconf 89' lang='lat' dir='ltr'><strong>quidem</strong></span> <span class='ocrx_word' id='word_1_247' title='bbox 271 1775 321 1813; x_wconf 90' lang='lat' dir='ltr'><strong>ut</strong></span> <span class='ocrx_word' id='word_1_248' title='bbox 339 1770 602 1814; x_wconf 86' lang='lat' dir='ltr'><strong>ostenderet</strong></span> <span class='ocrx_word' id='word_1_249' title='bbox 624 1783 706 1827; x_wconf 90' lang='lat' dir='ltr'><strong>per</strong></span> <span class='ocrx_word' id='word_1_250' title='bbox 721 1783 859 1816; x_wconf 90' lang='lat' dir='ltr'><strong>suum</strong></span> <span class='ocrx_word' id='word_1_251' title='bbox 875 1772 1123 1816; x_wconf 82' lang='lat' dir='ltr'><strong>adventum</strong></span> <span class='ocrx_word' id='word_1_252' title='bbox 1143 1771 1321 1827; x_wconf 88' lang='lat' dir='ltr'><strong>impleri</strong></span> <span class='ocrx_word' id='word_1_253' title='bbox 1343 1772 1674 1828; x_wconf 89' lang='lat' dir='ltr'><strong>promissiones</strong></span> <span class='ocrx_word' id='word_1_254' title='bbox 1689 1774 1943 1831; x_wconf 82' lang='lat' dir='ltr'><strong>antiquitus</strong></span> 
     </span>
     <span class='ocr_line' id='line_1_27' title="bbox 66 1830 1938 1890; baseline 0.004 -16"><span class='ocrx_word' id='word_1_255' title='bbox 66 1830 213 1874; x_wconf 87' lang='lat' dir='ltr'><strong>factas</strong></span> <span class='ocrx_word' id='word_1_256' title='bbox 235 1830 419 1886; x_wconf 76' lang='lat' dir='ltr'><strong>Judaeis,</strong></span> <span class='ocrx_word' id='word_1_257' title='bbox 446 1843 538 1874; x_wconf 92' lang='lat' dir='ltr'><strong>non</strong></span> <span class='ocrx_word' id='word_1_258' title='bbox 571 1836 725 1876; x_wconf 87' lang='lat' dir='ltr'><strong>autem</strong></span> <span class='ocrx_word' id='word_1_259' title='bbox 757 1831 1024 1889; x_wconf 88' lang='lat' dir='ltr'><strong>gentilibus.</strong></span> <span class='ocrx_word' id='word_1_260' title='bbox 1045 1832 1172 1876; x_wconf 90' lang='lat' dir='ltr'><strong>Unde</strong></span> <span class='ocrx_word' id='word_1_261' title='bbox 1191 1833 1436 1889; x_wconf 86' lang='lat' dir='ltr'><strong>Apostolus</strong></span> <span class='ocrx_word' id='word_1_262' title='bbox 1454 1834 1564 1878; x_wconf 88' lang='lat' dir='ltr'><strong>dicit</strong></span> <span class='ocrx_word' id='word_1_263' title='bbox 1590 1837 1735 1888; x_wconf 88' lang='lat' dir='ltr'><strong>(Rom.</strong></span> <span class='ocrx_word' id='word_1_264' title='bbox 1766 1849 1837 1890; x_wconf 90' lang='lat' dir='ltr'><strong>xv,</strong></span> <span class='ocrx_word' id='word_1_265' title='bbox 1863 1839 1901 1889; x_wconf 90' lang='lat'><strong>8)</strong></span> <span class='ocrx_word' id='word_1_266' title='bbox 1928 1852 1938 1881; x_wconf 74' lang='grc' dir='ltr'>ε</span> 
     </span>
     <span class='ocr_line' id='line_1_28' title="bbox 68 1892 1942 1952; baseline 0.003 -17"><span class='ocrx_word' id='word_1_267' title='bbox 68 1894 178 1936; x_wconf 81' lang='lat' dir='ltr'><strong>Dtco</strong></span> <span class='ocrx_word' id='word_1_268' title='bbox 198 1892 431 1936; x_wconf 76' lang='lat' dir='ltr'><strong>Christ-um</strong></span> <span class='ocrx_word' id='word_1_269' title='bbox 451 1896 601 1936; x_wconf 78' lang='lat' dir='ltr'><strong>Iesum</strong></span> <span class='ocrx_word' id='word_1_270' title='bbox 618 1897 876 1937; x_wconf 75' lang='lat' dir='ltr'><strong>ministrum</strong></span> <span class='ocrx_word' id='word_1_271' title='bbox 894 1897 1031 1948; x_wconf 80' lang='lat' dir='ltr'><strong>fuisse</strong></span> <span class='ocrx_word' id='word_1_272' title='bbox 1050 1897 1415 1949; x_wconf 74' lang='lat' dir='ltr'><strong>circumcisionis,</strong></span> <span class='ocrx_word' id='word_1_273' title='bbox 1439 1895 1487 1940; x_wconf 90' lang='lat' dir='ltr'><strong>id</strong></span> <span class='ocrx_word' id='word_1_274' title='bbox 1504 1900 1591 1948; x_wconf 87' lang='lat' dir='ltr'><strong>est,</strong></span> <span class='ocrx_word' id='word_1_275' title='bbox 1617 1897 1878 1952; x_wconf 88' lang='lat' dir='ltr'><strong>apostolum</strong></span> <span class='ocrx_word' id='word_1_276' title='bbox 1895 1903 1942 1942; x_wconf 90' lang='lat' dir='ltr'><strong>et</strong></span> 
     </span>
     <span class='ocr_line' id='line_1_29' title="bbox 66 1953 1941 2013; baseline 0.003 -17"><span class='ocrx_word' id='word_1_277' title='bbox 66 1953 416 2010; x_wconf 78' lang='lat' dir='ltr'><strong>praedicatorem</strong></span> <span class='ocrx_word' id='word_1_278' title='bbox 434 1954 695 1998; x_wconf 79' lang='lat' dir='ltr'><strong>Judaeorurn</strong></span> <span class='ocrx_word' id='word_1_279' title='bbox 717 1958 906 2013; x_wconf 82' lang='lat' dir='ltr'><strong>propter</strong></span> <span class='ocrx_word' id='word_1_280' title='bbox 931 1958 1164 1998; x_wconf 80' lang='lat' dir='ltr'><strong>veritatem</strong></span> <span class='ocrx_word' id='word_1_281' title='bbox 1183 1958 1283 2011; x_wconf 74' lang='lat' dir='ltr'><strong>Dei,</strong></span> <span class='ocrx_word' id='word_1_282' title='bbox 1306 1957 1371 1999; x_wconf 85' lang='lat' dir='ltr'><strong>ad</strong></span> <span class='ocrx_word' id='word_1_283' title='bbox 1393 1958 1731 2011; x_wconf 75' lang='lat' dir='ltr'><strong>confirmandus</strong></span> <span class='ocrx_word' id='word_1_284' title='bbox 1746 1962 1941 2012; x_wconf 83' lang='lat' dir='ltr'><strong>promis-</strong></span> 
     </span>
     <span class='ocr_line' id='line_1_30' title="bbox 66 2015 1941 2076; baseline 0.004 -19"><span class='ocrx_word' id='word_1_285' title='bbox 66 2016 210 2058; x_wconf 80' lang='lat' dir='ltr'><strong>siones</strong></span> <span class='ocrx_word' id='word_1_286' title='bbox 238 2018 440 2071; x_wconf 84' lang='lat' dir='ltr'><strong>patrum.</strong></span> <span class='ocrx_word' id='word_1_287' title='bbox 470 2015 695 2071; x_wconf 80' lang='lat' dir='ltr'><strong>Secundo,</strong></span> <span class='ocrx_word' id='word_1_288' title='bbox 718 2020 771 2060; x_wconf 92' lang='lat' dir='ltr'><strong>ut</strong></span> <span class='ocrx_word' id='word_1_289' title='bbox 792 2017 895 2073; x_wconf 77' lang='lat' dir='ltr'><strong>eJus</strong></span> <span class='ocrx_word' id='word_1_290' title='bbox 918 2016 1147 2061; x_wconf 87' lang='lat' dir='ltr'><strong>adventus</strong></span> <span class='ocrx_word' id='word_1_291' title='bbox 1166 2018 1488 2062; x_wconf 81' lang='lat' dir='ltr'><strong>ostenderetur</strong></span> <span class='ocrx_word' id='word_1_292' title='bbox 1515 2030 1619 2062; x_wconf 91' lang='lat' dir='ltr'><strong>esse</strong></span> <span class='ocrx_word' id='word_1_293' title='bbox 1647 2018 1675 2061; x_wconf 79' lang='lat' dir='ltr'><strong>a</strong></span> <span class='ocrx_word' id='word_1_294' title='bbox 1697 2021 1803 2062; x_wconf 90' lang='lat' dir='ltr'><strong>Deo.</strong></span> <span class='ocrx_word' id='word_1_295' title='bbox 1835 2023 1941 2076; x_wconf 81' lang='lat' dir='ltr'><strong>Quae</strong></span> 
     </span>
     <span class='ocr_line' id='line_1_31' title="bbox 66 2075 1940 2135; baseline 0.004 -16"><span class='ocrx_word' id='word_1_296' title='bbox 66 2075 191 2120; x_wconf 90' lang='lat' dir='ltr'><strong>enim</strong></span> <span class='ocrx_word' id='word_1_297' title='bbox 213 2077 243 2119; x_wconf 79' lang='grc' dir='ltr'><em>ὰ</em></span> <span class='ocrx_word' id='word_1_298' title='bbox 265 2080 356 2119; x_wconf 88' lang='lat' dir='ltr'><strong>Deo</strong></span> <span class='ocrx_word' id='word_1_299' title='bbox 374 2079 492 2131; x_wconf 76' lang='lat' dir='ltr'><strong>sunt,</strong></span> <span class='ocrx_word' id='word_1_300' title='bbox 514 2078 731 2120; x_wconf 80' lang='lat' dir='ltr'><strong>ordinata</strong></span> <span class='ocrx_word' id='word_1_301' title='bbox 752 2081 871 2135; x_wconf 80' lang='lat' dir='ltr'><strong>sunt,</strong></span> <span class='ocrx_word' id='word_1_302' title='bbox 887 2082 940 2121; x_wconf 88' lang='lat' dir='ltr'><strong>ut</strong></span> <span class='ocrx_word' id='word_1_303' title='bbox 952 2077 1039 2122; x_wconf 89' lang='lat' dir='ltr'><strong>dici</strong></span> <span class='ocrx_word' id='word_1_304' title='bbox 1047 2084 1117 2122; x_wconf 84' lang='lat' dir='ltr'><strong>tur</strong></span> <span class='ocrx_word' id='word_1_305' title='bbox 1132 2080 1275 2132; x_wconf 82' lang='lat' dir='ltr'><strong>(Rom.</strong></span> <span class='ocrx_word' id='word_1_306' title='bbox 1293 2092 1381 2135; x_wconf 66' lang='lat' dir='ltr'><strong>xm,</strong></span> <span class='ocrx_word' id='word_1_307' title='bbox 1401 2083 1459 2133; x_wconf 82' lang='grc'><strong>1).</strong></span> <span class='ocrx_word' id='word_1_308' title='bbox 1476 2082 1568 2123; x_wconf 90' lang='lat' dir='ltr'><strong>Hoc</strong></span> <span class='ocrx_word' id='word_1_309' title='bbox 1586 2084 1741 2124; x_wconf 88' lang='lat' dir='ltr'><strong>autem</strong></span> <span class='ocrx_word' id='word_1_310' title='bbox 1757 2081 1940 2126; x_wconf 91' lang='lat' dir='ltr'><strong>debitus</strong></span> 
     </span>
     <span class='ocr_line' id='line_1_32' title="bbox 66 2136 1937 2197; baseline 0.003 -17"><span class='ocrx_word' id='word_1_311' title='bbox 66 2137 179 2182; x_wconf 89' lang='lat' dir='ltr'><strong>ordo</strong></span> <span class='ocrx_word' id='word_1_312' title='bbox 202 2136 430 2194; x_wconf 63' lang='lat' dir='ltr'><strong>exigebat,</strong></span> <span class='ocrx_word' id='word_1_313' title='bbox 450 2142 503 2181; x_wconf 91' lang='lat' dir='ltr'><strong>ut</strong></span> <span class='ocrx_word' id='word_1_314' title='bbox 519 2138 704 2194; x_wconf 76' lang='lat' dir='ltr'><strong>Judaeis‚</strong></span> <span class='ocrx_word' id='word_1_315' title='bbox 730 2139 809 2194; x_wconf 91' lang='lat' dir='ltr'><strong>qui</strong></span> <span class='ocrx_word' id='word_1_316' title='bbox 832 2142 922 2183; x_wconf 88' lang='lat' dir='ltr'><strong>Deo</strong></span> <span class='ocrx_word' id='word_1_317' title='bbox 937 2143 1068 2183; x_wconf 88' lang='lat' dir='ltr'><strong>erant</strong></span> <span class='ocrx_word' id='word_1_318' title='bbox 1082 2140 1434 2196; x_wconf 88' lang='lat' dir='ltr'><strong>propinquiores</strong></span> <span class='ocrx_word' id='word_1_319' title='bbox 1452 2153 1535 2197; x_wconf 88' lang='lat' dir='ltr'><strong>per</strong></span> <span class='ocrx_word' id='word_1_320' title='bbox 1549 2141 1685 2185; x_wconf 90' lang='lat' dir='ltr'><strong>fidem</strong></span> <span class='ocrx_word' id='word_1_321' title='bbox 1704 2146 1750 2185; x_wconf 90' lang='lat' dir='ltr'><strong>et</strong></span> <span class='ocrx_word' id='word_1_322' title='bbox 1763 2141 1937 2187; x_wconf 88' lang='lat' dir='ltr'><strong>cultum</strong></span> 
     </span>
     <span class='ocr_line' id='line_1_33' title="bbox 65 2198 1940 2258; baseline 0.004 -18"><span class='ocrx_word' id='word_1_323' title='bbox 65 2198 207 2242; x_wconf 89' lang='lat' dir='ltr'><strong>unius</strong></span> <span class='ocrx_word' id='word_1_324' title='bbox 229 2199 322 2251; x_wconf 85' lang='lat' dir='ltr'><strong>Dei,</strong></span> <span class='ocrx_word' id='word_1_325' title='bbox 345 2198 473 2254; x_wconf 82' lang='lat' dir='ltr'><strong>prius</strong></span> <span class='ocrx_word' id='word_1_326' title='bbox 494 2198 703 2243; x_wconf 85' lang='lat' dir='ltr'><strong>doctrina</strong></span> <span class='ocrx_word' id='word_1_327' title='bbox 725 2199 888 2245; x_wconf 87' lang='lat' dir='ltr'><strong>Christi</strong></span> <span class='ocrx_word' id='word_1_328' title='bbox 905 2207 1255 2257; x_wconf 76' lang='lat' dir='ltr'><strong>proponeretur,</strong></span> <span class='ocrx_word' id='word_1_329' title='bbox 1278 2206 1325 2245; x_wconf 92' lang='lat' dir='ltr'><strong>et</strong></span> <span class='ocrx_word' id='word_1_330' title='bbox 1346 2214 1429 2258; x_wconf 90' lang='lat' dir='ltr'><strong>per</strong></span> <span class='ocrx_word' id='word_1_331' title='bbox 1449 2214 1530 2246; x_wconf 90' lang='lat' dir='ltr'><strong>eos</strong></span> <span class='ocrx_word' id='word_1_332' title='bbox 1554 2202 1940 2248; x_wconf 83' lang='lat' dir='ltr'><strong>transmitteretur</strong></span> 
     </span>
     <span class='ocr_line' id='line_1_34' title="bbox 67 2257 1939 2319; baseline 0.005 -19"><span class='ocrx_word' id='word_1_333' title='bbox 67 2257 126 2301; x_wconf 86' lang='lat' dir='ltr'><strong>ad</strong></span> <span class='ocrx_word' id='word_1_334' title='bbox 146 2262 331 2313; x_wconf 79' lang='lat' dir='ltr'><strong>gentes3</strong></span> <span class='ocrx_word' id='word_1_335' title='bbox 354 2258 473 2302; x_wconf 89' lang='lat' dir='ltr'><strong>sicut</strong></span> <span class='ocrx_word' id='word_1_336' title='bbox 487 2259 624 2303; x_wconf 87' lang='grc'><strong>0113111</strong></span> <span class='ocrx_word' id='word_1_337' title='bbox 647 2259 694 2304; x_wconf 89' lang='grc'><strong>111</strong></span> <span class='ocrx_word' id='word_1_338' title='bbox 718 2260 892 2305; x_wconf 88' lang='lat' dir='ltr'><strong>coelesti</strong></span> <span class='ocrx_word' id='word_1_339' title='bbox 917 2261 1169 2305; x_wconf 87' lang='lat' dir='ltr'><strong>hierarchia</strong></span> <span class='ocrx_word' id='word_1_340' title='bbox 1189 2273 1272 2317; x_wconf 92' lang='lat' dir='ltr'><strong>per</strong></span> <span class='ocrx_word' id='word_1_341' title='bbox 1294 2262 1555 2319; x_wconf 84' lang='lat' dir='ltr'><strong>superiores</strong></span> <span class='ocrx_word' id='word_1_342' title='bbox 1577 2263 1768 2319; x_wconf 84' lang='lat' dir='ltr'><strong>angelos</strong></span> <span class='ocrx_word' id='word_1_343' title='bbox 1788 2264 1847 2309; x_wconf 91' lang='lat' dir='ltr'><strong>ad</strong></span> <span class='ocrx_word' id='word_1_344' title='bbox 1864 2265 1939 2308; x_wconf 90' lang='lat' dir='ltr'><strong>in-</strong></span> 
     </span>
     <span class='ocr_line' id='line_1_35' title="bbox 65 2317 1934 2381; baseline 0.005 -19"><span class='ocrx_word' id='word_1_345' title='bbox 65 2317 255 2363; x_wconf 90' lang='lat' dir='ltr'><strong>feriores</strong></span> <span class='ocrx_word' id='word_1_346' title='bbox 278 2319 445 2364; x_wconf 89' lang='lat' dir='ltr'><strong>divinae</strong></span> <span class='ocrx_word' id='word_1_347' title='bbox 474 2320 836 2367; x_wconf 85' lang='lat' dir='ltr'><strong>illuminationes</strong></span> <span class='ocrx_word' id='word_1_348' title='bbox 872 2322 1139 2367; x_wconf 90' lang='lat' dir='ltr'><strong>deveniunt.</strong></span> <span class='ocrx_word' id='word_1_349' title='bbox 1169 2323 1296 2368; x_wconf 91' lang='lat' dir='ltr'><strong>Unde</strong></span> <span class='ocrx_word' id='word_1_350' title='bbox 1325 2336 1465 2380; x_wconf 89' lang='lat' dir='ltr'><strong>super</strong></span> <span class='ocrx_word' id='word_1_351' title='bbox 1492 2324 1607 2369; x_wconf 92' lang='lat' dir='ltr'><strong>illud</strong></span> <span class='ocrx_word' id='word_1_352' title='bbox 1636 2327 1803 2379; x_wconf 87' lang='lat' dir='ltr'><strong>(Matth.</strong></span> <span class='ocrx_word' id='word_1_353' title='bbox 1828 2328 1897 2381; x_wconf 77' lang='lat' dir='ltr'><strong>xv)</strong></span> <span class='ocrx_word' id='word_1_354' title='bbox 1923 2344 1934 2372; x_wconf 80' lang='lat' dir='ltr'>z</span> 
     </span>
     <span class='ocr_line' id='line_1_36' title="bbox 64 2383 1938 2446; baseline 0.004 -22"><span class='ocrx_word' id='word_1_355' title='bbox 64 2383 165 2424; x_wconf 82' lang='lat' dir='ltr'><strong>Non</strong></span> <span class='ocrx_word' id='word_1_356' title='bbox 186 2394 282 2424; x_wconf 84' lang='lat' dir='ltr'><strong>sum</strong></span> <span class='ocrx_word' id='word_1_357' title='bbox 303 2383 476 2439; x_wconf 72' lang='lat' dir='ltr'><strong>missu-5,</strong></span> <span class='ocrx_word' id='word_1_358' title='bbox 499 2383 668 2425; x_wconf 75' lang='grc' dir='ltr'><strong>11ἰείαά</strong></span> <span class='ocrx_word' id='word_1_359' title='bbox 693 2396 810 2437; x_wconf 83' lang='lat' dir='ltr'><strong>oves,</strong></span> <span class='ocrx_word' id='word_1_360' title='bbox 837 2396 934 2440; x_wconf 83' lang='lat' dir='ltr'><strong>quae</strong></span> <span class='ocrx_word' id='word_1_361' title='bbox 953 2387 1200 2441; x_wconf 73' lang='lat' dir='ltr'><strong>perierunt,</strong></span> <span class='ocrx_word' id='word_1_362' title='bbox 1223 2386 1380 2428; x_wconf 71' lang='lat' dir='ltr'><strong>domus</strong></span> <span class='ocrx_word' id='word_1_363' title='bbox 1399 2386 1560 2443; x_wconf 78' lang='lat' dir='ltr'><strong>Israel,</strong></span> <span class='ocrx_word' id='word_1_364' title='bbox 1583 2385 1694 2430; x_wconf 86' lang='lat' dir='ltr'><strong>dicit</strong></span> <span class='ocrx_word' id='word_1_365' title='bbox 1715 2387 1938 2446; x_wconf 85' lang='lat' dir='ltr'><strong>Hierony-</strong></span> 
     </span>
     <span class='ocr_line' id='line_1_37' title="bbox 64 2442 1938 2503; baseline 0.005 -19"><span class='ocrx_word' id='word_1_366' title='bbox 64 2451 170 2485; x_wconf 92' lang='lat' dir='ltr'><strong>mus</strong></span> <span class='ocrx_word' id='word_1_367' title='bbox 191 2454 202 2485; x_wconf 89' lang='lat'>:</span> <span class='ocrx_word' id='word_1_368' title='bbox 232 2458 252 2478; x_wconf 82' lang='lat'>«</span> <span class='ocrx_word' id='word_1_369' title='bbox 276 2444 372 2485; x_wconf 91' lang='lat' dir='ltr'><strong>Non</strong></span> <span class='ocrx_word' id='word_1_370' title='bbox 396 2442 483 2486; x_wconf 92' lang='lat' dir='ltr'><strong>hoc</strong></span> <span class='ocrx_word' id='word_1_371' title='bbox 501 2442 626 2499; x_wconf 84' lang='grc'><strong>(11011,</strong></span> <span class='ocrx_word' id='word_1_372' title='bbox 649 2443 761 2500; x_wconf 90' lang='lat' dir='ltr'><strong>quin</strong></span> <span class='ocrx_word' id='word_1_373' title='bbox 781 2448 827 2489; x_wconf 86' lang='lat' dir='ltr'><strong>et</strong></span> <span class='ocrx_word' id='word_1_374' title='bbox 845 2444 904 2489; x_wconf 87' lang='lat' dir='ltr'><strong>ad</strong></span> <span class='ocrx_word' id='word_1_375' title='bbox 923 2450 1086 2502; x_wconf 91' lang='lat' dir='ltr'><strong>gentes</strong></span> <span class='ocrx_word' id='word_1_376' title='bbox 1104 2445 1276 2489; x_wconf 89' lang='lat' dir='ltr'><strong>missus</strong></span> <span class='ocrx_word' id='word_1_377' title='bbox 1298 2445 1374 2502; x_wconf 80' lang='lat' dir='ltr'><strong>sit,</strong></span> <span class='ocrx_word' id='word_1_378' title='bbox 1397 2446 1480 2491; x_wconf 92' lang='lat' dir='ltr'><strong>sed</strong></span> <span class='ocrx_word' id='word_1_379' title='bbox 1498 2447 1622 2503; x_wconf 68' lang='lat' dir='ltr'><strong>qued</strong></span> <span class='ocrx_word' id='word_1_380' title='bbox 1650 2448 1847 2503; x_wconf 85' lang='lat' dir='ltr'><strong>primum</strong></span> <span class='ocrx_word' id='word_1_381' title='bbox 1879 2450 1938 2495; x_wconf 87' lang='lat' dir='ltr'><strong>ad</strong></span> 
     </span>
     <span class='ocr_line' id='line_1_38' title="bbox 63 2502 1937 2563; baseline 0.004 -17"><span class='ocrx_word' id='word_1_382' title='bbox 63 2502 204 2547; x_wconf 86' lang='lat' dir='ltr'><strong>lsrael</strong></span> <span class='ocrx_word' id='word_1_383' title='bbox 241 2503 412 2547; x_wconf 90' lang='lat' dir='ltr'><strong>missus</strong></span> <span class='ocrx_word' id='word_1_384' title='bbox 433 2508 520 2548; x_wconf 90' lang='lat' dir='ltr'><strong>est.</strong></span> <span class='ocrx_word' id='word_1_385' title='bbox 548 2523 568 2544; x_wconf 72' lang='grc' dir='ltr'><strong>ι»</strong></span> <span class='ocrx_word' id='word_1_386' title='bbox 595 2505 724 2550; x_wconf 90' lang='lat' dir='ltr'><strong>Unde</strong></span> <span class='ocrx_word' id='word_1_387' title='bbox 756 2508 857 2559; x_wconf 86' lang='lat' dir='ltr'><strong>(lsa.</strong></span> <span class='ocrx_word' id='word_1_388' title='bbox 888 2507 972 2551; x_wconf 89' lang='lat' dir='ltr'><strong>ult.</strong></span> <span class='ocrx_word' id='word_1_389' title='bbox 999 2507 1284 2561; x_wconf 70' lang='grc' dir='ltr'><strong>19)(11011111ι</strong></span> <span class='ocrx_word' id='word_1_390' title='bbox 1308 2510 1489 2551; x_wconf 71' lang='lat' dir='ltr'><strong>Mittam</strong></span> <span class='ocrx_word' id='word_1_391' title='bbox 1509 2521 1567 2551; x_wconf 76' lang='lat' dir='ltr'><strong>ex</strong></span> <span class='ocrx_word' id='word_1_392' title='bbox 1584 2512 1646 2551; x_wconf 81' lang='lat' dir='ltr'><strong>eis</strong></span> <span class='ocrx_word' id='word_1_393' title='bbox 1670 2513 1745 2563; x_wconf 73' lang='lat' dir='ltr'><strong>qui</strong></span> <span class='ocrx_word' id='word_1_394' title='bbox 1772 2511 1937 2554; x_wconf 73' lang='lat' dir='ltr'><strong>salvati</strong></span> 
     </span>
     <span class='ocr_line' id='line_1_39' title="bbox 63 2563 1936 2627; baseline 0.005 -22"><span class='ocrx_word' id='word_1_395' title='bbox 63 2564 247 2619; x_wconf 77' lang='lat' dir='ltr'><strong>suerint,</strong></span> <span class='ocrx_word' id='word_1_396' title='bbox 267 2563 439 2608; x_wconf 78' lang='lat' dir='ltr'><strong>scilicet</strong></span> <span class='ocrx_word' id='word_1_397' title='bbox 460 2576 518 2608; x_wconf 84' lang='lat' dir='ltr'><strong>ex</strong></span> <span class='ocrx_word' id='word_1_398' title='bbox 535 2566 719 2622; x_wconf 74' lang='lat' dir='ltr'><strong>Judaeis,</strong></span> <span class='ocrx_word' id='word_1_399' title='bbox 741 2568 805 2610; x_wconf 83' lang='lat' dir='ltr'><strong>ad</strong></span> <span class='ocrx_word' id='word_1_400' title='bbox 829 2571 994 2624; x_wconf 78' lang='lat' dir='ltr'><strong>qentes,</strong></span> <span class='ocrx_word' id='word_1_401' title='bbox 1012 2572 1055 2611; x_wconf 83' lang='lat' dir='ltr'><strong>et</strong></span> <span class='ocrx_word' id='word_1_402' title='bbox 1068 2569 1402 2612; x_wconf 77' lang='lat' dir='ltr'><strong>annuntiabunt</strong></span> <span class='ocrx_word' id='word_1_403' title='bbox 1417 2570 1611 2624; x_wconf 75' lang='lat' dir='ltr'><strong>qlorz‘am</strong></span> <span class='ocrx_word' id='word_1_404' title='bbox 1628 2584 1775 2613; x_wconf 84' lang='lat' dir='ltr'><strong>meam</strong></span> <span class='ocrx_word' id='word_1_405' title='bbox 1791 2576 1936 2627; x_wconf 69' lang='grc'><strong>901111·-</strong></span> 
     </span>
     <span class='ocr_line' id='line_1_40' title="bbox 64 2624 1932 2688; baseline 0.007 -22"><span class='ocrx_word' id='word_1_406' title='bbox 64 2624 143 2667; x_wconf 82' lang='lat' dir='ltr'><strong>bus</strong></span> <span class='ocrx_word' id='word_1_407' title='bbox 147 2657 231 2669; x_wconf 89' lang='grc'><strong>.....</strong></span> <span class='ocrx_word' id='word_1_408' title='bbox 247 2626 408 2682; x_wconf 81' lang='lat' dir='ltr'><strong>Tertio,</strong></span> <span class='ocrx_word' id='word_1_409' title='bbox 425 2631 478 2671; x_wconf 86' lang='lat' dir='ltr'><strong>ut</strong></span> <span class='ocrx_word' id='word_1_410' title='bbox 494 2628 663 2673; x_wconf 86' lang='lat' dir='ltr'><strong>Judaeis</strong></span> <span class='ocrx_word' id='word_1_411' title='bbox 682 2629 883 2674; x_wconf 82' lang='lat' dir='ltr'><strong>auferret</strong></span> <span class='ocrx_word' id='word_1_412' title='bbox 897 2630 1205 2675; x_wconf 84' lang='lat' dir='ltr'><strong>calumniandi</strong></span> <span class='ocrx_word' id='word_1_413' title='bbox 1228 2632 1468 2676; x_wconf 87' lang='lat' dir='ltr'><strong>materiam</strong></span> <span class='ocrx_word' id='word_1_414' title='bbox 1493 2646 1504 2676; x_wconf 71' lang='grc' dir='ltr'>ε</span> <span class='ocrx_word' id='word_1_415' title='bbox 1527 2633 1654 2677; x_wconf 88' lang='grc'><strong>1111110</strong></span> <span class='ocrx_word' id='word_1_416' title='bbox 1667 2645 1808 2688; x_wconf 87' lang='lat' dir='ltr'><strong>super</strong></span> <span class='ocrx_word' id='word_1_417' title='bbox 1822 2634 1932 2679; x_wconf 91' lang='lat' dir='ltr'><strong>illud</strong></span> 
     </span>
     <span class='ocr_line' id='line_1_41' title="bbox 64 2686 1933 2751; baseline 0.006 -23"><span class='ocrx_word' id='word_1_418' title='bbox 64 2686 229 2738; x_wconf 79' lang='lat' dir='ltr'><strong>(Matth.</strong></span> <span class='ocrx_word' id='word_1_419' title='bbox 249 2689 291 2741; x_wconf 80' lang='lat' dir='ltr'><strong>x)</strong></span> <span class='ocrx_word' id='word_1_420' title='bbox 310 2701 321 2730; x_wconf 90' lang='lat'>:</span> <span class='ocrx_word' id='word_1_421' title='bbox 341 2691 396 2730; x_wconf 81' lang='lat' dir='ltr'><strong>In</strong></span> <span class='ocrx_word' id='word_1_422' title='bbox 408 2692 529 2731; x_wconf 81' lang='lat' dir='ltr'><strong>viam</strong></span> <span class='ocrx_word' id='word_1_423' title='bbox 543 2692 739 2744; x_wconf 71' lang='lat' dir='ltr'><strong>qen-tium</strong></span> <span class='ocrx_word' id='word_1_424' title='bbox 756 2703 811 2732; x_wconf 80' lang='grc'><strong>110</strong></span> <span class='ocrx_word' id='word_1_425' title='bbox 826 2691 1044 2748; x_wconf 79' lang='lat' dir='ltr'><strong>abieritis,</strong></span> <span class='ocrx_word' id='word_1_426' title='bbox 1065 2691 1173 2735; x_wconf 90' lang='lat' dir='ltr'><strong>dicit</strong></span> <span class='ocrx_word' id='word_1_427' title='bbox 1188 2692 1494 2749; x_wconf 88' lang='lat' dir='ltr'><strong>Hieronymus</strong></span> <span class='ocrx_word' id='word_1_428' title='bbox 1511 2705 1522 2735; x_wconf 92' lang='lat'>:</span> <span class='ocrx_word' id='word_1_429' title='bbox 1544 2710 1565 2730; x_wconf 87' lang='lat'>«</span> <span class='ocrx_word' id='word_1_430' title='bbox 1581 2694 1827 2749; x_wconf 84' lang='lat' dir='ltr'><strong>Oportebat</strong></span> <span class='ocrx_word' id='word_1_431' title='bbox 1840 2695 1933 2751; x_wconf 88' lang='lat' dir='ltr'><strong>pri—</strong></span> 
     </span>
     <span class='ocr_line' id='line_1_42' title="bbox 63 2746 1932 2812; baseline 0.006 -24"><span class='ocrx_word' id='word_1_432' title='bbox 63 2746 192 2789; x_wconf 82' lang='lat' dir='ltr'><strong>mum</strong></span> <span class='ocrx_word' id='word_1_433' title='bbox 209 2746 458 2791; x_wconf 86' lang='lat' dir='ltr'><strong>adventurn</strong></span> <span class='ocrx_word' id='word_1_434' title='bbox 473 2750 635 2794; x_wconf 86' lang='lat' dir='ltr'><strong>Christi</strong></span> <span class='ocrx_word' id='word_1_435' title='bbox 650 2750 850 2795; x_wconf 85' lang='lat' dir='ltr'><strong>nuntiari</strong></span> <span class='ocrx_word' id='word_1_436' title='bbox 869 2753 891 2794; x_wconf 88' lang='lat' dir='ltr'><strong>J</strong></span> <span class='ocrx_word' id='word_1_437' title='bbox 894 2751 1056 2807; x_wconf 70' lang='lat' dir='ltr'><strong>udaeis,</strong></span> <span class='ocrx_word' id='word_1_438' title='bbox 1077 2764 1136 2796; x_wconf 89' lang='lat' dir='ltr'><strong>ne</strong></span> <span class='ocrx_word' id='word_1_439' title='bbox 1146 2751 1319 2807; x_wconf 87' lang='lat' dir='ltr'><strong>justam</strong></span> <span class='ocrx_word' id='word_1_440' title='bbox 1337 2752 1560 2797; x_wconf 87' lang='lat' dir='ltr'><strong>haberent</strong></span> <span class='ocrx_word' id='word_1_441' title='bbox 1573 2755 1932 2812; x_wconf 81' lang='lat' dir='ltr'><strong>excusationem,</strong></span> 
     </span>
     <span class='ocr_line' id='line_1_43' title="bbox 65 2805 1934 2873; baseline 0.007 -24"><span class='ocrx_word' id='word_1_442' title='bbox 65 2805 286 2863; x_wconf 86' lang='lat' dir='ltr'><strong>dicentes,</strong></span> <span class='ocrx_word' id='word_1_443' title='bbox 310 2808 412 2852; x_wconf 90' lang='lat' dir='ltr'><strong>ideo</strong></span> <span class='ocrx_word' id='word_1_444' title='bbox 435 2822 485 2853; x_wconf 92' lang='lat' dir='ltr'><strong>se</strong></span> <span class='ocrx_word' id='word_1_445' title='bbox 505 2811 747 2855; x_wconf 90' lang='lat' dir='ltr'><strong>Dominum</strong></span> <span class='ocrx_word' id='word_1_446' title='bbox 766 2812 999 2869; x_wconf 77' lang='grc'><strong>10]·001550,</strong></span> <span class='ocrx_word' id='word_1_447' title='bbox 1022 2813 1131 2869; x_wconf 86' lang='lat' dir='ltr'><strong>quia</strong></span> <span class='ocrx_word' id='word_1_448' title='bbox 1151 2814 1210 2858; x_wconf 84' lang='lat' dir='ltr'><strong>ad</strong></span> <span class='ocrx_word' id='word_1_449' title='bbox 1230 2819 1392 2870; x_wconf 89' lang='lat' dir='ltr'><strong>gentes</strong></span> <span class='ocrx_word' id='word_1_450' title='bbox 1410 2819 1455 2858; x_wconf 91' lang='lat' dir='ltr'><strong>et</strong></span> <span class='ocrx_word' id='word_1_451' title='bbox 1474 2816 1781 2859; x_wconf 79' lang='lat' dir='ltr'><strong>samaritanos</strong></span> <span class='ocrx_word' id='word_1_452' title='bbox 1796 2829 1934 2873; x_wconf 90' lang='lat' dir='ltr'><strong>apos-</strong></span> 
     </span>
     <span class='ocr_line' id='line_1_44' title="bbox 64 2867 1934 2933; baseline 0.007 -24"><span class='ocrx_word' id='word_1_453' title='bbox 64 2867 181 2911; x_wconf 88' lang='lat' dir='ltr'><strong>tolos</strong></span> <span class='ocrx_word' id='word_1_454' title='bbox 204 2868 394 2912; x_wconf 89' lang='lat' dir='ltr'><strong>miserit.</strong></span> <span class='ocrx_word' id='word_1_455' title='bbox 418 2888 436 2908; x_wconf 80' lang='grc'>»</span> <span class='ocrx_word' id='word_1_456' title='bbox 466 2872 651 2928; x_wconf 79' lang='lat' dir='ltr'><strong>Quarto,</strong></span> <span class='ocrx_word' id='word_1_457' title='bbox 682 2873 791 2929; x_wconf 88' lang='lat' dir='ltr'><strong>quia</strong></span> <span class='ocrx_word' id='word_1_458' title='bbox 811 2874 1016 2919; x_wconf 86' lang='lat' dir='ltr'><strong>Christus</strong></span> <span class='ocrx_word' id='word_1_459' title='bbox 1038 2886 1121 2930; x_wconf 85' lang='lat' dir='ltr'><strong>per</strong></span> <span class='ocrx_word' id='word_1_460' title='bbox 1142 2875 1294 2919; x_wconf 89' lang='lat' dir='ltr'><strong>crucis</strong></span> <span class='ocrx_word' id='word_1_461' title='bbox 1315 2875 1554 2919; x_wconf 87' lang='lat' dir='ltr'><strong>victoriam</strong></span> <span class='ocrx_word' id='word_1_462' title='bbox 1581 2877 1749 2920; x_wconf 81' lang='lat' dir='ltr'><strong>meruit</strong></span> <span class='ocrx_word' id='word_1_463' title='bbox 1780 2883 1934 2933; x_wconf 83' lang='lat' dir='ltr'><strong>potes-</strong></span> 
     </span>
     <span class='ocr_line' id='line_1_45' title="bbox 60 2929 1935 2996; baseline 0.006 -25"><span class='ocrx_word' id='word_1_464' title='bbox 60 2932 204 2972; x_wconf 85' lang='lat' dir='ltr'><strong>tatem</strong></span> <span class='ocrx_word' id='word_1_465' title='bbox 228 2932 274 2972; x_wconf 89' lang='lat' dir='ltr'><strong>et</strong></span> <span class='ocrx_word' id='word_1_466' title='bbox 295 2929 549 2974; x_wconf 90' lang='lat' dir='ltr'><strong>dominium</strong></span> <span class='ocrx_word' id='word_1_467' title='bbox 568 2944 707 2989; x_wconf 91' lang='lat' dir='ltr'><strong>super</strong></span> <span class='ocrx_word' id='word_1_468' title='bbox 729 2938 892 2990; x_wconf 90' lang='lat' dir='ltr'><strong>gentes</strong></span> <span class='ocrx_word' id='word_1_469' title='bbox 929 2947 941 2979; x_wconf 78' lang='lat' dir='ltr'><strong>t</strong></span> <span class='ocrx_word' id='word_1_470' title='bbox 970 2936 1097 2980; x_wconf 91' lang='lat' dir='ltr'><strong>unde</strong></span> <span class='ocrx_word' id='word_1_471' title='bbox 1117 2936 1285 2980; x_wconf 91' lang='lat' dir='ltr'><strong>dicitur</strong></span> <span class='ocrx_word' id='word_1_472' title='bbox 1309 2937 1597 2993; x_wconf 86' lang='lat' dir='ltr'><strong>(Apocalyps.</strong></span> <span class='ocrx_word' id='word_1_473' title='bbox 1631 2951 1676 2993; x_wconf 86' lang='grc'><strong>11,</strong></span> <span class='ocrx_word' id='word_1_474' title='bbox 1710 2941 1780 2994; x_wconf 71' lang='lat'><strong>26)</strong></span> <span class='ocrx_word' id='word_1_475' title='bbox 1810 2954 1821 2983; x_wconf 71' lang='grc' dir='ltr'>ε</span> <span class='ocrx_word' id='word_1_476' title='bbox 1849 2944 1935 2996; x_wconf 83' lang='lat' dir='ltr'><strong>Qui</strong></span> 
     </span>
     <span class='ocr_line' id='line_1_46' title="bbox 57 2990 1933 3058; baseline 0.007 -28"><span class='ocrx_word' id='word_1_477' title='bbox 57 2991 234 3043; x_wconf 74' lang='lat' dir='ltr'><strong>vicerit,</strong></span> <span class='ocrx_word' id='word_1_478' title='bbox 260 2990 373 3032; x_wconf 81' lang='lat' dir='ltr'><strong>dabo</strong></span> <span class='ocrx_word' id='word_1_479' title='bbox 388 2991 458 3033; x_wconf 80' lang='lat' dir='ltr'><strong>illi</strong></span> <span class='ocrx_word' id='word_1_480' title='bbox 474 2995 742 3047; x_wconf 77' lang='lat' dir='ltr'><strong>potestatem</strong></span> <span class='ocrx_word' id='word_1_481' title='bbox 758 3007 894 3051; x_wconf 81' lang='lat' dir='ltr'><strong>super</strong></span> <span class='ocrx_word' id='word_1_482' title='bbox 908 3001 1131 3054; x_wconf 62' lang='lat' dir='ltr'><strong>pentes...,</strong></span> <span class='ocrx_word' id='word_1_483' title='bbox 1154 2999 1318 3039; x_wconf 81' lang='lat' dir='ltr'><strong>sicutet</strong></span> <span class='ocrx_word' id='word_1_484' title='bbox 1338 3010 1417 3053; x_wconf 75' lang='lat' dir='ltr'><strong>eqo</strong></span> <span class='ocrx_word' id='word_1_485' title='bbox 1438 3001 1591 3054; x_wconf 81' lang='lat' dir='ltr'><strong>accepi</strong></span> <span class='ocrx_word' id='word_1_486' title='bbox 1607 2999 1637 3041; x_wconf 86' lang='grc' dir='ltr'><em>ὰ</em></span> <span class='ocrx_word' id='word_1_487' title='bbox 1655 3003 1793 3043; x_wconf 83' lang='lat' dir='ltr'><strong>Patre</strong></span> <span class='ocrx_word' id='word_1_488' title='bbox 1811 3014 1906 3044; x_wconf 82' lang='lat' dir='ltr'><strong>meo</strong></span> <span class='ocrx_word' id='word_1_489' title='bbox 1916 3016 1933 3058; x_wconf 77' lang='lat'><strong>,-</strong></span> 
     </span>
     <span class='ocr_line' id='line_1_47' title="bbox 59 3050 1932 3114; baseline 0.006 -21"><span class='ocrx_word' id='word_1_490' title='bbox 59 3055 107 3093; x_wconf 87' lang='lat' dir='ltr'><strong>et</strong></span> <span class='ocrx_word' id='word_1_491' title='bbox 131 3050 338 3106; x_wconf 86' lang='lat' dir='ltr'><strong>(Philipp.</strong></span> <span class='ocrx_word' id='word_1_492' title='bbox 363 3065 408 3109; x_wconf 85' lang='grc'><strong>11,</strong></span> <span class='ocrx_word' id='word_1_493' title='bbox 429 3054 471 3106; x_wconf 87' lang='grc'><strong>8)</strong></span> <span class='ocrx_word' id='word_1_494' title='bbox 491 3052 658 3098; x_wconf 84' lang='lat' dir='ltr'><strong>dicitur</strong></span> <span class='ocrx_word' id='word_1_495' title='bbox 687 3055 811 3111; x_wconf 61' lang='lat' dir='ltr'><strong>qued</strong></span> <span class='ocrx_word' id='word_1_496' title='bbox 847 3057 956 3113; x_wconf 85' lang='lat' dir='ltr'><strong>quia</strong></span> <span class='ocrx_word' id='word_1_497' title='bbox 987 3061 1140 3112; x_wconf 81' lang='lat' dir='ltr'><strong>factus</strong></span> <span class='ocrx_word' id='word_1_498' title='bbox 1172 3061 1238 3101; x_wconf 80' lang='lat' dir='ltr'><strong>est</strong></span> <span class='ocrx_word' id='word_1_499' title='bbox 1259 3059 1464 3102; x_wconf 77' lang='lat' dir='ltr'><strong>obediens</strong></span> <span class='ocrx_word' id='word_1_500' title='bbox 1487 3073 1622 3114; x_wconf 83' lang='lat' dir='ltr'><strong>usque</strong></span> <span class='ocrx_word' id='word_1_501' title='bbox 1650 3061 1714 3103; x_wconf 85' lang='lat' dir='ltr'><strong>ad</strong></span> <span class='ocrx_word' id='word_1_502' title='bbox 1746 3066 1932 3109; x_wconf 84' lang='lat' dir='ltr'><strong>mortem</strong></span> 
     </span>
     <span class='ocr_line' id='line_1_48' title="bbox 59 3115 1931 3176; baseline 0.007 -23"><span class='ocrx_word' id='word_1_503' title='bbox 59 3115 220 3165; x_wconf 70' lang='lat' dir='ltr'><strong>cruciS,</strong></span> <span class='ocrx_word' id='word_1_504' title='bbox 243 3117 358 3155; x_wconf 84' lang='lat' dir='ltr'><strong>Deus</strong></span> <span class='ocrx_word' id='word_1_505' title='bbox 375 3115 599 3158; x_wconf 76' lang='lat' dir='ltr'><strong>exaltavit</strong></span> <span class='ocrx_word' id='word_1_506' title='bbox 617 3116 764 3173; x_wconf 69' lang='lat' dir='ltr'><strong>illum,</strong></span> <span class='ocrx_word' id='word_1_507' title='bbox 780 3121 892 3160; x_wconf 79' lang='lat' dir='ltr'><strong>utin</strong></span> <span class='ocrx_word' id='word_1_508' title='bbox 910 3123 1086 3162; x_wconf 81' lang='lat' dir='ltr'><strong>nomine</strong></span> <span class='ocrx_word' id='word_1_509' title='bbox 1095 3123 1199 3163; x_wconf 83' lang='lat' dir='ltr'><strong>Iesu</strong></span> <span class='ocrx_word' id='word_1_510' title='bbox 1219 3133 1346 3162; x_wconf 82' lang='lat' dir='ltr'><strong>omne</strong></span> <span class='ocrx_word' id='word_1_511' title='bbox 1360 3133 1474 3176; x_wconf 75' lang='lat' dir='ltr'><strong>yenu</strong></span> <span class='ocrx_word' id='word_1_512' title='bbox 1486 3124 1712 3176; x_wconf 72' lang='lat' dir='ltr'><strong>[lec-tatur,</strong></span> <span class='ocrx_word' id='word_1_513' title='bbox 1727 3127 1771 3167; x_wconf 88' lang='lat' dir='ltr'><strong>et</strong></span> <span class='ocrx_word' id='word_1_514' title='bbox 1791 3127 1931 3167; x_wconf 76' lang='lat' dir='ltr'><strong>omnis</strong></span> 
     </span>
     <span class='ocr_line' id='line_1_49' title="bbox 60 3172 1930 3242; baseline 0.008 -27"><span class='ocrx_word' id='word_1_515' title='bbox 60 3172 215 3229; x_wconf 76' lang='lat' dir='ltr'><strong>linqua</strong></span> <span class='ocrx_word' id='word_1_516' title='bbox 237 3177 279 3217; x_wconf 82' lang='lat' dir='ltr'><strong>ei</strong></span> <span class='ocrx_word' id='word_1_517' title='bbox 318 3177 603 3229; x_wconf 80' lang='lat' dir='ltr'><strong>confiteatur.</strong></span> <span class='ocrx_word' id='word_1_518' title='bbox 622 3179 674 3221; x_wconf 86' lang='lat' dir='ltr'><strong>Et</strong></span> <span class='ocrx_word' id='word_1_519' title='bbox 691 3178 797 3223; x_wconf 88' lang='lat' dir='ltr'><strong>ideo</strong></span> <span class='ocrx_word' id='word_1_520' title='bbox 819 3184 926 3224; x_wconf 87' lang='grc'><strong>31110</strong></span> <span class='ocrx_word' id='word_1_521' title='bbox 945 3181 1209 3236; x_wconf 87' lang='lat' dir='ltr'><strong>passionem</strong></span> <span class='ocrx_word' id='word_1_522' title='bbox 1231 3193 1364 3225; x_wconf 88' lang='lat' dir='ltr'><strong>suam</strong></span> <span class='ocrx_word' id='word_1_523' title='bbox 1387 3183 1535 3227; x_wconf 89' lang='lat' dir='ltr'><strong>noluit</strong></span> <span class='ocrx_word' id='word_1_524' title='bbox 1567 3184 1784 3239; x_wconf 87' lang='lat' dir='ltr'><strong>gentibus</strong></span> <span class='ocrx_word' id='word_1_525' title='bbox 1811 3198 1930 3242; x_wconf 74' lang='lat' dir='ltr'><strong>prae—</strong></span> 
     </span>
    </p>
   </div>
   <div class='ocr_carea' id='block_1_3' title="bbox 59 3297 1929 3487">
    <p class='ocr_par' dir='ltr' id='par_1_8' title="bbox 59 3297 1929 3445">
     <span class='ocr_line' id='line_1_50' title="bbox 98 3297 1929 3350; baseline 0.007 -19"><span class='ocrx_word' id='word_1_526' title='bbox 98 3297 143 3339; x_wconf 69' lang='grc'><strong>(1)</strong></span> <span class='ocrx_word' id='word_1_527' title='bbox 167 3298 210 3332; x_wconf 84' lang='lat' dir='ltr'><strong>Et</strong></span> <span class='ocrx_word' id='word_1_528' title='bbox 232 3298 392 3334; x_wconf 75' lang='lat' dir='ltr'><strong>similiter</strong></span> <span class='ocrx_word' id='word_1_529' title='bbox 410 3300 525 3339; x_wconf 82' lang='lat' dir='ltr'><strong>(Marc.</strong></span> <span class='ocrx_word' id='word_1_530' title='bbox 552 3309 577 3343; x_wconf 89' lang='lat'><strong>1,</strong></span> <span class='ocrx_word' id='word_1_531' title='bbox 599 3300 653 3341; x_wconf 83' lang='lat'><strong>22)</strong></span> <span class='ocrx_word' id='word_1_532' title='bbox 676 3300 796 3336; x_wconf 87' lang='lat' dir='ltr'><strong>iisdem</strong></span> <span class='ocrx_word' id='word_1_533' title='bbox 817 3302 949 3346; x_wconf 70' lang='lat' dir='ltr'><strong>verbis3</strong></span> <span class='ocrx_word' id='word_1_534' title='bbox 1035 3305 1179 3339; x_wconf 69' lang='lat' dir='ltr'><strong>termine</strong></span> <span class='ocrx_word' id='word_1_535' title='bbox 1208 3317 1272 3346; x_wconf 82' lang='lat' dir='ltr'><strong>que</strong></span> <span class='ocrx_word' id='word_1_536' title='bbox 1300 3306 1395 3340; x_wconf 68' lang='lat' dir='ltr'><strong>Jesus</strong></span> <span class='ocrx_word' id='word_1_537' title='bbox 1421 3317 1465 3341; x_wconf 81' lang='lat' dir='ltr'><strong>ne</strong></span> <span class='ocrx_word' id='word_1_538' title='bbox 1486 3308 1678 3348; x_wconf 76' lang='lat' dir='ltr'><strong>precherait</strong></span> <span class='ocrx_word' id='word_1_539' title='bbox 1705 3320 1769 3350; x_wconf 88' lang='lat' dir='ltr'><strong>que</strong></span> <span class='ocrx_word' id='word_1_540' title='bbox 1798 3308 1878 3343; x_wconf 80' lang='lat' dir='ltr'><strong>dans</strong></span> <span class='ocrx_word' id='word_1_541' title='bbox 1901 3309 1929 3344; x_wconf 78' lang='grc'><strong>13</strong></span> 
     </span>
     <span class='ocr_line' id='line_1_51' title="bbox 59 3344 1928 3395; baseline 0.007 -16"><span class='ocrx_word' id='word_1_542' title='bbox 59 3344 157 3380; x_wconf 76' lang='lat' dir='ltr'><strong>aliter</strong></span> <span class='ocrx_word' id='word_1_543' title='bbox 181 3352 293 3381; x_wconf 85' lang='lat' dir='ltr'><strong>autem</strong></span> <span class='ocrx_word' id='word_1_544' title='bbox 308 3347 399 3387; x_wconf 84' lang='lat' dir='ltr'><strong>(Luc.</strong></span> <span class='ocrx_word' id='word_1_545' title='bbox 416 3356 449 3382; x_wconf 79' lang='lat' dir='ltr'><strong>lv</strong></span> <span class='ocrx_word' id='word_1_546' title='bbox 463 3375 474 3389; x_wconf 87' lang='lat'><em>,</em></span> <span class='ocrx_word' id='word_1_547' title='bbox 494 3348 548 3388; x_wconf 81' lang='lat'><strong>52)</strong></span> <span class='ocrx_word' id='word_1_548' title='bbox 571 3350 767 3389; x_wconf 78' lang='lat' dir='ltr'><strong>expressiori</strong></span> <span class='ocrx_word' id='word_1_549' title='bbox 785 3350 949 3392; x_wconf 74' lang='lat' dir='ltr'><strong>significa·</strong></span> <span class='ocrx_word' id='word_1_550' title='bbox 1035 3356 1124 3386; x_wconf 78' lang='lat' dir='ltr'><strong>terre</strong></span> <span class='ocrx_word' id='word_1_551' title='bbox 1139 3352 1246 3386; x_wconf 80' lang='lat' dir='ltr'><strong>sainte</strong></span> <span class='ocrx_word' id='word_1_552' title='bbox 1269 3356 1304 3387; x_wconf 82' lang='lat' dir='ltr'><strong>et</strong></span> <span class='ocrx_word' id='word_1_553' title='bbox 1328 3364 1391 3388; x_wconf 81' lang='lat' dir='ltr'><strong>aux</strong></span> <span class='ocrx_word' id='word_1_554' title='bbox 1419 3353 1584 3389; x_wconf 69' lang='lat' dir='ltr'><strong>Israelites</strong></span> <span class='ocrx_word' id='word_1_555' title='bbox 1607 3357 1832 3395; x_wconf 64' lang='lat' dir='ltr'><strong>(Elevatiom</strong></span> <span class='ocrx_word' id='word_1_556' title='bbox 1859 3367 1928 3392; x_wconf 83' lang='lat' dir='ltr'><strong>sur</strong></span> 
     </span>
     <span class='ocr_line' id='line_1_52' title="bbox 60 3393 1762 3445; baseline 0.008 -19"><span class='ocrx_word' id='word_1_557' title='bbox 60 3393 161 3431; x_wconf 83' lang='lat' dir='ltr'><strong>tione,</strong></span> <span class='ocrx_word' id='word_1_558' title='bbox 178 3395 220 3427; x_wconf 80' lang='lat' dir='ltr'><strong>in</strong></span> <span class='ocrx_word' id='word_1_559' title='bbox 236 3398 409 3436; x_wconf 78' lang='lat' dir='ltr'><strong>potestate</strong></span> <span class='ocrx_word' id='word_1_560' title='bbox 424 3400 504 3429; x_wconf 82' lang='lat' dir='ltr'><strong>erat</strong></span> <span class='ocrx_word' id='word_1_561' title='bbox 521 3405 638 3430; x_wconf 74' lang='lat' dir='ltr'><strong>sermo</strong></span> <span class='ocrx_word' id='word_1_562' title='bbox 654 3398 785 3440; x_wconf 74' lang='lat' dir='ltr'><strong>ipsius.</strong></span> <span class='ocrx_word' id='word_1_563' title='bbox 1035 3400 1087 3434; x_wconf 73' lang='lat' dir='ltr'><strong>les</strong></span> <span class='ocrx_word' id='word_1_564' title='bbox 1101 3401 1286 3443; x_wconf 68' lang='lat' dir='ltr'><strong>mysteres.</strong></span> <span class='ocrx_word' id='word_1_565' title='bbox 1303 3409 1388 3436; x_wconf 80' lang='lat' dir='ltr'><strong>xxve</strong></span> <span class='ocrx_word' id='word_1_566' title='bbox 1405 3403 1567 3444; x_wconf 77' lang='lat' dir='ltr'><strong>semaiae,</strong></span> <span class='ocrx_word' id='word_1_567' title='bbox 1583 3405 1636 3438; x_wconf 61' lang='grc' dir='ltr'><strong>μ’·</strong></span> <span class='ocrx_word' id='word_1_568' title='bbox 1652 3404 1762 3445; x_wconf 59' lang='lat' dir='ltr'><strong>elem).</strong></span> 
     </span>
    </p>

    <p class='ocr_par' dir='ltr' id='par_1_9' title="bbox 97 3438 948 3487">
     <span class='ocr_line' id='line_1_53' title="bbox 97 3438 948 3487; baseline 0.007 -13"><span class='ocrx_word' id='word_1_569' title='bbox 97 3438 140 3481; x_wconf 81' lang='lat'><strong>(2)</strong></span> <span class='ocrx_word' id='word_1_570' title='bbox 159 3441 247 3476; x_wconf 78' lang='lat' dir='ltr'><strong>Pour</strong></span> <span class='ocrx_word' id='word_1_571' title='bbox 265 3441 312 3476; x_wconf 78' lang='lat' dir='ltr'><strong>lea</strong></span> <span class='ocrx_word' id='word_1_572' title='bbox 332 3441 431 3484; x_wconf 88' lang='lat' dir='ltr'><strong>lieux,</strong></span> <span class='ocrx_word' id='word_1_573' title='bbox 456 3445 502 3477; x_wconf 79' lang='lat' dir='ltr'><strong>ait</strong></span> <span class='ocrx_word' id='word_1_574' title='bbox 519 3443 708 3478; x_wconf 82' lang='lat' dir='ltr'><strong>Bossuetius</strong></span> <span class='ocrx_word' id='word_1_575' title='bbox 720 3471 730 3487; x_wconf 87' lang='lat'><em>,</em></span> <span class='ocrx_word' id='word_1_576' title='bbox 749 3445 774 3480; x_wconf 85' lang='lat' dir='ltr'><strong>il</strong></span> <span class='ocrx_word' id='word_1_577' title='bbox 790 3445 871 3480; x_wconf 69' lang='grc'><strong>01311</strong></span> <span class='ocrx_word' id='word_1_578' title='bbox 887 3445 948 3480; x_wconf 74' lang='grc'><strong>116-</strong></span> 
     </span>
    </p>
   </div>
  </div>
 </body>
</html>
