2170 3808
697 305 896 358 QUAEST.
926 305 1085 360 XXVII,
1114 304 1231 347 ART.
1262 304 1329 346 111.
1875 302 1960 344 227

0 416 1 440 l
77 395 135 440 ab
162 392 409 438 infectione
439 387 626 434 fomitis.
657 387 782 432 Sicut
803 386 928 431 enim
949 397 1090 442 poena
1122 383 1361 439 originalis
1391 383 1565 441 peccati
1598 386 1669 427 est
1689 381 1853 435 fomeS,
1878 379 1959 449 qui

0 445 1 478 ³
75 453 287 502 consistit
307 453 356 497 in
373 450 643 496 inferiorum
665 448 838 492 virium
859 446 1111 491 rebellione
1131 445 1191 490 ad
1209 445 1452 502 rationem,
1472 444 1537 488 ita
1555 444 1693 489 etiam
1708 454 1849 499 poena
1868 453 1959 485 ori-

76 516 245 576 ginalis
273 511 448 572 peccati
469 517 539 556 est
568 522 710 566 mors,
743 514 790 554 et
810 514 987 554 caeterae
1010 506 1305 564 poenalitates
1336 506 1613 563 corporales.
1640 504 1727 550 Sed
1749 506 1797 549 B.
1822 502 1960 560 Virgo

74 578 164 625 fuit
196 576 405 634 subjecta
427 571 694 630 hujusmodi
720 569 1082 628 poenalitatibus
1114 571 1232 625 Ergo
1263 567 1400 612 etiam
1424 570 1571 613 fomes
1593 568 1652 612 ab
1677 578 1732 611 ea
1761 566 1959 611 totaliter

74 643 281 687 remotus
293 649 385 682 non
407 635 507 680 fuit.

131 704 177 746 2.
207 703 427 745 Praeterea
451 698 515 749 (11.
547 696 645 739 Cor.
683 707 759 752 xn,
789 695 846 750 9),
871 691 1038 738 dicitur
1061 708 1072 736 z
1097 694 1251 735 Virtus
1276 694 1325 735 in
1345 691 1614 745 infirmitate
1629 693 1896 747 perficitur:
1914 692 1961 734 et

74 762 279 820 loquitur
297 759 361 805 ibi
391 758 448 803 de
467 756 731 801 infirmitate
754 754 943 808 fomitis,
976 752 1233 798 secundum
1260 764 1401 809 quam
1430 750 1692 808 patiebatur
1720 750 1960 796 stimulum

74 823 245 869 carnis.
271 821 357 866 Sed
371 818 484 864 nihil
503 817 628 875 quod
640 817 840 874 pertinet
862 815 921 861 ad
936 814 1266 871 perfectionem
1280 813 1464 858 virtutis
1484 813 1570 857 fuit
1586 814 1635 856 Β.
1656 812 1828 868 Virgini
1846 811 1960 857 sub-

74 884 365 929 trahendum.
386 883 504 936 Ergo
520 891 615 923 non
631 878 719 922 fuit
735 880 785 922 B.
804 875 977 934 Virgini
996 875 1194 920 totaliter
1207 875 1553 921 subtrahendus
1571 875 1735 919 fomes.

128 947 172 991 3.
194 948 430 998 Praeterea,
455 945 763 986 Damascenus
791 939 902 984 dicit
937 937 1080 995 (Orth.
1114 937 1193 983 fid.
1227 937 1310 982 lib.
1334 951 1398 993 111,
1427 949 1529 994 cap.
1560 939 1619 993 2),
1639 935 1766 993 qued
1790 953 1811 973 a
1835 935 1885 980 in
1909 937 1959 979 B-

72 1008 303 1064 Virginem
334 1003 599 1062 supervenit
637 1002 831 1058 Spiritus
856 1006 1061 1056 sanctus,
1095 1012 1304 1057 purgans
1334 1011 1438 1044 eam
1474 1004 1582 1043 ante
1612 997 1962 1054 conceptionem

74 1069 172 1114 Filii
188 1068 282 1125 Dei,
302 1086 324 1107 »
346 1066 470 1124 quod
485 1077 578 1110 non
592 1069 746 1121 potest
759 1061 969 1117 intelligi,
991 1060 1079 1105 nisi
1103 1061 1160 1106 de
1175 1060 1451 1117 purgatione
1470 1059 1498 1104 a
1518 1059 1704 1104 fomite:
1726 1071 1837 1104 nam
1853 1071 1962 1115 pec-

74 1134 231 1175 catum
258 1141 353 1174 non
374 1127 496 1183 fecit,
518 1131 572 1171 ut
593 1124 879 1181 Augustinus
904 1123 1016 1168 dicit
1039 1123 1104 1176 (in
1126 1122 1206 1167 lib.
1230 1126 1291 1167 De
1317 1127 1481 1166 natura
1504 1125 1549 1166 et
1572 1122 1733 1178 gratia,
1755 1134 1857 1178 cap.
1888 1122 1958 1176 36,

74 1195 184 1236 ante
213 1189 367 1245 nied).
388 1191 508 1244 Ergo
535 1198 619 1243 per
641 1184 1050 1230 sanctificationem
1070 1183 1120 1227 in
1142 1187 1273 1228 utero
1303 1196 1396 1227 non
1422 1182 1509 1227 suit
1529 1182 1672 1227 libere
1692 1183 1916 1227 mundata
1934 1182 1962 1225 a

72 1251 248 1298 fomite.

129 1313 218 1360 Sed
235 1315 397 1357 contra
414 1315 484 1356 est
502 1308 628 1366 quod
647 1308 815 1353 dicitur
833 1309 978 1363 (Cant.
1003 1319 1063 1362 iv,
1080 1308 1123 1360 7)
1141 1318 1154 1350 :
1182 1303 1292 1348 Tota
1310 1305 1515 1362 pulchra
1533 1320 1595 1359 es,
1616 1309 1766 1349 amica
1783 1319 1901 1362 mea,
1918 1309 1963 1350 et

74 1375 255 1420 macula
284 1387 375 1418 mm
395 1375 529 1416 est·in
551 1374 608 1415 te.
633 1372 794 1414 Fomes
816 1375 974 1414 autem
1007 1367 1066 1413 ad
1087 1367 1319 1412 maculam
1344 1367 1561 1424 pertinet,
1592 1367 1758 1412 saltem
1788 1367 1960 1415 carnis.

72 1438 190 1493 Ergo
204 1437 252 1480 in
268 1436 403 1481 beata
419 1433 600 1490 Virgine
616 1433 762 1477 fomes
777 1444 872 1475 non
890 1430 992 1476 fuit.

123 1503 417 1545 CONCLUSIO.
431 1523 477 1532 -
496 1502 707 1541 Remansit
723 1500 853 1539 fomes
868 1498 913 1538 iu
929 1498 1048 1538 beata
1062 1495 1229 1546 Virgine
1247 1501 1337 1548 post
1351 1497 1716 1538 sanctificationem
1736 1496 1963 1537 secundum

77 1558 309 1606 essentiam,
323 1555 477 1608 ligatus
488 1558 625 1595 tamen
640 1553 774 1605 quoad
789 1553 1043 1601 exercitium,
1058 1550 1144 1590 sive
1155 1551 1445 1603 operationem,
1464 1563 1594 1603 usque
1607 1550 1660 1591 ad
1673 1550 1770 1590 Filii
1786 1551 1857 1591 Dei
1870 1562 1963 1591 con-

76 1613 314 1665 ceptionem,
336 1611 383 1651 in
408 1622 491 1663 qua
510 1610 592 1649 fuit
616 1609 792 1649 totaliter
807 1607 1008 1648 sublatus.

131 1675 402 1731 Respondeo
425 1673 671 1718 dicendum
706 1671 830 1728 quod
853 1672 976 1716 circa
1002 1671 1091 1716 hoc
1120 1677 1229 1716 sunt
1251 1671 1446 1716 diversae
1472 1669 1731 1726 opiniones.
1766 1669 1961 1722 Quidam

82 1736 207 1780 enim
227 1736 444 1780 dixerunt
459 1733 584 1792 quod
598 1734 646 1777 in
660 1734 760 1789 ipsa
781 1733 1143 1777 sanctificatione
1156 1736 1203 1778 B.
1221 1731 1435 1788 Virginis,
1456 1743 1560 1788 quae
1575 1731 1663 1775 fuit
1677 1730 1963 1776 sanctificata

85 1796 134 1840 in
154 1801 282 1841 utero
297 1830 309 1852 ,
330 1795 528 1840 totaliter
545 1795 633 1839 fuit
652 1796 695 1839 ei
715 1794 864 1838 fomes
887 1793 1167 1839 subtractus.
1204 1794 1397 1847 Quidam
1420 1794 1531 1837 vero
1553 1793 1716 1837 dicunt
1736 1792 1862 1850 quod
1888 1804 1960 1838 re-

81 1858 253 1903 mansit
272 1858 420 1902 fomes
441 1860 667 1914 quantum
687 1856 747 1901 ad
765 1857 853 1901 hoc
874 1855 1001 1912 quod
1021 1856 1130 1900 facit
1149 1855 1469 1900 difficultatem
1490 1855 1549 1900 ad
1570 1855 1778 1900 bonum:
1799 1855 1961 1900 subla·

82 1925 161 1964 tus
182 1924 336 1964 tamen
358 1919 446 1963 fuit
466 1921 691 1974 quantum
706 1918 766 1962 ad
784 1918 870 1961 hoc
887 1917 1014 1974 quod
1031 1917 1140 1962 facit
1154 1919 1431 1974 pronitatem
1454 1916 1514 1961 ad
1530 1917 1722 1960 malum.
1747 1917 1831 1960 Alii
1849 1917 1960 1961 vero

83 1980 303 2025 dixerunt
323 1979 449 2036 quod
469 1979 683 2028 sublatus
706 1978 795 2023 fuit
816 1979 980 2035 fomes,
994 1978 1272 2034 inquantum
1293 1979 1493 2036 pertinet
1525 1978 1586 2023 ad
1614 1978 1961 2035 corruptionem

81 2053 308 2099 personae,
322 2046 460 2098 prout
481 2040 673 2097 impellit
691 2040 750 2085 ad
767 2040 944 2084 malum
965 2044 1011 2085 et
1031 2040 1348 2085 difficultatem
1366 2040 1475 2084 facit
1493 2040 1552 2085 ad
1565 2039 1763 2094 bonum,
1780 2051 1960 2085 reman-

81 2102 141 2147 sit
161 2107 318 2148 tamen
341 2103 618 2160 inquantum
644 2102 843 2161 pertinet
866 2102 924 2148 ad
946 2102 1291 2159 corruptionem
1313 2108 1517 2158 naturae3
1537 2107 1676 2160 prout
1693 2101 1868 2147 scilicet
1888 2110 1961 2147 est

77 2176 219 2209 causa
237 2163 508 2210 traducendi
526 2164 752 2220 originale
770 2169 1014 2220 peccatum
1033 2164 1082 2208 in
1102 2164 1297 2221 prolem.
1321 2164 1405 2208 Alii
1423 2163 1536 2208 vero
1565 2163 1726 2209 dicunt
1754 2163 1880 2221 quod
1909 2163 1959 2208 in

78 2226 226 2282 prima
254 2225 619 2271 sanctificatione
651 2226 875 2269 remansit
896 2225 1043 2269 fomes
1070 2226 1330 2270 secundum
1360 2225 1634 2280 essentiam,
1658 2226 1739 2271 sed
1761 2225 1956 2283 ligatus3

79 2286 127 2331 in
151 2287 252 2343 ipsa
273 2292 428 2332 autem
449 2286 750 2344 conceptione
773 2287 871 2331 Filii
893 2287 970 2331 Dei
992 2287 1081 2332 fuit
1108 2288 1309 2333 totaliter
1330 2287 1559 2332 sublatus.
1585 2287 1652 2332 Ad
1678 2287 1845 2332 horum
1871 2300 1959 2332 au-

80 2351 172 2392 tem
190 2348 475 2394 intellectum
493 2354 674 2405 oportet
690 2347 982 2392 considerare
999 2347 1124 2405 qued
1136 2348 1284 2394 fomes
1304 2349 1418 2393 nihil
1436 2353 1508 2393 est
1526 2348 1653 2393 aliud
1670 2349 1811 2406 quam
1829 2348 1959 2394 inor-

79 2409 232 2455 dinata
253 2409 624 2467 concupiscentia
648 2408 880 2454 sensibilis
899 2409 1155 2467 appetitus3
1176 2410 1424 2455 habitualis
1443 2415 1614 2467 tamen,
1633 2411 1741 2467 quia
1763 2411 1958 2456 actualis

79 2471 455 2528 concupiscentia
473 2476 546 2516 est
565 2475 721 2517 motus
742 2471 936 2527 peccati.
959 2471 1135 2516 Dicitur
1153 2475 1308 2516 autem
1331 2472 1709 2528 concupiscentia
1729 2472 1958 2517 sensuali-

82 2532 189 2577 tatis
207 2544 310 2578 esse
332 2532 617 2589 inordinata,
641 2533 921 2589 inquantum
941 2538 1175 2589 repugnat
1192 2534 1385 2589 rationi3
1421 2533 1547 2591 quod
1575 2534 1765 2591 quidem
1786 2534 1865 2595 fit,
1883 2534 1958 2579 in-

80 2599 306 2651 quantum
323 2593 512 2638 inclinat
533 2593 592 2639 ad
618 2594 794 2639 malum
809 2628 821 2651 ,
842 2595 918 2640 vel
937 2595 1257 2640 difficultatem
1278 2595 1388 2640 facit
1406 2595 1466 2640 ad
1485 2595 1678 2640 bonum.
1698 2598 1752 2640 Et
1773 2595 1876 2641 ideo
1897 2598 1958 2643 ad

80 2653 229 2710 ipsam
249 2655 474 2700 rationem
497 2654 671 2699 fomitis
692 2655 892 2711 pertinet
907 2655 1031 2712 quod
1050 2656 1241 2701 inclinet
1264 2657 1323 2701 ad
1351 2657 1526 2700 malum
1546 2657 1618 2700 vel
1639 2656 1957 2703 difficultatem

81 2715 216 2760 faciat
235 2714 284 2759 in
312 2714 448 2760 bono.
471 2715 597 2761 Unde
614 2728 788 2772 ponere
806 2715 933 2774 quod
953 2717 1231 2762 remanserit
1254 2718 1403 2762 fomes
1426 2717 1474 2760 in
1494 2719 1542 2762 B.
1568 2718 1752 2774 Virgine
1768 2730 1865 2763 non
1884 2720 1957 2764 in—

82 2774 260 2820 clinans
277 2776 336 2821 ad
356 2776 550 2830 malum,
569 2782 641 2821 est
661 2788 833 2833 ponere
856 2777 949 2822 duo
971 2777 1183 2835 opposita
1207 2778 1362 2822 simul.
1387 2778 1602 2822 Similiter
1615 2779 1755 2823 etiam
1774 2780 1958 2826 videtur

82 2836 415 2892 oppositionem
440 2838 676 2894 implicare
708 2838 834 2895 quod
863 2839 1138 2884 remanserit
1168 2840 1316 2884 fomes
1333 2873 1347 2895 ,
1370 2839 1646 2896 inquantum
1669 2840 1869 2897 pertinet
1897 2842 1958 2888 ad

83 2896 422 2953 corruptionem
442 2904 618 2943 naturae
633 2933 647 2955 ,
671 2912 764 2944 non
797 2905 952 2945 autem
987 2901 1267 2957 inquantum
1296 2900 1497 2957 pertinet
1525 2901 1584 2945 ad
1615 2902 1957 2959 corruptionem

82 2970 307 3014 personae.
326 2960 440 3003 Nam
461 2961 721 3006 secundum
742 2963 1055 3019 Augustinum
1074 2965 1153 3017 (De
1171 2968 1304 3018 nupt.
1327 2969 1373 3007 et
1401 2963 1665 3019 concupisc.
1688 2963 1770 3007 lib.
1791 2978 1832 3021 1,
1852 2977 1954 3023 cap.

81 3022 169 3076 24),
189 3019 332 3064 libido
349 3024 421 3064 est
437 3032 541 3076 quae
556 3028 797 3078 peccatum
811 3024 1035 3080 originale
1053 3024 1320 3069 transmittit
1339 3024 1389 3067 in
1410 3024 1604 3080 prolem.
1621 3024 1779 3070 Libido
1799 3030 1956 3072 autem

81 3080 300 3137 importat
330 3080 639 3126 inordinatam
662 3085 1085 3142 concupiscentiam
1102 3118 1115 3141 ,
1138 3097 1244 3142 quae
1278 3097 1374 3128 non
1405 3085 1604 3130 totaliter
1635 3086 1851 3132 subditur
1881 3101 1955 3134 ra-

82 3142 212 3187 tioni.
228 3145 282 3187 Et
299 3141 403 3187 ideo
421 3142 461 3188 si
484 3143 682 3188 totaliter
701 3145 849 3190 fomes
866 3147 1230 3202 subtraheretur,
1249 3146 1528 3204 inquantum
1546 3148 1745 3204 pertinet
1767 3149 1826 3194 ad
1850 3163 1957 3195 cor-

81 3203 341 3260 ruptionem
360 3216 586 3261 personae,
606 3217 702 3249 non
719 3212 878 3262 posset
898 3219 1155 3264 remanere,
1174 3208 1452 3265 inquantum
1471 3209 1669 3265 pertinet
1690 3210 1748 3255 ad
1766 3223 1957 3269 corrup-

81 3264 254 3310 tionem
275 3271 468 3310 naturae.
490 3269 648 3311 Restat
668 3279 782 3324 ergo
803 3273 858 3313 ut
875 3268 1086 3314 dicamus
1107 3270 1233 3325 quod
1255 3271 1330 3314 vel
1349 3271 1548 3315 totaliter
1565 3272 1714 3316 fomes
1739 3273 1878 3318 fuerit
1896 3273 1956 3317 ab

82 3337 136 3370 ea
158 3326 370 3372 sublatus
387 3340 468 3385 per
499 3328 696 3384 primam
727 3326 1139 3374 sanctificationem
1153 3364 1167 3387 ,
1191 3331 1267 3375 vel
1290 3331 1329 3375 si
1351 3334 1643 3389 remanserit,
1665 3334 1791 3390 quod
1817 3335 1957 3378 fuerit

80 3386 265 3442 ligatus.
288 3391 445 3433 Posset
459 3388 583 3433 enim
604 3390 799 3446 intelligi
819 3390 942 3447 quod
961 3391 1160 3436 totaliter
1173 3392 1309 3436 fuerit
1326 3393 1537 3439 sublatus
1551 3395 1698 3439 fomes
1712 3396 1800 3439 hoc
1818 3395 1956 3439 modo

81 3449 203 3504 quod
224 3450 483 3507 praestitum
514 3450 654 3495 fuerit
681 3453 731 3495 Β.
760 3451 933 3508 Virgini
966 3464 1025 3497 ex
1057 3453 1341 3499 abundantia
1364 3456 1525 3512 gratiae
1553 3456 1877 3501 descendentis
1909 3455 1956 3500 in

0 3537 12 3556 π
79 3507 242 3565 ipsam.
263 3516 316 3555 ut
334 3511 439 3556 talis
462 3519 584 3556 esset
601 3513 841 3569 dispositio
858 3513 1026 3558 virium
1045 3515 1212 3559 animae
1233 3516 1281 3559 in
1304 3517 1406 3572 ipsa
1427 3518 1552 3574 quod
1571 3517 1810 3561 inferiores
1834 3517 1955 3562 vires

1071 3615 1098 3629 Q
