2170 3808
695 318 891 369 QUAEST.
924 318 1033 371 xvi,
1064 317 1180 360 Aur.
1209 317 1244 360 i.
1828 318 1912 360 147

39 398 113 448 sel
134 403 269 447 etiam
291 402 339 445 in
355 399 591 458 supposito
607 397 682 443 vel
706 398 956 455 hypostasi,
981 397 1178 442 dicimus
1197 397 1318 441 hanc
1331 399 1693 454 propositionem
1715 411 1817 443 esse
1836 410 1910 442 ve-

38 475 85 508 ra
97 473 133 509 m
151 470 194 508 et
208 463 435 520 propriam
450 477 460 506 :
475 466 592 504 Deus
610 459 835 515 esthemo,
850 471 944 502 non
962 458 1111 502 solum
1129 462 1316 514 propter
1330 458 1568 503 veritatem
1589 460 1906 517 terminorum,

38 524 142 582 qiiia
167 525 340 569 scilicet
360 523 559 568 Christus
575 526 647 566 est
667 532 805 565 verus
827 523 946 564 Deus
964 525 1009 563 et
1027 531 1166 562 verus
1184 518 1338 575 homo,
1359 519 1440 563 sed
1463 521 1601 565 etiam
1621 528 1808 578 propter
1826 533 1909 566 ve-

37 585 212 630 ritatem
234 582 567 642 praedicationis
587 585 661 636 (1).
686 585 857 626 Nomen
879 580 1003 625 enim
1019 579 1289 635 significans
1311 584 1524 624 naturam
1547 593 1840 627 communem
1860 582 1907 626 in

37 653 265 704 acuerem,
298 649 446 703 potest
477 656 738 701 supponere
766 654 850 701 pro
882 642 1090 699 quolibet
1112 646 1436 686 contentorum
1463 642 1551 686 suh
1584 648 1750 687 natura
1778 656 1908 688 com-

37 709 190 767 mun13
224 708 344 754 sicut
363 708 451 752 hoc
473 718 641 751 nomen
660 706 791 749 homo
811 709 963 761 potest
979 715 1242 766 supponere
1261 716 1345 760 pro
1377 704 1584 760 quolibet
1605 705 1792 749 homine
1810 706 1906 750 sin-

37 770 197 828 gulari.
235 773 286 814 Et
319 770 381 815 ita
401 770 487 812 hoc
510 780 679 812 nomen
711 772 829 810 Deus
865 779 923 811 ex
954 766 1058 822 ipso
1078 765 1217 810 modo
1247 777 1344 809 suae
1377 765 1727 821 significationis
1756 772 1908 823 potest

39 841 297 888 supponere
327 843 409 888 pro
448 842 645 887 persona
685 829 780 872 Filii
812 828 904 884 Dei,
939 833 993 871 ut
1014 827 1150 870 etiarn
1176 826 1220 869 in
1262 826 1409 883 prima
1443 832 1571 882 parte
1607 827 1815 872 habitum
1837 833 1906 873 est

37 895 217 949 (quaest.
244 906 379 947 xxxix„
400 897 483 935 art.
508 894 569 945 4).
591 894 651 935 De
674 889 879 947 quolibet
897 893 1053 933 autem
1076 888 1318 945 supposito
1337 888 1534 945 aliqu‘us
1556 894 1735 934 naturae
1756 895 1908 946 potest

0 986 2 1009 ζ
36 953 143 998 vere
174 959 220 999 et
241 954 418 1012 proprie
435 951 671 1009 praedicari
695 963 864 996 nomen
897 950 1165 1006 significans
1194 949 1320 993 illam
1352 953 1566 994 naturam
1594 948 1640 994 in
1663 955 1903 1007 concretot,

0 1022 1 1025 ’
37 1015 156 1060 sicut
173 1015 234 1061 de
263 1018 444 1060 Socrate
473 1021 519 1059 et
552 1014 738 1058 Platone
770 1012 951 1070 proprie
980 1017 1026 1056 et
1046 1011 1155 1056 vere
1175 1011 1451 1068 praedicatur
1479 1012 1626 1057 homo,
1647 1013 1759 1064 Quia
1794 1024 1906 1069 ergo

40 1087 235 1133 persona
262 1076 356 1120 Filii
380 1076 474 1130 Dei,
498 1088 580 1132 pro
599 1087 694 1132 qua
712 1075 930 1131 supponit
956 1073 1043 1118 hoc
1064 1084 1231 1117 nomen
1256 1077 1390 1129 DeuS,
1419 1076 1491 1116 est
1509 1074 1800 1130 suppositum
1821 1086 1905 1118 na-

37 1142 151 1182 turae
179 1139 408 1191 humanae,
431 1137 539 1181 vere
568 1140 615 1181 et
630 1137 812 1193 proprie
840 1136 928 1179 hoc
950 1146 1120 1178 nomen
1148 1135 1280 1178 homo
1302 1138 1455 1190 potest
1480 1136 1717 1191 praedicari
1744 1136 1801 1181 de
1819 1136 1911 1181 hoc

36 1199 221 1243 nomine
242 1204 372 1255 Deus,
389 1198 643 1243 secundum
663 1197 786 1253 quod
808 1196 1026 1253 supponit
1048 1208 1132 1252 pro
1154 1207 1354 1252 persona
1367 1195 1460 1239 Filii
1481 1196 1556 1240 Dei
1582 1198 1657 1252 (2).

87 1259 154 1306 Ad
185 1263 382 1317 primum
417 1271 526 1314 ergo
549 1259 812 1315 dicendum,
833 1258 960 1314 quod
979 1256 1166 1314 quando
1186 1257 1345 1301 formae
1377 1256 1577 1303 diversae
1596 1271 1689 1302 non
1708 1264 1906 1315 possunt

35 1322 280 1366 convenire
300 1321 348 1365 in
371 1332 516 1365 unum
535 1320 843 1376 suppositum,
864 1325 975 1363 tunc
1007 1323 1185 1377 oportet
1212 1319 1336 1375 quod
1356 1320 1607 1375 propositio
1638 1321 1699 1365 sit
1726 1321 1774 1365 in
1807 1333 1905 1366 ma-

37 1381 146 1426 teria
164 1391 352 1436 remota„
373 1381 509 1438 cujus
525 1381 782 1438 subjectum
804 1381 1032 1438 signifieat
1055 1393 1197 1424 unam
1227 1380 1409 1424 illarum
1427 1381 1695 1437 formarum,
1721 1386 1768 1427 et
1785 1395 1907 1439 prae-

35 1443 233 1489 dicatum
257 1444 414 1499 aliam3
447 1442 529 1487 sed
551 1443 736 1499 quando
755 1443 860 1487 duae
879 1443 1038 1486 formae
1056 1447 1252 1499 possunt
1269 1441 1517 1486 convenire
1538 1442 1587 1486 in
1612 1455 1759 1487 unum
1790 1456 1905 1500 sup-

34 1504 249 1561 positum,
269 1517 360 1548 non
384 1508 453 1549 est
468 1505 662 1548 materia
679 1508 871 1559 remota,
891 1504 973 1548 sed
995 1503 1219 1547 naturalis
1242 1503 1315 1547 vel
1331 1504 1631 1559 contingens3
1657 1505 1778 1549 sicut
1796 1509 1903 1550 cum

36 1566 136 1610 dico
153 1567 339 1619 :Albam
355 1570 419 1609 est
433 1568 651 1610 maasia-um
671 1567 744 1620 (3).
758 1567 928 1609 Natura
950 1571 1104 1609 autem
1119 1563 1272 1608 divina
1283 1571 1331 1608 et
1352 1566 1571 1622 humana,
1584 1566 1797 1622 quamvis
1809 1568 1903 1612 sint

37 1629 233 1674 maxime
256 1628 494 1680 distantes,
520 1634 670 1673 tamen
692 1627 976 1672 conveniunt
993 1639 1076 1684 per
1093 1626 1429 1671 Inoni-nationis
1446 1629 1717 1686 mysterium
1739 1629 1784 1672 in
1809 1642 1903 1675 uno

38 1689 290 1746 suppositoff
308 1690 382 1735 cui
403 1696 565 1735 neutra
588 1689 771 1733 iliarum
792 1689 912 1734 inest
931 1702 1012 1746 per
1041 1688 1271 1744 accidenS‚
1295 1688 1377 1733 sed
1404 1702 1488 1746 per
1515 1702 1581 1734 se.
1603 1693 1656 1734 Et
1673 1691 1775 1735 ideo
1806 1692 1904 1736 haec

35 1750 297 1808 propositio,
321 1756 437 1795 Deus
457 1757 520 1796 est
538 1754 682 1805 homo,
706 1763 797 1795 non
815 1757 888 1796 est
906 1763 1056 1808 neque
1077 1751 1124 1794 in
1141 1751 1331 1794 materia
1347 1755 1538 1808 remota,
1566 1764 1716 1809 neque
1736 1753 1782 1796 in
1802 1765 1905 1797 ma-

35 1813 147 1858 teria
164 1813 466 1870 contingenti,
499 1813 582 1858 sed
602 1813 651 1857 in
664 1813 857 1858 materia
876 1812 1098 1869 naturali3
1119 1817 1164 1857 et
1178 1812 1454 1869 praedicatur
1469 1814 1607 1858 homo
1626 1815 1683 1859 de
1699 1819 1788 1859 Deo
1809 1829 1902 1861 non

34 1873 367 1931 peraccidens,
390 1874 471 1919 sed
500 1885 581 1930 per
603 1886 668 1934 se,
692 1875 813 1918 sicut
833 1875 1008 1931 species
1028 1875 1086 1918 de
1104 1886 1189 1918 sua
1213 1875 1479 1931 hypostasi3
1502 1888 1594 1919 non
1619 1876 1805 1931 quidem
1826 1890 1903 1922 ra·-

34 1937 157 1981 tione
178 1936 337 1980 formae
363 1936 630 1991 significatae
646 1948 728 1992 per
749 1937 836 1981 hoc
859 1947 1026 1980 nomen
1049 1939 1185 1994 Deus,
1217 1935 1298 1979 sed
1321 1935 1497 1981 ratione
1515 1938 1757 1992 suppositi⁷
1779 1939 1902 1995 quod

34 2001 104 2042 est
123 1997 382 2054 hypostasis
402 1997 617 2042 humanae
642 2000 835 2042 naturae.

0 2072 1 2075 ¹
86 2058 152 2104 Ad
181 2060 419 2102 secundum
443 2059 709 2116 dicendum,
735 2058 859 2116 quod
888 2063 986 2104 tres
1017 2070 1228 2116 personae
1246 2058 1419 2103 divinae
1449 2060 1731 2104 conveniunt
1749 2061 1795 2104 in
1827 2075 1902 2107 na-

35 2126 160 2177 tura3
181 2121 527 2178 distinguuntur
550 2126 702 2166 tamen
721 2122 769 2165 in
791 2121 1057 2177 supposito:
1078 2125 1125 2165 et
1143 2120 1247 2165 ideo
1267 2133 1359 2164 non
1382 2120 1689 2176 praedicantur
1709 2122 1767 2166 de
1785 2123 1901 2168 invi—

34 2190 150 2229 cem.
174 2186 222 2228 ln
253 2182 471 2240 mysterio
501 2188 655 2228 autem
689 2183 1038 2239 incarnationis,
1077 2186 1257 2227 naturae
1290 2182 1495 2238 quidem,
1530 2183 1638 2239 quia
1674 2183 1902 2230 distinctae

35 2249 146 2290 sunt
160 2278 173 2303 ,
217 2243 273 2290 de
307 2244 502 2289 invicem
538 2256 631 2289 non
664 2244 998 2301 praedicantur‚
1041 2243 1301 2288 secundum
1339 2243 1462 2298 quod
1498 2243 1818 2298 significantur
1851 2247 1899 2291 in

36 2305 262 2351 abstracto
285 2309 393 2360 (non
423 2306 543 2364 enim
570 2312 731 2351 natura
755 2307 909 2351 divina
929 2311 1000 2350 est
1034 2307 1285 2358 humana):
1315 2304 1398 2350 sed
1418 2304 1527 2361 quia
1549 2306 1831 2351 conveniunt
1851 2309 1898 2352 in

36 2369 286 2425 supposito,
309 2368 616 2425 praedicantur
633 2369 689 2412 de
709 2381 759 2413 se
780 2369 975 2412 invicem
999 2367 1046 2410 in
1071 2370 1289 2411 concreto
1301 2368 1376 2420 (4).

87 2430 153 2475 Ad
175 2433 356 2474 tertium
375 2427 637 2487 dicendum,
656 2430 776 2487 quod
796 2433 950 2472 anima
973 2431 1018 2472 et
1037 2442 1145 2473 caro
1167 2425 1489 2485 significantur
1508 2432 1562 2473 ut
1579 2428 1626 2473 in
1650 2429 1897 2491 abstracto,

36 2492 153 2537 sicut
172 2491 384 2536 divinitas
413 2495 460 2535 et
474 2491 764 2536 humanitas:
786 2491 834 2535 in
853 2495 1068 2536 concreto
1085 2488 1198 2535 vero
1220 2490 1440 2534 dicuntur
1458 2492 1708 2534 animatum
1725 2497 1770 2536 et
1796 2507 1899 2536 car—

34 2565 179 2609 neum,
200 2553 297 2606 sive
318 2565 593 2610 corporeum,
608 2554 728 2599 sicut
743 2557 790 2598 et
805 2566 864 2598 ex
887 2554 975 2597 alia
997 2556 1127 2609 parte
1146 2556 1265 2594 Deus
1280 2553 1487 2596 ethome.
1505 2552 1632 2597 Unde
1654 2554 1899 2612 utrobique

36 2614 314 2659 abstractum
354 2626 447 2658 non
488 2614 760 2671 praedicatur
798 2615 855 2660 de
891 2614 1136 2671 abstineto,
1187 2612 1268 2657 sed
1315 2612 1465 2657 solum
1520 2618 1786 2660 concretum
1842 2617 1900 2662 de

36 2681 262 2721 concreto,

92 2736 156 2781 Ad
189 2742 397 2792 quartum
419 2738 679 2794 dicendum,
704 2739 828 2796 quod
858 2738 945 2783 hoc
968 2749 1136 2782 nomen
1169 2738 1304 2780 homo
1325 2737 1600 2793 praedicatur
1629 2737 1687 2782 de
1710 2740 1801 2783 Deo
1822 2752 1899 2784 ra-

42 2798 164 2843 tione
192 2799 376 2844 unionis
408 2800 453 2844 in
489 2811 715 2857 persona:
751 2813 858 2858 quoe
897 2801 1084 2858 quidem
1124 2799 1234 2843 unio
1269 2799 1538 2843 relationem
1580 2798 1819 2856 Importat3
1853 2806 1900 2846 et

35 2859 148 2967 ‘iideo
163 2861 480 2965 nonbsequitur
495 2862 703 2918 regulam
715 2875 880 2908 eorum
906 2863 1148 2916 nominum
1172 2864 1229 2915 (5).Δ
1243 2872 1351 2917 quae
1368 2859 1579 2904 absolute
1595 2862 1900 2917 praedicantur

67 2933 94 2967 e
114 2924 204 2966 Deo
228 2934 255 2965 a
308 2927 494 2967 aeterno.

69 3056 118 3100 (l)
132 3057 217 3100 Quin
241 3056 320 3092 verb
337 3059 370 3091 et
387 3057 522 3099 proprie
539 3067 643 3092 unum
659 3058 699 3094 do
719 3059 823 3094 uter·
836 3070 920 3102 prm·
999 3056 1044 3094 :de
1071 3056 1260 3099 individuo,
1291 3056 1381 3098 quod
1393 3050 1437 3091 ‘in
1456 3054 1690 3091 incarnatione
1715 3059 1896 3099 reperitur.

36 3104 177 3140 «litatur.
1046 3106 1089 3150 (λ)
1116 3105 1202 3140 Hinc
1219 3106 1254 3139 in
1282 3104 1585 3139 communicatione
1609 3105 1810 3139 idiomatum
1840 3106 1898 3141 illa

77 3152 120 3195 (2)
159 3152 244 3186 Hine
277 3151 402 3186 dicitur
436 3152 471 3186 in
503 3152 609 3193 symb.
650 3153 805 3190 Athanas.
838 3156 923 3190 Per·
1004 3152 1117 3193 regula
1141 3165 1150 3187 ι
1174 3156 1327 3186 concreta
1351 3151 1392 3186 de
1415 3153 1578 3186 concretis
1596 3157 1664 3187 tam
1699 3158 1896 3187 naturarum

34 3199 146 3242 {eolus
163 3201 257 3235 Deus
277 3203 310 3234 el
331 3199 509 3243 perfectus
524 3202 626 3235 homo
654 3212 699 3237 ex
721 3202 846 3236 anima
861 3213 922 3237 ra·
1005 3204 1103 3242 quam
1120 3200 1366 3241 proprietatum
1387 3205 1524 3240 possunt
1546 3200 1587 3234 de
1604 3213 1638 3234 se
1655 3201 1797 3236 invicem
1813 3213 1898 3241 prae-

36 3246 170 3282 tionali
185 3250 217 3281 et
236 3248 396 3280 humana
409 3256 520 3282 carne
533 3248 742 3290 subsistens,
758 3249 794 3283 in
806 3250 922 3289 synod.
1005 3248 1108 3284 dicari
1123 3247 1341 3288 regulariter:
1358 3251 1397 3282 ut
1414 3247 1511 3281 Deus
1526 3249 1694 3282 esthemo
1708 3262 1718 3288 ,·
1734 3247 1899 3282 abstracta

35 3300 70 3331 v.
87 3305 159 3328 can.
185 3295 216 3328 8.
239 3293 569 3330 consubstantialis
594 3296 704 3331 Patri
723 3299 921 3332 secundum
1006 3298 1083 3329 verb
1100 3295 1139 3329 de
1153 3307 1188 3329 se
1202 3294 1347 3329 invicem
1366 3305 1432 3328 nou
1459 3295 1703 3336 l‘roedicantur.
1718 3300 1757 3329 ut
1770 3296 1897 3328 huma·

35 3341 203 3376 deitatem
218 3346 250 3376 el
268 3343 592 3379 consubstantialis
609 3346 710 3380 nobis
725 3346 920 3381 secundnm
1004 3344 1101 3378 nitas
1131 3346 1183 3379 est
1218 3343 1414 3384 divinitas,-
1450 3343 1653 3377 abstractum
1687 3354 1819 3384 qnoque
1857 3341 1895 3376 de

37 3387 309 3424 humanitatem.
1005 3394 1160 3424 concreto
1191 3402 1258 3424 non
1292 3390 1494 3431 praedicatur
1522 3395 1561 3424 ut
1599 3391 1811 3425 humanitas
1843 3393 1892 3424 est

76 3437 119 3479 (5)
132 3438 217 3471 Tum
243 3438 382 3472 materia
403 3442 452 3474 est
472 3439 675 3482 contingens,
707 3443 783 3483 qnia
802 3441 920 3484 praedi-
1004 3438 1114 3480 Dein,
1129 3442 1187 3472 aut
1201 3439 1378 3472 divinitas
1392 3441 1445 3473 est
1460 3439 1575 3472 homo.

37 3489 144 3518 catum
161 3492 208 3519 est
219 3485 432 3521 accidentale.
443 3488 500 3522 Est
517 3489 595 3522 vero
612 3489 773 3523 naturalis
789 3490 920 3531 quando
1045 3493 1086 3531 (ὃ)
1108 3491 1238 3526 Nomen
1260 3491 1348 3526 illud
1367 3503 1433 3526 non
1458 3495 1508 3526 est
1532 3491 1716 3533 essentiale,
1730 3490 1787 3525 sed
1803 3490 1894 3524 mere

36 3531 235 3567 attributum
247 3534 371 3568 dicitur
382 3535 421 3569 de
429 3535 575 3577 subjecto
586 3549 645 3578 per
656 3538 788 3580 se‚sieut
801 3539 922 3580 species
1006 3539 1195 3575 relativum.
