2170 3808
879 0 882 7 ¹
920 11 936 21 ,r
958 10 996 24 ἅν.
1003 0 1051 20 ’ἢκ-ι
1069 0 1157 26 ''gauf-⁴.
1168 3 1172 8 ⁷
1183 0 1195 21 Ῐ-
1206 1 1211 6 ”
1224 0 1274 39 lust}-
1288 12 1290 14 ’
1302 0 1306 7 ”
1367 6 1379 14 *

148 190 232 234 418
785 188 982 240 QUAEST.
1011 188 1154 242 XLIX,
1186 188 1302 231 ART.
1332 189 1399 233 111.
1745 196 1766 210 ³

207 272 554 316 ARTICULUS
577 273 658 332 ΠΙ.
683 293 739 300 —-
765 282 906 312 urium
929 282 1004 311 Pan
1029 282 1255 312 ΡΑεειοΝΕιι
1279 282 1443 314 cnars‘rr
1473 284 1652 316 norimus
1677 284 1767 316 sm'r
1793 285 1980 316 unam-rr

896 345 921 374 A
951 344 1075 374 ronna
1106 343 1290 375 racem.

151 409 203 446 De
216 409 270 445 hi·
283 409 384 444 etiam
404 407 503 449 infra,
519 411 635 449 quoest.
650 415 713 449 Lu,
728 412 792 441 art.
809 407 831 441 5
846 419 937 448 corp.
954 411 989 442 et
1006 411 1120 447 quaest.
1139 415 1280 448 mxxv,
1299 412 1364 441 art.
1377 409 1396 442 4
1416 407 1457 442 ad
1470 409 1503 452 5,
1525 412 1559 444 et
1575 409 1668 444 Sent-
1687 417 1739 451 111,
1759 407 1837 442 dist.
1854 407 1909 450 59,
1927 412 1990 444 nrt.
2002 409 2037 453 3,

754 460 787 490 et
808 455 854 490 De
873 467 944 491 ver.
963 461 1080 497 quaest.
1097 463 1190 496 nn,
1211 459 1276 489 art.
1297 455 1319 490 7
1341 455 1380 490 ad
1398 455 1432 491 9.

204 518 273 566 Ad
295 518 484 563 tertium
519 517 587 562 sic
617 518 900 575 proceditur.
934 521 978 562 1.
1001 517 1189 562 Videtur
1209 515 1336 574 quod
1355 529 1437 574 per
1460 518 1726 574 passionem
1751 516 1918 562 Christi
1942 529 2036 562 non

151 581 247 628 sint
277 579 492 626 homines
523 579 704 625 liberati
731 579 760 624 a
780 593 919 636 poena
951 579 1143 637 peccati.
1170 578 1416 637 *Praecipua
1437 579 1562 625 enim
1594 592 1735 637 poena
1767 577 1944 636 peccati
1967 583 2038 625 est

149 647 323 689 aeterna
346 642 597 688 damnatio.
622 643 707 688 Sed
730 642 797 686 illi
819 642 898 699 qui
919 641 1125 687 damnati
1150 645 1281 686 erant
1303 641 1350 684 in
1382 641 1563 687 inferno
1584 654 1670 699 pro
1693 641 1793 687 suis
1814 641 2032 698 peccatis,

149 717 247 750 non
264 708 377 751 sunt
396 716 480 763 per
498 703 660 749 Christi
684 704 948 762 passionem
966 703 1164 760 liberati,
1182 702 1292 760 quia
1312 705 1362 747 in
1385 704 1563 759 inferno
1586 704 1715 748 nulla
1737 707 1804 747 est
1826 703 2036 760 redemp-

151 769 230 812 tio.
270 769 390 826 Ergo
425 765 608 812 videtur
650 765 777 823 quod
812 765 967 822 passio
1008 764 1171 809 Christi
1209 777 1304 808 non
1341 764 1553 810 liberavit
1589 765 1802 810 homines
1836 763 1864 808 a
1894 776 2036 822 poena

146 829 343 888 peccati.

205 895 248 938 2.
279 894 520 946 Praeterea,
539 888 632 933 illis
656 889 737 945 qui
763 893 874 933 sunt
905 888 1087 933 liberati
1110 888 1137 932 a
1155 891 1288 933 reatu
1311 901 1480 945 poenae,
1502 901 1597 934 non
1627 893 1700 935 est
1722 888 1878 944 aliqua
1894 899 2035 944 poena
2084 930 2087 933 .

146 953 451 1013 iniungenda.
476 950 565 996 Sed
578 951 914 1006 poenitentibus
934 949 1194 1007 injungitur
1221 963 1362 1007 poena
1384 950 1691 996 satisfactoria
1704 952 1782 1007 (1).
1809 951 1909 994 Non
1923 960 2035 1005 ergo

146 1029 232 1075 per
248 1015 514 1074 passionem
536 1012 700 1058 Christi
724 1017 836 1058 sunt
857 1013 1069 1058 homines
1091 1012 1271 1058 liberati
1295 1012 1323 1058 a
1341 1018 1473 1059 reatu
1492 1026 1661 1071 poenae.

200 1080 243 1124 3.
266 1080 505 1135 Praeterea,
523 1087 653 1120 mors
673 1079 744 1120 est
762 1087 904 1132 poena
927 1075 1121 1131 peccati,
1147 1074 1405 1120 secundum
1420 1074 1535 1120 illud
1553 1077 1710 1130 (Rom.
1733 1088 1793 1131 vx,
1814 1074 1896 1129 23)
1914 1088 1925 1117 ε
1941 1075 2035 1118 Sti-

143 1142 316 1198 pendia
332 1140 514 1197 peccati
532 1150 669 1182 mors,
707 1137 796 1182 Sed
825 1138 975 1183 adhuc
994 1141 1099 1194 post
1117 1137 1381 1194 passionem
1402 1136 1566 1183 Christi
1586 1135 1801 1181 homines
1822 1133 2034 1180 moriun-

144 1204 238 1247 tur.
259 1203 379 1259 Ergo
397 1213 481 1258 per
502 1200 769 1259 passionem
789 1198 951 1244 Christi
976 1211 1070 1243 non
1091 1202 1201 1243 sunt
1228 1199 1441 1244 homines
1466 1198 1645 1243 liberati
1666 1198 1694 1242 a
1714 1204 1847 1243 reatu
1861 1209 2030 1255 poenae.

203 1263 293 1310 Sed
314 1267 473 1308 contra
505 1266 577 1307 est
598 1260 725 1319 quod
747 1261 916 1306 dicitur
943 1262 958 1316 (
970 1260 1074 1305 lsai.
1108 1274 1194 1320 un,
1217 1264 1291 1314 4):
1331 1261 1444 1305 Vere
1463 1261 1705 1318 lanquores
1739 1262 1915 1304 nostros
1939 1261 2034 1317 ipse

147 1326 272 1382 tulit,
295 1329 339 1369 et
361 1325 540 1369 dolores
559 1327 734 1367 nostros
754 1325 849 1380 ipse
868 1324 1083 1380 portavit.
1126 1348 1128 1352 -

194 1394 486 1437 CONCLUSIO.
514 1416 560 1436 ,—
585 1394 721 1434 Passio
736 1391 884 1433 Christi
907 1391 1003 1432 cum
1019 1391 1142 1431 fuerit
1167 1390 1505 1444 superabundans
1529 1402 1602 1442 pro
1621 1372 1792 1443 peccatis
1812 1390 2034 1430 satisfactio

144 1453 185 1492 et
204 1461 328 1492 causa
344 1449 601 1490 remissionis
623 1451 894 1500 peccatorum,
908 1446 1063 1498 quibus
1078 1446 1201 1486 homo
1219 1457 1385 1497 poenam
1406 1450 1598 1496 meretur,
1616 1456 1869 1497 consequens
1886 1449 1948 1486 est
1965 1455 2035 1497 per

143 1515 237 1547 eam
255 1517 331 1546 nos
344 1516 431 1546 esse
444 1506 467 1545 a
486 1508 600 1545 reatu
616 1514 748 1554 poenae
766 1502 967 1542 liberatos.

200 1568 473 1626 Respondeo
492 1566 741 1612 dicendum
761 1564 887 1621 quod
907 1577 990 1620 per
1007 1563 1277 1621 passionem
1291 1562 1456 1607 Christi
1472 1563 1654 1608 liberati
1676 1574 1842 1607 sumus
1857 1561 1886 1607 a
1904 1567 2036 1608 reatu

144 1643 298 1688 poenae
320 1628 592 1686 dupliciter:
613 1639 711 1671 uno
727 1626 868 1671 modo
889 1625 1077 1683 directe,
1100 1625 1379 1683 inquantum
1402 1624 1578 1670 scilicet
1600 1623 1756 1680 passio
1772 1622 1937 1669 Christi
1949 1623 2038 1670 fuit

145 1692 387 1739 sufficiens
414 1695 460 1736 et
486 1688 876 1747 superabundans
905 1687 1159 1733 satisfactio
1186 1699 1271 1745 pro
1303 1687 1507 1744 peccatis
1524 1686 1667 1732 totius
1684 1686 1877 1732 humani
1897 1699 2038 1745 gene-

144 1754 212 1801 ris
231 1756 312 1811 (2):
327 1751 532 1799 exhibita
549 1755 710 1797 autem
729 1750 1045 1795 satisfactione
1074 1749 1340 1807 sufficienti,
1356 1749 1534 1794 tollitur
1555 1754 1713 1795 reatus
1731 1761 1911 1808 poenae3
1945 1749 2038 1794 alio

143 1817 286 1864 modo
325 1815 567 1870 indirecte,
593 1814 878 1871 inquantum
912 1813 1088 1858 scilicet
1109 1812 1266 1869 passio
1297 1812 1460 1858 Christi
1486 1815 1559 1857 est
1581 1824 1727 1858 causa
1743 1811 2036 1858 remissionis

144 1879 341 1937 peccati,
362 1879 411 1923 in
432 1889 526 1935 quo
549 1876 775 1921 fundatur
796 1880 952 1921 reatus
973 1887 1142 1932 poenae.
1783 1914 1788 1919 ,

201 1942 268 1987 Ad
284 1943 485 1999 primum
507 1950 619 1995 ergo
637 1936 903 1994 dicendum,
930 1935 1055 1994 quod
1078 1936 1232 1993 passio
1255 1936 1417 1981 Christi
1437 1936 1629 1981 sortitur
1658 1936 1875 1982 effectum
1896 1949 2036 1982 suum

145 2002 194 2048 in
217 2003 308 2048 illis
331 2002 504 2061 quihus
528 1999 788 2058 applicatur
805 2011 889 2056 per
910 1998 1050 2044 fidem
1069 2003 1116 2043 et
1134 1998 1422 2054 charitatem,
1444 2002 1490 2042 et
1504 2010 1587 2054 per
1605 1998 1709 2041 fidei
1726 2001 2034 2043 sacramenta.

143 2068 198 2111 Et
227 2065 332 2111 ideo
352 2062 557 2111 damnati
575 2062 625 2106 in
648 2061 844 2117 inferno,
865 2061 944 2118 qui
967 2060 1188 2118 praedicto
1210 2060 1349 2105 modo
1380 2058 1583 2116 passioni
1619 2059 1782 2104 Christi
1804 2071 1896 2105 non
1921 2072 2049 2121 con·-

139 2127 423 2185 Junguntur‚
449 2126 665 2171 effectum
683 2124 785 2181 ers
803 2122 1043 2181 percipere
1066 2136 1161 2167 non
1184 2126 1399 2180 possunt.

199 2191 268 2236 Ad
294 2191 543 2234 secundum
575 2187 843 2242 dicendum,
867 2186 1009 2243 quod,
1034 2186 1155 2230 sicut
1177 2197 1318 2242 supra
1342 2184 1517 2229 dictum
1540 2187 1612 2228 est
1636 2184 1738 2239 (art.
1773 2186 1794 2229 1
1821 2183 1921 2242 huj.
1952 2198 2034 2243 qu.

144 2251 204 2298 ad
222 2254 282 2308 4),
301 2251 362 2296 ad
376 2251 465 2295 hoc
487 2248 614 2307 quod
633 2260 977 2305 consequamur
995 2247 1212 2292 effectum
1227 2246 1459 2304 passionis
1480 2245 1662 2302 Christi,
1687 2249 1869 2301 oportet
1886 2258 1975 2292 nos
1993 2247 2035 2293 ei
2063 2277 2067 2282 -

143 2311 444 2368 configurari.
464 2306 821 2367 configuramur
839 2314 997 2354 autem
1026 2309 1069 2354 ei
1090 2309 1136 2353 in
1164 2307 1396 2365 baptismo
1421 2305 1833 2363 sacramentaliter,
1864 2319 2036 2354 secun-

145 2375 258 2421 dum
277 2373 394 2419 illud
427 2374 578 2426 (Rom.
614 2384 674 2428 vr,
698 2372 777 2426 4):
805 2370 1068 2426 Consepulti
1100 2384 1252 2414 sumus
1281 2372 1323 2412 ei
1340 2382 1428 2426 per
1458 2369 1729 2426 baptismum
1754 2371 1803 2413 in
1827 2374 2033 2416 mortem.

143 2437 276 2482 Unde
294 2434 538 2493 baptizatis
557 2432 690 2477 nulla
710 2444 849 2490 poena
866 2432 1171 2476 satisfactoria
1188 2432 1459 2489 imponitur,
1482 2431 1591 2488 quia
1619 2436 1731 2477 sunt
1755 2431 1958 2478 totaliter
1977 2433 2037 2477 li-

143 2498 293 2544 berati
322 2510 407 2556 per
437 2494 803 2541 satisfactionem
839 2494 1018 2538 Christi.
1052 2494 1166 2548 Quia
1186 2493 1296 2539 vero
1326 2495 1539 2539 Christus
1565 2494 1704 2537 semel
1739 2494 1920 2539 tantum
1949 2508 2037 2552 pro
2113 2476 2139 2525 ’Δ

142 2561 343 2618 peccatis
372 2559 542 2603 nostris
576 2560 780 2600 mortuus
803 2559 886 2610 est,
911 2560 964 2600 ut
998 2556 1167 2601 dicitur
1185 2559 1231 2609 (Ι.
1260 2558 1380 2601 Petr.
1410 2569 1470 2612 ιιι,
1495 2558 1584 2614 18),
1615 2554 1718 2599 ideo
1755 2567 1851 2600 non
1884 2561 2038 2613 potest

143 2624 286 2668 homo
304 2619 514 2667 secundo
533 2616 816 2675 configurari
839 2619 975 2663 morti
992 2618 1156 2663 Christi
1179 2631 1263 2675 per
1281 2620 1626 2663 sacramentum
1644 2613 1880 2674 baptismi.
1907 2618 2036 2664 Unde

126 2680 328 2742 ¹oportet
355 2681 482 2741 quod
511 2680 580 2725 illi
602 2680 684 2738 qui
707 2685 812 2737 post
833 2679 1117 2736 baptismum
1149 2683 1360 2736 peccant,
1380 2678 1735 2735 configurantur
1754 2679 1932 2725 Christo
1952 2693 2037 2737 pa-

144 2745 277 2792 tienti
302 2757 387 2803 per
414 2742 589 2801 aliquid
623 2742 906 2800 poenalitatis
925 2743 996 2788 vel
1018 2742 1267 2801 passionis,
1290 2754 1431 2801 quam
1463 2741 1509 2786 in
1534 2754 1586 2786 se
1604 2741 1719 2799 ipsis
1744 2741 2034 2800 sustineant3

145 2820 251 2866 quae
265 2812 423 2853 tamen
438 2803 588 2851 multo
606 2805 759 2849 minor
782 2804 954 2850 sufficit
973 2804 1115 2862 quam
1137 2809 1259 2850 esset
1280 2804 1514 2861 condigna
1532 2808 1740 2861 peccam,
1758 2809 2036 2862 cooperante

145 2869 461 2916 satisfactione
479 2867 660 2912 Christi.

201 2932 269 2978 Ad
292 2934 477 2976 tertium
500 2929 770 2985 dicendum,
795 2927 920 2986 quod
944 2928 1196 2974 satisfactio
1216 2927 1381 2973 Christi
1403 2927 1543 2973 habet
1563 2927 1779 2973 effectum
1800 2927 1851 2973 in
1880 2928 2032 2984 nobis,

143 2992 426 3050 inquantum
443 2992 796 3048 incorporamur
811 2990 872 3048 ei,
888 2995 940 3035 ut
960 2991 1170 3036 membra
1191 3002 1279 3035 suo
1295 2989 1451 3047 capiti,
1471 2989 1593 3035 sicut
1611 3001 1754 3047 supra
1767 2988 1944 3035 dictum
1964 2993 2035 3035 est

143 3056 259 3110 (art.
295 3059 317 3101 1
357 3054 456 3113 huj.
497 3066 579 3112 qu.
598 3055 631 3108 ).
674 3053 874 3099 Membra
909 3058 1063 3099 autem
1106 3054 1286 3110 oportet
1324 3051 1464 3109 capiti
1505 3051 1803 3097 conformari.
1843 3054 1898 3097 Et
1932 3051 2034 3097 ideo

144 3118 268 3164 sicut
287 3117 495 3163 Christus
525 3115 677 3174 primo
706 3116 894 3172 quidem
919 3115 1080 3160 habuit
1101 3116 1296 3170 gratiam
1328 3115 1376 3159 in
1401 3114 1558 3159 anima
1588 3127 1696 3159 cum
1728 3114 2033 3172 passibilitate

185 3243 232 3287 (l)
254 3242 298 3277 Ut
320 3252 380 3276 suo
405 3242 479 3275 loco
498 3253 536 3276 ex
564 3240 712 3282 professo
730 3240 873 3282 dicetur,
901 3242 975 3274 cum
1004 3240 1046 3274 de
1131 3252 1244 3281 passus
1258 3244 1319 3281 est,
1334 3244 1372 3273 ut
1391 3250 1451 3274 nos
1464 3238 1605 3273 salutem
1621 3249 1866 3278 consequamur
1880 3237 2046 3280 otiandog-

144 3289 343 3335 poenitentia
358 3289 492 3324 etillius
509 3288 662 3329 partibus
682 3288 847 3330 agendum
866 3288 1044 3323 eritinsra.
1130 3288 1186 3323 sed
1209 3292 1246 3321 ut
1270 3289 1460 3330 salvemur,
1486 3287 1522 3321 in
1538 3285 1772 3327 compatiendo
1791 3290 1826 3320 et
1849 3286 2030 3320 secundnm

188 3338 233 3380 (2)
260 3338 306 3372 Ex
335 3350 373 3372 eo
400 3349 467 3370 non
493 3336 661 3377 sequitur,
693 3342 732 3372 ut
752 3337 885 3371 sectarii
913 3337 1044 3378 volunt,
1130 3335 1344 3370 infirmitatis
1359 3338 1481 3370 nostrae
1506 3334 1596 3370 vires
1620 3333 1662 3368 ab
1684 3332 1754 3374 ipso
1773 3333 1914 3377 adjutas,
1930 3334 2030 3368 satis-

104 3409 106 3411 ·
142 3386 387 3421 satisfactiones
405 3388 535 3419 nostras
556 3383 650 3425 tolli,
667 3384 719 3418 vel
737 3397 797 3425 per
822 3396 874 3418 eas
891 3384 1046 3424 deroga-*i
1131 3384 1294 3424 faciendo,
1313 3388 1354 3419 ut
1367 3385 1458 3425 patet
1470 3394 1508 3417 ex
1527 3393 1675 3423 respons.
1694 3382 1737 3416 ad
1747 3382 1780 3417 2.

143 3434 286 3476 passioni
307 3433 443 3468 Christi.
473 3433 546 3473 Ipse
575 3434 667 3466 enim
697 3443 763 3465 non
790 3435 837 3467 sic
866 3444 927 3473 pro
950 3433 1046 3467 nobis
