2170 3808
645 214 843 266 QUAEST.
873 214 1050 268 XXXVI,
1081 213 1200 256 ART.
1231 212 1265 256 1.
1303 233 1306 237 ·
1833 212 1917 255 295

32 302 214 354 tempus
232 297 281 341 in
312 309 407 354 quo
426 301 712 349 nasceretur,
727 295 848 339 sicut
876 301 922 339 et
944 300 1156 349 matrem,
1186 300 1233 339 et
1260 295 1430 339 locum.
1449 295 1504 338 Et
1524 292 1634 350 quia
1651 304 1748 348 quae
1765 293 1794 335 ὰ
1824 296 1915 335 Deo

32 365 135 402 sunt
154 360 369 402 ordinata
381 361 485 401 sunt
505 358 652 410 (Rom.
672 369 761 409 xm,
783 359 840 410 1),
860 362 906 400 et
923 357 1252 401 convenienter
1271 354 1508 411 disposita,
1533 366 1827 408 consequens
1845 358 1916 398 est

34 420 157 478 quod
179 418 618 465 convenientissimo
651 422 856 474 tempore
879 419 1085 462 Christus
1104 423 1388 461 nasceretur.

87 482 153 526 Ad
168 484 366 538 primum
382 491 490 535 ergo
509 478 776 529 dicendum,
800 479 924 535 quod
946 479 1154 522 Christus
1169 482 1363 533 venerat
1379 489 1466 521 nos
1480 477 1526 520 in
1543 482 1716 521 statum
1730 476 1931 520 liberta--

33 543 91 587 tis
106 544 329 589 reducere
348 543 406 587 de
426 545 551 586 statu
569 540 819 585 servitutis.
844 543 896 584 Et
920 541 1023 585 ideo
1043 540 1164 583 sicut
1185 539 1511 583 mortalitatem
1529 544 1736 582 nostram
1760 549 1918 582 susce·

32 605 114 662 pit,
140 612 191 650 ut
214 617 299 649 nos
322 604 382 649 ad
402 603 542 647 vitam
558 602 816 658 reduceret,
833 602 914 656 ita,
934 607 986 646 ut
1018 602 1134 646 Beda
1155 601 1264 644 dicit
1286 603 1406 656 (cap.
1426 603 1453 644 5
1472 599 1520 643 in
1539 602 1685 656 Luc.),
1705 616 1725 637 «
1739 612 1794 644 eo
1810 605 1921 643 tem-

32 677 144 722 pore
155 666 376 722 dignatus
386 670 458 709 est
472 664 701 707 incarnari
720 676 815 719 quo
830 676 941 708 mox
954 669 1094 707 natus
1111 662 1273 707 censui
1285 660 1476 706 Caesaris
1489 660 1829 704 adscriberetur
1842 663 1878 712 (1
1886 662 1918 715 ),

34 732 172 784 atque
188 728 248 773 ob
270 726 414 772 nostri
433 726 752 770 liberationem
773 727 871 783 ipse
893 725 1080 770 servitio
1103 725 1396 769 subderetur.
1412 742 1433 762 »
1450 725 1669 778 Tempore
1689 722 1826 766 etiam
1842 722 1922 766 illo

32 800 130 845 quo
147 794 272 834 totus
289 788 413 833 orbis
431 787 520 832 sub
534 799 631 831 uno
653 787 859 843 principe
898 787 1100 842 vivebat,
1124 786 1327 830 maxima
1348 797 1441 842 pax
1468 783 1557 828 fuit
1579 783 1627 826 in
1650 783 1842 827 mundo.
1865 785 1921 826 Et
1999 807 2002 809 -

31 847 138 894 ideo
149 850 340 895 decebat
354 855 407 893 ut
427 848 505 892 illo
526 853 730 903 tempore
745 849 952 892 Christus
970 853 1254 901 nasceretur,
1269 848 1347 902 qui
1361 849 1428 889 est
1444 858 1543 902 pax
1561 847 1735 899 nostra,
1747 846 1922 896 faciens

33 914 225 967 utraque
239 924 393 965 unum,
417 914 469 954 ut
484 909 843 965 diciturOEphes.
868 924 914 965 ιι,
938 910 1028 965 14).
1055 908 1183 953 Unde
1208 908 1515 965 Hieronymus
1531 906 1641 951 dicit
1659 908 1811 961 (super
1833 907 1919 949 lsa.

33 984 139 1028 sup.
162 972 276 1017 illud
289 984 392 1027 cap.
410 974 440 1016 2
456 987 469 1015 ε
484 974 586 1015 Non
601 971 760 1014 levabit
778 985 900 1027 qens,
923 973 1030 1026 etc.)
1049 986 1061 1015 :
1097 972 1310 1015 «Veteres
1329 969 1368 1014 si
1381 968 1675 1014 revolvamus
1689 967 1922 1023 historias,

33 1032 326 1079 inveniemus
346 1044 498 1089 usque
517 1033 576 1077 ad
597 1032 875 1088 vigesimum
900 1038 1113 1076 octavum
1131 1043 1307 1075 annum
1327 1031 1518 1075 Caesaris
1536 1029 1730 1086 Augusti
1756 1029 1803 1072 in
1827 1033 1923 1073 toto

34 1095 146 1140 orbe
165 1100 391 1140 terrarum
410 1095 556 1139 fuisse
573 1094 876 1149 discordiam,
892 1099 995 1138 orto
1012 1099 1168 1137 autem
1183 1093 1392 1149 Domino,
1409 1091 1564 1136 omnia
1584 1091 1706 1135 bella
1718 1102 1924 1135 cessave-

34 1163 159 1211 runt,
173 1176 194 1196 »
219 1156 480 1202 secundum
495 1156 611 1200 illud
624 1158 728 1209 (lsa.
744 1169 789 1213 11,
805 1157 878 1209 4):
901 1159 1002 1199 Non
1023 1155 1189 1198 levabit
1207 1167 1313 1210 qens
1333 1158 1492 1196 contra
1511 1158 1682 1209 qentem
1698 1153 1922 1209 qladz‘um.

34 1218 327 1274 congruebat
355 1218 493 1263 etiam
513 1221 567 1261 ut
588 1217 636 1260 in
673 1216 754 1260 illo
772 1221 998 1272 tempore,
1021 1227 1115 1272 quo
1140 1227 1261 1259 unus
1288 1216 1512 1271 princeps
1527 1213 1853 1258 dominabatur
1873 1212 1923 1257 in

33 1279 229 1335 mundo,
240 1279 447 1324 Christus
463 1281 748 1330 nasceretur,
769 1276 850 1332 qui
869 1281 1059 1321 venerat
1072 1287 1358 1333 congregare
1370 1287 1482 1320 suos
1498 1274 1548 1319 in
1563 1279 1791 1329 unum,ut
1804 1279 1928 1318 esset

35 1353 172 1383 unum
194 1341 324 1395 ovile,
349 1343 394 1384 et
413 1353 527 1387 unus
544 1343 719 1394 pastor,
740 1343 794 1381 ut
814 1337 982 1382 dicitur
1005 1340 1150 1390 (loan.
1181 1351 1226 1392 x,
1255 1340 1340 1390 16).

87 1401 154 1446 Ad
167 1403 410 1445 secundum
433 1400 701 1455 dicendum,
726 1399 850 1456 quod
869 1400 973 1444 ideo
991 1399 1197 1444 Christus
1213 1399 1339 1455 regis
1352 1398 1630 1454 alienigenae
1641 1400 1697 1452 (2)
1721 1402 1926 1453 tempore

37 1461 165 1507 nasci
187 1462 349 1518 voluit,
373 1467 427 1508 ut
445 1462 713 1518 impleretur
734 1461 976 1517 prophetia
1004 1461 1143 1505 Jacob
1177 1461 1374 1506 dicentis
1408 1462 1588 1514 (Genes.
1610 1459 1790 1516 penult.
1813 1461 1884 1514 10)
1909 1471 1923 1503 :

35 1527 136 1569 Non
157 1527 390 1577 auferetur
422 1527 646 1581 sceptrum
670 1524 727 1566 de
740 1523 878 1575 Iuda,
903 1526 946 1566 et
979 1523 1077 1565 dux
1097 1524 1154 1565 de
1180 1526 1346 1576 femore
1381 1526 1492 1578 eju-5,
1518 1522 1658 1565 donec
1676 1523 1827 1564 veniat
1849 1522 1928 1576 qui

36 1586 282 1629 mittendus
293 1589 358 1630 est
373 1601 388 1627 .·
406 1585 534 1642 quia,
549 1590 600 1629 ut
614 1584 1119 1642 Chrysostomus(alius
1138 1587 1313 1639 auctor)
1329 1584 1439 1629 dicit
1454 1585 1621 1640 (Super
1635 1583 1786 1628 Matth.
1802 1583 1924 1626 hom.

38 1660 67 1690 11
99 1647 146 1690 in
180 1649 265 1704 Op.
280 1647 489 1703 imperf„
509 1658 676 1703 parum
698 1646 726 1689 a
763 1646 949 1703 princ.),
975 1663 994 1684 α
1009 1646 1232 1702 quamdiu
1254 1646 1443 1691 ludaica
1467 1657 1582 1701 gens
1607 1645 1698 1690 sub
1727 1643 1931 1688 Judaicis

38 1707 243 1763 regibus,
264 1708 476 1765 quamvis
499 1707 816 1764 peccatoribus
838 1707 1098 1762 tenebatur,
1117 1708 1355 1764 prophetae
1377 1706 1682 1751 mittebantur
1702 1707 1761 1750 ad
1779 1717 1928 1751 reme-

39 1768 167 1814 dium
179 1769 306 1826 ejus;
321 1783 449 1814 nunc
464 1775 620 1814 autem
640 1769 827 1826 quando
842 1770 915 1814 lex
935 1769 1013 1814 Dei
1026 1769 1116 1814 sub
1126 1774 1356 1825 potestate
1367 1770 1492 1824 regis
1507 1769 1654 1825 iniqui
1670 1767 1926 1825 tenebatur,

39 1831 246 1875 nascitur
263 1831 492 1886 ChriStus3
513 1831 623 1888 quia
640 1843 811 1886 magna
827 1836 874 1875 et
891 1831 1193 1887 desperabilis
1205 1831 1450 1876 infirmitas
1463 1831 1696 1875 medicum
1719 1828 1929 1874 artificio-

39 1892 208 1938 aior-em
230 1892 482 1949 quaerebat.
495 1910 519 1929 u

95 1953 161 1996 Ad
177 1956 362 1997 tertium
381 1953 644 2005 dicendum,
669 1952 811 2008 quod,
835 1952 956 1996 sicut
973 1953 1141 1997 dicitur
1161 1952 1224 2006 (in
1245 1952 1324 1997 lib.
1350 1953 1407 1997 de
1426 1955 1596 2005 Quaest.
1632 1958 1724 1996 vet.
1750 1957 1796 1995 et
1820 1952 1928 1995 novi

40 2015 238 2057 Testam.
259 2019 424 2069 quaest.
452 2016 544 2067 53),
583 2017 727 2056 «tunc
757 2012 964 2057 Christus
1000 2013 1127 2058 nasci
1165 2013 1334 2068 voluit,
1357 2014 1546 2070 quando
1582 2013 1664 2058 lux
1698 2013 1787 2057 diei
1825 2024 1929 2057 cre-

39 2079 249 2117 mentum
286 2074 449 2130 incipit
484 2074 716 2129 accipere;
738 2092 759 2111 υ
796 2078 849 2117 ut
886 2074 1209 2118 ostenderetur
1243 2074 1368 2130 quod
1403 2074 1505 2129 ipse
1531 2079 1721 2118 venerat
1759 2078 1812 2118 ut
1843 2074 1931 2118 ho-

40 2135 190 2180 mines
201 2141 462 2180 crescerent
479 2136 526 2179 in
546 2135 699 2179 lucem
721 2135 1218 2189 divinam,secundum
1235 2136 1349 2180 illud
1365 2139 1488 2188 (Luc.
1511 2150 1542 2192 1,
1556 2136 1931 2190 79):1llumz·nare

41 2197 112 2239 his
133 2200 209 2252 qui
242 2200 291 2240 in
311 2198 501 2240 tenebris
532 2205 575 2240 et
597 2200 645 2239 in
668 2197 827 2240 umbra
847 2200 1004 2240 mortis
1035 2200 1204 2241 sedent.
1231 2197 1445 2242 Similiter
1466 2198 1605 2242 etiam
1635 2197 1928 2253 asperitatem

43 2256 210 2363 higihmis
239 2259 376 2315 elegit
403 2258 464 2303 ad
491 2257 797 2314 nativitatem,
817 2262 870 2302 ut
890 2270 947 2302 ex
979 2262 1092 2303 tunc
1110 2260 1266 2303 carnis
1284 2260 1578 2304 afflictionem
1594 2265 1828 2315 pateretur
1846 2271 1929 2315 pro

47 2330 75 2362 n
140 2331 196 2364 is.

690 2438 996 2502 QUAESTIO
1038 2440 1271 2494 xxxvl.

181 2574 241 2608 DE
273 2572 683 2609 MANIFESTATIONE
714 2573 898 2609 CHRISTI
930 2575 1067 2625 NATI,
1104 2575 1152 2610 IN
1185 2575 1304 2612 OCTO
1336 2575 1595 2613 An'rlctJLos
1625 2576 1793 2612 mvlsa.

93 2675 246 2715 Deinde
258 2674 598 2714 considerandum
612 2678 672 2713 est
692 2673 741 2713 de
758 2675 1088 2715 manifestatione
1106 2677 1258 2717 Christi
1278 2678 1392 2727 nati,
1411 2682 1450 2718 et
1470 2678 1577 2718 circa
1593 2676 1670 2716 hoc
1690 2682 1928 2728 quaeruntut

45 2733 133 2769 octo
152 2743 163 2768 ι
186 2735 223 2768 1⁰
241 2730 390 2769 Utrum
410 2729 604 2769 nativitas
622 2728 771 2768 Christi
790 2729 974 2770 debuerit
994 2742 1079 2771 esse
1095 2732 1290 2772 omnibus
1311 2732 1541 2772 manifesta.
1556 2753 1606 2762 -—
1629 2739 1668 2771 2⁰
1691 2733 1837 2772 Utrum
1856 2733 1927 2773 de-

46 2782 180 2823 buerit
197 2783 404 2834 aliquibus
421 2783 688 2823 manifestari.
705 2806 753 2813 —
775 2789 814 2823 3⁰
831 2785 990 2831 Quibus
1009 2787 1262 2827 manifestari
1279 2788 1479 2827 debuerit.
1497 2809 1541 2816 —
1561 2792 1602 2827 4·
1622 2787 1770 2827 Utrum
1789 2788 1927 2828 debue-

49 2838 102 2876 rit
119 2837 203 2887 ipse
216 2848 258 2876 se
271 2838 528 2877 manifestare
542 2837 605 2878 vel
620 2838 758 2890 potius
775 2839 1028 2879 manifestari
1045 2853 1112 2892 per
1130 2842 1246 2881 alios.
1262 2865 1308 2871 —
1327 2849 1364 2881 5⁰
1384 2844 1457 2882 Per
1472 2853 1565 2894 quae
1581 2841 1662 2880 alia
1677 2842 1926 2882 manifestari

47 2891 243 2931 debuerit.
268 2912 315 2920 -
333 2898 373 2930 6·
390 2892 446 2931 De
464 2892 602 2932 ordine
622 2893 1020 2935 manifestationum.
1044 2918 1093 2924 —
1123 2901 1162 2935 7⁰
1185 2898 1241 2936 De
1266 2896 1405 2945 stella,
1433 2908 1502 2949 per
1518 2907 1644 2948 quam
1672 2897 1930 2938 manifestata

49 2945 128 3039 {git
147 2946 182 2996 ej
190 2957 237 2985 us
259 2945 466 3039 nativitatis.
484 2968 533 2975 -
553 2951 592 2986 θ’·
611 2949 668 2987 De
686 2950 943 2990 veneratione
963 2951 1176 3000 Magorum
1197 2952 1271 3004 qui
1294 2964 1363 3003 per
1383 2953 1545 2992 stellam
1563 2953 1713 2993 Christi
1731 2954 1929 2994 nativita-

90 3011 132 3038 m
152 3011 406 3049 cognoverim
431 3030 440 3037 .
1061 3014 1064 3018 ·

51 3063 394 3105 ARTICULUS
421 3065 458 3105 Ι.
492 3085 548 3093 —-
564 3074 700 3104 urium
724 3076 944 3108 usrivrrss
983 3079 1144 3110 cnmsri
1159 3081 1360 3111 hennam·
1378 3082 1476 3113 ussa
1494 3082 1669 3113 onmnus
1688 3083 1926 3116 nmirns‘m.

557 3129 606 3164 De
620 3129 673 3163 his
689 3130 790 3165 etiam
809 3130 910 3172 infra,
929 3141 1044 3173 quast.
1066 3144 1184 3174 xxxix,
1204 3141 1267 3169 art.
1287 3138 1307 3170 8
1326 3136 1368 3171 nd
1381 3137 1417 3172 5.

106 3184 171 3228 Ad
185 3184 386 3240 primum
401 3185 468 3228 sic
486 3184 766 3240 proceditur.
785 3189 826 3229 1.
846 3188 1030 3232 Videtur
1041 3190 1166 3245 quod
1188 3190 1349 3235 Christi
1368 3192 1585 3236 nativi-tas
1603 3192 1812 3237 debuerit
1826 3204 1930 3238 esse

94 3299 213 3339 (DSon
230 3299 370 3341 origine,
389 3299 437 3333 ait
450 3300 652 3337 Bossuetius,
670 3299 721 3334 fut
735 3302 872 3334 atteslee
884 3314 945 3342 par
1031 3305 1153 3345 Christ,
1183 3311 1215 3339 et
1241 3308 1357 3348 Cesar,
1378 3308 1435 3348 qui
1458 3306 1510 3349 n’y
1541 3309 1670 3349 pensait
1696 3320 1765 3349 paS,
1795 3308 1929 3342 executa

53 3346 101 3379 les
129 3346 283 3384 registr-es
304 3346 454 3387 publics:
487 3346 641 3386 l’empire
669 3347 801 3380 romain
834 3349 946 3381 rendit
1031 3353 1153 3387 Fordre
1172 3353 1212 3388 de
1234 3356 1316 3390 Πίου
1335 3357 1484 3395 (Εἱέυαε.
1505 3365 1579 3391 ΧΠ·
1597 3369 1678 3391 sem.
1694 3356 1777 3390 ele'v.
1801 3357 1848 3395 v).

53 3394 261 3433 temoiguage
287 3395 304 3427 a
324 3394 356 3428 la
382 3394 492 3433 rovale
520 3395 743 3429 descendance
774 3395 814 3429 de
832 3396 941 3430 lesus·
1072 3396 1117 3435 (2)
1146 3395 1291 3431 Herodes
1323 3398 1524 3437 Ascalonita,
1558 3398 1621 3432 sub
1653 3410 1719 3438 quo
1750 3404 1849 3430 natus
1880 3403 1927 3430 est

1034 3441 1194 3484 Clu-istus,
1210 3443 1274 3478 fuit
1298 3446 1429 3484 primus
1444 3446 1635 3480 Iudaeorum
1653 3457 1709 3478 rex
1725 3445 1927 3483 alienigena.
