2170 3808
681 245 878 295 QUAEST.
912 244 999 295 Vll,
1032 243 1149 284 ART.
1181 243 1216 283 X
1238 242 1301 283 ET
1330 241 1397 282 XI.
1927 238 1981 281 79

109 331 310 372 nostrum
347 326 462 369 data
498 326 565 368 est
593 326 750 380 qratia
788 323 1033 366 secundum
1063 334 1320 364 mensuram
1358 321 1615 363 donationis
1651 319 1851 373 Clzrz‘stc’5
1884 317 1983 362 sive

110 389 249 434 etiam
270 386 526 433 secundum
550 384 786 439 virtutem,
812 385 1086 441 inquantum
1107 382 1282 427 scilicet
1304 381 1442 426 habet
1463 380 1723 425 facultatem
1744 378 1901 435 gratiae
1923 378 1982 424 ad

112 449 270 495 omnia
287 460 391 506 quae
413 446 645 506 pertinent
666 446 725 491 ad
747 457 886 490 suum
912 444 1133 498 officium,
1154 443 1253 487 sive
1273 446 1474 487 statum:
1497 442 1618 486 sicut
1642 440 1886 498 Apostolus
1914 439 1982 484 di-

109 511 244 556 cebat
266 511 444 567 (Ephes.
467 521 530 564 111,
553 508 596 564 8)
617 522 628 550 :
648 507 762 551 Mihi
785 510 980 550 omnium
1004 509 1262 548 sanctorum
1283 507 1465 547 minimo
1485 505 1602 547 data
1621 507 1686 547 est
1699 505 1852 560 qratia
1867 502 1979 558 haec,

108 572 371 616 illuminare
392 582 557 626 omneS,
582 573 670 614 etc.
704 571 758 613 Et
777 568 880 612 talis
903 566 1061 622 gratiae
1084 564 1324 622 plenitudo
1350 576 1443 608 non
1474 568 1544 609 est
1572 564 1756 621 propria
1787 562 1980 619 Christo,

110 633 195 679 sed
213 631 580 679 communicatur
599 631 700 675 aliis
722 643 803 687 per
823 630 1068 673 Christum.

162 695 228 741 Ad
267 697 465 752 primum
497 704 607 749 ergo
646 692 909 745 dicendum,
937 689 1061 747 quod
1089 692 1139 733 B.
1173 688 1308 744 Virgo
1329 687 1451 732 dicta
1470 691 1542 731 est
1559 686 1696 743 plena
1722 686 1867 743 gratia
1886 697 1981 730 non

110 768 169 802 ex
186 760 314 814 parte
335 755 481 812 ipsius
499 754 675 812 gratiae,
692 755 801 811 quia
821 765 913 797 non
935 751 1095 796 habuit
1114 751 1308 808 gratiam
1331 749 1378 793 in
1399 761 1583 794 summa
1602 747 1875 793 excellentia
1889 749 1983 805 qua

107 821 261 875 potest
277 816 462 873 haberi3
487 828 575 862 nec
595 816 654 861 ad
673 827 837 861 omnes
856 815 1048 859 effectus
1067 813 1253 870 gratiae:
1279 811 1363 856 sed
1384 810 1550 856 dicitur
1565 809 1708 854 fuisse
1728 809 1865 866 plena
1882 820 1982 864 gra-

107 878 170 923 tia
190 890 273 936 per
293 877 682 935 comparationem
703 876 762 922 ad
783 876 962 933 ipsam,
984 874 1092 931 quia
1114 874 1289 919 scilicet
1308 871 1507 918 habebat
1529 871 1722 927 gratiam
1744 870 1981 915 sufficien-

110 945 204 984 tem
222 941 282 995 (1)
301 941 359 985 ad
377 942 547 984 statum
570 938 701 983 illum
723 938 783 983 ad
801 950 940 994 quem
962 943 1060 981 erat
1081 936 1228 981 electa
1246 935 1274 979 a
1295 937 1403 991 De0,
1423 939 1475 979 ut
1496 938 1621 978 esset
1637 933 1812 978 scilicet
1833 936 1982 976 mater

113 1001 342 1057 Unigeniti
363 1002 479 1057 eJ'us.
502 1003 555 1045 Et
576 1000 787 1045 similiter
806 1000 1062 1055 Stephanus
1081 998 1249 1043 dicitur
1276 997 1441 1054 plenus
1461 995 1624 1053 gratia,
1649 994 1758 1051 quia
1781 993 1982 1039 habebat

109 1063 305 1120 gratiam
332 1063 639 1108 sufficientem
661 1063 719 1107 ad
743 1062 831 1106 hoc
851 1060 975 1118 quod
993 1064 1116 1104 esset
1143 1058 1340 1103 idoneus
1360 1058 1571 1103 minister
1592 1060 1639 1102 et
1664 1056 1792 1101 testis
1811 1055 1906 1111 Dei,
1922 1054 1983 1100 ad

109 1126 232 1182 quod
255 1129 354 1171 erat
375 1125 565 1170 electus.
586 1127 639 1169 Et
655 1124 777 1168 idem
802 1123 1048 1168 dicendum
1064 1125 1135 1166 est
1151 1122 1207 1166 de
1226 1121 1342 1165 aliis.
1363 1123 1534 1165 Harum
1554 1123 1710 1164 tamen
1730 1116 1982 1175 plenitudi-

110 1198 223 1231 num
241 1199 337 1231 una
359 1189 431 1231 est
454 1186 633 1243 plenior
654 1184 814 1241 altera,
829 1184 1087 1229 secundum
1110 1183 1235 1240 quod
1253 1182 1420 1239 aliquis
1442 1185 1514 1226 est
1531 1180 1752 1226 divinitus
1764 1178 1981 1237 praeordi-

109 1253 248 1294 natus
270 1249 329 1294 ad
340 1248 553 1293 altiorem
572 1247 649 1292 vel
670 1247 932 1293 inferiorem
956 1251 1145 1290 statum.

162 1311 230 1356 Ad
250 1311 490 1355 secundum
510 1310 755 1356 dicendum
768 1342 783 1364 ,
806 1309 929 1367 quod
951 1308 1196 1366 Apostolus
1213 1307 1276 1351 ibi
1299 1306 1504 1363 loquitur
1519 1304 1577 1350 de
1596 1304 1674 1350 illa
1692 1304 1982 1362 plenitudine

109 1372 267 1429 gratiae
283 1383 388 1428 quae
401 1364 623 1428 accipitur
638 1384 698 1416 ex
714 1376 842 1428 parte
858 1370 1052 1428 subjecti
1067 1371 1114 1414 in
1133 1368 1475 1425 comparatione
1489 1367 1549 1413 ad
1566 1367 1614 1412 id
1627 1366 1687 1411 ad
1704 1366 1829 1423 quod
1843 1366 1982 1411 homo

93 1437 178 1478 est
196 1432 418 1478 divinitus
438 1433 805 1490 praeordinatus:
834 1433 959 1489 quod
995 1432 1182 1489 quidem
1215 1435 1286 1476 est
1317 1431 1391 1475 vel
1421 1428 1594 1486 aliquid
1629 1440 1891 1485 commune,
1922 1428 1982 1472 ad

110 1494 236 1552 quod
255 1494 624 1552 praeordinantur
645 1507 808 1539 omnes
829 1494 975 1538 sancti
994 1508 1007 1548 ς
1027 1494 1102 1538 vel
1125 1492 1297 1549 aliquid
1319 1492 1533 1549 speciale,
1555 1490 1680 1548 quod
1700 1489 1902 1547 pertinet
1922 1489 1982 1534 ad

112 1556 433 1601 excellentiam
454 1555 731 1613 aliquorum.
756 1558 809 1600 Et
844 1555 1103 1600 secundum
1137 1555 1224 1598 hoc
1244 1554 1456 1611 quaedam
1471 1551 1711 1609 plenitudo
1730 1551 1889 1607 gratiae
1911 1555 1982 1596 est

109 1618 326 1663 omnibus
347 1618 521 1662 sanctis
548 1618 836 1674 communis,
865 1622 917 1662 ut
943 1617 1118 1662 scilicet
1138 1617 1340 1661 habeant
1368 1616 1563 1672 gratiam
1586 1613 1894 1658 sufficientem
1921 1613 1982 1658 ad

109 1680 382 1725 merendum
399 1679 543 1724 vitam
576 1686 813 1736 aeternam,
834 1692 937 1737 quae
955 1680 1003 1724 in
1027 1680 1162 1736 plena
1194 1679 1272 1723 Dei
1299 1678 1515 1722 fruitione
1538 1675 1765 1721 consistit.
1786 1677 1841 1718 Et
1862 1676 1982 1720 hanc

108 1739 443 1797 plenitudinem
463 1746 590 1798 optat
610 1742 854 1798 Apostolus
873 1742 1087 1787 fidelibus
1108 1741 1279 1798 quibus
1307 1740 1479 1785 scribit.

163 1801 230 1845 Ad
260 1806 443 1845 tertium
473 1802 737 1859 dicendum,
762 1801 887 1859 quod
916 1804 993 1847 illa
1014 1803 1136 1847 dona
1165 1815 1269 1859 quae
1297 1807 1406 1847 sunt
1438 1800 1706 1846 communia
1737 1799 1784 1843 in
1814 1799 1978 1855 patria,

108 1861 283 1907 scincet
305 1861 438 1918 visio,
458 1863 827 1920 comprehensio,
848 1868 895 1907 et
911 1863 1082 1920 fruitio,
1107 1868 1152 1907 et
1175 1863 1264 1907 alia
1280 1861 1563 1919 hujusmodi,
1583 1860 1754 1906 habent
1766 1860 1982 1916 quaedam

112 1921 235 1969 dona
255 1922 343 1968 sibi
361 1924 767 1979 correspondentia
785 1924 832 1967 in
853 1929 977 1968 statu
991 1924 1095 1980 viae,
1115 1937 1219 1980 quae
1241 1925 1379 1969 etiam
1400 1928 1512 1968 sunt
1531 1922 1795 1967 communia
1827 1921 1982 1966 omni-

106 1982 197 2029 hus
217 1983 405 2029 sanctis.
430 1987 545 2029 Sunt
565 1989 718 2028 tamen
746 1985 956 2041 quaedam
979 1986 1292 2042 praerogativae
1313 1990 1580 2030 sanctorum
1612 1983 1660 2027 in
1683 1983 1831 2040 patria
1858 1987 1904 2028 et
1930 1982 1980 2027 in

107 2043 199 2093 via.
219 2057 325 2102 quae
351 2057 444 2089 non
467 2045 697 2089 habentur
716 2046 775 2090 ab
794 2046 1027 2091 omnibus.

378 2109 721 2151 ARTICULUS
744 2110 823 2151 XL
845 2132 900 2140 —
917 2122 1049 2151 ursum
1079 2122 1239 2152 cumsri
1269 2121 1414 2152 cnm».
1443 2121 1506 2151 srr
1536 2119 1728 2150 ιΝιηΝιι-Α.

107 2174 158 2210 De
177 2173 231 2210 his
244 2174 348 2210 etiam
366 2175 462 2211 Sunt.
485 2183 539 2216 ιιι,
558 2174 638 2210 dist.
659 2175 713 2217 45,
733 2182 847 2216 quoest.
870 2185 895 2218 1,
911 2181 977 2210 art.
993 2176 1028 2216 2,
1048 2182 1165 2217 quaest.
1185 2185 1224 2218 ιι,
1244 2180 1278 2210 et
1294 2175 1371 2211 dist.
1388 2177 1439 2217 19,
1464 2180 1530 2210 art.
1547 2176 1580 2217 l,
1601 2178 1716 2216 quaest.
1732 2181 1746 2209 ι
1765 2186 1857 2216 corp.
1877 2178 1912 2210 et
1929 2175 1980 2210 Do

431 2234 502 2258 ver.
517 2227 631 2265 quaest.
647 2231 738 2264 xxlx.
759 2230 824 2258 art.
836 2225 869 2265 ὅ,
890 2230 924 2259 et
941 2225 1062 2265 opusc.
1078 2233 1135 2265 Lx,
1151 2236 1223 2267 cap.
1238 2226 1260 2260 5
1271 2251 1280 2266 ,
1297 2229 1331 2258 et
1347 2226 1442 2260 Joun.
1458 2233 1510 2266 111,
1525 2223 1601 2258 lect.
1617 2224 1650 2258 6.

162 2283 229 2329 Ad
247 2284 544 2329 undecimum
564 2285 631 2329 sic
648 2285 928 2341 proceditur.
949 2290 991 2330 1.
1016 2286 1202 2331 Videtur
1215 2287 1340 2343 quod
1359 2286 1506 2342 gratia
1521 2284 1684 2329 Christi
1699 2284 1759 2330 sit
1780 2284 1975 2330 infinita.

108 2346 254 2390 Omne
273 2346 396 2390 enim
419 2346 697 2391 immensum
718 2351 789 2391 est
810 2346 1057 2391 infinitum.
1081 2348 1167 2392 Sed
1184 2347 1329 2403 gratia
1351 2347 1514 2392 Christi
1542 2353 1611 2391 est
1629 2347 1854 2391 immensa
1873 2362 1883 2390 :
1905 2347 1977 2392 di-

106 2407 226 2453 citur
246 2408 369 2453 enim
383 2410 527 2459 (Joan.
549 2423 612 2467 111,
629 2409 699 2465 34)
721 2423 731 2451 :
753 2413 851 2453 Non
873 2413 991 2453 em‘m
1006 2412 1070 2454 ad
1089 2424 1346 2454 mensuram
1365 2413 1449 2455 dat
1463 2415 1580 2453 Deus
1598 2412 1820 2465 Spiritum
1840 2410 1976 2466 Filio,

108 2467 283 2527 scilicet
307 2469 496 2514 Christo,
526 2472 644 2526 Ergo
666 2470 812 2526 gratia
832 2470 994 2515 Christi
1018 2470 1090 2516 est
1119 2471 1311 2516 infinita.

163 2533 204 2574 2.
237 2532 474 2588 Praeterea,
497 2531 688 2576 effectus
708 2532 918 2577 infinitus
938 2533 1224 2578 demonstrat
1247 2533 1462 2578 virtutem
1489 2532 1734 2589 infinitam,
1759 2544 1864 2589 quae
1884 2544 1977 2576 non

106 2596 260 2649 potest
277 2593 460 2638 fundari
479 2593 566 2638 nisi
584 2594 632 2638 in
654 2596 854 2640 essentia
876 2595 1071 2640 infinita.
1096 2596 1182 2641 Sed
1206 2596 1399 2640 effectus
1423 2595 1580 2652 gratiae
1608 2594 1770 2639 Christi
1799 2599 1871 2639 est
1901 2594 1979 2639 in-

105 2652 299 2699 finitus:
321 2654 526 2700 extendit
547 2656 670 2700 enim
704 2668 755 2702 se
788 2657 847 2702 ad
875 2657 1072 2702 salutem
1104 2657 1243 2702 totius
1272 2657 1464 2702 humani
1498 2657 1708 2714 generis,
1733 2655 1834 2712 ipse
1850 2656 1977 2701 enim

110 2718 178 2759 est
188 2718 456 2771 propitiatio
466 2729 554 2773 pro
565 2720 760 2773 peccatis
772 2721 954 2775 nostris,
967 2722 1010 2762 et
1031 2721 1163 2762 totius
1178 2719 1339 2762 mundi
1353 2722 1426 2775 (2),
1453 2723 1505 2762 ut
1522 2718 1690 2763 dicitur
1709 2719 1757 2773 (Ι.
1772 2720 1899 2764 Joan.
1910 2720 1974 2772 11).

109 2774 225 2831 Ergo
245 2776 392 2832 gratia
408 2777 570 2822 Christi
589 2782 660 2823 est
675 2778 871 2825 infinita.
1576 2817 1589 2819 -

164 2839 206 2881 3.
236 2839 471 2908 1{raeterea,
494 2851 630 2884 omne
662 2840 843 2886 finitum
876 2854 959 2899 per
995 2842 1277 2887 additionem
1310 2842 1427 2887 finiti
1459 2845 1608 2899 potest
1643 2841 1887 2898 pervenire
1916 2841 1976 2888 ad

110 2900 412 2967 quantitatem
432 2900 765 2958 cujuscumque
787 2903 922 2949 finiti.
948 2903 991 2948 Si
1014 2904 1156 2960 igitur
1173 2904 1320 2960 gratia
1334 2904 1498 2949 Christi
1513 2910 1638 2948 esset
1654 2904 1799 2959 finita,
1818 2908 1978 2961 posset

109 2956 299 3028 alterlus
317 2959 516 3006 hominis
535 2962 679 3017 gratia
705 2967 881 3009 tantum
918 2978 1142 3022 crescere,
1167 2966 1290 3022 qued
1308 2966 1569 3022 perveniret
1584 2966 1643 3011 ad
1666 2965 1975 3022 aequalitatem

109 3023 267 3075 gratiae
295 3019 488 3065 Christi:
510 3027 670 3067 contra
692 3026 815 3081 quod
843 3026 1010 3072 dicitur
1030 3027 1145 3083 (Job,
1170 3041 1315 3083 xxvm,
1341 3030 1441 3081 17):
1466 3030 1565 3071 Non
1594 3028 1907 3084 adaequabitur
1935 3031 1975 3071 ez·

109 3092 274 3124 aurum
291 3081 362 3152 vel
384 3083 568 3140 vitrum,
591 3086 847 3132 secundum
865 3088 991 3145 quod
1010 3088 1254 3145 Gregorius
1276 3088 1338 3133 ibi
1358 3088 1546 3145 exponit
1565 3089 1732 3144 (Moral.
1753 3089 1833 3135 lib.
1855 3103 1973 3145 xvu1,

107 3152 211 3197 cap.
228 3144 299 3197 27,
324 3146 442 3187 inter
460 3143 605 3199 princ.
627 3150 674 3190 et
692 3148 851 3203 med.).
872 3153 991 3206 Ergo
1010 3151 1156 3205 gratia
1171 3149 1332 3194 Christi
1355 3154 1426 3195 est
1448 3150 1643 3195 infinita.

162 3202 247 3247 Sed
265 3208 424 3247 contra
448 3210 518 3250 est
539 3206 663 3262 quod
692 3210 838 3263 gratia
865 3216 935 3255 est
964 3212 1185 3267 quiddam
1215 3217 1423 3256 creatum
1444 3212 1492 3256 in
1524 3212 1693 3258 anima.
1724 3212 1811 3258 Sed
1835 3225 1972 3258 omne

106 3268 314 3309 creatum
344 3270 414 3310 est
441 3267 635 3324 finitum,
668 3272 924 3316 secundum
941 3274 1061 3319 illud
1082 3276 1201 3330 (Sap.
1235 3288 1290 3329 x1,
1311 3277 1381 3327 21)
1405 3287 1418 3318 :
1455 3278 1616 3319 Omnia
1636 3279 1684 3319 in
1702 3288 1901 3331 numero,
1927 3279 1972 3319 et

145 3374 193 3425 (Q
207 3374 289 3426 *Alio
317 3386 426 3417 sensu,
445 3377 491 3410 ait
521 3377 659 3418 Nicolni',
684 3381 782 3419 quam
809 3392 868 3414 nos
896 3382 994 3422 vulgo
1078 3387 1196 3418 autem
1211 3386 1365 3425 tantum,
1380 3385 1441 3419 sed
1457 3387 1565 3420 etia-m
1584 3385 1840 3425 totinsmundi,
1856 3398 1967 3427 quem,

105 3421 329 3456 sufficientem
351 3423 509 3457 actualem
536 3424 576 3459 ab
595 3424 722 3460 efficaci
745 3427 992 3467 distinguimus.
1078 3432 1190 3471 inquit
1205 3433 1344 3474 August.
1360 3433 1454 3475 (ibid.
1479 3439 1575 3468 tract.
1592 3435 1616 3469 n
1634 3446 1693 3467 suo
1708 3433 1863 3473 sanguine
1882 3446 1965 3468 com-

147 3469 188 3508 (2)
214 3468 276 3503 Vel
295 3470 425 3511 plenius
446 3484 530 3508 vers.
562 3473 584 3507 2
606 3485 615 3507 :
648 3475 729 3511 Non
754 3486 825 3517 pro
856 3479 993 3512 uostris
1077 3481 1215 3521 paravit.
