2170 3808
213 244 273 324 30
815 276 1014 328 QUAEST.
1045 277 1097 334 ll,
1126 277 1244 336 ΛΒΤ.
1275 275 1311 318 X
1336 276 1402 318 ET
1429 276 1499 319 Xl.

217 359 306 404 hoc
338 359 401 404 sit
419 370 560 414 supra
582 357 850 402 facultatem
872 370 970 402 suae
1002 361 1196 401 naturae.
1221 355 1437 400 Elevatur
1455 361 1612 400 autem
1633 355 1839 400 humana
1864 360 2034 409 natura
2054 358 2100 403 in

217 423 360 465 Deum
385 420 651 476 dupliciter3
671 431 768 464 uno
795 420 934 464 modo
953 432 1035 476 per
1060 419 1393 476 operationem,
1417 418 1512 474 qua
1528 418 1704 463 scilicet
1734 418 1883 462 sancti
1903 431 2103 476 cognos-

218 487 332 526 cunt
350 489 397 526 et
415 486 574 525 amant
585 483 727 525 Deum
743 495 755 536 ς
776 481 864 525 alio
884 482 1022 526 modo
1035 493 1119 538 per
1137 493 1241 526 esse
1259 479 1502 536 personale
1520 494 1532 522 t
1550 481 1628 537 qui
1653 480 1837 537 quidem
1854 480 2022 526 modus
2034 486 2107 527 est

219 543 470 600 singularis
490 543 685 598 Christo,
702 544 750 587 in
769 556 864 599 quo
879 544 1084 598 human-a
1108 547 1272 587 natura
1291 546 1530 598 assumpta
1552 547 1623 586 est
1649 543 1706 586 ad
1723 544 1810 586 hoc
1829 542 1954 599 qued
1976 541 2038 588 sit
2058 543 2107 588 in

218 617 414 662 persona
438 606 530 650 Filii
556 606 648 651 Dei.
675 606 963 650 Manifestum
982 612 1053 651 est
1074 611 1230 651 autem
1253 604 1375 661 quod
1398 603 1458 649 ad
1477 604 1806 660 perfectionem
1827 604 2107 661 operationis

218 667 470 723 requiritur
494 667 619 722 quod
641 668 845 723 potentia
863 668 921 712 sit
934 667 1137 724 perfecta
1154 678 1237 724 per
1255 666 1487 720 habitum3
1506 665 1593 710 sed
1602 665 1730 722 quod
1754 672 1920 710 natura
1941 665 2107 712 habeat

217 739 322 773 esse
340 729 386 772 in
402 729 642 785 supposito
657 741 758 783 suc,
779 742 871 773 non
887 730 936 773 fit
953 729 1185 774 mediante
1202 727 1358 784 aliquo
1375 725 1554 772 habitu.
1575 751 1628 759 -
1644 727 1716 772 Sic
1729 739 1841 784 ergo
1861 727 2107 774 dicendum

220 794 291 834 est
311 790 436 847 quod
456 791 494 834 si
519 791 669 847 gratia
692 791 944 848 accipiatur
967 792 1067 849 ipsa
1093 791 1171 836 Dei
1191 790 1409 835 voluntas
1437 789 1583 845 gratis
1606 790 1778 846 aliquid
1808 790 1998 847 faciens,
2032 790 2104 836 vel

220 857 402 909 gratum
426 865 509 897 seu
542 857 781 909 acceptum
810 854 1013 910 aliquem
1039 854 1240 910 habens3
1264 853 1377 896 unio
1406 851 1739 896 incarnationis
1775 852 1895 896 facta
1923 857 1996 897 est
2025 865 2107 910 per

220 914 432 969 gratiam,
453 913 573 958 sicut
595 919 641 959 et
661 914 775 958 unio
791 922 1058 960 sanctorum
1076 915 1137 961 ad
1155 917 1298 959 Deum
1318 925 1403 970 per
1422 913 1736 970 cognitionem
1756 919 1802 957 et
1816 925 2041 959 amorem.
2063 915 2105 958 Si

219 975 332 1019 vero
348 976 495 1032 gratia
510 976 691 1020 dicatur
712 976 864 1033 ipsum
881 978 1135 1034 gratuitum
1151 978 1228 1021 Dei
1250 977 1442 1033 donum,
1460 975 1529 1019 sic
1545 976 1699 1032 ipsum
1715 976 1839 1033 quod
1855 981 1927 1020 est
1940 976 2104 1021 huma—

220 1048 330 1081 nam
371 1042 584 1082 naturam
610 1050 715 1083 esse
736 1040 917 1084 unitam
948 1052 1160 1097 personae
1183 1039 1366 1096 divinae,
1399 1042 1551 1095 potest
1574 1038 1662 1082 dici
1693 1038 1905 1095 quaedam
1942 1039 2106 1097 gratia,

220 1101 497 1154 inquantum
525 1099 668 1143 nullis
695 1102 1067 1156 praecedentibus
1094 1101 1272 1145 meritis
1293 1102 1382 1145 hoc
1412 1101 1719 1145 estfactum:
1746 1111 1841 1144 non
1864 1104 2021 1145 autem
2045 1100 2106 1145 ita

220 1160 345 1218 quod
359 1162 419 1206 sit
438 1162 593 1235 aliqua
612 1163 760 1218 gratia
778 1163 1043 1220 habitualis,
1059 1176 1155 1220 qua
1173 1163 1407 1207 mediante
1422 1162 1528 1207 talis
1550 1162 1660 1206 unio
1678 1161 1773 1205 fiat.

274 1220 349 1266 Ad
372 1225 570 1279 primum
590 1235 702 1279 ergo
721 1225 986 1280 dicendum,
1012 1226 1137 1296 quod
1160 1225 1307 1280 gratia
1329 1237 1435 1282 quae
1456 1229 1527 1269 est
1550 1223 1780 1279 accidens,
1804 1228 1873 1267 est
1894 1223 2106 1280 quaedam

219 1282 474 1329 similitudo
496 1285 752 1330 Divinitatis
768 1287 1099 1344 participatam
1122 1287 1323 1331 homine.
1351 1290 1434 1330 Per
1456 1285 1822 1330 inoernationem
1844 1290 2001 1329 autem
2028 1285 2108 1329 hu·

219 1356 358 1388 mana
376 1352 543 1391 natura
559 1360 653 1392 non
668 1347 839 1393 dicitur
857 1349 1159 1407 participasse
1182 1349 1535 1394 similitudinem
1560 1348 1763 1404 aliquam
1785 1347 1955 1391 divinae
1974 1354 2110 1392 natu-

218 1419 298 1464 rae,
322 1410 406 1453 sed
424 1409 594 1454 dicitur
610 1422 717 1455 esse
737 1411 990 1468 conjuncta
1014 1412 1105 1469 ipsi
1133 1413 1304 1457 divinae
1326 1416 1502 1456 naturae
1518 1411 1568 1455 in
1587 1423 1789 1468 persona
1814 1410 1928 1454 Filii.
1965 1410 2110 1467 Maius

220 1475 376 1514 autem
394 1477 465 1516 est
488 1472 588 1527 ipsa
606 1485 683 1517 ms
697 1474 839 1529 quam
850 1475 1104 1520 similitudo
1127 1475 1228 1531 eJ'us
1246 1475 1531 1531 participata.

275 1532 341 1576 Ad
360 1535 605 1576 secundum
622 1534 885 1592 dicendum,
911 1537 1037 1592 quod
1051 1537 1198 1593 gratia
1220 1536 1468 1588 habitualis
1488 1540 1561 1580 est
1578 1534 1733 1579 solum
1746 1534 1795 1578 in
1812 1535 1969 1578 anima
1988 1548 1999 1578 ε
2026 1534 2110 1579 sed

220 1595 383 1652 gratia,
405 1596 450 1640 id
470 1601 555 1651 est,
581 1598 835 1652 gratuitum
855 1598 932 1642 Dei
957 1599 1150 1654 donum,
1175 1598 1302 1655 quod
1320 1602 1394 1652 est
1413 1598 1536 1642 uniri
1559 1598 1727 1642 divinae
1749 1609 1977 1653 personae,
2001 1608 2111 1653 per-

219 1657 336 1702 tinet
357 1658 415 1702 ad
436 1663 578 1702 totam
596 1664 809 1703 naturam
826 1661 1101 1717 humanam,
1125 1674 1232 1717 quae
1247 1661 1543 1716 componitur
1563 1673 1622 1705 ex
1642 1660 1799 1704 anima
1824 1666 1872 1703 et
1899 1671 2108 1716 corpore.

219 1719 272 1764 Et
293 1732 375 1775 per
394 1721 518 1765 hunc
536 1722 727 1766 modum
748 1722 917 1767 dicimr
940 1741 961 1760 n
986 1724 1223 1780 plenitudo
1240 1723 1498 1768 Divinitatis
1516 1723 1566 1767 in
1586 1724 1763 1767 Christo
1776 1722 2107 1778 corporaliter»

219 1781 479 1838 habitasse3
502 1785 611 1839 quia
633 1789 704 1828 est
725 1786 857 1829 unita
875 1786 1031 1830 divina
1055 1791 1222 1831 natura
1242 1799 1335 1843 non
1357 1786 1509 1830 solum
1531 1786 1715 1842 animae,
1733 1785 1815 1829 sed
1839 1785 1978 1828 etiam
2006 1795 2111 1828 cor-

217 1844 333 1899 pori,
368 1845 587 1896 Quamvis
608 1845 750 1889 etiam
773 1847 920 1902 possit
943 1848 1031 1892 dici
1062 1848 1186 1904 quod
1209 1847 1379 1892 dicitur
1409 1847 1643 1891 habitasse
1671 1846 1720 1890 in
1744 1846 1923 1890 Christo
1953 1857 2111 1901 corpo-

217 1905 390 1959 raliter,
408 1907 453 1950 id
477 1911 563 1962 est,
583 1919 678 1950 non
698 1908 985 1965 umbraliter,
1005 1910 1125 1953 sicut
1143 1909 1368 1953 habitavit
1390 1910 1437 1952 in
1455 1908 1760 1953 sacramentis
1775 1907 1944 1951 veteris
1965 1906 2107 1963 legis,

218 1965 276 2012 de
308 1967 479 2023 quibus
510 1968 683 2013 ibidem
713 1970 943 2026 subditur,
969 1971 1091 2026 quod
1114 1975 1225 2015 sunt
1246 1970 1411 2014 umbra
1437 1970 1701 2014 futurorum
1717 2003 1729 2024 ,
1754 1981 1924 2024 corpus
1955 1973 2110 2013 autem

217 2034 289 2089 est
308 2030 512 2074 Christus
523 2032 748 2089 (1),prout
760 2032 935 2076 scilicet
951 2045 1122 2089 eorpus
1143 2038 1304 2078 contra
1314 2032 1529 2076 umbram
1547 2032 1779 2076 dividitur.
1795 2032 1961 2074 Dicunt
1971 2030 2109 2075 etiam

217 2091 404 2147 quidam
427 2092 552 2148 quod
573 2093 795 2137 Divinitas
811 2095 978 2138 dicitur
996 2096 1041 2139 in
1062 2096 1240 2140 Christo
1260 2095 1494 2139 habitasse
1507 2093 1820 2151 corporaliter,
1842 2092 1888 2136 id
1906 2099 1994 2147 est,
2024 2092 2109 2137 tri-

218 2151 308 2197 bus
324 2154 491 2209 modis,
508 2154 632 2198 sicut
645 2167 815 2210 corpus
836 2156 976 2201 habet
993 2163 1085 2201 tres
1101 2157 1417 2200 dimensiones
1436 2170 1448 2200 :
1469 2155 1721 2207 unoxmodo
1745 2165 1827 2209 per
1841 2153 2107 2212 essentiam,

219 2215 513 2271 praesentiam
526 2220 574 2259 et
595 2217 865 2271 potentiam,
883 2218 1002 2262 sicut
1023 2218 1070 2261 in
1092 2218 1271 2262 caeteris
1289 2218 1542 2272 creaturis,
1561 2217 1650 2260 alio
1664 2216 1802 2260 modo
1821 2227 1902 2271 per
1915 2216 2111 2271 gratiam

222 2282 406 2332 gratum
421 2278 684 2335 facientem,
703 2279 827 2323 sicut
849 2281 895 2323 in
916 2280 1116 2337 sanctis3
1135 2281 1284 2336 tertio,
1308 2293 1392 2337 per
1410 2281 1632 2325 unionem
1651 2278 1961 2336 personalem,
1986 2279 2108 2337 quod

218 2344 290 2384 est
308 2340 545 2396 proprium
564 2340 650 2396 ipsi
672 2341 867 2385 Christo.

277 2400 405 2445 Unde
435 2405 558 2456 patet
589 2402 831 2458 responsio
855 2403 910 2447 ad
940 2406 1156 2458 tertium5
1177 2403 1287 2460 quia
1319 2403 1495 2448 scilicet
1522 2403 1633 2447 unio
1661 2403 1995 2447 incarnationis
2017 2417 2111 2448 non

223 2467 293 2508 est
312 2462 433 2506 facta
448 2462 598 2506 solum
617 2475 698 2518 per
718 2465 916 2519 gratiam
931 2464 1234 2520 habitualem,
1252 2465 1377 2509 sicut
1395 2465 1471 2509 alii
1488 2465 1640 2510 sancti
1655 2465 1886 2509 uniuntur
1900 2468 2008 2522 De0,
2024 2467 2111 2511 sed

221 2524 480 2569 secundum
493 2524 846 2569 subsistentiam
870 2527 966 2570 sive
986 2538 1250 2582 personam.

333 2596 673 2637 ARTICULUS
701 2595 784 2638 XI.
815 2620 870 2626 —
900 2609 1037 2638 UTRUM
1066 2609 1248 2639 umonssu
1276 2609 1397 2640 vuum
1427 2609 1645 2640 monnau
1674 2609 1823 2645 ALIQUA
1851 2609 2002 2638 numu

958 2669 1277 2700 PRAEcssssssmur
1300 2659 1375 2711 (2).

220 2723 271 2759 ne
287 2722 341 2758 hi·
361 2722 495 2759 etiami
517 2724 551 2766 2,
578 2728 695 2766 quaest.
717 2733 840 2767 xcvm,
867 2729 930 2759 art.
955 2726 974 2760 12
993 2738 1086 2767 corp.
1115 2729 1150 2760 et
1177 2728 1271 2761 Se‘nt.
1298 2735 1352 2769 ΙΙΙ,
1381 2726 1459 2762 dist.
1487 2726 1522 2767 4,
1537 2729 1653 2768 quaest.
1672 2734 1727 2767 111.
1747 2730 1812 2761 art.
1837 2726 1870 2768 ⁴,
1898 2728 1932 2760 et
1958 2724 2058 2761 Rom.
2083 2734 2111 2771 1,

781 2772 858 2807 leet.
877 2774 911 2814 5,
926 2773 995 2808 001.
1014 2774 1047 2813 2,
1063 2778 1098 2821 et
1112 2773 1216 2808 Hebr.
1232 2782 1258 2814 ι,
1274 2774 1352 2809 leet.
1368 2776 1402 2814 k,
1418 2775 1485 2809 ool.
1502 2775 1536 2810 5.

275 2833 343 2878 Ad
360 2833 660 2878 undecimum
679 2834 750 2879 sic
766 2835 1045 2891 proceditur.
1070 2839 1112 2879 1.
1140 2836 1324 2880 Videtur
1346 2836 1472 2893 quod
1491 2836 1604 2880 unio
1625 2835 1960 2880 incarnationis
1974 2836 2114 2882 fuerit

220 2895 378 2952 aliqua
400 2895 561 2940 merita
584 2896 850 2941 subsecuta.
872 2898 1003 2953 Quia,
1025 2911 1165 2954 super
1186 2899 1301 2943 illud
1323 2899 1457 2954 (Psal.
1481 2901 1607 2952 xxxn)
1632 2913 1642 2940 :
1664 2901 1766 2942 Fiat
1796 2899 2113 2943 misericordia

221 2961 305 3000 tua
319 2971 455 3014 super
469 2971 564 3014 nos,
589 2960 992 3015 quemadmodum,
1014 2965 1123 3018 etc„
1149 2961 1259 3006 dicit
1278 2961 1437 3006 Glossa
1462 2961 1574 3014 (ord.
1599 2961 1771 3017 implic.
1777 2963 1827 3016 ):
1857 2979 1876 2998 α
1895 2960 2008 3006 llic
1995 2961 2114 3007 msi-

223 3023 393 3062 nuatur
418 3019 699 3064 desiderium
723 3022 956 3078 prophetae
988 3022 1046 3067 de
1076 3023 1412 3081 incarnatione,
1447 3028 1495 3068 et
1521 3023 1740 3068 meritum
1772 3023 2070 3080 impletionis.
2086 3043 2109 3063 ι

221 3082 340 3135 Ergo
361 3080 617 3124 incarnatio
639 3082 762 3126 cadit
784 3082 872 3126 sub
895 3083 1075 3128 merito.

277 3145 319 3186 2.
350 3144 590 3197 Praeterea,
615 3143 899 3200 quicumque
919 3150 1127 3190 meretur
1161 3146 1353 3205 aliquid,
1378 3125 1582 3192 meretur
1605 3146 1721 3191 illud
1754 3146 1855 3190 sine
1876 3157 1973 3202 quo
1997 3145 2114 3191 illud

222 3203 381 3248 haberi
402 3216 498 3247 non
516 3209 682 3260 potest
705 3205 794 3250 Sed
811 3207 989 3264 antiqui
1002 3213 1158 3264 patres
1168 3209 1470 3254 merebantur
1481 3209 1625 3253 vitam
1643 3213 1883 3264 aeternam,
1899 3207 1960 3252 ad
1972 3219 2112 3264 quam

222 3265 464 3321 pervenine
482 3278 575 3309 non
596 3271 810 3322 poterant
833 3267 921 3311 nisi
937 3281 1019 3323 per
1039 3270 1440 3315 incarnationem:
1462 3270 1574 3316 dicit
1593 3270 1719 3314 enim
1739 3269 1986 3325 Gregorius
2007 3271 2114 3324 (Mo-

222 3327 307 3372 ral.
329 3327 408 3372 lib.
430 3340 521 3384 xm,
543 3340 644 3384 cap.
669 3331 741 3384 15,
765 3327 813 3371 in
830 3329 929 3383 fin.)
949 3344 960 3374 :
982 3332 1063 3375 «Hi
1083 3333 1165 3389 qui
1186 3338 1293 3377 ante
1311 3332 1475 3377 Christi
1489 3331 1779 3377 adventum
1769 3344 1817 3374 ln
1841 3332 1966 3376 hunc
1979 3342 2114 3375 mun·

265 3429 308 3471 Η)
326 3429 402 3465 Sive
427 3429 526 3471 paulo
551 3429 670 3470 aliter,
688 3432 727 3464 ut
753 3430 855 3465 habet
879 3443 973 3465 sacer
1000 3437 1119 3476 textus,
1228 3437 1273 3478 (2)
1295 3437 1343 3471 De
1367 3436 1438 3471 fide
1460 3438 1516 3470 oct
1543 3446 1605 3469 nee
1634 3434 1771 3475 Christi,
1789 3447 1851 3469 nec
1874 3403 2115 3476 cuiuscumque

222 3486 357 3520 corpus
371 3480 491 3512 autem
503 3477 655 3519 Christi,
667 3477 730 3512 hoc
745 3483 938 3519 est‚eorpus
948 3481 1124 3519 pertinens
1210 3483 1350 3518 alterius
1373 3494 1476 3526 opera
1502 3482 1770 3518 incarnationem
1793 3482 1835 3517 de
1856 3482 2022 3522 condigno
2042 3492 2113 3516 mov

223 3523 265 3558 ad
275 3524 444 3559 Christum
454 3530 492 3560 ut
500 3525 625 3560 ibidem
637 3524 779 3566 explicat
788 3526 822 3560 S.
831 3526 977 3562 Thomas
986 3527 1063 3563 lect.
1071 3537 1123 3564 lv.
1209 3531 1330 3567 ruisse.
