2170 3808
253 199 307 242 52
1101 195 1264 239 UAEST.
1295 195 1346 239 V.

301 277 592 318 CONCLUSIO.
609 299 655 307 ——
675 260 926 330 Quanquam
945 278 1052 317 Deus
1064 196 1241 317 ἓὶὶιίῃᾶε
1257 279 1450 317 naturam
1466 276 1696 317 humanam
1714 276 1918 328 suscipere
1935 276 2142 328 potuisset,

177 363 180 367 .
253 342 377 383 quam
400 344 448 372 ex
472 333 628 381 Adam3
649 331 962 373 convenientius
980 334 1120 372 tamen
1142 332 1224 371 fuit
1253 331 1306 371 ad
1327 331 1493 384 plenam
1512 343 1585 384 pro
1611 333 1773 383 peccato
1803 329 2141 380 satisfactionem,

252 389 292 426 et
309 386 507 438 maJorem
536 387 758 427 hominum
781 387 1049 439 dignitatem,
1067 391 1107 427 et
1134 385 1323 427 divinam
1351 386 1579 439 potentiam
1595 383 1916 435 ostendendam,
1942 389 1989 425 ut
2009 383 2144 426 exrllo

253 440 483 481 humanam
502 446 698 482 naturam
712 446 952 484 assumeret.

307 504 579 560 Respondeo
598 505 849 551 dicendum
864 505 1007 563 quod,
1025 505 1148 550 sicut
1162 505 1455 563 Augustinus
1472 504 1584 550 dicit
1602 507 1680 560 (De
1698 503 1819 549 Trin.
1841 502 1924 548 lib.
1937 517 2026 564 xm,
2041 514 2143 561 εει),

251 567 322 622 18,
347 565 395 609 in
420 567 605 625 princ),
632 588 652 606 «
679 573 862 626 poterat
886 572 1007 614 Deus
1031 569 1267 613 hominem
1299 566 1488 612 aliunde
1509 567 1762 624 suscipere,
1787 578 1883 610 non
1901 565 1961 611 de
1975 569 2149 623 genere

251 627 386 672 istius
408 629 531 687 Adae,
563 631 645 688 qui
667 643 755 676 suo
780 636 972 688 peccato
994 631 1216 687 obligavit
1237 642 1390 687 genus
1410 630 1699 674 humanum:
1723 628 1808 674 sed
1839 628 2006 674 melius
2019 627 2146 686 judi*

251 690 374 734 cavit
391 695 444 735 ut
461 691 520 736 de
541 691 644 749 ipso
666 693 792 749 quod
814 693 990 737 victum
1009 692 1159 737 fuerat
1178 704 1351 748 genere
1373 696 1636 736 assumeret
1652 691 1888 736 hominem
1910 691 2044 748 Beue,
2061 701 2140 747 per

252 763 392 809 quem
428 755 614 810 generis
644 755 837 799 humani
870 755 1080 799 vinceret
1107 753 1364 799 inimIcum.
1389 772 1410 792 υ
1445 754 1500 797 Et
1530 754 1619 798 hoc
1647 758 1837 809 propter
1869 752 1967 797 tria.
1996 749 2147 796 Primo

252 813 458 872 quidem,
477 815 588 872 quia
600 816 690 861 hoc
707 816 891 861 videtur
913 816 972 860 ad
989 815 1218 873 Justitiam
1234 814 1486 872 pertinere,
1505 819 1559 859 ut
1577 814 1654 859 ille
1673 814 1923 859 satisfaciat
1945 813 2020 871 qui
2039 825 2148 871 pec-

252 876 388 921 cavit.
411 879 464 922 Et
484 877 589 923 ideo
608 878 668 923 de
692 882 859 923 natura
880 890 964 936 per
982 883 1229 935 peccatum
1247 881 1466 934 corrupta
1481 876 1639 922 debuit
1655 876 1831 921 assumi
1852 876 1901 921 id
1922 888 2003 933 per
2021 875 2149 933 quod

253 938 506 984 satisfactio
518 944 617 985 erat
632 940 870 996 implenda
886 952 972 997 pro
991 945 1085 984 tota
1106 944 1290 984 natura.
1310 938 1537 995 Secundo,
1559 938 1669 995 quia
1684 938 1773 983 hoc
1796 937 1933 983 etiam
1948 937 2150 994 pertinet

252 1002 312 1047 ad
344 1002 569 1058 majorem
599 1002 802 1047 hominis
835 1002 1110 1058 dignitatem
1149 1004 1225 1059 (1)3
1256 1002 1370 1047 dum
1402 1013 1462 1046 ex
1495 1001 1575 1046 illo
1602 1012 1773 1056 genere
1800 1000 1947 1044 victor
1978 999 2149 1045 diaboli

253 1064 477 1120 nascitur,
497 1063 621 1120 quod
644 1076 728 1121 per
745 1064 984 1110 diabolum
1006 1065 1161 1109 fuerat
1181 1065 1374 1109 victum.
1395 1063 1560 1122 Tertio,
1584 1063 1694 1120 quia
1711 1074 1794 1119 per
1814 1063 1904 1107 hoc
1919 1062 2056 1108 etiam
2072 1061 2150 1107 Dei

253 1125 456 1182 potentia
486 1125 636 1183 magis
657 1126 934 1182 ostenditur,
960 1127 1073 1172 dum
1100 1126 1158 1171 de
1183 1132 1350 1172 natura
1374 1130 1594 1182 corrupta
1615 1130 1662 1170 et
1693 1124 1877 1169 infirma
1898 1123 2151 1180 assumpsit

253 1187 301 1232 id
319 1187 445 1245 quod
467 1187 516 1232 in
539 1192 717 1233 tantam
741 1189 960 1233 virtutem
979 1195 1027 1233 et
1050 1188 1326 1244 dignitatem
1346 1192 1418 1233 est
1435 1192 1716 1245 promotum.

307 1250 375 1295 Ad
392 1254 594 1306 primum
618 1263 731 1307 ergo
761 1251 1029 1305 dicendum,
1062 1251 1188 1308 quod
1216 1251 1424 1295 Christus
1452 1250 1613 1295 debuit
1641 1262 1746 1294 esse
1775 1248 1799 1293 a
1829 1247 2151 1306 peccatoribus

253 1317 528 1369 segregatus
554 1314 783 1370 quantum
813 1313 874 1358 ad
895 1313 1099 1370 culpam,
1125 1326 1267 1370 quam
1290 1317 1479 1362 venerat
1508 1313 1764 1370 destruere,
1794 1322 1891 1355 non
1922 1310 2151 1368 quantum

253 1373 312 1418 ad
330 1379 562 1430 naturam,
585 1387 727 1431 quam
743 1380 935 1420 venerat
953 1375 1155 1431 salvare,
1174 1376 1435 1421 secundum
1451 1386 1592 1432 quam
1613 1373 1773 1419 debuit
1785 1385 1870 1430 per
1887 1373 2043 1417 omnia
2058 1372 2150 1417 fra-

252 1436 403 1482 tribus
420 1438 684 1495 assimilari,
709 1444 762 1483 ut
782 1439 907 1484 idem
930 1439 1175 1497 Apostolus
1195 1439 1306 1485 dicit
1322 1438 1396 1495 (ad
1417 1438 1551 1483 Hebr.
1574 1441 1639 1493 11).
1660 1440 1712 1482 Et
1730 1437 1779 1481 in
1802 1439 1891 1482 hoc
1911 1436 2050 1482 etiam
2068 1435 2152 1480 mi-

252 1499 441 1545 rabilior
449 1507 521 1546 est
530 1500 633 1558 eJus
643 1501 925 1556 innocentia,
942 1503 1066 1559 quod
1078 1502 1136 1547 de
1146 1514 1302 1547 massa
1312 1507 1504 1560 peccato
1517 1501 1727 1558 subJ'ecta
1736 1506 1902 1544 natura
1911 1502 2153 1556 assumpta

253 1565 430 1607 tantam
448 1563 613 1608 habuit
631 1565 898 1621 puritatem.

307 1626 375 1671 Ad
392 1627 638 1671 secundum
658 1627 927 1684 dicendum,
949 1627 1092 1684 quud,
1118 1627 1239 1673 sicut
1262 1628 1438 1673 dictum
1459 1631 1532 1672 est
1556 1626 1620 1680 (in
1651 1625 1791 1670 solut.
1818 1627 1994 1683 praec.)‚
2016 1637 2154 1683 opor-

251 1687 339 1732 tuit
352 1700 461 1733 eum
477 1689 558 1745 qui
572 1695 764 1746 peccata
776 1696 972 1734 venerat
987 1690 1166 1745 tollere,
1187 1702 1292 1735 esse
1312 1691 1339 1734 a
1353 1688 1676 1747 peccatoribus
1693 1691 1993 1744 segregatum
2007 1698 2155 1744 quan-

252 1754 350 1794 tum
372 1751 432 1796 ad
450 1751 653 1810 culpam,
677 1751 753 1796 cui
777 1752 923 1797 Adam
943 1752 1194 1810 subJacuit‚
1213 1758 1262 1797 et
1279 1765 1420 1810 quem
1439 1752 1688 1797 Christus&
1700 1764 1781 1795 suo
1794 1750 1958 1795 delicto
1971 1750 2150 1808 eduxit,

250 1817 304 1857 ut
318 1813 487 1858 dicitur
505 1815 626 1871 (Sap.
642 1817 703 1871 x).
722 1814 974 1871 Oportebat
993 1821 1149 1860 autem
1171 1827 1279 1860 eum
1303 1815 1385 1872 qui
1406 1813 1638 1860 mundare
1655 1825 1821 1858 omnes
1835 1817 2040 1867 venerat,
2058 1823 2152 1857 non

250 1886 355 1919 esse
387 1876 740 1933 mundandum3
767 1877 889 1921 sicut
919 1881 967 1921 et
999 1877 1049 1921 in
1083 1876 1293 1933 quolibet
1323 1888 1496 1933 genere
1527 1880 1701 1930 motus,
1725 1873 1928 1931 primum
1957 1885 2153 1920 movens

250 1942 322 1981 est
350 1938 588 1983 immobile
617 1939 881 1984 secundum
906 1938 1039 1983 illum
1062 1944 1258 1995 motum,
1284 1939 1407 1984 sicut
1434 1938 1639 1996 primum
1660 1937 1863 1982 alterans
1891 1942 1966 1981 est
1985 1937 2153 1982 inalte-

249 1999 410 2044 rabile.
437 2003 491 2045 Et
512 2000 618 2046 ideo
640 2013 736 2045 non
759 2001 848 2046 fuit
872 2001 1160 2047 conveniens
1190 2007 1243 2046 ut
1273 2006 1537 2047 assumeret
1567 2002 1823 2045 humanam
1854 2003 2073 2045 naturam
2101 1999 2151 2044 in

250 2061 354 2118 ipso
377 2062 539 2107 Adam.

304 2125 371 2169 Ad
396 2128 580 2169 tertium
602 2126 868 2183 diffindam,
890 2126 1017 2183 quod
1039 2126 1151 2184 quia
1179 2128 1390 2172 Christus
1411 2125 1615 2170 maxime
1643 2123 1846 2169 debebat
1868 2135 1975 2170 esse
1995 2125 2023 2169 a
2043 2138 2152 2182 pec-

250 2186 486 2231 catoribus
508 2192 785 2243 segregatus
808 2187 1039 2244 quantum
1062 2188 1121 2232 ad
1145 2188 1347 2245 culpam,
1369 2187 1503 2244 quasi
1526 2197 1759 2231 summam
1777 2185 2055 2231 innocentiae
2073 2187 2154 2233 ob-

250 2247 431 2302 tinens3
454 2249 742 2294 conveniens
763 2249 852 2294 fuit
872 2254 926 2294 ut
946 2249 974 2293 a
997 2250 1148 2306 primo
1172 2255 1414 2306 peccatore
1436 2262 1588 2307 usque
1610 2249 1671 2294 ad
1693 2249 1924 2294 Christum
1943 2250 2153 2306 perveni-

250 2313 380 2353 retur
410 2308 727 2355 mediantibus
759 2310 1044 2367 quibusdam
1073 2312 1215 2370 Justis
1229 2346 1241 2367 ‚
1280 2312 1329 2356 in
1364 2312 1536 2369 quibus
1570 2311 1904 2368 praefulgerent
1934 2312 2150 2367 quaedam

251 2370 452 2428 insignia
472 2372 643 2417 futurae
674 2373 950 2417 sanctitatis.
972 2376 1026 2418 Et
1046 2381 1234 2431 propter
1242 2374 1331 2419 hoc
1343 2375 1483 2419 etiam
1501 2375 1550 2419 in
1565 2374 1740 2432 populo
1757 2386 1816 2419 ex
1834 2386 1929 2431 quo
1942 2375 2150 2421 Christus

250 2438 351 2478 erat
363 2433 647 2491 nasciturus.5
660 2434 858 2480 instituit
874 2438 996 2480 Deus
1012 2436 1228 2493 quaedam
1244 2437 1503 2482 sanctitatis
1514 2438 1667 2493 signa,
1688 2449 1794 2494 quae
1804 2437 2081 2494 inceperunt
2099 2438 2148 2484 in

249 2494 477 2540 Abraham
490 2529 501 2551 ,
524 2496 605 2553 qui
628 2495 808 2552 primus
829 2496 1190 2554 promissionem
1207 2498 1387 2555 accepit
1405 2499 1464 2544 de
1487 2499 1664 2543 Christo
1682 2505 1730 2544 et
1747 2498 2150 2546 circumcisionem

250 2557 298 2602 in
317 2557 505 2615 signum
524 2558 715 2604 foederis
737 2559 1046 2605 conservandi
1063 2562 1140 2617 (2),
1154 2565 1206 2606 ut
1225 2560 1395 2607 dicitur
1408 2562 1591 2616 (Genes.
1614 2564 1716 2616 xvn)
1736 2562 1813 2618 (3).

952 2756 955 2759 .
995 2702 1299 2767 QUAESTIO
1333 2703 1400 2758 V.

284 2843 348 2879 DE
379 2843 511 2880 MODO
543 2843 736 2881 UNIONIS
767 2844 830 2880 Ex
861 2844 1017 2879 PARTE
1051 2844 1263 2880 PARTIUM
1298 2845 1514 2882 HUMANAE
1547 2845 1776 2894 NATURAE,
1811 2845 1860 2882 m
1892 2845 2116 2889 QUATUOR

966 2906 1228 2943 ARTICULOS
1252 2908 1423 2945 DIVISA.

298 3024 450 3068 Deinde
466 3025 813 3067 considerandum
826 3029 886 3066 est
905 3024 954 3066 de
972 3022 1257 3076 assumptione
1270 3025 1456 3077 partium
1472 3024 1671 3064 humanas
1691 3029 1851 3064 naturae
1866 3038 1877 3065 :
1894 3028 1934 3065 et
1951 3024 2056 3066 circa
2071 3024 2150 3067 hoo

247 3086 490 3135 quaeruntur
518 3084 695 3132 quatuor
724 3093 735 3120 ι
774 3085 809 3120 1⁰
839 3079 989 3120 Utrum
1016 3079 1148 3119 Filius
1185 3079 1257 3119 Dei
1288 3079 1472 3120 debuerit
1496 3090 1702 3120 assumere
1728 3090 1875 3120 verum
1904 3091 2069 3131 corpus.
2099 3101 2147 3110 -

248 3143 286 3178 2⁰
309 3137 460 3176 Utrum
483 3146 686 3175 assumere
719 3134 904 3175 debuerit
935 3146 1080 3187 corpus
1111 3139 1342 3185 terrenum,
1375 3134 1529 3174 scilicet
1556 3145 1723 3174 carnem
1750 3138 1791 3175 et
1813 3133 2076 3184 sanguinem.
2098 3155 2148 3165 -

245 3196 286 3232 3⁰
310 3192 461 3233 Utrum
477 3191 745 3242 assumpserit
763 3190 966 3230 animam.
989 3211 1038 3219 —
1052 3193 1093 3229 4⁰
1116 3188 1266 3229 Utrum
1282 3199 1491 3229 assumere
1509 3187 1695 3229 debuerit
1712 3187 1984 3229 intellectum.

283 3310 331 3352 (l)
349 3309 581 3351 Praeterquam
611 3307 701 3349 quod
717 3307 759 3342 ad
774 3308 941 3348 justitiam
967 3309 1025 3343 Dei
1046 3309 1151 3350 perti·
1279 3308 1322 3348 (5)
1341 3308 1398 3343 Sic
1413 3307 1504 3343 enim
1522 3306 1569 3341 ibi
1588 3318 1675 3341 vers.
1692 3306 1730 3340 Η
1755 3319 1764 3339 :
1785 3305 2085 3342 circumcidetur
2097 3317 2146 3343 ex

248 3371 330 3395 nere
346 3357 496 3399 videtur,
514 3360 553 3390 ut
567 3368 607 3391 ex
624 3356 737 3397 verbis
752 3356 934 3398 praemissis
947 3362 1051 3398 patet.
1235 3356 1334 3392 vobis
1364 3366 1469 3392 omne
1495 3355 1746 3390 masculinum
1759 3381 1770 3394 ,
1804 3357 1839 3388 et
1874 3354 2146 3390 circumcidetis

286 3409 328 3450 (5)
357 3407 410 3442 Ita
439 3418 517 3441 cum
537 3406 693 3449 pluribus
710 3406 790 3442 Mss.
815 3405 899 3441 edit.
926 3407 1049 3447 passim
1082 3406 1152 3448 Al„
1237 3415 1384 3440 carnem
1399 3404 1579 3448 praepwtii
1594 3403 1721 3439 vestri.
1748 3406 1790 3436 ut
1804 3401 1854 3437 sit
1868 3402 1911 3436 in
1921 3403 2068 3446 sianum
2081 3403 2143 3446 [ω-

246 3454 537 3492 consummandi.
1237 3453 1340 3489 deris
1358 3455 1459 3488 imer-
1476 3461 1532 3486 me
1547 3456 1581 3487 et
1593 3460 1666 3486 vot.
