2170 3808
751 220 950 273 QUAEST.
982 221 1084 276 LIX,
1115 220 1231 263 ART.
1262 220 1315 263 111
1342 221 1408 263 ΕΤ
1435 221 1503 263 lv.
1989 222 2073 264 495

241 305 286 350 Ξ.
314 305 550 362 Praeterea,
576 301 696 347 sicut
723 301 898 346 dictum
925 306 997 347 est
1028 304 1131 356 (art.
1151 314 1290 359 praec.
1293 302 1326 358 ),
1343 300 1589 359 J'udiciarIa
1620 304 1825 357 potestas
1854 301 2073 357 competit

185 366 380 423 Christo,
407 363 687 422 inquantum
705 367 778 408 est
804 367 945 420 caput
974 368 1205 409 nostrum.
1240 362 1328 408 Sed
1355 361 1504 420 gratia
1537 361 1700 419 capitis
1723 373 1819 405 non
1852 361 2073 419 competit

187 425 363 472 Christo
374 436 434 471 ex
444 423 639 480 meritiS,
655 423 778 468 sed«
766 423 1055 480 onsequitur
1068 422 1359 480 personalem
1376 422 1600 467 unionem
1615 421 1784 468 divinae
1799 425 1846 467 et
1855 422 2073 467 humanae

186 493 380 545 naturae,
403 485 660 532 secundum
685 484 800 530 illud
833 487 977 538 (Joan.
997 497 1030 542 1,
1054 485 1157 537 14).
1186 484 1393 528 Vidzmus
1413 483 1610 541 qloriam
1632 485 1741 540 ejus,
1766 487 1896 541 quasi
1920 486 2073 541 unipe-

187 551 278 594 atti
307 549 337 592 ὰ
365 550 516 603 Patre,
539 546 723 604 plenum
743 549 906 603 qratiae
934 549 979 590 et
1011 547 1243 600 veritatis,-
1261 548 1304 588 et
1330 545 1387 588 de
1406 544 1689 601 plenitudine
1705 546 1800 601 ejus
1822 558 1902 588 nos
1924 558 2074 589 omnes

187 612 467 667 acoepimu33
484 606 609 666 quod
626 609 826 665 pertinet
849 609 907 653 ad
934 606 1160 652 rationem
1183 604 1364 663 capitis.
1381 608 1500 663 Ergo
1517 605 1700 651 videtur
1723 605 1849 663 quod
1866 606 2075 652 Christus

187 682 282 718 non
298 669 511 716 habuerit
528 681 586 715 ex
599 669 776 715 meritis
788 669 1078 727 judiciariam
1095 671 1384 726 potestatem.

240 734 284 778 3.
314 733 554 788 Praeterea,
582 731 829 788 Apostolus
857 731 967 776 dicit
989 732 1038 784 (1.
1066 729 1271 775 Corinth.
1291 743 1338 788 u,
1358 729 1431 784 15)
1454 727 1751 785 :Spiritualis
1766 728 1954 783 judicat
1979 742 2074 773 om-

185 796 280 839 nia.
313 793 400 839 Sed
426 794 564 838 homo
593 793 792 838 efficitur
814 792 1066 850 spiritualis
1088 805 1172 849 per
1196 790 1409 849 gratiam,
1431 802 1538 848 quae
1557 802 1653 835 non
1676 794 1747 835 est
1775 803 1832 835 ex
1865 790 2071 847 meritis;

186 854 388 912 alioquin
400 858 509 912 jam
528 868 617 899 non
649 860 762 899 esset
789 857 962 912 qratia,
991 859 1042 899 ut
1071 854 1240 899 dicitur
1262 855 1411 909 (Rom.
1434 866 1497 909 xi,
1521 855 1583 906 6).
1607 854 1726 910 Ergo
1745 852 1930 897 videtur
1947 851 2073 910 quod

181 914 425 974 judiciaria
447 919 652 972 potestas
675 929 769 960 non
789 916 1038 961 conveniat
1060 927 1148 960 nec
1164 916 1357 972 Christo,
1381 926 1470 959 nec
1491 913 1593 959 aliis
1614 926 1674 960 ex
1697 914 1892 970 meritiS,
1908 914 1993 959 sed
2014 925 2072 960 ex

187 977 286 1022 sola
303 977 468 1034 gratia.

243 1037 330 1084 Sed
342 1042 503 1082 contra
526 1043 597 1083 est
614 1038 735 1095 quod
756 1037 1052 1094 dicitur(.lob‚
1073 1051 1218 1093 xxxvr,
1236 1039 1334 1092 17):
1365 1039 1517 1081 Causa
1542 1040 1623 1080 tua
1648 1038 1779 1093 quasi
1801 1037 1929 1092 impii
1938 1035 2073 1091 Judi-

187 1103 295 1144 cata
309 1103 404 1157 θεῖς
419 1113 602 1144 causam
612 1101 924 1156 judiciumque
938 1103 1145 1157 νει-ἱρέες,-
1165 1104 1212 1144 et
1228 1098 1515 1155 Augustinus
1533 1098 1643 1143 dicit
1665 1098 1714 1143 in
1731 1097 1812 1143 lib.
1836 1100 1898 1143 De
1918 1097 2071 1143 verbis

186 1160 366 1206 Domini
406 1163 563 1217 (serm.
593 1161 676 1206 ult.
711 1172 815 1218 cap.
838 1165 885 1217 7,
913 1159 1026 1204 circ.
1061 1160 1205 1215 med.)
1228 1175 1239 1204 :
1268 1179 1289 1198 «
1315 1159 1497 1205 Sedebit
1517 1158 1683 1217 judex,
1715 1159 1797 1217 qui
1825 1158 1951 1205 stetit
1983 1158 2072 1204 suh

182 1222 366 1280 jndice3
389 1223 628 1281 damnabit
645 1234 780 1268 veros
796 1223 855 1276 (1)
875 1233 997 1277 moe,
1017 1221 1098 1278 qui
1120 1221 1237 1266 falso
1254 1221 1407 1266 factus
1425 1225 1497 1267 est
1518 1233 1644 1266 reus,

234 1290 524 1332 CONCLUSIO.
543 1311 593 1320 —
615 1290 863 1340 Quanquam
879 1286 1097 1340 iudiciaria
1115 1291 1291 1341 potestas
1308 1288 1501 1329 debeatur
1522 1287 1682 1329 ChriSto
1703 1290 1866 1341 propter
1885 1286 2074 1330 divinam

186 1354 401 1394 personam
416 1347 456 1384 et
480 1344 623 1396 capitis
644 1344 903 1395 dignitatem,
922 1348 961 1384 et
979 1345 1120 1396 gratiae
1141 1343 1458 1396 plenitudinem,
1481 1355 1572 1384 eam
1593 1347 1731 1384 tamen
1754 1343 2004 1395 promeruit,
2025 1346 2072 1383 ut

186 1397 410 1439 secundum
430 1398 502 1439 Dei
512 1398 720 1450 justitiam
732 1396 857 1450 judex
879 1401 995 1448 esset,
1014 1398 1086 1450 qui
1105 1410 1177 1450 pro
1196 1398 1357 1451 justitia
1375 1399 1576 1451 pugnavit
1594 1401 1634 1438 et
1650 1398 1763 1438 vicit.

239 1461 513 1519 Respondeo
526 1461 775 1507 dicendum
790 1461 915 1518 quod
935 1461 1049 1506 nihil
1070 1461 1282 1518 prohibet
1302 1474 1453 1507 unum
1470 1466 1517 1507 et
1534 1461 1656 1507 idem
1681 1461 1838 1506 deberi
1860 1459 1998 1504 alicui
2015 1471 2074 1504 ex

186 1521 341 1567 causis
360 1522 578 1579 diversis;
616 1522 734 1567 sicut
763 1522 910 1578 gloria
935 1523 1142 1580 corporis
1165 1523 1455 1581 resurgentis
1483 1523 1638 1569 dehita
1665 1522 1751 1567 fuit
1780 1523 1956 1567 Christo
1977 1533 2074 1565 non

187 1583 338 1629 solum
366 1589 555 1642 propter
585 1585 937 1642 congruentiam
960 1585 1239 1643 divinitatis,
1270 1590 1315 1631 et
1343 1589 1532 1643 propter
1558 1585 1752 1643 gloriam
1775 1585 1965 1640 animae,
1991 1583 2075 1629 sed

186 1645 327 1691 etiam
346 1658 407 1692 ex
419 1647 584 1692 merito
601 1647 870 1692 humilitatis
890 1647 1138 1703 passionis.
1153 1650 1208 1693 Et
1227 1647 1439 1693 similiter
1461 1648 1709 1693 dicendum
1728 1652 1798 1692 est
1813 1646 1938 1703 quod
1949 1645 2075 1703 Judi-

187 1705 329 1752 ciaria
352 1711 559 1765 potestas
581 1707 757 1754 homini
789 1708 967 1753 Christo
991 1709 1210 1766 competit
1233 1715 1279 1755 et
1296 1714 1485 1767 propter
1506 1709 1709 1754 divinam
1739 1719 2002 1766 personam,
2028 1711 2074 1754 et

187 1771 375 1827 propter
396 1769 560 1827 capitis
581 1769 876 1827 dignitatem,
905 1774 951 1815 et
979 1775 1166 1828 propter
1187 1770 1526 1828 plenitudinem
1548 1770 1708 1826 gratiae
1729 1769 2004 1826 habitualis3
2030 1772 2074 1814 et
2100 1816 2103 1819 ,

187 1834 346 1876 tamen
363 1830 504 1876 etiam
526 1842 586 1876 ex
607 1831 773 1876 merito
792 1842 896 1876 eam
912 1831 1114 1876 obtinuit
1128 1834 1203 1903 (2),
1220 1836 1272 1877 ut
1288 1832 1464 1877 scilicet
1481 1831 1740 1877 secundum
1755 1830 1833 1875 Dei
1848 1830 2075 1887 justitiam
2099 1841 2102 1870 ὲ

183 1890 328 1948 judex
349 1896 474 1938 esset
493 1891 574 1950 qui
601 1905 686 1950 pro
707 1892 784 1938 Dei
802 1892 982 1949 justitia
996 1893 1241 1950 pugnavit,
1259 1899 1306 1939 et
1319 1893 1446 1951 vicit,
1471 1898 1518 1939 et
1539 1893 1712 1950 injuste
1726 1892 1964 1964 judicatus
1985 1895 2072 1936 est.

190 1952 351 1999 Unde*
338 1965 440 2011 lpse
467 1954 578 1999 dicit
607 1956 759 2011 (Apos.
788 1969 850 2010 111,
874 1957 983 2008 21):
1010 1960 1106 2013 qu
1125 1958 1228 2014 vici,
1260 1959 1306 2000 et
1335 1957 1436 2001 sedi
1455 1958 1504 1999 in
1527 1955 1687 1999 throno
1713 1955 1867 1997 Patris
1888 1956 1989 1996 mei.
2023 1954 2074 1997 In

188 2013 357 2060 throno
374 2018 532 2060 autem
547 2014 821 2072 intelligitur
838 2015 1082 2072 judiciaria
1110 2020 1329 2073 potestas,
1351 2017 1609 2062 secundum
1623 2014 1739 2060 1llud
1757 2014 1891 2068 (Psal.
1917 2027 1976 2071 ix,
1995 2016 2074 2069 5).

187 2077 359 2121 Sedistl
371 2090 509 2135 super
529 2078 756 2133 thronum,
773 2079 1045 2134 quijzcdicas
1053 2081 1304 2135 Justitiam.

243 2137 310 2184 Ad
334 2142 538 2197 primum
556 2152 667 2196 ergo
683 2140 951 2197 dicendum,
969 2141 1092 2196 quod
1109 2141 1225 2185 ratio
1243 2140 1322 2185 illa
1345 2140 1550 2197 procedit
1567 2140 1625 2184 de
1643 2138 1888 2196 judiciaria
1915 2142 2076 2195 potes-

189 2204 298 2259 tate,
319 2202 578 2247 secundum
599 2202 725 2259 qued
745 2199 940 2248 debetur
959 2203 1136 2247 Christo
1154 2215 1214 2248 ex
1230 2203 1331 2259 ipsa
1348 2202 1523 2247 unione
1541 2202 1601 2247 ad
1618 2200 1816 2246 Verbum
1839 2201 1934 2246 Dei.

243 2263 311 2307 Ad
342 2263 590 2308 secundum
623 2263 891 2320 dicendum,
915 2264 1040 2320 quod
1073 2263 1190 2308 ratio
1219 2264 1300 2308 illa
1326 2264 1534 2321 procedit
1559 2275 1619 2309 ex
1647 2267 1777 2320 parte
1805 2263 1965 2319 gratiae
1995 2274 2075 2307 ca-

190 2322 312 2380 pitis·

244 2384 311 2430 Ad
330 2387 516 2429 tertium
538 2384 803 2441 dicendum,
826 2385 953 2441 quod
967 2385 1083 2429 ratio
1101 2386 1179 2430 illa
1194 2385 1399 2442 procedit
1411 2398 1469 2431 ex
1485 2390 1617 2443 parte
1630 2385 1791 2441 gratiae
1807 2385 2070 2438 habitualis,

189 2457 295 2503 quae
320 2449 391 2491 est
419 2444 670 2502 perfectiva
695 2445 864 2490 animae
881 2445 1061 2491 Christi.
1090 2448 1173 2491 Per
1200 2447 1289 2491 hoc
1316 2450 1469 2492 tamen
1500 2446 1624 2504 quod
1651 2446 1724 2491 his
1749 2446 1900 2492 modis
1930 2447 2072 2492 dehe-

190 2510 264 2552 tur
280 2506 457 2552 Christo
469 2505 715 2563 judiciaria
729 2510 948 2563 potestas,
972 2519 1066 2551 non
1086 2507 1349 2553 excluditur
1369 2508 1482 2565 quin
1505 2507 1727 2553 debeatur
1745 2507 1787 2553 ei
1809 2520 1866 2552 ex
1888 2508 2070 2555 merito⁴

219 2569 560 2612 ARTICULUS
586 2570 727 2613 IV.—
744 2582 885 2612 uranu
905 2581 1082 2613 cnmsro
1114 2582 1347 2613 convnmn
1374 2582 1597 2614 sumnum
1625 2581 1827 2614 roms-ras
1853 2582 2046 2620 Quarum(

805 2643 857 2673 AD
888 2643 1023 2674 onnus
1053 2644 1129 2675 mss
1159 2643 1347 2675 numms
1377 2633 1451 2685 (3).

807 2697 855 2732 De
870 2698 922 2732 his
935 2699 1121 2739 eiuotamq
1104 2697 1171 2732 odl.
1195 2698 1383 2740 x‚.ca1·t2
1365 2709 1458 2739 c.orp

249 2748 317 2794 Ad
325 2754 545 2806 quartum
555 2750 625 2795 sie
639 2752 920 2808 proceditur.
942 2756 984 2796 1.
1002 2752 1189 2797 Videtur
1199 2753 1324 2809 quod
1337 2752 1397 2797 ad
1411 2753 1639 2798 Christum
1657 2765 1752 2797 non
1763 2753 2010 2809 pertineat
1992 2766 2071 2811 Ju

196 2810 384 2856 diciaria
404 2815 610 2868 potestas
636 2815 861 2870 quantum
883 2815 942 2859 ad
966 2826 1129 2860 omnes
1152 2827 1226 2860 res
1248 2815 1493 2860 humanas.
1522 2818 1579 2860 Ut
1600 2816 1725 2861 enim
1756 2814 1925 2871 legitur
1945 2819 2067 2870 (Luc.

195 2874 522 2930 xn,13):cum
543 2874 730 2930 quidam
758 2875 967 2921 deturba
990 2876 1167 2922 Christo
1187 2877 1394 2922 diceret.
1417 2881 1502 2922 Dic
1528 2879 1674 2931 fratri
1698 2890 1794 2921 meo
1815 2881 1867 2921 ut
1892 2879 2072 2923 dividat

196 2946 368 2978 meeum
399 2932 725 2991 haereditatem,
757 2935 835 2981 ille
863 2937 1147 2995 respondit:
1184 2940 1341 2993 Homo,
1375 2942 1474 2994 quis
1510 2951 1581 2982 me
1619 2941 1847 2983 constituit
1866 2939 2071 2994 judicem

197 2999 276 3039 aut
294 2995 538 3040 divisorem
567 3009 704 3053 super
727 3010 801 3041 vos
814 2998 839 3040 Ρ
860 3001 958 3044 Νοιι
978 3010 1089 3056 ergo
1121 2998 1260 3045 habet
1281 2999 1509 3057 judicium
1531 3012 1671 3058 super
1697 3012 1861 3046 omnes
1882 3014 1958 3047 res
1979 3002 2070 3047 hu-

197 3068 376 3103 manas.

243 3152 288 3196 (l)
306 3153 358 3189 Ita
381 3164 458 3188 eum
481 3153 561 3189 uss.
588 3153 628 3188 Ni
631 3152 716 3188 colai
705 3166 770 3190 ms.
797 3156 865 3198 Al..
889 3157 984 3197 verb,
1011 3158 1093 3192 item
1178 3160 1260 3197 ΧΠ·
1253 3185 1259 3191 .
1281 3158 1332 3191 De
1349 3160 1449 3194 omm‘
1468 3159 1575 3194 verbo
1591 3160 1704 3194 otioso
1718 3185 1728 3200 ‚
1753 3160 1848 3204 quod
1871 3161 1981 3195 locuti
1994 3161 2070 3203 sao·

199 3203 295 3238 vero.
1177 3206 1258 3240 rim
1273 3206 1452 3247 homines,
1470 3207 1624 3241 reddent
1643 3209 1825 3243 rationem
1843 3209 1885 3242 in
1899 3209 1956 3242 die
1966 3208 2070 3251 judi·

239 3250 285 3290 (2)
308 3250 351 3285 Et
373 3250 538 3292 quantam
554 3249 597 3285 acl
614 3262 714 3285 usum
730 3251 787 3293 qui
808 3251 876 3286 erit
893 3251 930 3286 in
953 3252 1022 3287 fine
1036 3264 1094 3287 sm·
1177 3254 1236 3288 cii.
1256 3253 1365 3294 (Rom.
1383 3255 1420 3294 ιι)
1438 3266 1447 3288 =
1465 3253 1658 3290 Judicahit
1678 3254 1777 3291 Deus
1795 3256 1936 3290 occulta
1957 3256 2066 3290 homo·-

200 3297 268 3332 culi
284 3302 318 3332 et
333 3298 497 3340 quantum
517 3297 560 3332 ad
580 3297 887 3334 manifestationem
902 3311 978 3342 quo
995 3301 1093 3342 coepit
1175 3309 1264 3335 num
1281 3311 1349 3343 per
1365 3301 1490 3336 Jesum
1514 3301 1714 3338 Christum.
1733 3302 1869 3342 (Coloss.
1894 3303 1932 3342 n)
1956 3314 1964 3336 z
1986 3303 2062 3337 Om-

201 3345 242 3381 ab
259 3350 332 3386 ejus
345 3346 602 3382 resurrectione.
1174 3350 1240 3384 m’a
1267 3358 1345 3393 quoe
1370 3350 1489 3393 fiunt,
1513 3350 1670 3387 adducet
1697 3351 1795 3386 Deus
1817 3351 1859 3386 ὄπ
1881 3350 2067 3392 judicium

243 3394 285 3436 (5)
311 3394 359 3429 Ex
371 3394 555 3436 Scripturis
569 3398 661 3436 patet
678 3397 875 3437 potestatem
894 3396 1020 3431 Christi
1037 3400 1090 3436 iu·
1171 3407 1244 3440 pro
1258 3398 1356 3432 omni
1371 3400 1507 3433 errato.

197 3442 376 3479 dicim-iam
398 3443 440 3478 ad
465 3454 518 3479 ret
540 3442 697 3479 minimas
717 3448 940 3486 spectatarum
958 3445 1090 3490 (matth.
