2170 3808
767 211 967 264 QUAEST.
999 209 1127 263 xvn,
1157 209 1276 251 ART.
1306 206 1357 250 11.
1931 203 2017 245 165

127 308 253 365 quod
282 320 337 353 ea
361 316 465 363 quae
495 304 847 358 consequuntur
879 302 1123 353 naturam,
1155 296 1204 340 in
1240 295 1419 340 Christo
1449 293 1761 351 duplicantur.
1797 288 1884 333 Sed
1912 300 2018 332 6556

128 359 429 426 consequitur
459 370 698 419 naturam3
730 373 835 407 esse
857 360 982 406 enim
1005 358 1124 404 esta
1153 357 1320 402 forma.
1350 359 1469 413 Ergo
1494 355 1544 400 in
1573 353 1753 399 Christo
1785 355 1900 395 sunt
1921 349 2017 394 duo

127 443 247 477 esse.

183 496 225 536 2.
258 492 503 544 Praeterea,
526 498 630 531 esse
657 484 755 529 Filii
775 483 851 528 Dei
872 487 944 528 est
962 481 1064 538 ipsa
1083 483 1251 524 natura
1268 478 1452 534 divina,
1471 482 1518 523 et
1542 481 1615 521 est
1635 479 1878 519 aeternum.
1905 473 2017 515 Esse

129 558 284 598 autem
303 547 502 595 hominis
518 545 682 592 Christi
703 558 798 589 non
821 548 893 588 est
915 542 1073 588 divina
1092 545 1276 596 natura,
1296 539 1379 584 sed
1397 543 1470 584 est
1489 550 1592 583 esse
1610 535 1878 594 temporale.
1897 534 2017 589 Ergo

130 615 175 658 in
206 613 382 659 Christo
401 621 494 654 non
516 613 588 654 est
606 608 787 652 tantum
803 616 952 650 unum
974 615 1094 648 esse.
2046 636 2051 644 ,

184 678 226 720 3.
256 677 492 727 Praeterea,
515 670 564 714 in
583 669 800 713 Trinitate
819 665 1032 724 quamvis
1062 664 1158 708 sint
1185 667 1280 707 tres
1307 672 1545 718 personae,
1572 663 1646 704 est
1682 662 1838 702 tamen
1866 667 2017 700 unum

130 748 232 780 6556
251 737 310 789 (1)
326 737 511 790 propter
525 729 752 775 unitatem
772 733 966 773 naturae.
988 725 1073 770 Sed
1094 724 1141 768 in
1173 723 1352 768 Christo
1373 725 1486 766 sunt
1506 720 1611 766 duae
1630 725 1833 773 naturae,
1854 728 2018 773 quam-

130 797 202 840 vis
220 796 280 841 sit
295 807 389 840 una
406 804 621 850 persona.
647 794 766 847 Ergo
784 790 831 833 in
853 787 1032 833 Christo
1059 798 1152 830 non
1172 789 1243 829 est
1263 783 1444 828 tantum
1464 792 1614 826 unum
1637 792 1757 836 esse,
1777 780 1859 823 sed
1879 779 1987 823 duo.
2074 779 2082 790 ’·

184 861 227 902 4.
258 859 497 909 Praeterea,
522 854 571 898 in
602 852 780 898 Christo
809 850 963 894 anima
982 847 1060 894 dat
1083 845 1271 903 aliquod
1299 857 1403 890 esse
1433 843 1642 900 corpori,
1665 845 1771 886 cum
1793 840 1852 885 sit
1869 841 2018 884 forma
2070 876 2075 886 ‚

131 920 250 977 ejus.
270 918 356 963 Sed
372 929 465 961 non
486 915 565 960 dat
585 914 627 959 ei
649 925 753 959 6556
772 912 1003 970 divinum,
1025 912 1132 954 cum
1153 909 1214 953 sit
1237 908 1513 952 increatum.
1534 907 1654 961 Ergo
1676 903 1722 947 in
1748 902 1924 947 Christo
1946 907 2019 946 est
2065 915 2093 969 2}

131 980 255 1025 aliud
282 990 385 1024 esse
403 981 572 1035 praeter
591 987 695 1021 esse
714 974 950 1032 divinum,
977 976 1025 1017 et
1050 972 1118 1016 sic
1147 971 1193 1015 in
1224 970 1403 1015 Christo
1436 980 1531 1012 non
1561 970 1633 1011 est
1661 968 1841 1011 tantum
1867 975 2018 1007 unum

134 1054 254 1088 esse.

185 1102 269 1148 Sed
289 1105 464 1157 contra,
483 1097 853 1156 unumquodque
881 1094 1140 1140 secundum
1162 1095 1251 1139 hoc
1278 1093 1447 1138 dicitur
1474 1103 1583 1147 ens,
1611 1088 1871 1135 secundum
1892 1084 2020 1144 quod

132 1163 300 1209 dicitur
317 1174 490 1218 unum,
514 1160 624 1217 quia
646 1170 795 1203 unum
817 1161 861 1202 et
881 1168 968 1201 ens
995 1159 1350 1200 convertuntur.
1383 1153 1426 1197 Si
1448 1164 1561 1208 ergo
1586 1151 1633 1196 in
1663 1150 1842 1194 Christo
1860 1152 2020 1193 essent

131 1226 229 1270 duo
247 1236 367 1275 esse,
387 1229 434 1268 et
455 1234 548 1267 non
568 1222 751 1266 tantum
768 1229 934 1274 unum,
955 1218 1164 1262 Christus
1185 1221 1310 1261 esset
1327 1216 1437 1272 duo,
1458 1220 1503 1259 et
1522 1226 1616 1258 non
1636 1224 1801 1257 unum.

176 1291 458 1334 CONCLUSIO.
476 1311 526 1320 —
546 1290 651 1329 Cum
674 1288 857 1328 humana
873 1289 1022 1326 natura
1039 1284 1234 1336 adjuncta
1254 1284 1311 1324 sit
1326 1283 1432 1324 Filio
1448 1284 1521 1323 Dei
1537 1282 1582 1321 in
1598 1292 1781 1334 persona,
1798 1283 1839 1320 et
1853 1290 1937 1319 non
1950 1288 2019 1319 ac·

130 1345 398 1393 cidentaliter‚
419 1354 556 1384 unum
572 1342 737 1383 tantum
755 1341 800 1381 in
816 1340 977 1381 Christo
998 1351 1083 1380 6556
1104 1337 1315 1391 personale
1336 1332 1576 1389 ponendum
1598 1340 1672 1376 est.

185 1407 464 1464 Respondeo‘
483 1405 730 1452 dicendum
757 1404 884 1462 quod
915 1402 1025 1460 quia
1052 1402 1100 1446 in
1138 1402 1318 1446 Christo
1350 1406 1460 1445 sunt
1486 1400 1592 1446 duae
1618 1402 1824 1455 naturae,
1852 1400 1900 1441 et
1926 1407 2020 1440 una

131 1470 408 1527 hypostasis,
427 1480 618 1513 necesse
636 1473 708 1512 est
725 1465 851 1523 quod
873 1478 929 1510 ea
946 1476 1052 1522 quae
1074 1463 1132 1508 ad
1151 1469 1365 1507 naturam
1390 1461 1625 1519 pertinent
1648 1461 1696 1505 in
1724 1459 1901 1504 Christo
1926 1458 2019 1502 sint

133 1530 251 1586 duo3
274 1542 379 1587 quae
399 1536 553 1574 autem
575 1529 809 1586 pertinent
827 1526 887 1571 ad
917 1524 1206 1582 hypostasim
1235 1524 1283 1568 in
1303 1524 1506 1577 Christo,
1536 1523 1631 1567 sint
1659 1532 1808 1566 unum
1833 1522 1887 1575 (2)
1917 1523 2019 1563 tan-

133 1592 247 1635 tum.
267 1594 376 1636 Esse
397 1604 452 1635 au
460 1598 552 1636 tem
569 1590 771 1647 pertinet
788 1594 835 1633 et
849 1588 908 1633 ad
924 1593 1158 1642 naturam,
1178 1590 1226 1631 et
1246 1586 1306 1631 ad
1323 1585 1635 1643 hypostasim3
1657 1583 1715 1628 ad
1730 1581 2018 1640 hypostasim

134 1653 336 1709 quidem,
358 1652 476 1697 sicut
494 1653 553 1697 ad
572 1651 620 1696 id
638 1651 762 1708 quod
781 1649 921 1694 habet
944 1661 1078 1702 esse;
1107 1648 1167 1693 ad
1191 1652 1405 1692 naturam
1427 1651 1611 1703 autem,
1636 1646 1758 1690 sicut
1776 1645 1835 1689 ad
1858 1643 1902 1688 id
1925 1656 2019 1700 quo

137 1714 310 1770 aliquid
326 1714 463 1759 habet
480 1726 599 1758 esse.
622 1715 793 1757 Natura
812 1711 936 1756 enim
957 1706 1247 1766 significatur
1268 1722 1353 1766 per
1370 1709 1562 1754 modurn
1582 1708 1759 1759 formae,
1780 1717 1886 1762 quae
1902 1705 2020 1749 dici-

138 1780 213 1819 tur
230 1788 314 1819 ens
337 1788 394 1820 ex
411 1788 466 1820 eo
485 1775 609 1832 quoti
630 1787 685 1819 ea
703 1772 878 1830 aliquid
903 1777 974 1817 est
990 1775 1047 1825 (3)
1063 1787 1076 1827 ς
1097 1771 1217 1816 sicut
1233 1771 1447 1816 albedine
1466 1776 1539 1816 est
1560 1769 1736 1826 aliquid
1756 1767 1915 1811 album
1930 1800 1944 1822 ‚
1971 1773 2020 1813 et

137 1837 421 1881 humanitate
445 1842 516 1880 est
542 1835 717 1892 aliquid
744 1836 899 1879 homo·
929 1836 1008 1878 Est
1034 1838 1190 1878 autem
1222 1832 1612 1878 considerandum
1636 1830 1761 1888 qnod
1781 1830 1820 1874 si
1844 1834 1914 1874 est
1935 1829 2020 1873 ali-

137 1910 229 1954 qua
248 1898 396 1942 forma
422 1897 495 1941 vel
525 1902 718 1952 natura,
749 1908 856 1953 quae
878 1908 972 1940 non
1001 1895 1229 1952 pertineat
1259 1895 1317 1939 ad
1347 1907 1449 1940 esse
1481 1893 1727 1951 personale
1754 1892 2020 1948 hypostasis

137 1958 452 2015 subsistentis,
472 1959 587 2004 illud
605 1971 708 2004 esse
729 1971 820 2003 non
848 1958 935 2003 dici
944 1965 1015 2002 tur
1037 1957 1281 2002 esseillius
1300 1969 1510 2014 personae
1533 1955 1817 2012 simpliciter,
1843 1954 1926 1999 sed
1950 1966 2020 1998 56-

135 2022 340 2066 cundum
358 2021 470 2078 quid
495 2036 507 2065 ε
529 2021 651 2065 sicut
672 2033 776 2065 esse
795 2021 951 2065 album
973 2025 1168 2064 estesse
1187 2018 1403 2074 Socratis,
1427 2031 1522 2062 non
1549 2018 1829 2073 inquantum
1847 2020 1920 2060 est
1935 2018 2020 2060 So-

135 2086 310 2138 crates,
341 2081 422 2126 scd
451 2083 728 2138 inquantum
755 2088 830 2126 est
859 2082 1011 2125 albus.
1030 2083 1084 2125 Et
1115 2080 1380 2137 hujUsmodi
1406 2092 1510 2124 esse
1531 2079 1645 2123 nihil
1665 2078 1876 2135 prohibet
1904 2078 2020 2122 mul·

134 2143 327 2200 tiplicari
356 2143 404 2187 in
429 2156 526 2186 una
547 2144 784 2199 hypostasi
809 2144 884 2187 vel
907 2155 1107 2200 persona
1131 2158 1142 2187 ε
1165 2142 1289 2186 aliud
1317 2142 1442 2186 enim
1462 2145 1534 2186 est
1560 2153 1662 2186 esse
1686 2153 1780 2197 quo
1810 2143 2020 2184 Socrates

135 2210 213 2249 est·
231 2205 393 2259 albus,
420 2209 467 2249 et
489 2217 581 2261 quo
605 2207 813 2249 Socrates
839 2208 910 2248 est
930 2204 1157 2248 musicus.
1185 2204 1272 2248 Sed
1300 2203 1415 2248 illud
1444 2214 1550 2248 esse
1579 2202 1703 2259 quod
1733 2201 1931 2259 pertinet
1959 2201 2020 2247 ad

136 2265 284 2321 ipsam
308 2265 620 2322 hypostasim,
647 2265 722 2310 vel
750 2277 998 2321 personam
1032 2265 1291 2309 secundum
1325 2276 1404 2318 56,
1430 2263 1717 2321 impossihile
1746 2266 1819 2307 est
1846 2263 1894 2306 in
1923 2275 2020 2308 una

136 2327 373 2383 hypostasi
398 2326 473 2370 vel
504 2339 703 2382 persona
726 2326 1044 2383 multiplicari3
1073 2327 1181 2383 quia
1211 2325 1499 2382 impossibile
1528 2330 1600 2370 est
1627 2325 1750 2381 qued
1780 2324 1921 2368 unius
1951 2327 2017 2369 rei

138 2399 230 2430 non
251 2386 311 2431 sit
326 2399 475 2431 unum
490 2398 610 2431 esse.
631 2387 672 2431 Si
694 2386 834 2444 igitur
847 2388 1051 2431 humana
1068 2392 1235 2431 natura
1248 2387 1495 2442 ¹adveniret
1512 2386 1625 2431 Filio
1643 2385 1719 2430 Dei
1741 2399 1834 2430 non
1853 2387 2021 2444 hypos-

137 2447 272 2492 tatice
304 2447 374 2492 vel
406 2448 729 2504 personaliter,
765 2449 847 2494 sed
881 2449 1256 2506 accidentaliter,
1283 2448 1403 2493 sicut
1432 2448 1620 2505 quidam
1657 2453 1915 2505 posuerunt
1942 2451 2017 2504 (ct),

137 2513 367 2565 oporteret
387 2521 554 2565 ponere
575 2509 624 2553 in
643 2510 821 2554 Christo
847 2509 938 2555 duo
966 2523 1095 2565 esse3
1123 2523 1270 2555 unum
1289 2511 1495 2567 quidem,
1517 2510 1774 2555 secundum
1802 2509 1926 2567 quod
1948 2517 2021 2557 est

137 2573 273 2626 Deus,
296 2570 420 2615 aliud
443 2576 615 2627 autem,
649 2572 906 2617 secundum
941 2573 1067 2630 quod
1094 2578 1166 2617 est
1195 2573 1364 2628 hom03
1394 2572 1516 2618 sicut
1542 2573 1592 2617 in
1624 2576 1808 2617 Socrate
1832 2573 2021 2628 ponitur
2091 2603 2100 2609 ·

138 2631 260 2702 aliud
280 2644 399 2687 esse,
419 2633 676 2678 secundum
703 2633 827 2690 quod
851 2640 922 2679 est
938 2635 1090 2690 albus,
1115 2639 1161 2679 et
1180 2634 1324 2690 aliud,
1345 2634 1604 2680 secundum
1620 2634 1744 2691 quod
1763 2638 1834 2678 est
1849 2634 2018 2691 homo;
2080 2629 2092 2648 ¹

138 2704 244 2748 qma
270 2705 373 2736 esse
399 2693 554 2737 album
581 2706 674 2738 non
698 2695 897 2751 pertinet
916 2696 975 2740 ad
998 2696 1151 2752 ipsum
1171 2708 1275 2740 esse
1294 2695 1540 2751 personale
1562 2694 1785 2751 Socratis;
1812 2707 1915 2740 6556
1933 2708 2021 2740 au-
2075 2702 2091 2738 .’

139 2757 232 2796 tem
254 2755 502 2810 capitatum
515 2788 528 2809 ,
548 2759 593 2799 et
611 2768 714 2800 esse
734 2769 1009 2814 corporeum
1028 2791 1040 2811 ,
1066 2762 1111 2802 et
1128 2770 1233 2802 esse
1256 2757 1514 2801 animatum
1531 2791 1544 2814 ,
1567 2762 1714 2801 totum
1737 2757 1938 2813 pertinet
1960 2758 2020 2803 ad

140 2824 281 2857 unam
303 2827 547 2870 personam
568 2817 764 2861 Socratis
786 2832 797 2861 ε
823 2823 869 2862 et
895 2818 998 2863 ideo
1024 2831 1082 2863 ex
1111 2818 1330 2863 omnibus
1347 2819 1420 2863 his
1441 2831 1536 2863 non
1557 2819 1609 2863 fit
1633 2818 1721 2862 nisi
1744 2816 1890 2862 unum
1916 2831 2020 2865 esse
2092 2867 2094 2869 ,

141 2872 189 2917 in
217 2876 428 2946 Socrate:
448 2877 548 2921 etsi
577 2879 864 2936 confingeret
885 2881 1007 2937 quod
1032 2886 1137 2937 post
1171 2881 1552 2926 constitutionem
1578 2893 1793 2937 personae
1821 2882 2021 2928 Socratis

145 2934 414 2980 advenirent
436 2939 609 3007 §ocrati
636 2952 819 2998 manus,
843 2942 918 2986 vel
943 2942 1107 2998 pedes,
1130 2943 1203 2986 vel
1232 2942 1372 2999 oculi,
1397 2943 1517 2987 sicut
1536 2941 1703 2986 accidit
1720 2942 1767 2986 in
1796 2954 1919 2987 caeco
1936 2956 2020 2988 na-

142 3000 190 3040 to
214 2998 298 3053 (5);
326 3010 382 3041 ex
404 2999 476 3042 his
502 3011 597 3043 non
624 3009 903 3047 accresceret
932 3004 1106 3048 Socrati
1130 3003 1253 3047 aliud
1281 3015 1400 3059 esse,
1431 3004 1515 3049 sed
1536 3003 1688 3048 solum
1706 3003 1867 3048 relatio
1890 3017 2021 3061 quae-

142 3096 245 3146 recta,
263 3092 423 3133 quiajam
439 3105 475 3127 ex
487 3093 634 3133 professo
645 3095 685 3129 de
696 3096 908 3133 subsistentia
922 3099 1034 3139 dispu-
1122 3104 1171 3134 est
1196 3099 1321 3141 anima,
1340 3111 1408 3133 non
1438 3099 1540 3135 habet
1570 3111 1642 3134 eam
1676 3103 1788 3134 tamen
1816 3100 1953 3142 plenam
1983 3106 2018 3135 et

141 3145 225 3172 tavit
252 3140 287 3173 S.
324 3141 445 3174 Doctor
475 3144 510 3175 et
541 3152 644 3175 unam
675 3142 711 3176 in
746 3144 877 3180 Christo
918 3147 1037 3180 statuit
1121 3146 1321 3186 completam
1350 3146 1413 3180 nisi
1439 3158 1500 3187 per
1531 3147 1685 3182 ordinem
1717 3148 1757 3181 ml
1785 3147 1892 3189 ipsum
1910 3152 2019 3182 totum

140 3188 269 3256 (quaest.
289 3189 340 3227 11).
406 3235 414 3243 .
1120 3200 1214 3232 cujus
1230 3200 1279 3228 est
1302 3194 1407 3228 forma
1439 3199 1472 3229 et
1497 3207 1574 3235 pars
1600 3209 1608 3229 ε
1632 3195 1720 3229 unde
1740 3197 1851 3236 potius
1874 3196 1938 3230 dici
1959 3207 2019 3236 po-

182 3235 226 3274 st)
244 3234 469 3288 Substantmle
484 3236 601 3290 saltem
618 3240 651 3271 et
670 3237 871 3280 absolutum,
885 3242 1036 3281 quamvis
1120 3244 1186 3275 test
1204 3241 1237 3274 id
1259 3251 1328 3283 quo
1347 3247 1397 3276 est
1416 3244 1518 3283 quam
1538 3243 1572 3276 id
1591 3243 1687 3285 quod
1706 3247 1771 3278 est.

141 3286 384 3342 tre-sxenvtitates
400 3282 561 3317 relativae.
690 3331 697 3338 -
1163 3288 1206 3329 (4)
1230 3289 1384 3323 Haeretici
1417 3291 1601 3325 nestoriani
1631 3296 1667 3324 ut
1692 3292 1777 3332 saepe
1805 3289 1924 3331 saepius
1949 3289 2019 3324 dio-

182 3328 226 3367 (2)
244 3327 346 3362 Velut
374 3340 407 3362 m
434 3341 541 3363 unum
565 3336 774 3372 suppositum
803 3332 1034 3369 coalescentia.
1120 3337 1191 3369 tum
1207 3339 1266 3370 est.

176 3374 220 3413 (5)
235 3375 336 3428 ιριιίει
363 3375 444 3408 licet
461 3376 581 3430 haheat
600 3378 778 3412 entitatem
806 3379 955 3420 aliquam
986 3393 1035 3415 sc·
1163 3383 1204 3424 (5)
1222 3382 1380 3418 Alludens
1396 3384 1437 3419 ad
1453 3395 1575 3420 caeeum
1591 3390 1708 3419 natum
1725 3386 1905 3426 (Joan.1x).

139 3421 286 3454 cundum
310 3433 355 3461 56,
371 3430 556 3463 praeserum
572 3426 651 3460 verb
667 3425 775 3460 forma
787 3426 945 3468 humana,
962 3441 1034 3470 qum
