2170 3808
666 187 863 239 QUAEST.
895 189 977 243 LII,
1005 189 1121 231 ART.
1154 187 1205 231 lv
1231 187 1296 231 ΕΤ
1315 187 1365 231 V.
1869 185 1950 228 443

87 270 183 315 loco
216 268 400 322 inferni,
424 268 508 315 sed
535 269 584 313 in
612 267 713 324 ipso
744 268 925 314 inferno
956 281 1036 314 eos
1070 269 1172 314 luce
1204 269 1361 325 gloriae
1394 264 1681 312 illustrando.
1712 266 1764 309 Et
1795 269 1949 309 tamen

86 331 365 377 conveniens
386 330 488 390 fuit,
521 335 575 375 ut
607 328 778 374 tamdiu
807 330 960 375 anima
992 330 1093 389 ejus
1126 334 1387 376 remaneret
1422 329 1469 374 in
1502 329 1699 384 infernO,
1729 326 1950 384 quamdiu

86 404 252 450 corpus
271 392 488 437 manebat
510 391 558 437 in
580 390 808 448 sepulcro,

137 455 204 500 Ad
234 455 478 499 secundum
505 452 769 509 dicendum,
802 453 927 511 quod
962 457 1118 499 vectes
1151 453 1318 498 inferni
1353 452 1570 497 dicuntur
1605 450 1931 510 impedimenta

84 514 254 573 quihus
274 515 423 561 sancti
443 519 594 572 patres
614 513 672 559 de
697 513 878 560 inferno
907 514 1030 561 exire
1056 512 1433 571 prohibebantur,
1465 516 1594 558 reatu
1629 513 1779 571 culpae
1813 482 1948 570 primi

83 575 302 634 parentiS,
322 589 440 634 quos
452 575 658 622 Christus
670 576 824 620 statim
844 574 1131 621 descendens
1152 573 1211 619 ad
1230 574 1401 620 inferos
1418 573 1586 619 virtute
1606 585 1705 619 suae
1720 573 1949 631 passionis

82 641 129 683 et
160 639 322 684 mortis
348 636 606 695 confregit:
638 641 685 683 et
726 641 878 684 tamen
917 637 1062 682 voluit
1094 637 1141 682 in
1179 635 1360 681 inferno
1389 634 1659 693 aliquandiu
1692 647 1946 695 remanere,

82 703 266 757 propter
286 699 512 746 rationem
533 698 798 757 praedictam
819 700 879 752 (in
902 712 1027 757 corp.
1046 701 1165 754 art.).

134 760 201 806 Ad
221 763 404 806 tertium
422 761 686 817 dicendum,
705 757 827 818 quod
845 761 958 807 illud
980 761 1173 806 verbum
1198 758 1375 805 Domini
1391 762 1462 804 est
1480 757 1832 815 intelligendum
1854 771 1945 804 non

81 819 140 868 de
171 822 384 878 paradiso
419 822 618 868 terrestri
653 835 889 880 corpore0,
927 823 1006 867 sed
1043 822 1099 867 de
1131 821 1343 879 paradiso
1371 819 1610 878 spirituali,
1645 819 1693 864 in
1726 831 1820 876 quo
1845 830 1943 866 esse

80 880 297 928 dicuntur
327 884 607 941 quicumque
634 884 789 930 divina
821 885 964 941 gloria
993 884 1301 941 perfruuntur.
1334 882 1462 930 Unde
1492 883 1607 928 latro
1641 881 1742 926 loco
1763 879 1947 939 quidem

79 956 186 989 cum
207 944 382 991 Christo
404 946 464 992 ad
482 946 714 991 infernum
737 946 990 1001 descendit,
1009 951 1061 991 ut
1082 958 1188 992 cum
1208 946 1383 992 Christo
1400 949 1539 1004 esset,
1558 943 1666 1001 quia
1687 943 1860 989 dictum
1878 947 1949 988 est

79 1004 120 1049 ei
138 1009 337 1051 :Mecum
360 1010 449 1051 eris
474 1012 520 1051 in
535 1010 776 1064 paradiso,
794 1009 875 1052 sed
893 1007 1081 1065 praemio
1099 1007 1148 1051 in
1170 1006 1383 1065 paradiso
1393 1005 1494 1063 fuit,
1514 1005 1623 1064 quia
1633 1004 1698 1050 ibi
1711 1004 1948 1050 divinitate

79 1066 242 1112 Christi
260 1067 515 1126 fruebatur,
534 1069 654 1114 sicut
675 1074 722 1114 et
743 1069 817 1114 alii
838 1069 1005 1113 Sancti.

79 1129 418 1173 ARTICULUS
445 1133 503 1175 V.
536 1155 590 1163 —
623 1144 755 1174 trrnun
792 1143 985 1174 cums‘ms
1022 1142 1281 1174 nnscnnnnns
1308 1143 1360 1172 An
1389 1140 1562 1172 mmnos
1593 1141 1769 1172 smc‘ros
1797 1141 1949 1173 muns

762 1204 856 1234 mm:
886 1203 1156 1234 trssnAvnmr
1185 1192 1260 1243 (1).

258 1259 307 1294 De
321 1259 375 1294 his
403 1258 504 1294 etiam
521 1260 616 1296 Sunt.
632 1267 685 1301 111,
699 1258 777 1294 dist.
791 1259 844 1302 22,
862 1263 978 1300 quaest.
995 1267 1036 1299 ιι,
1051 1263 1114 1293 art.
1131 1259 1164 1301 2,
1183 1261 1297 1301 quaest.
1317 1266 1342 1300 1,
1359 1261 1392 1292 et
1408 1258 1529 1300 Opusc.
1548 1265 1586 1296 Π,
1606 1268 1678 1299 cop.
1692 1257 1766 1292 225¹.

129 1311 197 1357 Ad
225 1314 441 1370 quintum
482 1314 552 1359 sic
577 1313 855 1371 proceditur.
880 1316 922 1358 1.
959 1312 1144 1358 Videtur
1173 1313 1297 1370 quod
1333 1312 1539 1357 Christus
1572 1310 1860 1357 descendens
1891 1311 1950 1358 ad

77 1370 247 1418 inferos
263 1378 448 1419 sanctos
465 1378 619 1431 patres
634 1372 744 1420 inde
762 1386 856 1419 non
874 1373 1147 1419 liberaverit.
1170 1374 1285 1421 mcit
1305 1374 1428 1420 enim
1440 1373 1724 1430 Augustinus
1743 1372 1807 1427 (in
1825 1373 1950 1429 epis-

77 1432 169 1477 tola
200 1433 260 1479 ad
287 1435 509 1480 Evodium
538 1430 723 1492 164,'al.
756 1437 827 1490 99,
849 1440 957 1481 ante
983 1435 1155 1490 med.):
1192 1454 1211 1474 a
1234 1436 1325 1480 Illis
1351 1435 1491 1493 J'ustis
1519 1433 1670 1492 quiin
1693 1433 1802 1478 sinu
1818 1439 1951 1480 erant

74 1493 283 1552 Abrahae,
308 1499 414 1542 cum
440 1496 647 1548 Christus
686 1496 733 1542 in
757 1496 939 1542 inferno
960 1496 1278 1556 descenderet,
1308 1497 1514 1541 nondum
1536 1494 1648 1553 quid
1679 1495 1951 1541 contulisset

75 1554 249 1611 inveni,
287 1556 315 1601 a
342 1557 513 1614 quihus
547 1570 652 1603 eum
681 1559 938 1603 secundum
973 1558 1232 1603 beatificam
1262 1558 1554 1616 praesentiam
1582 1569 1681 1603 suae
1700 1557 1950 1604 divinitatis

78 1617 315 1673 nunquam
337 1618 471 1664 video
486 1619 750 1665 recessisse.
771 1639 792 1660 υ
823 1620 1012 1665 Multum
1035 1626 1189 1665 autem
1209 1619 1276 1665 eis
1305 1619 1597 1678 contulisset,
1620 1617 1660 1663 si
1683 1630 1764 1664 eos
1794 1618 1854 1663 ab
1875 1619 1951 1663 in-

76 1677 186 1784 {egis
202 1678 454 1726 liberasset.
479 1683 577 1726 Non
597 1693 710 1738 ergo
734 1681 917 1727 videtur
938 1681 1061 1739 quod
1090 1682 1296 1728 Christus
1315 1686 1501 1726 sanctos
1524 1684 1679 1738 patres
1701 1679 1763 1724 ab
1790 1679 1950 1727 inseris

94 1740 108 1784 i
143 1741 354 1787 eraverit.

130 1804 171 1845 2.
198 1804 437 1860 Praeterea,
469 1803 627 1849 nullus
660 1803 710 1849 in
742 1803 924 1849 inferno
953 1804 1202 1861 detinetur,
1234 1805 1324 1849 nisi
1356 1807 1545 1861 propter
1567 1807 1827 1860 peccatum.
1861 1803 1949 1850 Sed

75 1863 223 1908 sancti
251 1869 422 1922 patres,
447 1865 559 1910 dum
586 1865 738 1912 adhuc
765 1865 987 1919 viverent,
1004 1878 1085 1923 per
1118 1863 1256 1912 fidem
1275 1865 1437 1911 Christi
1450 1864 1690 1922 justificati
1715 1865 1899 1911 fuerant
1923 1865 1951 1911 a

74 1928 280 1980 peccato.
303 1928 420 1984 Ergo
449 1939 542 1971 non
562 1927 834 1984 indigebant
848 1927 1031 1973 liberari
1060 1925 1118 1971 ab
1142 1927 1338 1982 inferno,
1358 1927 1536 1971 Christo
1562 1926 1622 1972 ad
1645 1925 1819 1971 inferos
1840 1926 1947 1974 des-

22 1984 25 1993 ‘
73 1986 315 2032 cendente.

92 2050 171 2092 23.
203 2050 446 2105 Praeterea,
472 2051 650 2094 remota
671 2052 829 2104 causa,
851 2055 1113 2096 removetur
1131 2050 1341 2096 effectus,
1364 2050 1450 2094 Sed
1472 2061 1614 2094 causa
1638 2048 1948 2095 descendendi

72 2108 134 2154 ad
154 2108 328 2154 inferos
345 2114 415 2155 est
435 2115 693 2168 peccatum,
707 2111 832 2168 quod
847 2111 933 2156 fuit
946 2117 1176 2157 remotum
1199 2123 1281 2168 per
1296 2109 1560 2167 passionem
1574 2108 1754 2167 Christi,
1776 2114 1829 2154 ut
1841 2123 1945 2167 sup.

73 2169 249 2216 dictum
267 2174 338 2216 est
356 2173 451 2228 (qu.
473 2186 514 2228 L,
535 2177 620 2217 art.
641 2175 698 2229 6).
718 2175 816 2218 Non
834 2184 944 2230 ergo
958 2186 1040 2230 per
1058 2172 1333 2219 descensum
1348 2171 1513 2217 Christi
1532 2170 1593 2217 ad
1614 2170 1787 2217 inferos
1801 2172 1947 2217 sancti

72 2236 231 2288 patres
248 2241 358 2278 sunt
374 2234 432 2278 de
447 2233 628 2279 inferno
647 2234 815 2280 educti.

130 2293 218 2339 Sed
246 2299 403 2339 contra
431 2300 501 2340 est
530 2296 654 2352 quod
688 2297 976 2354 Augustinus
1000 2296 1109 2342 dicit
1140 2295 1203 2351 (in
1227 2308 1366 2340 serm.
1394 2298 1456 2340 De
1479 2299 1724 2340 resurrect.
1747 2297 1800 2340 ut
1823 2297 1945 2352 sup.)

72 2353 198 2412 quod
220 2355 439 2412 Christus,
460 2357 647 2413 quando
677 2358 737 2403 ad
764 2359 934 2403 inferos
969 2357 1222 2412 descendit,
1246 2375 1263 2395 ἐ
1298 2362 1476 2414 portam
1510 2356 1696 2412 inferni,
1717 2360 1764 2401 et
1791 2362 1948 2402 vectes

71 2415 248 2462 ferreos
265 2417 491 2473 confregit
507 2420 582 2475 (2),
602 2422 653 2464 et·
670 2432 834 2465 omnes
846 2420 1017 2476 Justos,
1041 2418 1119 2476 qui
1143 2418 1354 2476 originali
1383 2422 1571 2476 peccato
1592 2416 1798 2463 adstricti
1818 2421 1947 2463 tene-

72 2475 261 2533 bantur,
283 2478 494 2524 absolvit.
517 2497 539 2519 υ

120 2545 409 2588 CONCLUSIO.
426 2569 472 2577 ·-
485 2546 590 2588 Cum
607 2559 676 2601 per
697 2548 848 2590 Christi
867 2548 1096 2601 passionem
1119 2560 1249 2600 genus
1273 2549 1507 2589 humanum
1523 2547 1742 2588 liberatum
1755 2547 1879 2589 fuerit
1894 2546 1946 2589 ab

72 2600 188 2641 omni
217 2604 333 2642 reatu
358 2613 489 2654 poenae
524 2605 609 2644 tam
635 2603 850 2655 originali,
879 2605 1007 2658 quam
1035 2605 1188 2645 actuali
1221 2608 1380 2657 peccato
1407 2604 1551 2644 debitae
1576 2617 1586 2644 z
1610 2602 1857 2645 credendum
1884 2606 1945 2646 est

71 2653 280 2697 Christum
293 2656 346 2696 ad
358 2657 506 2698 inferos
526 2656 832 2700 descendentem
854 2661 989 2700 Patres
1006 2670 1147 2700 omnes
1166 2671 1212 2699 ex
1228 2660 1386 2700 inferno
1404 2658 1608 2699 liberasse.

38 2766 41 2768 v
128 2717 397 2773 Respondeo
425 2718 671 2765 dicendum
708 2720 857 2778 quod,
890 2721 1011 2766 sicut
1042 2733 1184 2778 supra
1213 2721 1387 2766 dictum
1419 2724 1489 2765 est
1523 2720 1623 2776 (art.
1644 2731 1782 2777 praec.
1805 2719 1864 2765 ad
1882 2723 1943 2781 2),

74 2776 280 2822 Christus
301 2778 590 2826 descendens
608 2781 667 2827 ad
687 2781 859 2828 inferos
879 2787 1097 2839 operatus
1126 2787 1197 2827 est
1225 2783 1271 2827 in
1295 2782 1462 2827 virtute
1480 2793 1578 2826 suae
1596 2779 1845 2838 passionis,
1863 2784 1946 2827 Per

70 2838 339 2895 passionem
358 2845 512 2886 autem
530 2842 693 2888 Christi
715 2843 959 2889 liberatum
974 2849 1044 2889 est
1059 2856 1209 2902 genus
1226 2844 1485 2889 humanum
1499 2854 1594 2887 non
1612 2843 1765 2888 solum
1787 2842 1815 2887 a
1836 2855 1944 2900 pec-

72 2902 192 2957 cato,
216 2900 300 2946 sed
321 2901 510 2961 etiama
527 2908 657 2949 reatu
677 2917 844 2964 poenae,
860 2910 913 2952 ut
934 2918 1074 2964 supra
1097 2906 1271 2952 dictum
1290 2911 1361 2951 est
1379 2908 1473 2963 (qu.
1495 2918 1607 2961 mx,
1626 2909 1712 2950 art.
1727 2907 1772 2960 3,
1797 2911 1844 2951 et
1862 2918 1941 2964 qu.

72 2973 114 3016 ι,
137 2965 222 3006 art.
245 2964 306 3015 6).
334 2963 577 3020 Dupliciter
592 2965 803 3012 homines
829 2971 959 3014 reatu
987 2980 1138 3025 poenae
1159 2972 1291 3013 erant
1310 2967 1516 3013 adstricti
1537 2981 1548 3012 :
1571 2978 1667 3011 uno
1695 2966 1834 3012 modo
1862 2980 1944 3026 pro

73 3025 262 3078 peccato
285 3024 468 3081 actuali,
499 3025 623 3081 quod
642 3026 833 3084 quilibet
863 3028 912 3074 in
931 3042 1016 3073 sua
1046 3041 1243 3085 persona
1261 3028 1571 3086 commiserat,
1590 3027 1680 3073 alio
1701 3028 1840 3074 modo
1859 3042 1943 3087 pro

72 3087 262 3138 peccato
280 3084 424 3130 totius
441 3085 657 3132 humanae
672 3092 862 3143 naturae,
875 3090 1000 3147 quod
1023 3089 1051 3134 a
1069 3089 1220 3147 primo
1237 3095 1428 3146 parente
1447 3090 1494 3133 in
1519 3101 1684 3135 omnes
1714 3090 1943 3148 originali-

74 3148 145 3187 ter
171 3143 373 3202 devenit,
407 3150 459 3191 ut
489 3147 654 3192 dicitur
688 3150 833 3205 (Rom.
853 3156 911 3205 v).
947 3150 1087 3208 Cujus
1119 3152 1306 3207 quidem
1334 3150 1510 3208 peccati
1542 3163 1683 3208 poena
1712 3157 1785 3197 est
1818 3164 1940 3197 mors

114 3252 157 3294 (t)
188 3253 398 3290 Affirmative
422 3256 598 3299 respondet
617 3258 652 3292 S.
679 3259 814 3298 Doctor,
835 3266 868 3293 et
896 3259 963 3293 haec
1048 3263 1142 3300 Lvn),
1162 3260 1302 3300 Gregor.
1319 3259 1422 3303 (hom.
1445 3260 1880 3302 XX11AinEvang.),Hicz-on.
1895 3263 1940 3303 (iu

72 3301 236 3334 sententia
257 3301 336 3336 satis
360 3307 451 3343 patet
475 3317 514 3338 ex
536 3304 634 3339 zach.
668 3313 704 3339 lx
726 3310 760 3340 et
782 3317 820 3340 ex
849 3308 962 3346 Apost.
1047 3319 1117 3348 cap.
1133 3308 1291 3347 ulnam).

75 3345 197 3381 Coloss.
214 3355 241 3380 n
259 3356 295 3383 et
312 3360 349 3383 ex
367 3350 544 3394 Pat1·ibus;
558 3352 686 3388 scilicet
700 3352 838 3393 August.
858 3354 962 3394 (hom.
1088 3355 1130 3397 (25
1147 3355 1199 3389 Ita
1227 3367 1302 3389 cum
1327 3356 1514 3396 Augustino
1539 3358 1613 3392 cod.
1640 3359 1784 3398 Came-r„
1812 3358 1938 3398 ,ilcan.,

1049 3402 1168 3443 Paris„
1188 3409 1220 3437 ct
1247 3403 1329 3437 editi
1349 3405 1565 3440 recentiores,
1585 3404 1638 3439 Al.
1660 3406 1761 3442 dee-‚t
1791 3406 1935 3445 ferreos.
