2170 3808
613 204 814 254 QUAEST.
842 204 953 260 XVI,
985 203 1103 246 ART.
1132 203 1166 244 V
1191 202 1258 244 ET
1284 202 1350 244 VI.
1843 199 1925 240 ¹153

46 290 73 334 il
86 293 298 342 marnam,
311 290 356 331 et
368 287 571 332 humana
587 286 753 327 natura
763 282 987 340 deificata,
1002 287 1056 328 ut
1063 295 1205 340 supra
1219 281 1393 327 dictum
1405 283 1478 325 est
1490 281 1672 338 (quaest.
1687 290 1750 333 111,
1765 280 1850 321 art·
1862 278 1924 330 2).

99 350 165 394 Ad
198 351 380 392 tertium
408 344 671 402 dicendum,
693 344 819 401 quod
848 356 903 388 ea
939 356 1044 401 quae
1074 348 1187 388 sunt
1219 342 1388 387 divinae
1419 346 1597 386 naturae
1628 339 1848 385 dicuntur
1867 336 1926 383 de

45 412 248 457 bumana
275 415 454 463 natura.
482 418 576 451 non
604 406 863 451 secundum
886 405 1012 462 quod
1041 404 1348 449 essentialiter
1367 406 1635 458 competunt
1656 401 1826 446 divinae
1843 411 1925 443 na-

47 478 179 529 turae,
203 472 284 516 sed
307 469 561 516 secundum
577 467 701 524 quod
716 466 1033 524 participative
1047 466 1318 510 derivantur
1333 465 1391 509 ad
1409 466 1662 508 humanam
1685 467 1923 506 naturam:

49 534 174 579 tnde
201 546 256 577 ea
289 543 392 589 quae
419 529 677 588 participari
709 541 799 572 non
834 531 1032 585 possunt
1061 527 1088 571 a
1122 531 1289 570 natura
1320 526 1525 569 humana
1548 525 1695 578 (sicut
1727 535 1832 569 esse
1854 523 1926 566 in·

47 601 252 640 creatum
283 599 364 639 aut
394 592 803 648 omnipotentem),
835 589 963 634 nullo
996 589 1134 634 modo
1162 587 1220 633 de
1255 588 1459 632 humana
1490 591 1659 630 natura
1690 585 1923 630 dicuntur.

47 656 208 700 Divina
239 660 392 700 autem
421 659 585 698 natura
619 652 731 696 nihil
763 650 1076 708 participative
1112 648 1278 706 accipit
1310 649 1369 692 ab
1402 648 1607 691 humana
1635 651 1805 690 natura
1835 659 1849 691 z
1882 649 1928 691 et

47 716 152 761 ideo
182 729 238 762 ea
266 727 370 773 quae
397 719 503 758 sunt
530 714 746 758 humanae
771 717 972 767 naturae,
1003 710 1133 756 nullo
1161 710 1299 754 modo
1330 713 1532 765 possunt
1556 706 1647 752 dici
1677 707 1737 751 de
1772 706 1929 751 divina

49 784 230 823 natura.

104 847 442 891 ARTICULUS
471 846 554 889 Vl.
587 867 642 876 --
673 856 811 887 maun
841 855 932 887 mm:
961 855 1027 887 srr
1055 855 1192 886 vem:
1213 854 1318 884 nnus
1354 851 1506 883 merus
1538 850 1616 881 εει·
1651 849 1764 880 nono
1792 837 1870 892 (1).

51 916 101 952 lle
133 915 185 950 his
200 915 300 951 etiam
330 914 433 955 hira,
453 915 569 955 quaest.
588 919 712 952 xxxin,
735 914 799 946 art.
817 911 841 945 5
855 922 947 951 corp.
966 913 1001 945 et
1023 909 1119 944 Sent.
1147 918 1202 951 111,
1227 909 1305 943 dist.
1332 909 1366 948 5,
1386 910 1500 950 quaest.
1514 915 1550 947 v,
1568 910 1638 941 art.
1663 906 1686 940 5
1703 917 1797 947 corp.
1820 909 1855 939 et
1872 912 1909 940 tv

247 962 323 998 dist.
337 961 372 1005 7,
387 966 502 1003 quaest.
517 968 556 1002 n,
571 964 605 994 et
619 959 742 999 Opusc.
759 967 790 999 ι,
807 970 880 1000 cap.
898 958 958 1000 48,
975 960 1010 992 ct
1028 959 1150 999 opusc.
1166 965 1220 997 ιιι,
1239 967 1310 997 cap.
1332 956 1365 995 6,
1385 960 1419 990 et
1440 955 1538 990 Rom.
1554 963 1580 995 1,
1597 954 1675 988 lect.
1691 954 1726 988 2.

105 1023 172 1069 Ad
194 1027 374 1068 sextum
398 1022 466 1066 sic
486 1019 766 1079 proceditur.
781 1022 824 1063 1.
845 1018 1034 1063 Videtur
1054 1016 1181 1074 quod
1195 1017 1295 1061 haec
1310 1016 1372 1061 sit
1390 1015 1536 1060 salsa:
1556 1019 1673 1058 Deus
1691 1016 1841 1067 sactus
1862 1015 1929 1056 est

51 1087 198 1129 homo.
226 1086 338 1129 Ciim
362 1083 487 1128 enirn
507 1084 638 1126 lzomo
657 1080 888 1138 significet
907 1079 1234 1134 substantiam,
1249 1077 1347 1122 fieri
1363 1077 1597 1122 hominem
1613 1080 1686 1120 est
1702 1075 1800 1119 fieri
1819 1073 1930 1118 sim-

51 1147 243 1204 pliciter.
270 1145 355 1190 Sed
373 1146 471 1190 haec
489 1149 560 1189 est
575 1143 691 1188 falsa
709 1157 721 1187 :
743 1147 862 1186 Deus
880 1144 1031 1197 sactus
1047 1145 1115 1186 est
1132 1140 1414 1197 simpliciter.
1439 1141 1557 1195 Ergo
1577 1137 1677 1182 haec
1691 1141 1763 1182 est
1784 1135 1926 1180 salsa:

51 1212 169 1251 Deus
195 1210 346 1263 factus
364 1211 429 1251 est
447 1207 594 1250 homo.

106 1271 150 1313 2.
180 1271 417 1322 Praeterea,
437 1266 531 1311 fieri
565 1266 801 1311 hominem
829 1269 902 1310 est
929 1263 1116 1309 mutari.
1138 1263 1225 1308 Sed
1244 1264 1363 1307 Deus
1390 1275 1482 1307 non
1512 1265 1663 1318 potest
1692 1272 1797 1305 esse
1815 1259 1929 1304 sub-

49 1328 222 1387 iectum
242 1327 525 1382 mutationis,
547 1327 803 1372 secundum
826 1325 944 1370 illud
966 1324 1256 1380 (Malach.1n‚
1279 1327 1353 1379 6);
1381 1327 1477 1380 qu
1514 1325 1731 1365 Dominus
1762 1325 1808 1364 et
1841 1332 1931 1364 non

54 1394 214 1435 mutor.
238 1393 356 1447 Ergo
369 1389 552 1435 videtur
569 1388 694 1445 quod
715 1388 815 1433 haec
833 1387 895 1431 sit
910 1386 1058 1430 falsa:
1084 1390 1206 1429 Deus
1228 1388 1378 1440 sactus
1396 1388 1462 1427 est
1484 1385 1632 1427 homo.

109 1454 151 1497 3.
181 1454 416 1506 Praeterea,
438 1452 576 1495 homo
592 1483 604 1507 ,
624 1449 879 1494 secundum
904 1447 1029 1505 quod
1051 1447 1108 1492 de
1126 1447 1305 1492 Christo
1324 1445 1507 1501 dicitur,
1532 1445 1753 1502 supponit
1778 1455 1932 1501 perso·

55 1525 162 1558 nam
182 1513 276 1558 Filii
302 1513 373 1558 Dei
395 1516 469 1568 (9.).
491 1512 577 1557 Sed
596 1512 698 1556 haec
715 1516 787 1556 est
808 1510 924 1555 falsa
943 1515 1090 1555 :Deus
1111 1511 1335 1565 [accusest
1353 1521 1545 1565 persona
1565 1507 1678 1551 Filii
1699 1510 1798 1550 Dei.
1813 1508 1932 1562 Ergo

56 1576 153 1620 haec
167 1580 238 1619 est
260 1574 375 1619 salsa
393 1579 539 1618 :Deus
557 1577 708 1628 sactus
734 1577 799 1617 est
820 1573 967 1616 homo,

113 1636 198 1682 Sed
208 1640 364 1680 contra
378 1639 448 1680 est
459 1635 579 1693 quod
596 1635 762 1680 dicitur
786 1636 928 1686 (ioan.
955 1635 1099 1692 1‚13)=
1122 1634 1315 1676 Verbum
1333 1645 1442 1676 caro
1455 1635 1624 1686 factum
1641 1635 1703 1674 est
1716 1646 1733 1686 ,·
1748 1636 1793 1675 et
1812 1631 1934 1675 sicut

57 1699 333 1744 Athanasius
364 1698 474 1742 dicit
508 1698 572 1751 (in
598 1697 735 1753 epist.
764 1696 822 1740 ad
857 1695 1135 1753 Epictetum,
1164 1700 1327 1740 contra
1361 1694 1626 1749 haereticos,
1648 1692 1873 1749 aliquant.
1905 1691 1934 1737 ὲ

58 1759 218 1815 med.)‚
244 1776 264 1798 «
285 1758 410 1815 quod
438 1758 577 1803 dixit:
599 1757 796 1802 Verbum
825 1769 933 1802 caro
955 1757 1127 1801 factum
1158 1760 1256 1813 est,
1279 1754 1428 1800 simile
1457 1760 1528 1799 est
1560 1767 1615 1799 ac
1643 1755 1681 1799 si
1705 1754 1934 1799 diceretur

60 1820 184 1879 quod
205 1823 324 1864 Deus
348 1819 486 1864 homo
506 1819 657 1863 factus
679 1823 804 1863 est.»
1784 1807 1804 1831 ⁸

105 1888 388 1933 CONCLUSIO.
417 1909 461 1916 —
488 1887 591 1927 Gum
613 1899 693 1928 non
713 1887 765 1927 ab
782 1891 945 1935 interno,
963 1886 1033 1927 sed
1050 1887 1094 1926 in
1114 1888 1290 1937 tempore
1306 1895 1390 1925 esse
1408 1883 1635 1932 hominem,
1657 1884 1706 1923 de
1733 1884 1813 1924 Deo
1832 1895 1933 1934 prae-

61 1941 228 1992 dicetur,
251 1942 566 1993 propositionem
582 1941 703 1991 hanc,
727 1942 831 1981 Deus
846 1941 976 1981 factus
996 1943 1057 1981 est
1075 1940 1213 1988 homo,
1232 1950 1368 1980 veram
1389 1949 1473 1979 esse
1491 1939 1701 1978 fatendum
1719 1941 1792 1978 est.

116 2004 383 2060 Respondeo
397 2004 642 2048 dicendum
659 2003 781 2059 quod
797 2002 1162 2059 unumquodque
1181 2001 1347 2046 dicitur
1364 2012 1467 2045 esse
1484 2000 1658 2044 factum
1674 1999 1787 2044 illud
1810 2002 1935 2058 quod

61 2067 118 2113 de
141 2078 260 2110 novo
278 2064 440 2121 incipit
467 2065 704 2121 praedicari
734 2065 791 2109 de
809 2065 924 2120 ipso‚
946 2066 1057 2108 Esse
1081 2067 1237 2107 autem
1266 2062 1500 2107 hominem
1523 2061 1631 2105 vere
1659 2061 1935 2118 praedicatur

60 2127 119 2173 de
133 2131 240 2183 Deo,
257 2126 377 2171 sicut
398 2126 571 2170 dictum
591 2131 663 2171 est
683 2128 786 2180 (art.
807 2129 826 2170 1
849 2125 946 2181 huj.
970 2127 1176 2181 quaest.);
1195 2125 1258 2168 ita
1276 2127 1432 2168 tamen
1452 2122 1577 2179 quod
1602 2135 1695 2166 non
1718 2124 1935 2169 convenit

60 2191 151 2235 Deo
179 2202 281 2234 esse
309 2189 540 2234 hominem
560 2188 619 2232 ab
640 2187 923 2236 aeterno,sed
943 2198 999 2231 ex
1015 2190 1220 2242 tempore
1239 2198 1322 2242 per
1336 2185 1701 2241 assumptionem
1718 2185 1935 2231 humanae

61 2255 254 2295 naturae.
279 2252 331 2294 Et
350 2249 453 2294 ideo
483 2249 582 2293 haec
607 2252 679 2293 est
700 2260 810 2293 vera
829 2263 839 2292 :
864 2247 980 2290 Deus
1001 2249 1151 2301 sactus
1174 2250 1238 2290 est
1260 2247 1424 2299 homo;
1445 2245 1750 2291 diversimode
1780 2251 1934 2292 tamen

61 2311 330 2367 intelligitur
351 2309 379 2354 a
400 2309 609 2366 diversis,
631 2308 750 2354 sicut
780 2313 827 2354 et
846 2308 976 2352 haec:
1002 2311 1123 2351 Deus
1144 2312 1210 2351 esc
1240 2308 1387 2363 homo,
1412 2311 1466 2351 ut
1489 2318 1629 2363 supra
1662 2307 1837 2351 dictum
1864 2313 1936 2353 est

63 2375 163 2428 (art.
188 2376 207 2417 1
228 2373 324 2427 huj.
342 2375 539 2429 quaest.).

115 2436 181 2481 Ad
203 2438 398 2491 primum
421 2445 531 2490 ergo
554 2434 819 2491 dicendum,
850 2433 973 2490 quod
995 2432 1093 2478 fieri
1116 2432 1349 2478 hominem
1373 2437 1444 2477 est
1469 2431 1567 2476 fieri
1596 2431 1866 2487 simpliciter
1886 2432 1934 2477 in

61 2495 278 2541 omnibus
297 2496 369 2540 his
397 2495 444 2539 in
473 2495 642 2552 quibus
661 2496 863 2540 humana
896 2499 1062 2539 natura
1081 2494 1242 2551 incipit
1258 2506 1361 2539 esse
1389 2494 1435 2537 in
1467 2494 1707 2550 supposito
1729 2494 1787 2538 de
1815 2507 1934 2540 novo

62 2561 231 2603 creato.
251 2559 371 2602 Deus
390 2562 543 2601 autem
562 2556 728 2602 dicitur
753 2558 903 2602 factus
928 2558 1081 2612 homo,
1107 2556 1162 2601 eo
1190 2555 1314 2613 quod
1339 2556 1542 2599 humana
1565 2560 1730 2599 natura
1747 2556 1935 2612 incoepit

63 2630 165 2664 esse
187 2618 234 2662 in
258 2619 496 2675 supposito
515 2619 683 2663 divinae
702 2623 880 2663 naturae
904 2622 957 2672 (3)
975 2617 1033 2662 ab
1051 2623 1223 2662 aeterno
1242 2617 1579 2674 praeexistente.
1604 2619 1657 2660 Et
1671 2616 1774 2661 ideo
1790 2621 1934 2663 Deum

63 2678 159 2725 fleri
183 2680 435 2736 hominem,
452 2692 544 2724 non
573 2685 644 2735 est
667 2684 811 2726 Deum
842 2681 939 2725 fieri
966 2680 1246 2736 simpliciter.

119 2740 183 2785 Ad
204 2742 444 2784 secundum
467 2742 730 2798 dicendum,
752 2742 894 2799 quod⁷
914 2741 1036 2786 sicut
1060 2741 1232 2785 dictum
1257 2745 1328 2784 est
1352 2740 1415 2794 (in
1436 2753 1563 2796 corp.
1589 2743 1710 2793 arn).
1733 2739 1828 2783 fieri
1850 2740 1934 2784 im-

65 2805 214 2857 portat
248 2802 369 2858 quod
397 2803 570 2860 aliquid
594 2803 651 2848 de
675 2816 795 2848 novo
817 2804 1091 2860 praedicetur
1128 2803 1185 2847 de
1209 2802 1368 2846 altero.
1398 2801 1526 2845 Unde
1549 2801 1936 2858 quandocumque

66 2861 238 2918 aliquid
260 2863 318 2908 de
340 2876 458 2907 novo
477 2864 753 2920 praedIcatur
774 2864 831 2910 de
854 2865 998 2909 altero
1022 2876 1128 2908 cum
1149 2863 1405 2908 mutatione
1432 2863 1534 2920 ejus
1557 2863 1615 2907 de
1637 2875 1729 2919 quo
1750 2863 1934 2920 dicitur,

65 2927 177 2967 tunc
200 2923 296 2968 sieri
319 2929 389 2968 est
417 2927 582 2970 mutari
613 2942 624 2971 ε
655 2931 701 2971 et
728 2928 815 2972 hoc
843 2926 1070 2983 contingit
1092 2926 1137 2970 in
1166 2925 1385 2970 omnibus
1408 2937 1511 2982 quae
1539 2923 1750 2968 absolute
1772 2924 1937 2969 dicun-

64 2988 140 3029 tur
162 2987 220 3040 (4)
242 2999 252 3027 ι
277 2998 366 3030 non
388 2986 510 3030 enim
533 2991 682 3042 potest
703 2988 866 3033 albedo
882 2993 962 3033 aut
980 2988 1173 3044 nigredo
1200 2988 1257 3032 de
1274 3000 1399 3031 novo
1421 2986 1640 3031 advenire
1664 2986 1817 3040 alicui,
1846 2987 1934 3031 nisi

63 3057 145 3098 per
163 3047 250 3090 hoc
272 3046 394 3102 quod
414 3047 471 3091 de
493 3060 614 3091 novo
632 3054 836 3093 mutatur
850 3050 910 3095 ad
928 3050 1189 3094 albedinem
1205 3049 1276 3093 vel
1298 3048 1602 3104 nigredinem.
1624 3050 1686 3091 Ea
1702 3048 1814 3092 vero
1831 3061 1936 3104 quae

64 3106 253 3151 relative
273 3107 505 3164 dicuntur,
528 3114 724 3164 possunt
744 3109 801 3154 de
817 3123 936 3155 novo
958 3110 1196 3168 praedicari
1214 3110 1271 3155 de
1291 3109 1445 3166 aliquo
1463 3108 1640 3166 absque
1663 3109 1765 3166 ejus
1782 3116 1933 3154 muta·

103 3229 146 3271 (l)
172 3229 380 3265 Affirmativc
407 3231 586 3271 respondet
611 3232 646 3266 S.
670 3232 805 3272 Ductor,
831 3238 866 3267 et
883 3233 952 3267 haec
1077 3233 1119 3275 (5)
1138 3232 1213 3267 Sive
1241 3232 1276 3266 in
1304 3232 1473 3273 supposito
1501 3231 1596 3267 verbi
1618 3233 1709 3274 quod
1739 3245 1777 3268 ex
1805 3238 1934 3268 natura

65 3274 216 3310 doctrina
242 3282 291 3310 est
308 3277 574 3319 fidei‚siquidem
590 3280 624 3313 in
645 3279 794 3321 symbolo
818 3280 952 3314 Nicaeno
1036 3279 1214 3321 suppositis
1235 3291 1339 3314 unum
1359 3285 1419 3314 est.

66 3322 189 3358 dicitur
207 3337 215 3357 ε
235 3325 282 3358 Et
298 3325 400 3359 homo
417 3326 536 3369 sactus
555 3331 620 3361 est.
1078 3329 1121 3370 (fo)
1144 3327 1182 3362 Id
1199 3332 1249 3361 est
1265 3339 1337 3369 quae
1361 3327 1484 3362 liabent
1499 3339 1569 3362 esse
1585 3328 1778 3363 absolutum
1800 3328 1853 3363 vel
1878 3329 1933 3363 de·

104 3370 145 3412 (2)
167 3372 243 3405 Sive
271 3374 445 3415 supponit
477 3383 545 3415 pro
575 3384 737 3417 persona
770 3374 866 3407 Filii
887 3375 954 3409 Dei
1036 3375 1303 3410 nominationem
1324 3375 1521 3418 absolutam,
1537 3388 1599 3417 per
1615 3376 1803 3418 oppositum
1822 3375 1865 3410 ad
1880 3388 1936 3410 re·

64 3417 321 3454 humanitatem
340 3422 570 3456 terminante.
1036 3421 1150 3459 lativa.
