2170 3808
207 216 261 259 54
839 209 1038 261 QUAEST.
1069 209 1119 263 V,
1143 209 1263 252 ART.
1289 209 1307 251 1
1334 209 1398 252 ET
1426 209 1478 252 11.

207 306 361 340 manae
390 297 573 339 naturae
604 292 654 336 in
685 290 863 336 Christo
892 302 976 347 per
998 289 1190 335 modum
1245 301 1308 334 uo
1330 302 1495 335 omnes
1517 289 1598 347 qui
1617 289 1727 335 vere
1751 289 1800 334 in
1824 293 1994 335 natura
2015 292 2101 335 hu-

207 368 348 403 mana
383 355 618 411 existunt,
653 352 830 397 similes
862 351 1018 410 specie
1064 363 1168 397 esse
1244 351 1432 396 icuntur
1462 366 1473 396 :
1507 363 1604 396 non
1639 355 1797 397 autem
1833 351 2101 409 intelligitur

208 418 463 465 similitudo
495 414 805 474 phantastica.
840 413 907 460 Ad
942 414 1080 470 cuius
1112 413 1397 460 evidentiam
1426 413 1671 471 Apostolus
1704 412 1949 470 subjungit
1979 412 2099 470 quod

205 483 357 537 factus
377 482 447 522 est
467 477 676 521 obediens
698 488 836 532 usque
856 475 918 519 ad
939 479 1148 534 mortem,
1173 477 1364 519 mortem
1383 478 1536 518 autem
1559 476 1734 530 cruci-55
1753 473 1880 531 quod
1895 473 1994 518 fieri
2010 485 2101 518 non

205 540 448 599 potuisset,
469 539 507 583 si
528 543 653 583 esset
671 538 771 583 sola
789 536 1045 582 similitudo
1067 537 1375 595 phantastica.

260 602 328 648 Ad
349 601 596 645 secundum
616 599 867 645 dicendum
879 633 892 653 ,
912 598 1037 655 quod
1052 610 1136 654 per
1156 599 1245 643 hoc
1261 597 1386 655 quod
1404 596 1546 643 Filius
1563 597 1642 643 Dei
1659 608 1825 644 verum
1846 609 2016 654 corpus
2033 608 2102 642 as-

205 663 420 721 sumpsit,
442 662 491 707 in
512 662 642 706 nullo
658 666 731 707 est
750 660 854 719 ejus
869 660 1072 717 dignitas
1087 659 1332 705 diminuta.
1352 658 1481 704 Unde
1498 659 1788 717 Augustinus
1804 658 2102 715 (Fulgentius)

205 726 316 771 dicit
351 725 400 769 in
434 724 515 769 lib.
554 727 617 769 De
654 723 747 769 fide
779 723 839 768 ad
872 725 968 767 Pet.
1001 727 1115 779 (cap.
1151 725 1205 776 2.
1245 721 1522 767 declinando
1553 721 1613 767 ad
1645 721 1776 775 fin.):
1806 738 1827 760 α
1843 719 2104 766 Exinanivit

205 788 428 845 seipsum,
449 787 647 831 formam
672 786 791 830 servi
816 784 1068 841 accipiens,
1090 788 1145 828 ut
1165 783 1297 829 fieret
1314 795 1507 840 servus3
1532 783 1616 829 sed
1631 783 1792 828 formae
1809 783 1891 828 Dei
1908 782 2104 840 plenitu-

203 848 359 894 dinem
386 861 480 893 non
498 847 669 893 amisit.
688 866 710 887 n
731 848 829 892 Non
852 845 981 892 enim
999 845 1143 889 Filius
1164 845 1241 890 Dei
1266 844 1335 890 sic
1365 845 1624 902 assumpsit
1644 856 1810 890 verum
1832 856 2026 902 corpm,
2049 847 2104 889 ut

203 910 353 955 forma
374 909 582 966 corporis
602 909 758 962 fleretz,
785 907 913 965 quod
933 910 1168 964 repugnat
1191 906 1362 951 divinae
1390 906 1673 963 simplicitati
1702 910 1748 952 et
1775 905 1990 963 puritati3
2014 906 2104 951 hoc

203 972 329 1017 enim
354 976 479 1017 esset
498 983 741 1016 assumere
761 981 934 1026 corpus
953 969 1003 1013 in
1026 968 1255 1013 unitatem
1272 973 1479 1022 naturae;
1501 969 1626 1026 quod
1644 973 1716 1014 est
1733 967 2037 1026 impossibile,
2049 970 2104 1012 ut

203 1044 264 1078 ex
285 1045 429 1089 supra
446 1032 582 1078 dictis
603 1036 731 1089 patet
747 1034 930 1088 (quaest.
955 1044 1003 1087 u,
1023 1034 1110 1075 art.
1132 1031 1178 1085 1)
1196 1044 1208 1071 ε
1233 1029 1317 1075 sed
1340 1029 1473 1074 salva
1495 1029 1795 1075 distinctione
1812 1033 2011 1085 naturae,
2032 1040 2106 1074 as-

202 1094 404 1151 sumpsit
426 1106 596 1152 corpus
620 1095 668 1139 in
691 1094 921 1140 unitatem
945 1104 1172 1149 personae.
1819 1128 1821 1130 .

256 1156 325 1200 Ad
349 1159 530 1199 tertium
553 1155 822 1210 dicendum,
845 1154 971 1211 quod
990 1153 1143 1210 figura
1162 1152 1302 1198 debet
1317 1152 1603 1210 respondere
1623 1151 1692 1198 rei
1713 1152 1942 1210 quantum
1961 1151 2022 1198 ad
2037 1152 2104 1197 si-

202 1215 540 1273 militudinem,
574 1231 671 1263 non
696 1220 927 1275 quantum
959 1216 1019 1274 ad
1050 1216 1114 1261 rei
1141 1216 1412 1260 veritatem:
1437 1215 1478 1260 si
1507 1215 1633 1260 enim
1663 1214 1922 1260 secundum
1946 1214 2105 1260 omnia

202 1283 328 1325 esset
348 1280 619 1335 similitudo,
637 1280 735 1337 jam
755 1291 851 1323 non
875 1282 1001 1323 esset
1023 1278 1231 1335 signum,
1251 1278 1334 1323 sed
1355 1278 1455 1335 ipsa
1475 1290 1569 1334 reS‚
1588 1282 1642 1322 ut
1663 1279 1979 1322 Damascenus
1994 1276 2105 1322 dicit

202 1341 342 1396 (Orth.
362 1341 442 1388 fid.
466 1341 548 1386 lib.
571 1355 635 1396 ιιι,
656 1354 759 1398 cap.
780 1344 853 1397 26,
880 1340 928 1384 in
944 1340 1063 1391 fin.).
1084 1339 1447 1385 convenientius
1465 1351 1578 1396 ergo
1598 1339 1687 1383 fuit
1715 1343 1769 1384 ut
1791 1338 2106 1396 apparitiones

201 1403 372 1448 veteris
398 1404 676 1448 Testamenti
708 1406 870 1448 essent
897 1401 1159 1447 secundum
1191 1401 1512 1459 apparentiam
1532 1401 1735 1456 tantum,
1755 1399 1891 1458 quasi
1912 1400 2102 1458 figurae3

202 1463 427 1522 apparitio
455 1470 611 1509 autem
633 1465 733 1509 Filii
763 1464 840 1509 Dei
872 1464 921 1508 in
951 1464 1129 1509 mundo
1155 1468 1279 1509 esset
1309 1463 1569 1508 secundum
1594 1462 1803 1520 corporis
1832 1462 2075 1508 veritatem
2090 1499 2102 1517 ‚

202 1526 336 1584 quasi
359 1539 437 1571 res
460 1527 658 1583 figurata
675 1539 759 1584 per
774 1526 879 1571 illas
896 1523 1089 1583 figuras.
1114 1526 1244 1572 Unde
1262 1525 1374 1572 dicit
1397 1525 1646 1583 Apostolus
1662 1527 1731 1581 (ΙΙ.
1746 1524 1924 1570 Coloss.
1939 1538 1988 1582 ιι,
2003 1525 2076 1580 17)
2091 1539 2105 1567 :

203 1593 312 1646 Quae
332 1592 438 1632 sunt
455 1589 616 1632 umbra
634 1592 911 1645 futurorum,
933 1602 1098 1646 corpus
1121 1593 1276 1632 autem
1295 1589 1489 1644 Christi.

257 1652 606 1694 ARTICULUS
624 1653 751 1694 11.—
763 1663 902 1694 uranu
921 1663 990 1693 nm
1010 1662 1145 1694 rmus
1163 1662 1370 1693 nanuum]-
1389 1661 1606 1693 Assumnnn
1630 1660 1788 1693 conpos
1806 1660 2051 1704 πιιιιιιιιιιι,

743 1724 931 1756 semem·
963 1724 1128 1755 omum
1157 1724 1210 1754 m
1238 1723 1469 1755 samonum
1487 1711 1566 1766 (1).

203 1781 252 1816 De
269 1780 321 1814 his
342 1780 448 1815 etiam
466 1779 569 1819 infra,
592 1784 710 1821 quaest.
724 1788 829 1822 xxxv,
843 1783 910 1815 art.
923 1781 946 1815 5
962 1792 1057 1822 corp.
1072 1784 1107 1815 et
1121 1783 1240 1821 quaest.
1251 1787 1382 1818 mvn,
1400 1779 1495 1814 ΜΗ
1513 1790 1609 1820 corp.
1625 1782 1661 1814 et
1673 1782 1792 1821 quast.
1808 1787 1882 1821 nv,
1895 1781 1962 1813 art.
1976 1778 2000 1813 5
2012 1789 2104 1821 corp.

243 1827 605 1917 (ἕρὶιὲιῦιίὶιιιὲοιέἱεὲὶὲ,
623 1832 741 1869 quest.
766 1836 792 1868 1,
820 1832 886 1862 art.
900 1829 934 1867 5.
960 1832 1078 1869 quaest.
1095 1836 1107 1861 ι
1126 1831 1162 1862 et
1175 1836 1202 1862 11
1218 1839 1312 1868 corp.
1336 1832 1372 1862 et
1397 1828 1499 1862 Cont.
1518 1830 1608 1867 gent.
1627 1826 1690 1861 lib.
1709 1834 1758 1867 lv.
1775 1837 1849 1868 cap.
1867 1826 1912 1862 5⁰
1940 1829 1976 1861 et
1996 1826 2053 1868 54,
2071 1829 2106 1862 et

255 1931 322 1975 Ad
346 1930 607 1975 secundum
643 1930 713 1974 sic
744 1931 1027 1987 proceditur.
1063 1934 1107 1975 1.
1141 1930 1328 1975 Videtur
1361 1929 1489 1987 quod
1523 1928 1732 1974 Christus
1763 1940 1861 1974 non
1890 1927 2106 1974 habuerit

201 2005 376 2049 corpus
390 1991 578 2037 carnale
593 1991 693 2036 sive
708 1996 943 2048 terrestre,
964 1992 1049 2037 sed
1064 1992 1270 2036 coeleste.
1291 1991 1407 2036 Dicit
1421 1991 1545 2036 enim
1559 1990 1809 2047 Apostolus
1827 1993 1877 2045 (Ι.
1897 1990 2102 2036 Corinth.

200 2069 272 2108 xv,
293 2057 394 2109 47):
420 2054 606 2097 Primus
635 2055 769 2097 homo
797 2055 854 2098 de
882 2058 1011 2098 terra
1033 2059 1256 2110 terrenus,
1273 2055 1497 2098 secundus
1519 2053 1652 2096 homo
1678 2053 1735 2097 de
1759 2053 1872 2097 coelo
1891 2054 2101 2098 coelestis.

202 2117 289 2163 Sed
321 2116 500 2173 primus
533 2117 690 2172 homo,
722 2117 901 2161 scilicet
931 2117 1102 2172 Adam,
1133 2116 1222 2161 suit
1253 2116 1312 2161 de
1344 2120 1468 2160 terra
1496 2114 1726 2171 quantum
1754 2114 1816 2160 ad
1838 2126 2027 2172 corpu8‚
2050 2121 2104 2161 ut

200 2182 331 2236 patet
349 2180 529 2231 (Genes.
552 2179 599 2231 ι).
624 2179 744 2233 Ergo
762 2178 903 2221 etiam
922 2178 1161 2222 secundus
1182 2177 1339 2233 homo,
1362 2175 1540 2220 scilicet
1555 2174 1778 2231 Christus,
1797 2175 1886 2221 fuit
1906 2177 1966 2222 de
1982 2176 2102 2222 coelo
2136 2222 2141 2224 ,

201 2242 430 2297 quantum
452 2238 510 2282 ad
533 2250 720 2294 corpus.

256 2304 299 2345 2.
330 2303 555 2344 Praeterea
568 2300 616 2353 (Ι.
642 2298 845 2343 Corinth.
869 2313 939 2354 xv,
956 2301 1046 2352 50),Ι
1062 2299 1261 2344 dicitur:
1289 2301 1412 2342 Caro
1431 2303 1477 2342 et
1494 2302 1681 2355 sanquis
1698 2313 1889 2355 reqnum
1908 2304 1994 2345 Dei
2011 2315 2102 2345 non

199 2363 503 2420 possidebunt.
530 2361 616 2405 Sed
639 2373 840 2417 regnum
862 2361 940 2405 Dei
961 2361 1280 2417 principaliter
1298 2360 1437 2406 estin
1458 2361 1653 2406 Christo,
1673 2364 1772 2406 Non
1796 2373 1908 2419 ergo
1927 2362 1974 2407 in
1996 2363 2102 2421 ipso

201 2428 274 2469 est
291 2436 402 2468 caro
421 2427 468 2467 et
490 2421 703 2478 sanguis,
727 2423 811 2467 sed
832 2423 984 2479 magis
1005 2435 1178 2479 corpus
1195 2423 1400 2468 coeleste.

256 2490 300 2532 3.
330 2488 571 2539 Praeterea,
591 2496 728 2528 omne
747 2485 875 2541 quod
895 2490 970 2530 est
992 2485 1237 2542 optimum,
1256 2490 1328 2531 est
1345 2487 1439 2545 Deo
1457 2484 1826 2531 attribuendum.
1857 2487 1945 2532 Sed
1978 2487 2101 2534 inter

200 2550 359 2594 omnia
377 2559 570 2604 corpora
593 2546 937 2591 nobilissimum
959 2552 1032 2592 est
1057 2560 1229 2604 corpus
1253 2547 1462 2592 coeleste.
1484 2549 1604 2604 Ergo
1626 2547 1719 2593 tale
1740 2560 1913 2606 corpus
1937 2548 2100 2595 debuit

201 2611 408 2656 Christus
429 2621 684 2654 assumere.

257 2671 344 2717 Sed
375 2675 537 2716 contra
569 2675 641 2715 est
674 2670 802 2728 quod
831 2671 1054 2715 Dominus
1084 2672 1195 2716 dicit
1220 2674 1347 2724 (Luc.
1370 2671 1477 2727 ult..
1497 2673 1600 2727 39):
1622 2674 1824 2730 Spiritus
1844 2682 2031 2719 carnem
2054 2679 2100 2720 et

199 2748 301 2778 ossa
333 2747 423 2777 non
451 2734 606 2789 habet,
628 2736 742 2776 sicut
769 2746 840 2776 me
872 2733 1033 2776 videtis
1063 2734 1246 2777 habere.
1280 2736 1393 2777 Caro
1415 2740 1571 2778 autem
1593 2737 1640 2778 et
1662 2745 1771 2779 ossa
1792 2746 1888 2779 non
1908 2742 2022 2781 sunt
2039 2749 2097 2783 ex

200 2795 392 2841 materia
421 2795 631 2840 coelestis.
658 2795 866 2852 corporis
879 2828 893 2849 .,
933 2795 1015 2839 sed
1058 2807 1115 2839 ex
1149 2795 1446 2840 inferioribus
1479 2795 1737 2842 elementis.
1776 2799 1895 2854 Ergo
1925 2811 2099 2857 corpus

198 2857 363 2902 Christi
388 2869 482 2900 non
503 2857 592 2900 fuit
611 2869 783 2913 corpus
805 2856 1012 2913 coeleste,
1033 2857 1115 2901 sed
1134 2869 1354 2901 carneum
1374 2862 1421 2902 et
1443 2862 1679 2902 terrenum
1694 2860 1769 2914 (2).

247 2925 540 2966 CONCLUSIO.
564 2947 611 2954 —
633 2925 748 2965 Sicut
762 2936 906 2965 verum
927 2936 1074 2977 corpus
1090 2923 1282 2964 Christus
1305 2926 1553 2977 assumpsit3
1572 2925 1631 2966 ita
1650 2929 1859 2968 terrenum
1872 2958 1886 2979 ,
1909 2940 1994 2970 non
2012 2941 2096 2971 οω-
2169 2948 2170 2953 ’

199 2980 317 3073 leste,
336 2980 446 3031 quod
465 2979 721 3030 impassibile
744 2984 784 3020 et
802 2979 1115 3032 incorruptibile
1133 2981 1386 3032 est9700rpus
1411 2992 1507 3021 eum
1534 2982 1826 3033 assumpsisse,
1848 2982 2097 3027 credendum

198 3046 238 3074 es
261 3064 271 3074 .

252 3096 528 3152 Respondeo
564 3097 817 3141 dicendum
855 3097 982 3154 quod
1017 3097 1182 3142 iisdem
1216 3097 1476 3143 rationibus
1510 3104 1701 3156 apparet
1738 3112 1884 3158 quare
1924 3114 2097 3159 corpus

198 3157 362 3203 Christi
385 3170 479 3202 non
504 3158 663 3203 debuit
691 3171 795 3203 esse
818 3159 1032 3216 coeleste,
1058 3160 1231 3217 quibus
1261 3165 1498 3206 ostensum
1526 3166 1599 3207 est
1619 3164 1720 3216 (art.
1755 3166 1938 3220 praec.),
1970 3165 2097 3222 quod

198 3233 291 3265 non
315 3219 475 3264 debuit
494 3233 598 3265 esse
626 3221 986 3283 phantasticum.
1020 3222 1169 3266 Primo
1199 3222 1324 3266 enim
1341 3255 1354 3277 ,
1384 3223 1494 3280 quia
1524 3223 1645 3268 sicut
1675 3224 1845 3269 veritas
1875 3225 2096 3272 humanae

240 3333 280 3371 (l)
309 3332 349 3366 In
377 3331 441 3366 hoc
465 3331 610 3366 articulo
637 3333 760 3373 quaerit
785 3334 820 3366 S.
849 3335 976 3368 Doctor
1004 3334 1102 3376 quale
1231 3335 1275 3377 (2)
1299 3336 1397 3379 Quod
1411 3336 1452 3370 de
1471 3335 1538 3371 fide
1557 3339 1606 3371 est
1630 3340 1749 3373 contra
1771 3337 2020 3374 valentinianos
2035 3343 2094 3381 qui

200 3379 302 3416 fuerit
331 3391 450 3420 corpus
479 3379 617 3419 Christi,
634 3391 674 3413 an
701 3380 843 3422 coeleste,
858 3393 901 3416 an
916 3386 1101 3423 terrenum,
1190 3383 1348 3418 dicebant
1373 3384 1545 3419 Christum
1564 3396 1685 3425 corpus
1708 3385 1728 3419 ὲ
1746 3386 1827 3421 coelo
1856 3386 2034 3430 detulisse,
2057 3394 2094 3425 et

195 3427 322 3462 scilicet
339 3438 438 3462 carne
458 3431 492 3461 et
507 3427 667 3466 sanguine
683 3433 845 3469 constans,
861 3428 947 3463 sicut
961 3432 995 3464 et
1012 3428 1103 3464 aiio-
1189 3443 1248 3473 per
1264 3432 1301 3466 B.
1321 3432 1463 3467 Mariam
1473 3431 1652 3473 Virginem
1673 3444 1735 3467 ceu
1748 3444 1809 3474 per
1825 3434 1974 3472 canalem
1985 3439 2092 3472 trans-

200 3487 274 3510 rum
289 3475 467 3510 hominum
488 3486 642 3517 corpora.
1189 3480 1329 3515 misisse.
