2170 3808
162 220 217 262 46
776 212 976 265 QUAEST.
1006 212 1076 264 IV,
1106 211 1226 254 ΛΒΤ.
1258 210 1276 252 1
1304 210 1368 252 ET
1396 210 1448 253 11.

163 302 343 344 naturae
364 301 520 342 autem
540 293 765 352 angelicae
783 293 916 339 deest
937 290 1207 348 congruitas
1234 291 1466 348 praedietae
1493 288 1801 336 necessitatis.
1831 290 1961 336 Unde
1991 303 2063 337 re-

162 359 392 418 linquitur
413 358 538 416 quod
556 356 655 402 sola
675 359 844 401 natura
863 356 1073 400 humana
1092 353 1152 399 sit
1174 351 1515 410 assumptibilis
1529 354 1605 408 (1).

217 422 284 468 Ad
302 424 499 480 primum
515 430 627 475 ergo
643 418 912 478 dicendum,
925 416 1051 475 quod
1066 423 1292 462 creaturae
1311 414 1673 460 denominantur
1692 413 1918 471 aliquales
1934 426 1993 459 ex
2007 426 2063 467 eo

163 483 289 542 quod
308 481 529 539 competit
549 481 618 526 eis
636 480 897 525 secundum
911 478 1124 536 proprias
1145 489 1330 533 causaS,
1354 489 1450 520 non
1472 481 1626 521 autem
1653 489 1710 521 ex
1728 487 1788 522 eo
1806 475 1933 532 quod
1951 487 2063 520 con-

165 545 293 591 venit
314 544 383 590 eis
401 543 662 589 secundum
685 554 853 588 causas
881 541 1057 599 primas
1076 544 1123 585 et
1141 539 1460 595 universales;
1492 538 1613 584 sicut
1638 538 1838 584 dicimus
1860 537 2062 594 aliquem

160 606 380 652 morbum
399 616 505 650 esse
524 603 850 660 incurabilem,
868 615 965 650 non
988 601 1099 659 quia
1122 614 1217 646 non
1237 605 1391 659 potest
1407 601 1559 645 curari
1583 601 1610 645 a
1628 604 1738 655 De0,
1758 599 1842 645 sed
1860 599 1969 656 quia
1980 610 2065 655 per

160 666 350 724 propria
370 665 599 724 principia
618 664 819 723 subjecti
833 663 987 710 curari
1011 676 1106 709 non
1129 667 1297 721 potest.
1329 662 1400 707 Sic
1424 673 1534 718 ergo
1559 662 1725 708 dicitur
1752 661 1908 718 aliqua
1931 673 2064 706 crea-

161 733 267 774 tura
290 740 385 773 11011
412 740 515 772 esse
538 727 893 785 assumptibilis,
926 738 1022 771 non
1056 725 1113 771 ad
1149 724 1521 773 subtrahendum
1546 724 1719 781 aliquid
1742 723 1958 780 potentiae
1990 721 2064 767 di-

161 789 299 847 vinae,
319 789 404 835 sed
427 789 487 834 ad
501 789 847 835 ostendendum
861 787 1175 833 conditionem
1195 792 1439 844 creaturae,
1463 797 1568 843 quae
1584 787 1643 831 ad
1656 787 1744 830 hoc
1758 783 2062 842 aptitudinem

161 862 259 896 non
279 850 436 896 habet.

214 912 284 959 Ad
305 913 550 957 secundum
573 911 842 968 dicendum,
873 910 999 968 qued
1021 908 1276 955 similitudo
1308 907 1526 966 imaginis
1549 908 1802 954 attenditur
1824 907 1874 951 in
1896 912 2062 952 natura

159 973 384 1031 humana,
406 973 670 1019 secundum
689 973 816 1030 quod
839 977 911 1018 est
928 985 1078 1029 capax
1098 972 1195 1026 Dei,
1216 971 1393 1016 scilicet
1406 970 1561 1028 ipsum
1585 969 1860 1028 attingendo
1875 967 2063 1026 propria

160 1035 432 1093 operatione
451 1035 734 1093 cognitionis
752 1040 799 1080 et
821 1035 1010 1080 amoris.
1032 1033 1292 1078 Similitudo
1322 1036 1478 1078 autem
1502 1032 1686 1090 vestigii
1707 1031 1962 1078 attenditur
1990 1042 2063 1075 so-

160 1097 261 1143 lum
279 1098 540 1144 secundum
560 1097 1023 1154 repraesentationem
1053 1097 1256 1152 aliquam
1275 1108 1333 1140 ex
1351 1095 1658 1152 impressione
1681 1094 1838 1140 divina
1858 1094 1908 1138 in
1932 1105 2063 1139 crea-

161 1163 269 1204 tura
291 1159 594 1219 existentem,
620 1173 716 1205 non
744 1164 902 1204 autem
924 1172 984 1204 ex
1013 1171 1068 1204 eo
1091 1158 1215 1215 qued
1239 1162 1453 1203 creatura
1482 1157 1779 1212 irrationalis,
1801 1156 1852 1200 in
1878 1168 1973 1213 qua
1993 1159 2065 1200 est

160 1221 262 1266 sola
281 1221 388 1267 talis
411 1221 684 1279 similitudo,
704 1221 854 1279 possit
879 1224 1024 1266 Deum
1047 1221 1278 1277 attingere
1298 1232 1380 1276 per
1398 1220 1547 1264 solam
1569 1231 1704 1264 suam
1730 1217 2062 1276 operationem.

159 1282 294 1336 Quod
316 1286 475 1328 autem
496 1280 654 1328 deficit
675 1282 704 1326 a
726 1282 914 1339 minori,
938 1295 1033 1327 non
1054 1283 1194 1327 habet
1218 1281 1559 1338 congruitatem
1584 1281 1645 1326 ad
1662 1281 1711 1326 id
1729 1280 1856 1337 quod
1871 1283 1943 1324 est
1961 1291 2063 1323 ma·-

154 1343 257 1402 jUs3
280 1345 403 1391 sicut
416 1358 588 1403 corpus
607 1345 734 1402 quod
749 1358 845 1390 non
865 1350 938 1391 est
949 1352 1109 1403 aptum
1124 1341 1282 1402 perfici
1305 1345 1462 1389 anima
1478 1344 1718 1399 sensitiva,
1739 1342 1888 1388 multo
1905 1342 2063 1387 minus

159 1409 233 1450 est
261 1411 421 1463 aptum
454 1407 613 1463 perfici
643 1406 799 1451 anima
822 1406 1123 1452 intellectiva.
1145 1406 1284 1452 Multo
1308 1410 1465 1451 autem
1484 1405 1634 1462 maj0r
1658 1410 1703 1450 et
1728 1403 1975 1462 perfectior
1993 1407 2065 1448 est

157 1466 273 1512 unio
287 1468 347 1513 ad
364 1471 510 1513 Deum
526 1468 788 1518 secundum
803 1481 895 1511 esse
917 1468 1163 1524 personale
1183 1467 1326 1525 quam
1347 1480 1453 1524 quae
1471 1472 1543 1512 est
1558 1467 1821 1512 secundum
1835 1464 2064 1523 operatio-

157 1541 283 1574 nem.
304 1532 358 1574 Et
376 1530 481 1576 ideo
499 1535 713 1576 creatura
734 1530 1016 1575 irrati0nalis
1040 1543 1146 1588 quae
1169 1531 1325 1576 deficit
1342 1530 1400 1575 ab
1424 1530 1598 1575 unione
1611 1530 1670 1576 ad
1686 1533 1832 1575 Deum
1846 1541 1930 1587 per
1950 1539 2065 1584 ope-

157 1590 410 1696 ratlionem,
440 1605 537 1637 non
565 1592 708 1638 habet
732 1593 1075 1649 congruitatem
1111 1597 1164 1638 ut
1200 1594 1392 1638 uniatur
1420 1592 1464 1637 ei
1491 1592 1751 1637 secundum
1782 1604 1876 1636 esse
1903 1602 2063 1648 perso-

158 1664 220 1696 na
238 1664 265 1697 e
286 1655 365 1708 (2).

212 1713 280 1759 Ad
309 1716 492 1758 tertium
513 1714 787 1772 dicendum,
806 1715 934 1772 qued
953 1716 1146 1774 quidam
1168 1715 1332 1762 dicunt
1354 1716 1577 1773 angelum
1595 1728 1693 1761 non
1713 1727 1819 1761 esse
1845 1725 2065 1772 assump-

157 1774 355 1830 tibilem,
381 1775 491 1832 quia
506 1775 534 1819 a
548 1776 777 1834 principio
794 1789 894 1822 suae
905 1778 1154 1823 creationis
1176 1782 1248 1823 est
1273 1778 1322 1822 in
1342 1791 1429 1823 sua
1451 1777 1781 1835 personalitate
1808 1777 2063 1834 perfectus,

157 1840 266 1883 cum
286 1850 383 1882 non
404 1837 645 1895 subjaceat
663 1839 955 1895 generationi
975 1845 1021 1886 et
1038 1840 1326 1898 corruptioni
1347 1854 1360 1885 ε
1384 1841 1511 1885 unde
1532 1852 1628 1884 non
1647 1843 1807 1897 posset
1822 1839 1871 1884 in
1897 1838 2060 1884 unita-

158 1902 252 1945 tem
271 1898 440 1944 divinae
452 1911 666 1956 personae
685 1901 880 1958 assumi,
900 1901 991 1946 nisi
1010 1901 1114 1958 eJus
1129 1902 1438 1959 personalitas
1452 1902 1773 1947 destrueretur
1791 1916 1806 1945 2
1831 1900 1959 1959 quod
1980 1911 2061 1947 ne-

157 1972 251 2018 que
271 1961 489 2005 convenit
507 1960 931 2018 incorruptibilitati
950 1967 1128 2007 naturae
1143 1962 1263 2020 eJ'us,
1285 1975 1441 2021 neque
1459 1962 1655 2008 bonitati
1679 1962 1986 2020 assumentis3
2002 1962 2064 2010 ad

156 2034 299 2080 quam
315 2035 410 2067 non
427 2022 628 2080 pertinet
644 2024 770 2080 quod
788 2024 966 2082 aliquid
980 2025 1280 2082 perfectionis
1300 2025 1349 2070 in
1369 2030 1582 2071 creatura
1602 2029 1844 2082 assumpta
1857 2036 2064 2070 corrum-

154 2089 253 2143 pat.
276 2085 364 2130 Sed
386 2085 475 2130 hoc
497 2097 591 2129 non
622 2085 808 2132 videtur
829 2086 1078 2133 excludere
1107 2088 1311 2133 totaliter
1349 2087 1689 2145 congruitatem
1727 2086 2063 2144 assumptionis

155 2146 380 2204 angelicae
402 2151 599 2192 naturae.
631 2149 786 2193 Potest
813 2148 939 2193 enim
967 2151 1088 2194 Deus
1110 2149 1412 2207 producendo
1444 2161 1615 2194 novam
1638 2148 1898 2205 angelicam
1920 2153 2063 2195 natu-

156 2220 258 2254 ram
271 2207 490 2264 copulare
510 2220 613 2253 eam
633 2209 721 2253 sibi
743 2210 792 2254 in
810 2210 992 2266 unitate
1014 2223 1254 2268 personae3
1278 2215 1326 2255 et
1344 2210 1412 2255 sic
1423 2210 1538 2255 nihil
1554 2211 1860 2267 praeexistens
1874 2210 1939 2255 ibi
1955 2223 2063 2256 cor-

155 2275 463 2326 rumperetur.
489 2270 592 2326 Sed,
618 2271 739 2315 sicut
757 2271 933 2317 dIctum
952 2277 1025 2317 est
1045 2272 1110 2327 (in
1135 2285 1262 2329 corp.
1283 2274 1409 2328 art.),
1424 2272 1555 2318 deest
1566 2272 1837 2329 congruitas
1855 2285 1915 2318 ex
1928 2277 2061 2330 parte

156 2331 451 2376 necessitatis
473 2345 487 2376 :
511 2332 622 2389 quia
641 2332 729 2377 etsi
750 2337 920 2378 natura
943 2334 1155 2390 angelica
1178 2334 1227 2378 in
1257 2333 1494 2391 aliquibus
1517 2339 1710 2390 peccato
1739 2334 1966 2393 subjacet,
1989 2340 2062 2383 est

157 2398 315 2438 tamen
339 2393 443 2450 eJus
475 2398 720 2450 peccatum
749 2394 1089 2440 irremediabile
1126 2398 1204 2453 (3),
1227 2400 1282 2441 ut
1309 2395 1358 2440 in
1396 2396 1547 2454 prima
1575 2401 1706 2454 parte
1741 2397 1953 2443 habitum
1987 2403 2061 2444 est

159 2456 342 2511 (quaest.
360 2467 474 2510 Lx1v,
498 2459 584 2499 art.
606 2458 664 2510 2).

212 2517 280 2563 Ad
297 2521 514 2574 quartum
536 2517 802 2575 dicendum,
826 2520 951 2577 quod
973 2521 1194 2578 perfectio
1216 2521 1424 2567 universi
1457 2535 1553 2567 non
1572 2527 1644 2568 est
1664 2524 1887 2580 perfectio
1916 2524 2059 2571 unius

157 2590 370 2637 personae
390 2579 465 2624 vel
485 2581 730 2638 suppositi,
755 2582 840 2627 sed
860 2582 964 2640 ejus
982 2584 1109 2640 quod
1127 2590 1199 2629 est
1213 2596 1363 2629 unum
1382 2585 1613 2641 positione
1627 2586 1706 2630 vel
1716 2586 1897 2643 ordine,
1922 2586 2060 2646 cujus

157 2640 372 2697 plurimae
389 2646 544 2698 partes
568 2654 663 2686 non
686 2647 798 2688 sunt
819 2645 1184 2703 assumptibileS,
1206 2650 1260 2691 ut
1278 2646 1453 2692 dictum
1476 2652 1549 2692 est
1571 2648 1635 2702 (in
1657 2661 1786 2705 corp.
1810 2655 1897 2694 art.
1915 2649 1976 2695 ad
1993 2652 2056 2706 1).

159 2702 288 2748 Unde
312 2702 591 2760 relinquitur
609 2704 738 2761 quod
753 2705 903 2750 solum
925 2711 1093 2752 natura
1115 2709 1323 2752 humana
1347 2709 1407 2752 sit
1425 2709 1777 2767 assumptibilis.

307 2774 652 2816 ARTICULUS
680 2777 740 2818 11.
769 2798 826 2807 -
854 2789 991 2819 rmum
1021 2790 1156 2820 rimus
1185 2791 1254 2821 nm
1282 2790 1562 2821 assumserit·
1590 2790 1806 2822 rnnsonau
1827 2778 1904 2835 (4).

213 2838 281 2885 Ad
313 2840 571 2884 secundum
605 2840 672 2885 sic
707 2842 989 2898 proceditur.
1022 2847 1063 2888 1.
1095 2844 1284 2889 Videtur
1313 2844 1436 2901 quod
1468 2844 1609 2889 Filius
1633 2845 1713 2890 Dei
1750 2848 2057 2905 assumpserit

201 2969 245 3012 (⁴1)
262 2969 508 3009 Congruenter,
530 2973 569 3004 111
586 2971 789 3012 supponitur
806 2984 846 3007 ex
873 2973 1063 3015 praemissis‚
1190 2975 1235 3016 (5)
1254 2973 1351 3017 Quod
1367 2986 1434 3009 non
1456 2974 1717 3015 intelligendum
1736 2980 1787 3012 est
1810 2977 1975 3020 absolute,
1996 2979 2057 3016 sod

159 3028 229 3056 non
255 3016 404 3051 absolute
428 3017 544 3059 quovis
565 3019 666 3053 modo
692 3031 700 3052 t
717 3019 765 3053 sic
791 3020 883 3055 enim
910 3025 1065 3057 creatura
1146 3021 1240 3061 Juxta
1255 3022 1393 3056 modum
1404 3022 1528 3057 divinae
1544 3023 1767 3059 Providentiae
1781 3030 2053 3063 consentancum.

164 3063 320 3107 auoelibet
331 3068 423 3105 iuxta
445 3064 693 3107 beneplacitum
709 3067 771 3102 Dei
792 3067 915 3103 assumi
941 3073 1062 3111 potest.
1147 3068 1288 3109 Insuper
1303 3069 1440 3109 angelus
1457 3070 1579 3105 cecidit
1594 3071 1733 3113 propria
1748 3071 1936 3114 voluntate,
1951 3074 2055 3110 bomo

203 3112 249 3155 (2)
276 3112 315 3147 Id
333 3117 443 3147 tamen
459 3124 527 3148 non
557 3113 709 3149 absolute
721 3121 898 3159 repugnat,
918 3117 1064 3160 quippe,
1147 3117 1320 3153 voluntate
1348 3118 1470 3159 aliena,
1490 3119 1580 3154 unde
1603 3120 1713 3161 magis
1737 3126 1810 3156 erat
1832 3122 2053 3160 miseratione

159 3162 199 3194 111
213 3160 262 3194 ait
274 3159 431 3199 Billuart,
447 3159 600 3194 Verbum
616 3163 792 3204 assumpsit
804 3167 963 3199 naturam
982 3165 1064 3200 irra-
1149 3165 1281 3207 dignus.

159 3206 320 3263 tionalem
339 3207 701 3262 etinsensibilem,ci1m
710 3211 823 3246 triduo
838 3214 957 3248 mortis
968 3225 1064 3248 man·
1189 3214 1234 3256 (4)
1262 3214 1421 3253 Negativt»
1449 3215 1629 3258 respondet
1657 3216 1691 3251 S.
1716 3217 1860 3258 Doctor,
1887 3219 1977 3260 quod
2005 3220 2051 3257 ita

159 3258 206 3310 311
228 3258 365 3289 mutum
385 3254 589 3310 hypostatice
619 3256 769 3293 cadaveri
783 3285 792 3300 ,
812 3261 1064 3297 communicans
1148 3260 1306 3296 definivit
1337 3262 1520 3297 concilium
1553 3263 1755 3298 Toletanum
1784 3265 1832 3306 (vl
1845 3292 1853 3303 .
1886 3278 1959 3302 can.
1991 3268 2022 3305 l>
2038 3280 2048 3304 z

160 3311 193 3336 ei
206 3313 299 3336 suam
319 3302 590 3357 personalitatem
603 3329 614 3346 ‚
627 3315 694 3338 non
711 3305 847 3346 quidem
861 3308 922 3342 snb
932 3309 1063 3345 ratione
1148 3310 1247 3345 Deus
1260 3311 1443 3353 perfectus
1456 3314 1489 3345 el
1506 3312 1610 3346 homo
1627 3312 1832 3355 perfectus,-
1846 3315 1890 3348 in
1905 3314 2050 3351 duabus

159 3349 487 3391 personali‘tatis,se‹l
498 3351 559 3386 sub
571 3351 700 3387 ratione
711 3353 932 3390 subsistentia
943 3357 1064 3392 consti·
1146 3360 1294 3393 naturis
1316 3368 1394 3393 una
1409 3369 1573 3403 persona
1584 3372 1596 3399 ‚·
1611 3369 1657 3393 ηε
1674 3362 1906 3403 quaternitas
1925 3362 2047 3398 Trini—

162 3397 289 3452 tuentis
298 3409 364 3452 non
377 3409 564 3439 personam,
579 3400 634 3434 sed
645 3401 865 3443 suppositum,
878 3404 956 3445 quia
969 3416 1058 3439 crea-
1145 3408 1213 3441 {ati
1239 3407 1443 3448 accederet,
1467 3408 1501 3442 si
1523 3409 1566 3442 in
1584 3407 1731 3442 Christo
1751 3411 1936 3451 qemcnaea
1958 3415 2048 3449 esset

161 3444 241 3480 tura
251 3446 455 3481 irrationalis
466 3451 516 3482 est
529 3447 665 3491 incapax
677 3449 888 3485 denominari
906 3462 1057 3491 persona.
1144 3464 1319 3497 persona.
