2170 3808
170 193 254 237 348
839 191 1038 243 QUAEST.
1068 191 1195 246 xm,
1219 191 1335 234 ΛΒΤ.
1367 194 1400 235 ι.

171 274 424 331 cupiditate
456 271 616 329 gloriae
643 274 842 336 conatus
871 279 943 315 est
974 271 1196 316 inducere
1230 272 1289 316 ad
1316 272 1592 318 tentandum
1624 275 1768 317 Deum
1795 283 1879 328 per
1904 273 2068 329 praeci·

206 336 354 380 itium.

172 349 203 393 p
229 397 296 442 Ad
320 398 536 452 quartam
558 394 825 447 dicendum,
851 393 992 450 quod,
1013 395 1134 439 sicut
1156 394 1270 438 dixit
1292 395 1561 440 Ambrosius
1583 398 1746 451 <Super
1764 399 1872 438 Luc.
1898 405 2002 449 cap.
2021 396 2066 450 4,

173 457 222 503 in
249 457 395 502 illud:
417 461 478 501 Et
498 459 813 500 consummata
838 460 974 511 omni,
999 458 1134 511 etc.):
1155 474 1174 493 «
1201 458 1298 500 Non
1323 456 1516 502 dixisset
1537 457 1786 513 Scriptura,
1808 453 1932 511 quod
1957 465 2068 498 con-

173 521 407 565 summata
438 518 563 563 omni
599 519 867 575 tentatione,
892 517 1106 563 diabolus
1135 517 1329 563 recessit
1356 517 1415 562 ab
1443 518 1539 575 illo,
1571 519 1660 563 nisi
1691 518 1738 562 in
1770 517 1921 562 tribus
1948 528 2069 572 prae-

172 580 329 625 missis
352 585 476 625 esset
499 580 710 625 omnium
737 580 932 624 materia
950 580 1250 635 delictorum3
1277 579 1386 636 quia
1407 592 1560 625 causae
1579 580 1887 626 tentationum
1914 589 2068 623 causae

175 649 287 687 sunt
314 643 649 700 cupiditatum,
680 642 857 687 scilicet
883 642 1039 687 carnis
1067 641 1336 700 oblectatio,
1367 654 1474 699 spes
1503 643 1661 700 gloriae
1689 647 1736 688 et
1764 641 1960 686 aviditas
1986 651 2067 696 po-

174 705 330 749 tentiae
353 708 426 759 (1).
449 724 470 744 »

230 768 293 812 Ad
315 770 520 822 quintum
539 765 808 821 dicendum,
830 764 974 822 quod,
995 764 1117 810 sicut
1127 764 1416 822 Augustinus
1437 765 1548 810 dicit
1569 768 1647 820 (De
1658 777 1895 811 consensu
1918 765 2066 808 Evan-

174 830 266 886 gel.
290 829 371 873 lib.
397 843 449 887 n,
473 841 576 885 cap.
603 830 692 885 16),
719 845 740 866 «ι
771 827 1003 872 incertum
1035 833 1106 872 est
1134 827 1246 885 quid
1281 827 1410 884 prius
1429 827 1601 872 factum
1625 828 1706 878 sit:
1731 828 1888 872 utrum
1921 837 2064 882 regna

173 895 309 935 terrae
338 890 469 947 prius
491 890 807 933 demonstrata
831 888 924 933 sint
945 889 1011 940 ei.
1034 893 1081 934 et
1106 894 1268 944 postea
1294 888 1344 933 in
1374 889 1676 947 pinnaculum
1705 889 1863 945 templi
1887 888 2065 933 locatus

172 951 258 1007 sit3
283 964 343 995 an
370 952 457 995 hoc
483 951 635 1006 prius,
660 955 706 995 et
730 950 845 996 illud
869 956 1053 1006 postea,
1080 950 1195 994 nihil
1224 955 1381 995 tamen
1404 951 1463 995 ad
1486 962 1608 1008 rem,
1632 951 1745 996 dum
1768 949 1925 994 omnia
1947 949 2065 993 sacta
2090 957 2098 963 ·

173 1025 276 1058 esse
309 1012 609 1056 manifestum
647 1011 723 1057 sit.
757 1031 778 1052 »
813 1012 1033 1057 Videntur
1061 1017 1219 1056 autem
1248 1012 1547 1068 evangelistae
1584 1012 1821 1057 diversum
1855 1009 2064 1055 ordinem

172 1074 396 1129 tenuisse,
418 1074 528 1130 quia
546 1073 828 1132 quandoque
845 1087 904 1119 ex
923 1073 1047 1117 inani
1067 1073 1214 1130 gloria
1232 1072 1418 1118 venitur
1436 1073 1494 1118 ad
1519 1073 1837 1131 cupiditatem,
1856 1072 2064 1130 quando-

172 1147 264 1193 que
288 1137 314 1180 ὁ
336 1147 581 1180 converso.

228 1197 295 1243 Ad
327 1202 508 1242 sextum
540 1197 818 1254 dicendum,
849 1196 975 1254 quod
1006 1198 1237 1254 Christus,
1265 1198 1372 1243 cum
1406 1210 1575 1255 passus
1604 1196 2065 1252 suissettentationis

172 1258 410 1317 injuriam,
431 1260 614 1304 dicente
636 1259 725 1304 sibi
747 1260 959 1305 diabolo:
981 1263 1031 1304 Sz·
1052 1260 1197 1303 Filius
1219 1264 1304 1303 Dez‘
1326 1274 1389 1317 es,
1412 1264 1540 1304 mitte
1565 1263 1607 1303 te
1630 1261 1856 1315 deorsam,
1879 1272 1972 1304 non
1994 1264 2064 1304 est

172 1324 403 1377 turbatus,
423 1334 509 1366 nec
528 1322 767 1367 diabolum
790 1321 1061 1378 increpavit.
1084 1321 1277 1374 Quando
1294 1322 1405 1367 vero
1427 1322 1640 1367 diabolus
1658 1322 1734 1366 Dei
1758 1321 1845 1367 sibi
1869 1334 2063 1378 usurpa-

169 1383 238 1428 vit
260 1384 502 1439 honorem,
525 1383 687 1430 dicens
707 1399 717 1426 ε
735 1388 841 1428 Haec
859 1387 1010 1427 omnia
1031 1385 1110 1427 tibi
1126 1385 1255 1441 dabo,
1274 1388 1314 1427 si
1333 1386 1517 1441 cadens,
1533 1386 1804 1429 adoraveris
1819 1397 1903 1439 me,
1926 1395 2064 1428 exas-

169 1453 360 1503 peratus
381 1451 453 1490 est
474 1452 520 1491 et
542 1446 710 1503 repulit
733 1458 857 1502 eum,
883 1446 1073 1491 dicens:
1096 1447 1240 1502 Vade,
1264 1449 1469 1503 Satana‚·
1490 1451 1542 1492 ut
1574 1459 1661 1491 nos
1683 1447 1807 1492 illius
1828 1447 2064 1491 discamus

169 1508 400 1565 exemplo,
423 1512 608 1552 nostras
627 1507 817 1564 quidem
839 1507 901 1565 inj
910 1508 1033 1552 urias
1055 1508 1378 1565 aequanimiter
1397 1508 1644 1565 sustinere,
1663 1508 1743 1553 Dei
1766 1513 1921 1553 autem
1940 1508 2065 1565 injU-

168 1569 263 1614 rias
285 1583 369 1615 nec
394 1583 545 1627 usque
567 1571 627 1615 ad
650 1570 861 1615 auditum
882 1570 1091 1615 sufferre.

224 1632 291 1677 Ad
322 1635 558 1688 septimum
587 1631 862 1687 dicendum,
887 1631 1036 1688 quod,
1064 1632 1186 1676 sicut
1218 1632 1575 1690 Chrysostomus
1596 1631 1706 1677 dicit
1736 1630 1875 1684 (alius
1904 1636 2066 1690 auctor

168 1693 295 1738 hom.
319 1707 345 1736 v
372 1693 421 1736 in
441 1695 524 1749 Op.
546 1692 804 1749 imperfect.
826 1693 949 1737 circa
970 1693 1131 1751 med),
1156 1711 1177 1732 «
1197 1693 1391 1738 forsitan
1417 1693 1647 1750 diaboluS,
1669 1694 1896 1750 quantum
1918 1693 1978 1739 ad
1996 1705 2064 1751 se,

170 1755 239 1800 sic
262 1755 491 1799 Christum
516 1754 786 1799 assumebat
813 1754 860 1798 in
884 1755 1185 1811 pinnaculum
1215 1755 1396 1813 templi,
1420 1759 1469 1800 ut
1490 1756 1550 1800 ab
1568 1754 1786 1800 omnibus
1807 1755 2063 1814 videretur3

168 1818 269 1875 ipse
297 1822 470 1874 autem,
493 1817 730 1862 nesciente
753 1817 952 1877 diabolo,
979 1818 1046 1862 sic
1075 1817 1242 1875 agebat
1269 1823 1323 1863 ut
1349 1818 1378 1862 a
1405 1818 1591 1863 nemine
1611 1817 1862 1863 videretur.
1888 1837 1908 1858 »
1936 1817 2066 1870 Quod

169 1885 326 1923 autem
349 1878 488 1923 dicit:
506 1883 567 1922 Et
591 1879 786 1922 ostendit
807 1882 848 1922 ei
870 1883 1023 1923 omnia
1042 1893 1185 1937 reqna
1206 1880 1379 1934 mandi,
1403 1884 1448 1924 et
1469 1880 1667 1938 yloriam
1688 1893 1857 1934 eorum,
1878 1892 1968 1923 non
1996 1883 2066 1926 est

168 1940 522 1996 intelligendum
547 1939 673 1996 quod
696 1940 874 1985 videret
902 1940 1002 1998 ipsa
1025 1954 1187 1999 regna,
1207 1941 1283 1986 vel
1303 1941 1514 1986 civitates
1543 1953 1722 1999 eorum,
1747 1941 1821 1986 vel
1851 1941 2064 1998 populos,

167 2003 242 2047 vel
274 2015 469 2058 aurum,
501 2002 574 2046 vel
607 2007 880 2059 argentum3
916 2004 997 2049 sed
1033 2010 1189 2061 partes
1220 2010 1377 2060 terrae,
1412 2004 1460 2048 in
1491 2004 1661 2061 quibus
1694 2004 2065 2061 unumquodque

168 2076 393 2121 regnum,
417 2064 487 2108 vel
520 2064 683 2109 civitas
712 2064 863 2121 posita
891 2071 985 2123 est,
1012 2066 1225 2112 diabolus
1252 2066 1431 2110 Christo
1453 2066 1596 2123 digito
1624 2065 1995 2122 demonstrabat,
2020 2071 2064 2111 et

167 2126 541 2183 uniuscujusque
565 2127 696 2183 regni
730 2129 931 2172 honores
953 2135 1000 2174 et
1022 2135 1194 2173 statum
1215 2128 1372 2174 verbis
1393 2129 1671 2185 exponebat.
1695 2128 1774 2172 Vel
1806 2128 2062 2173 secundum

168 2189 352 2244 origen.
378 2188 517 2241 (hom.
534 2202 615 2231 xxx
634 2189 682 2232 in
703 2190 809 2233 Luc.
832 2195 940 2234 ante
959 2191 1117 2247 med),
1133 2190 1338 2235 ostendit
1356 2189 1398 2234 ei
1416 2190 1648 2247 quomodo
1667 2189 1766 2247 ipse
1783 2202 1868 2247 per
1882 2190 2065 2236 diversa

167 2250 282 2295 vitia
306 2249 532 2306 regnabat
553 2251 599 2294 in
623 2251 816 2296 mundo.

417 2494 478 2529 DE
512 2494 748 2530 DOCTRINA
780 2493 983 2543 CHR1ST1,
1015 2495 1063 2530 ΙΝ
1097 2495 1319 2537 QUATUOR
1351 2485 1609 2533 ARTIGU'LOS
1641 2496 1808 2532 DIVISA.

216 2581 370 2622 Deinde
394 2582 737 2623 considerandum
763 2587 824 2624 est
842 2582 892 2622 de
912 2583 1097 2623 doctrina
1114 2584 1288 2624 Christi:
1309 2586 1349 2624 et
1365 2584 1471 2625 circa
1490 2584 1566 2626 hoc
1587 2588 1833 2637 quaeruntur
1853 2590 2059 2637 quatuor-z

169 2641 205 2677 1⁰
219 2637 367 2677 Utrum
385 2638 572 2678 Christus
587 2638 770 2678 debuerit
782 2639 996 2690 praedicare
1011 2638 1146 2679 solum
1160 2640 1181 2679 J
1187 2640 1331 2690 udaeis,
1342 2651 1395 2679 an
1410 2640 1536 2680 etiam
1550 2640 1787 2691 gentilibus.
1799 2663 1846 2670 -
1860 2649 1899 2681 2⁰
1912 2642 2062 2682 Utrum

165 2691 209 2731 in
225 2703 299 2731 sua
320 2693 606 2742 praedicatione
629 2693 815 2734 debuerit
840 2693 1118 2734 turbationem
1145 2695 1383 2735 Judaeorum
1407 2695 1551 2736 vitare.
1574 2717 1619 2724 —
1644 2701 1683 2735 3⁰
1706 2695 1852 2736 Utrum
1876 2696 2062 2739 debuerit

168 2748 391 2800 praedicare
412 2749 571 2801 publice
596 2749 660 2789 vel
680 2749 849 2790 occulte.
875 2771 922 2778 —
945 2754 984 2789 4⁰
1009 2750 1157 2791 Utrum
1179 2751 1364 2791 debuerit
1385 2750 1525 2792 doc-ere
1547 2751 1681 2792 solum
1700 2752 1822 2792 verbo
1847 2751 1910 2792 vel
1936 2753 2060 2794 etiam

164 2804 331 2855 scripto.
345 2826 389 2833 -
401 2806 457 2844 De
470 2810 648 2857 tempore
663 2809 802 2846 autem
817 2817 899 2856 quo
918 2805 1056 2846 docere
1070 2806 1253 2859 incoepit‚
1270 2819 1391 2859 supra
1406 2806 1566 2849 dictum
1579 2811 1639 2848 est
1651 2809 1808 2859 (quaest.
1825 2811 2060 2859 xxx1x‚art.

169 2860 222 2910 3),
242 2861 335 2899 cum
352 2859 400 2900 de
420 2861 623 2911 baptismo
640 2861 730 2914 ejus
751 2866 951 2912 ageretur.

270 2924 614 2967 ARTICULUS
638 2927 676 2968 1.
691 2948 747 2955 —
770 2938 906 2968 ornum
931 2938 1188 2969 CONVEMENS
1210 2939 1360 2969 Femur
1381 2940 1590 2971 cumsrtm
1611 2938 1776 2982 musteis,
1801 2939 1852 2970 m·
1872 2938 1954 2970 uon

815 3000 1051 3031 Gemmeus
1073 3001 1316 3040 PRAEchnE
1337 2991 1409 3044 (2).

563 3057 610 3090 De
632 3055 684 3090 his
702 3056 803 3090 etiam
827 3057 919 3091 Sent.
936 3065 989 3098 ιιι,
1006 3055 1084 3091 dist.
1099 3056 1132 3096 5,
1153 3056 1188 3090 in
1213 3057 1362 3098 Exposit.
1379 3058 1450 3093 litt.
1469 3057 1553 3094 circ.
1571 3057 1663 3093 med.

220 3105 286 3150 Ad
308 3108 510 3163 primum
535 3109 602 3153 sic
625 3110 908 3166 proceditur.
933 3114 975 3154 1.
996 3110 1182 3156 Videtur
1202 3111 1327 3167 quod
1350 3112 1559 3157 Christus
1581 3124 1673 3156 non
1699 3111 1849 3156 solum
1870 3111 2054 3170 Judaeis,
2099 3105 2106 3112 ’

206 3202 250 3244 (t)
269 3203 358 3237 Ilinc
373 3203 499 3238 dicitur
516 3205 553 3243 (Ι.
572 3206 667 3239 Joan.
689 3214 728 3246 u,
743 3206 796 3247 ⁴6)
814 3218 823 3241 z
850 3207 963 3241 Omne
974 3206 1070 3251 quod
1155 3208 1209 3243 bis
1229 3209 1421 3252 oportebat
1437 3209 1600 3252 primum
1616 3208 1720 3251 loqui
1732 3207 1879 3242 verb-um
1898 3208 1978 3247 Dei,
1991 3207 2054 3244 sed

165 3254 246 3286 erat
272 3252 313 3285 in
338 3253 474 3287 mundo
493 3255 789 3296 concupiscentia
806 3255 933 3289 carnis
955 3259 1017 3294 est,
1036 3258 1069 3289 et
1155 3258 1331 3300 quoniam
1359 3257 1545 3299 repellitis
1572 3256 1696 3295 illud,
1724 3259 1757 3292 et
1788 3256 1963 3298 indiynos
1994 3264 2055 3290 σοι

164 3301 466 3342 eoncupiscentia
485 3301 679 3335 oculorum
705 3305 738 3338 et
767 3303 944 3347 superbia
971 3304 1065 3337 vitoe.
1149 3304 1334 3347 judicatis
1361 3309 1504 3338 oeternoe
1520 3305 1622 3344 vitoe,
1641 3315 1719 3338 ecce
1735 3303 1980 3338 convertimus
2004 3301 2054 3336 ad

206 3348 251 3389 (2)
280 3348 366 3381 Illud
397 3353 468 3382 erat
494 3348 697 3382 conveniens
734 3355 773 3384 ut
806 3351 896 3392 quod
938 3350 1067 3385 dictum
1154 3352 1298 3386 Gentes.
1318 3352 1382 3386 Sic
1405 3353 1503 3385 enim
1523 3353 1699 3393 proecepic
1724 3352 1828 3386 nobis
1843 3351 2017 3385 Dominus
2041 3361 2050 3384 z

166 3396 279 3430 fuerat
292 3398 308 3430 31
324 3397 497 3438 prophetis
509 3396 765 3439 adimpleretur,
783 3399 924 3440 ideoque
944 3399 1068 3433 Paulus
1153 3400 1268 3435 Posui
1299 3404 1331 3434 le
1347 3402 1391 3433 in
1415 3400 1532 3434 lucem
1551 3401 1717 3442 {lentibus
1730 3427 1737 3441 ,
1755 3404 1796 3434 ul
1815 3400 1865 3434 sis
1886 3401 1927 3434 in
1953 3398 2053 3433 salu-

164 3449 199 3480 et
215 3444 385 3480 Barnabas
402 3445 526 3480 Judaeis
539 3444 698 3479 dixerunt
713 3446 799 3487 (Act.
816 3455 891 3489 xm,
905 3447 976 3482 1⁴61:
1003 3448 1066 3483 Vo-
1153 3451 1221 3482 tem
1237 3457 1351 3492 usque
1365 3446 1414 3481 ad
1430 3452 1633 3483 extremum
1647 3453 1769 3483 (ετ-να,
