2170 3808
223 280 308 323 632

228 359 332 398 ΛΒΤ.
349 368 426 396 xu.
438 356 586 395 Utrum
605 355 691 395 haeo
712 356 766 395 sit
779 365 874 396 vera
891 367 902 394 t
923 354 1063 394 Chris-

276 414 358 460 tus,
374 411 601 450 seoundum
616 410 727 461 quod
750 410 889 460 homo,
906 412 967 449 est
985 409 1066 462 hy-

279 466 449 519 postasis
465 467 529 506 vel
550 477 736 517 persona.

501 541 739 589 {QUAESTIO
763 543 884 582 XVII.

233 610 282 645 De
307 610 577 652 pertinentibus
598 611 648 645 ad
666 613 849 646 unitatem
874 612 916 646 in
934 610 1079 646 Christo

268 659 450 702 quantam
466 659 516 693 ad
533 669 622 700 esse,
640 660 682 694 in
698 660 791 695 daos
811 660 992 694 articulos
1021 659 1077 693 di-

227 723 401 807 Agarsel·
436 768 587 808 Utrum
618 768 806 810 ChriStus
836 770 891 810 sit
927 781 1062 810 unum

226 821 338 917 Αέἒ
356 822 572 918 guam-lm
587 879 632 918 in
648 878 811 920 Christo
829 880 883 920 sit
895 882 1061 921 tantum

272 942 409 971 unum
423 944 523 973 esse.

491 1009 719 1056 QUAESTIO
746 1011 888 1052 XVIII.

232 1073 280 1109 De
297 1077 568 1119 pertinentibus
586 1078 636 1111 ad
656 1079 838 1115 unitatem
864 1082 906 1115 in
924 1081 1075 1118 Christo

265 1125 445 1166 quantum
468 1125 519 1159 ad
532 1126 771 1170 voluntatem,
790 1129 835 1163 in
848 1139 916 1165 sex
931 1131 1072 1165 articu-

1090 830 1157 866 162

1091 943 1157 977 164

265 1171 319 1205 los
336 1171 471 1207 divisa.

225 1232 326 1271 Am.
354 1244 384 1272 1.
413 1234 561 1275 Utrum
592 1235 637 1276 in
665 1235 828 1279 Christo
851 1238 937 1279 sint
964 1240 1058 1281 duae

269 1286 516 1331 voluntates.

221 1342 328 1381 ΛΒΤ.
352 1355 399 1383 11.
420 1344 568 1385 Utrum
587 1347 632 1386 in
653 1348 811 1389 Christo
829 1351 954 1391 fuerit
973 1354 1055 1393 ali-

270 1408 352 1448 quix
375 1400 569 1442 voluntas
602 1404 882 1446 sensualitatis
914 1413 1057 1458 praeter

269 1454 444 1494 rationis
461 1457 735 1500 voluntatem.

229 1508 332 1548 ΑΒΤ.
346 1521 410 1549 111.
424 1510 571 1551 Utrum
584 1513 1058 1559 inChristofuerintduae

268 1562 503 1605 voluntates
524 1568 731 1618 quantum
756 1570 809 1609 ad
838 1571 1053 1615 rationem.
1084 1581 1152 1617 170

218 1617 326 1657 ΑΒΤ.
339 1629 398 1658 iv.
415 1620 562 1659 Utrum
576 1621 621 1660 in
637 1622 798 1664 Christo
813 1624 937 1666 fuerit
956 1628 1056 1670 lihe-

269 1684 363 1712 rum
384 1673 621 1717 arbitrium.

222 1727 325 1768 ΑΒΤ.
359 1741 400 1768 v.
444 1730 590 1771 Utrum
635 1733 828 1776 voluntas
867 1737 1053 1781 humana

267 1782 419 1823 Christi
438 1785 560 1826 fuerit
572 1789 746 1829 omnino
762 1792 983 1835 conformis
994 1797 1053 1837 di-

1094 1180 1158 1216 166

1087 1304 1154 1339 166

1086 1471 1153 1507 169

1084 1692 1146 1728 171

267 1839 376 1878 vinae
397 1841 601 1882 voluntati
623 1844 668 1883 in
690 1845 829 1887 volito.
1082 1860 1148 1896 172

220 1893 324 1935 ΛΒΤ.
341 1906 398 1935 νι.
413 1897 563 1937 Utrum
575 1900 619 1938 in
639 1899 802 1942 Christo
820 1903 840 1942 s
842 1906 944 1946 uerit
958 1919 1053 1948 con-

266 1949 453 1991 trarietas
470 1954 752 1997 voluntatum.
1082 1971 1148 2007 174

512 2031 740 2078 QUAESTIO
758 2035 868 2076 XIX.

216 2094 270 2130 De
305 2098 577 2140 pertinentibus
622 2104 671 2137 ad
706 2107 888 2141 unitatem
924 2108 1070 2145 Christi

259 2148 440 2188 quantum
474 2149 524 2183 ad
549 2152 816 2196 operationem,
842 2156 883 2189 in
907 2162 1068 2199 quatuor

262 2194 444 2230 articulos
467 2196 603 2232 divisa.

221 2261 321 2295 ΑΒΤ.
340 2268 370 2296 1.
390 2256 538 2297 Utrum
554 2259 597 2298 in
612 2259 770 2302 Christo
790 2264 845 2303 sit
862 2276 945 2305 una
965 2271 1054 2308 tan·

268 2311 361 2351 tum
381 2314 563 2361 operatio
581 2314 817 2358 divinitatis
839 2323 879 2359 et
897 2320 1052 2363 huma-

264 2368 409 2408 nitatis

220 2426 320 2465 ΔΒΤ.
345 2435 392 2463 11.
411 2425 561 2464 Utrum
574 2425 621 2464 in
636 2426 797 2468 Christo
812 2429 897 2470 sint
916 2432 1052 2482 plures

262 2478 516 2533 operationes
535 2481 743 2522 humanae.

219 2533 320 2580 ΛΒΤ.
334 2545 399 2573 111.
412 2534 560 2574 Utrum
574 2537 678 2576 actio
695 2537 883 2580 humana
896 2541 1050 2584 Christi

263 2589 443 2640 potuerit
458 2601 542 2630 esse
561 2590 640 2630 sihi
652 2595 877 2635 meritoria.

220 2643 319 2684 ΛΒΤ.
343 2656 403 2685 rv.
421 2645 568 2686 Utrum
583 2646 773 2688 Christus
787 2649 884 2691 aliis
902 2654 1049 2695 mereri

263 2700 454 2752 potuerit.

1087 2210 1102 2243 11
1108 2211 1151 2246 76

1081 2387 1148 2423 176

1080 2495 1148 2532 179

1078 2607 1142 2643 181

507 2770 735 2818 QUAESTIO
758 2774 848 2815 XX.
1078 2717 1146 2754 ¹82

219 2841 266 2878 ve
276 2842 573 2877 convenientibus
585 2841 744 2886 Christo,
756 2847 957 2883 secundum
966 2851 1063 2894 quod

256 2890 366 2925 Patri
380 2890 455 2932 suit
470 2889 651 2933 subjectus
665 2916 675 2933 ,
691 2893 734 2928 in
749 2894 841 2930 duos
857 2898 1040 2935 articulos

254 2939 385 2974 divisa.

216 3003 318 3041 ΛΒΤ.
346 3012 377 3041 1.
403 3002 553 3042 Utrum
582 3003 805 3045 dicendum
826 3007 880 3047 sit
908 3008 1047 3049 Chris-

260 3059 355 3096 tum
368 3068 454 3097 esse
468 3058 700 3110 subjectum
719 3061 844 3103 Patri.

214 3112 318 3154 ΛΒΤ.
345 3123 392 3151 11.
419 3114 566 3154 Utrum
591 3114 781 3156 Christus
805 3117 862 3157 sit
886 3119 1043 3173 subjec-

260 3169 330 3207 tus
345 3166 424 3208 sibi
439 3167 533 3219 ipsi.

1080 2949 1146 2986 ⁴85

1076 3071 1144 3107 184

1075 3181 1143 3218 185

496 3252 719 3300 QUAESTIO
747 3255 856 3296 XXI.

216 3319 266 3358 De
300 3311 470 3357 oratione
497 3321 660 3365 Christi,
687 3325 729 3359 in
766 3330 928 3369 quatuor
963 3329 1059 3364 arti·

537 3374 638 3408 culos
654 3374 786 3410 divisa.

215 3440 316 3480 ΛΒΤ.
330 3452 360 3480 1.
372 3439 522 3482 Utrum
535 3440 694 3481 Christo
709 3447 910 3496 compe-tat
922 3456 1049 3486 orare.
1074 3453 1138 3488 187

214 3496 315 3536 ΛΒΤ.
357 3507 405 3536 11.
442 3497 591 3538 Utrum
627 3497 788 3539 Christo
827 3502 1044 3542 conveniat

983 276 1143 318 INDEX
1171 276 1370 318 RERUM.
2160 278 2170 336 g

1184 354 1192 359 ’
1255 365 1368 394 orare
1394 354 1623 396 secundum
1647 367 1768 396 suam
1795 354 2037 396 sensualita-

1094 469 1163 504 160
1207 463 1311 503 ΑΒΤ.
1346 475 1411 503 111.
1444 464 1590 504 Utrum
1629 466 1753 506 fuerit
1789 464 2038 506 conveniens

1098 715 1112 749 -1
1119 716 1162 750 62

1079 3380 1140 3415 ⁴⁸7
1187 3394 1292 3433 ΑΒΤ.
1314 3403 1344 3432 1.
1366 3390 1515 3432 Utrum
1545 3392 1631 3431 una
1653 3392 1695 3431 et
1716 3389 1857 3430 eadem
1875 3391 2019 3431 adora·
2091 3400 2095 3401 ⁷

1257 410 1353 448 tem.
2069 413 2134 451 189
2151 390 2170 470 {j}

1255 517 1466 558 Christum
1484 531 1555 571 pro
1570 532 1613 560 se
1630 532 1756 561 orare.
2066 524 2134 561 190
2159 501 2170 536 5⁴3

1207 572 1311 612 Am.
1327 584 1387 612 iv.
1402 574 1551 614 Utrum
1566 576 1696 615 oratio
1709 575 1860 616 Christi
1881 585 2039 627 semper

2159 553 2170 580 «ε

1254 628 1374 668 fuerit
1394 629 1599 670 exaudita.
2066 634 2131 671 191
2160 582 2170 711 Ξ

1479 714 1706 761 QUAESTIO
1726 714 1854 756 XXII.
2155 724 2170 779 ’ᾖ

1207 778 1257 814 De
1280 781 1488 816 sacerdotio
1518 781 1669 825 Christi,
1699 784 1742 818 in
1774 794 1841 820 aex
1870 784 2052 821 articulo·
2151 780 2170 843 Ξ

1598 832 1731 867 divisa.
2073 831 2135 868 {ss
2154 847 2170 884 Ἰς

1203 895 1307 935 Aur.
1327 908 1356 935 1.
1371 898 1522 937 Utrum
1536 898 1698 940 Christo
1718 900 1936 940 conveniat
1950 910 2037 941 esse
2155 886 2170 928 ³

1251 952 1512 992 sacerdotem.
2063 959 2133 997 193
2162 976 2168 983 ’-

1202 1005 1307 1045 ΑΒΤ.
1328 1019 1374 1046 11.
1399 1008 1549 1048 Utrum
1562 1009 1752 1051 Christus
1770 1011 1898 1051 simul
1913 1010 2037 1051 tuerit
2164 1019 2168 1025 '

1251 1062 1435 1102 sacerdos
1461 1068 1501 1103 et
1518 1065 1666 1105 hostia.

1202 1116 1308 1156 ΑΒΤ.
1347 1129 1412 1158 111.
1445 1118 1591 1158 Utrum
1624 1121 1788 1161 effectus
1822 1119 2036 1161 sacerdotii

1250 1171 1403 1213 Christi
1421 1175 1476 1214 sit
1493 1176 1671 1226 expiatio
1686 1178 1959 1227 peccatorum.

1200 1227 1306 1267 ΑΒΤ.
1341 1240 1398 1269 iv.
1435 1230 1585 1270 Utrum
1625 1231 1789 1272 effectus
1820 1229 2034 1272 sacerdotii

1248 1281 1397 1322 Christi
1430 1295 1513 1324 non
1544 1285 1680 1324 solum
1709 1285 1760 1325 ad
1788 1285 1891 1326 alios
1909 1285 2033 1337 perti-

1249 1337 1401 1388 nuerit,
1416 1339 1485 1379 sed
1506 1340 1633 1381 etiam
1653 1340 1705 1380 ad
1721 1341 1877 1392 ipsum.

1199 1393 1304 1432 ΑΒΤ.
1333 1405 1373 1433 v.
1402 1395 1551 1435 Utrum
1580 1396 1850 1437 sacerdotium
1878 1394 2032 1436 Christi

1248 1451 1481 1499 permaneat
1499 1450 1542 1488 in
1557 1453 1773 1491 aeternum.

1197 1503 1304 1542 ΑΒΤ.
1332 1515 1392 1543 vi.
1416 1505 1567 1544 Utrum
1588 1505 1862 1545 sacerdotium
1880 1506 2033 1548 Christi

1245 1559 1369 1652 ί1111011*ιῇ
1382 1559 1610 1599 secundum
1624 1559 1812 1601 ordinem
1826 1561 2033 1603 Melchise-

1273 1624 1316 1652 ec
1350 1642 1361 1653 .

2063 1068 2130 1106 194

2062 1179 2132 1215 190
2151 1163 2164 1232 -j

2061 1345 2128 1381 197
2156 1343 2161 1355 ”

2062 1457 2132 1493 199

2057 1624 2130 1659 200

1465 1700 1691 1748 QUAEsrio
1713 1701 1858 1742 xxm.
2156 1693 2159 1702 ³

1196 1767 1248 1802 De
1267 1768 1467 1813 adoptione
1490 1769 1642 1810 Christi,
1664 1771 1706 1806 in
1724 1774 1888 1816 quatuor
1901 1772 2048 1809 articu-
2148 1798 2156 1821 4

1551 1819 1605 1855 los
1623 1820 1756 1855 divisa.
2063 1823 2122 1860 20!
2155 1834 2157 1841 ¹

1195 1887 1300 1926 ΛΒΤ.
1329 1898 1359 1926 1.
1388 1887 1535 1927 Utrum
1568 1889 1648 1929 Deo
1679 1889 1897 1930 conveniat
1921 1889 2030 1931 filios

1243 1941 1448 1993 adoptare.

1195 1999 1300 2038 ΑΒΤ.
1335 2009 1382 2037 11.
1419 1997 1567 2037 Utrum
1592 1998 1785 2049 adoptare
1811 2000 2030 2042 conveniat

1243 2052 1318 2092 toti
1333 2052 1539 2093 Trinitati.

1195 2110 1300 2149 ΑΒΤ.
1335 2119 1399 2147 111.
1444 2108 1590 2149 Utrum
1617 2109 1802 2161 adoptari
1838 2110 1893 2151 sit
1934 2114 2053 2163 pro-⁷

1244 2164 1384 2215 prIum
1398 2163 1613 2204 rationalis
1630 2167 1839 2205 creaturae.

1194 2221 1299 2259 ΑΒΤ.
1326 2231 1384 2258 rv.
1401 2219 1550 2258 Utrum
1567 2220 1756 2260 Christus
1769 2250 1781 2270 ‚
1798 2221 2027 2262 secundum

1243 2274 1355 2326 quod
1377 2273 1513 2324 homo,
1552 2275 1607 2314 sit
1632 2275 1765 2315 Filius
1797 2274 1870 2316 Dei
1901 2276 2028 2331 adop-

1242 2331 1367 2370 tivus.

2054 1953 2123 1989 201

2055 2064 2126 2099 202
2158 2044 2166 2126 ’ἱ

2053 2172 2126 2210 203

2052 2338 2125 2376 205
2148 2359 2156 2368 „

1466 2413 1695 2461 QUAEsrlo
1721 2414 1865 2456 xxw.
2149 2402 2152 2406 ’

1195 2483 1246 2517 De
1263 2482 1595 2527 praedestinatione
1613 2484 1768 2527 Christi,
1805 2485 1849 2520 in
1879 2487 2043 2531 quatuor
2139 2502 2143 2508 ·

1485 2533 1667 2567 articulos
1686 2532 1821 2568 divisa.
2058 2534 2126 2572 m
2146 2563 2150 2587 7

1193 2604 1297 2641 ΑΒΤ.
1314 2613 1344 2640 1.
1361 2600 1511 2640 Utrum
1526 2600 1686 2640 Christo
1696 2600 1914 2642 conveniat
1929 2613 2026 2654 prae-

1239 2655 1493 2696 destinatum
1510 2667 1606 2695 esse.

1192 2713 1298 2752 ΑΒΤ.
1325 2723 1373 2751 u.
1393 2711 1542 2751 Utrum
1562 2711 1648 2751 haec
1661 2711 1715 2750 sit
1737 2710 1841 2751 falsa
1858 2724 1870 2752 z
1887 2711 2027 2753 Chris·

1241 2771 1321 2816 tus,
1339 2765 1564 2806 secundum
1579 2766 1692 2816 quod
1708 2766 1917 2817 homo‚est
1929 2778 2029 2821 prae·

1239 2821 1469 2862 destinatus
1486 2831 1570 2860 esse
1584 2821 1715 2861 Filius
1731 2822 1817 2862 Dei.

1192 2881 1297 2920 ΑΒΤ.
1312 2890 1378 2917 111.
1394 2876 1540 2916 Utrum
1554 2876 1858 2927 praedestinatio
1872 2876 2025 2920 Christi

1240 2936 1295 2975 sit
1317 2936 1466 2973 nostrae
1494 2932 1865 2983 praedestinationis
1887 2943 2022 2975 exem·

1266 2989 1342 3029 lar.

1190 3002 1296 3087 Arii.
1314 3056 1372 3085 iv.
1389 3044 1538 3084 Utrum
1555 3042 1858 3094 praedestinatio
1867 3043 2022 3086 Christi

2050 2664 2123 2701 20⁶
2139 2717 2142 2724 Ι

2050 2828 2122 2866 208
2134 2813 2150 2819 ’

2047 2995 2120 3032 209
2134 2971 2145 2994 *

1238 3102 1293 3142 sit
1310 3111 1431 3141 causa
1446 3102 1595 3139 nostrae
1610 3098 1996 3150 praedestinationis.
2047 3105 2120 3143 210

1468 3190 1695 3238 QUAESTIO
1718 3190 1843 3232 XXV.

1189 3270 1240 3305 Do
1251 3269 1471 3305 adoratione
1487 3268 1643 3325 Christi,
1656 3269 1698 3303 in
1712 3278 1779 3304 sea:
1791 3268 1967 3305 articulos
1977 3268 2031 3306 cti·
2052 3316 2110 3353 2η
2160 3319 2162 3324 ,

1601 3325 1696 3352 vna.
2134 3343 2135 3346 =
2149 3347 2154 3353 .,

1234 3448 1346 3488 tione
1361 3448 1413 3486 sit
1432 3446 1639 3486 adoranda
1656 3446 1854 3487 divinitas
1870 3445 2020 3489 Christi

1236 3506 1277 3553 et
1289 3503 1377 3555 ejus
1398 3501 1652 3543 humanitas.
