2170 3808
649 230 846 282 QUAEST.
875 231 1012 288 LXXI,
1043 232 1161 274 ART.
1191 233 1226 274 ΙΙ
1254 233 1319 274 ET
1347 233 1415 275 111.
1894 239 1975 283 625

99 307 369 352 accedentes
387 306 447 351 ad
466 305 748 363 baptismum
765 309 1063 365 corporaliter
1084 309 1143 354 ab
1162 322 1216 355 eo
1238 316 1483 368 vexentur,
1505 325 1671 358 omues
1698 318 1852 360 tamen
1881 329 1974 361 non

101 367 312 424 baptizati
329 368 545 424 potestati
564 368 829 416 daemonum
853 370 1181 428 subjiciuntur,
1201 372 1364 417 saltem
1389 379 1577 430 propter
1598 375 1836 430 originalis
1865 389 1976 434 pec-

100 428 188 472 cati
213 433 405 473 reatum.

158 488 223 532 Ad
265 491 510 534 secundum
557 490 822 549 dicendum,
861 492 987 549 quod
1018 492 1067 536 in
1103 492 1336 550 baptismo
1365 508 1449 552 per
1481 496 1766 541 ablutionem
1800 497 1977 554 peccati

101 549 357 595 excluditur
395 556 596 607 potestas
618 553 842 599 daemonis
870 554 929 598 ab
956 553 1159 611 homine,
1187 557 1412 611 quantum
1436 557 1495 601 ad
1518 558 1605 602 hoc
1634 559 1757 615 quod
1786 559 1974 615 impedit

101 622 207 654 eum
226 611 253 654 a
270 613 563 668 perceptione
578 614 758 672 gloriae,
779 614 862 660 sed
876 615 1122 660 exorcismi
1141 616 1398 661 excludunt
1422 623 1699 674 potestatem
1730 620 1972 678 daemonis,

101 671 377 729 inquantum
400 675 590 731 impedit
606 676 842 722 hominem
858 677 887 720 a
904 678 1198 734 perceptione
1213 681 1507 724 sacramenti.

158 734 223 779 Ad
240 738 426 779 tertium
442 737 705 794 dicendum,
725 739 850 797 quod
865 751 986 796 aqua
1005 740 1246 785 benedicta
1268 741 1405 785 datur
1422 754 1506 786 con
1514 749 1582 786 tra
1604 743 1977 800 impugnationes

103 795 366 842 daemonum
383 810 486 854 quae
509 806 618 844 sunt
637 801 697 845 ab
713 801 956 856 exteriori;
976 801 1060 846 sed
1079 802 1366 847 exorcismus
1385 803 1623 848 ordinatur
1639 814 1801 849 contra
1826 807 1978 862 impu-

103 859 342 912 gnationes
360 859 624 906 daemonum
642 875 746 919 quae
761 868 871 908 sunt
893 862 951 906 ab
967 864 1171 907 interiori
1193 865 1346 909 :unde
1371 870 1417 910 et
1437 868 1734 922 energumeni
1758 868 1896 912 dicun
1905 874 1977 913 tur

103 920 235 977 quasi
257 921 449 966 interius
472 923 753 981 laborantes,
776 925 840 970 illi
860 925 939 983 qui
962 925 1300 971 exorcizantur.
1324 927 1403 971 Vel
1433 927 1681 973 dicendum
1711 929 1835 986 quod
1856 930 1977 976 sicut

104 985 151 1026 in
172 982 427 1027 remedium
447 991 608 1030 contra
627 993 867 1044 peccatum
889 987 1096 1032 secundo
1118 988 1254 1032 datur
1277 988 1565 1045 poenitentia,
1585 991 1694 1047 quia
1718 991 1975 1048 baptismus

104 1055 196 1087 non
215 1044 421 1096 iteratum
441 1045 503 1090 ita
521 1047 569 1091 in
596 1050 853 1094 remedium
875 1053 1036 1093 contra
1068 1049 1441 1106 impugnationes
1470 1051 1735 1096 daemonum
1772 1054 1976 1099 secundo

103 1104 239 1150 datur
262 1118 381 1162 aqua
406 1108 661 1167 benedicta,
685 1113 778 1168 qua
797 1111 1045 1156 exorcismi
1064 1111 1363 1168 baptismales
1380 1125 1474 1156 non
1489 1113 1732 1158 iterantur.

211 1168 552 1215 ARTICULUS
567 1176 855 1218 111.—u'rmm
874 1187 926 1217 ΕΑ
945 1187 1036 1223 QUAE
1051 1187 1235 1217 maurum
1254 1187 1295 1217 m
1310 1187 1539 1219 axoncisuo
1557 1189 1719 1226 Amoum
1744 1189 1974 1222 arricum.

499 1233 548 1268 De
572 1233 624 1268 his
641 1234 743 1269 etiam
769 1236 866 1270 Sent.
880 1243 930 1275 Π,
945 1234 1024 1269 dist.
1039 1235 1071 1277 (i,
1086 1238 1201 1276 quaest.
1217 1243 1257 1276 u,
1274 1241 1340 1272 art.
1356 1236 1390 1277 5,
1406 1239 1524 1275 quast.
1542 1245 1582 1271 u.

156 1283 224 1329 Ad
237 1284 424 1330 tertium
447 1287 516 1332 sic
533 1289 809 1344 proceditur.
824 1292 844 1333 1
855 1321 867 1333 .
889 1288 1076 1334 Videtur
1093 1288 1217 1344 quod
1230 1301 1284 1333 ea
1296 1302 1400 1346 quae
1418 1295 1622 1346 aguntur
1636 1292 1684 1336 in
1702 1293 1974 1349 exorcismo,

105 1357 198 1390 non
221 1346 421 1391 efficiant
445 1348 635 1404 aliquid,
654 1349 739 1394 sed
751 1351 900 1394 solum
921 1349 1198 1406 significent.
1224 1350 1267 1393 Si
1283 1351 1407 1395 enim
1432 1364 1546 1407 puer
1572 1358 1676 1408 post
1697 1353 1977 1398 exorcismos

101 1406 326 1451 moriatur
342 1412 451 1453 ante
469 1408 768 1468 baptismum,
791 1410 991 1455 salutem
1014 1422 1106 1454 non
1126 1418 1454 1471 consequetur.
1471 1414 1557 1457 Sed
1570 1413 1629 1457 ad
1643 1414 1729 1458 hoc
1740 1414 1980 1459 ordinatur

102 1467 294 1513 effectus
311 1481 472 1514 eorum
481 1482 585 1526 quae
597 1471 644 1514 in
661 1472 964 1516 sacramentis
984 1478 1202 1527 aguntur,
1212 1478 1265 1517 ut
1276 1473 1413 1516 homo
1427 1479 1740 1531 consequatur
1758 1476 1975 1531 salutem3

101 1529 226 1574 unde
242 1536 287 1573 et
305 1531 455 1581 (Marci
477 1531 563 1576 ult.
584 1535 655 1586 16)
685 1534 883 1577 dicitur:
918 1537 1005 1587 Qui
1026 1534 1271 1577 crediderit
1302 1538 1346 1578 et
1364 1535 1622 1590 baptizatus
1643 1538 1800 1590 suerit,
1823 1536 1980 1580 salvus

102 1594 205 1636 erit.
224 1594 342 1648 Ergo
365 1604 421 1636 ea
450 1605 555 1650 quae
575 1598 782 1650 aguntur
801 1595 849 1639 in
873 1595 1148 1652 exor01smo,
1174 1596 1286 1639 nihil
1301 1596 1524 1649 efficiunt,
1544 1597 1627 1642 sed
1655 1597 1807 1642 solum
1836 1597 1974 1654 signi-

101 1652 260 1698 fleant.

156 1715 198 1757 2.
226 1715 463 1770 Praeterea,
487 1716 575 1761 hoc
597 1717 748 1761 solum
767 1716 1018 1773 requiritur
1049 1717 1110 1762 ad
1131 1722 1476 1763 sacramentum
1499 1730 1635 1762 novae
1657 1718 1799 1775 legis3
1832 1723 1886 1763 ut
1920 1719 1979 1764 sit

103 1773 291 1829 signum
321 1780 368 1819 et
401 1788 559 1832 causa,
581 1781 633 1821 ut
653 1790 793 1834 supra
823 1777 998 1822 dictum
1019 1782 1091 1822 est
1114 1780 1292 1834 (quaest.
1318 1792 1387 1832 Lx,
1419 1783 1498 1823 art
1536 1782 1580 1835 1,
1606 1783 1653 1823 et
1679 1783 1845 1836 quaest.
1877 1793 1976 1837 mxu,

102 1840 188 1879 art.
213 1839 270 1891 1).
299 1836 342 1880 Si
365 1849 476 1893 ergo
512 1850 569 1883 ea
601 1851 705 1895 quae
735 1843 940 1895 aguntur
968 1838 1017 1883 in
1052 1839 1325 1897 exorcismo,
1357 1839 1532 1897 aliquid
1557 1839 1775 1898 efficiant,
1797 1840 1980 1886 videtur

103 1896 227 1952 quod
245 1898 430 1955 singula
456 1899 550 1943 sint
571 1901 784 1956 quaedam
805 1906 1110 1945 sacramenta.

157 1960 200 2003 3.
224 1961 461 2017 Praeterea,
486 1961 607 2006 sicut
624 1963 912 2007 exorcismus
929 1963 1170 2007 ordinatur
1191 1963 1250 2008 ad
1271 1963 1570 2019 baptismum,
1591 1962 1653 2006 ita
1674 1962 1811 2007 etiam
1838 1962 1877 2007 si
1901 1963 1980 2008 ali·

103 2019 216 2075 quid
231 2020 279 2063 in
299 2023 555 2067 exorcismo
575 2023 787 2078 efficitur,
811 2024 1052 2069 ordinatur
1072 2025 1131 2069 ad
1151 2025 1365 2069 effectum
1385 2024 1619 2080 baptismi.
1637 2024 1722 2068 Sed
1741 2024 1980 2080 dispositio

103 2093 163 2125 ex
182 2084 455 2128 necessitate
474 2085 694 2140 praecedit
715 2086 910 2130 formam
931 2087 1200 2143 perfectam,
1222 2088 1330 2142 quia
1350 2087 1499 2131 forma
1528 2098 1622 2130 non
1646 2086 1866 2142 recipitur
1889 2087 1979 2130 nisi

102 2143 151 2187 in
173 2145 362 2189 materia
378 2146 614 2202 disposita.
632 2149 906 2204 sequeretur
918 2161 1028 2205 ergo
1047 2149 1172 2205 quod
1187 2148 1341 2193 nullus
1365 2151 1522 2204 posset
1531 2146 1753 2203 consequi
1765 2147 1979 2191 effectum

103 2203 438 2264 baptismi,nisi
458 2208 587 2264 prius
606 2208 907 2263 exorcizetur3
934 2210 1058 2265 quod
1075 2214 1200 2266 patet
1221 2222 1323 2254 esse
1341 2209 1526 2254 falsum.
1551 2210 1648 2253 Non
1668 2219 1779 2263 ergo
1800 2221 1855 2253 ea
1874 2220 1982 2267 quae

105 2270 309 2321 aguntur
335 2268 384 2311 in
406 2269 692 2327 exorcismis,
717 2271 918 2327 aliquem
937 2271 1151 2315 effectum
1174 2271 1358 2315 habent.

157 2331 199 2372 4.
223 2330 461 2386 Praeterea,
484 2331 603 2376 sicut
624 2333 836 2390 quaedam
861 2337 1065 2388 aguntur
1082 2333 1129 2376 in
1163 2333 1417 2377 exorcismo
1446 2335 1554 2376 ante
1584 2331 1882 2388 baptismum,
1916 2331 1981 2376 ita

103 2389 242 2435 etiam
263 2393 476 2448 quaedam
497 2400 701 2449 aguntur
720 2400 824 2452 post
843 2394 1142 2452 baptismum,
1164 2394 1284 2438 sicut
1298 2394 1423 2451 quod
1455 2392 1670 2437 sacerdos
1699 2393 1981 2449 baptizatum

103 2452 348 2498 chrismate
382 2455 514 2509 ungit
544 2456 591 2499 in
624 2456 805 2501 vertice.
851 2457 938 2500 Sed
962 2469 1016 2500 ea
1042 2468 1147 2512 quae
1170 2459 1275 2511 post
1311 2455 1592 2511 baptismum
1631 2459 1850 2510 aguntur,
1887 2467 1980 2498 non

101 2513 316 2559 videntur
329 2517 509 2573 *aliquid
521 2517 721 2573 efficere,
739 2518 848 2574 quia
862 2518 1120 2562 secundum
1141 2518 1229 2562 hoc
1248 2518 1437 2562 effectus
1448 2517 1661 2573 baptismi
1674 2521 1799 2560 esset
1812 2516 1980 2573 imper-

100 2574 265 2620 fectus.
288 2581 406 2635 Ergo
422 2591 509 2624 nec
530 2591 585 2624 ea
606 2592 714 2637 quae
734 2585 843 2625 ante
864 2579 1149 2636 baptismum
1185 2583 1391 2636 aguntur
1419 2579 1468 2623 in
1495 2578 1770 2632 exorcismo,
1807 2578 1980 2635 aliquid

102 2637 320 2684 efficiunt.

156 2700 242 2744 Sed
263 2705 421 2745 contra
436 2707 508 2746 est
529 2702 654 2759 quod
672 2703 959 2759 Augustinus
985 2702 1095 2747 dicit
1125 2705 1200 2755 (De
1233 2701 1463 2759 symbolo,
1486 2700 1566 2744 lib.
1594 2714 1623 2758 1,
1652 2712 1755 2755 cap·
1790 2702 1832 2752 1,
1858 2700 1980 2745 circa

100 2762 200 2817 fin.)
224 2778 235 2806 :
261 2781 280 2801 a
303 2764 484 2807 Parvuli
503 2763 813 2808 exsufflantur
835 2768 881 2808 et
901 2763 1238 2818 exorcizantur,
1256 2768 1308 2806 ut
1327 2762 1524 2818 pellatur
1543 2761 1601 2804 ab
1623 2760 1689 2804 eis
1708 2760 1877 2804 diaboli
1898 2774 1980 2818 po-

101 2829 244 2869 testas
267 2824 473 2882 inimica,
510 2838 615 2882 quae
643 2826 823 2882 decepit
849 2825 1100 2870 hominem.
1124 2844 1143 2863 »
1171 2825 1289 2869 Nihil
1324 2828 1478 2868 autem
1515 2822 1668 2878 agitur
1693 2822 1865 2866 frustra
1899 2835 1980 2879 per

99 2885 367 2930 Ecclesiam.
392 2889 508 2942 Ergo
530 2898 613 2942 per
639 2886 906 2944 hujusmodi
936 2886 1283 2931 exsufflationes
1316 2886 1404 2929 hoc
1450 2884 1604 2940 agitur
1629 2887 1682 2926 ut
1714 2883 1979 2929 daemonum

100 2952 301 3005 potestas
324 2949 598 3004 expellatur.
1558 2971 1561 2975 ·

148 3017 436 3056 CONCLUSIO.
465 3038 511 3045 —
537 3016 628 3056 Non
646 3015 768 3056 modo
795 3016 955 3068 aliquid
980 3015 1217 3067 significant
1237 3026 1330 3066 quae
1355 3014 1400 3054 in
1435 3013 1668 3054 exorcismis
1689 3016 1890 3062 aguntur,
1911 3013 1980 3053 sed

100 3073 223 3114 etiam
241 3062 448 3120 efficiunt;
471 3071 763 3112 cacodaemonis
785 3072 897 3112 enim
916 3074 1154 3124 potestatem
1176 3070 1401 3122 repellunt,
1426 3072 1464 3109 et
1485 3068 1538 3108 ad
1556 3067 1811 3119 percipienda
1835 3067 1980 3107 salutis

100 3130 296 3182 mysteria
309 3139 451 3168 sensus
465 3127 669 3179 aperiunt.
1701 3185 1711 3194 ⁹

154 3191 426 3247 Respondeo
451 3189 697 3234 dicendum
714 3189 838 3246 quod
860 3190 1049 3246 quidam
1070 3190 1285 3234 dixerunt
1300 3200 1355 3232 ea
1374 3199 1478 3244 quae
1494 3186 1541 3231 in
1561 3198 1819 3231 exorclsmo
1836 3196 1982 3240 agun-

101 3261 193 3310 tur,
215 3253 329 3297 nihil
352 3253 548 3307 efficere,
571 3252 654 3296 scd
673 3252 823 3296 solum
852 3252 1129 3308 significare.
1165 3251 1251 3295 Sed
1283 3250 1371 3294 hoc
1408 3252 1534 3305 patet
1563 3259 1666 3293 esse
1700 3248 1870 3311 falsum
1898 3258 1979 3302 per

100 3319 188 3361 hoc
206 3315 331 3372 quod
343 3313 542 3358 Ecclesia
561 3313 607 3357 in
632 3314 902 3358 exorcismis
928 3313 1210 3370 imperativis
1236 3311 1390 3356 verbis
1410 3311 1555 3355 utitur
1574 3310 1633 3355 ad
1661 3307 1979 3366 expellendam

15 3410 19 3413 -
102 3376 324 3422 daemonis
360 3378 649 3431 potestatem,
683 3374 795 3430 puta
830 3379 937 3419 cum
963 3375 1072 3419 dicit
1095 3376 1264 3430 :Er90‚
1300 3373 1540 3416 maledicte
1578 3372 1777 3426 diabole,
1815 3372 1890 3411 exi
1924 3368 1979 3410 ab

99 3453 166 3496 eo,
189 3443 276 3484 etc.
302 3440 354 3482 Et
368 3437 471 3482 ideo
497 3437 746 3483 dicendum
780 3440 850 3481 est
875 3436 998 3492 quud
1023 3439 1223 3493 aliquem
1256 3435 1471 3480 effectum
1494 3434 1681 3485 habent,
1715 3432 1980 3478 differenter
