2170 3808
208 263 290 307 230
760 263 959 316 QUAEST.
989 263 1148 316 XXVII,
1178 265 1298 307 ART.
1329 266 1383 308 IV
1410 266 1476 309 ET
1505 267 1556 310 V.

209 345 276 397 (ΙΙ.
301 345 502 388 Corinth.
528 358 586 399 v1,
610 346 679 397 15)
703 358 714 388 :
742 347 850 401 Quae
868 348 1104 388 conventio
1129 344 1306 389 Christi
1324 347 1388 390 ad
1405 348 1586 392 Belial?
1605 353 1706 392 tum
1725 346 1865 391 etiam
1884 347 1995 404 quia
2009 347 2104 394 sin-

208 404 359 476 gulari
384 405 523 449 modo
546 405 623 450 Dei
645 405 803 477 Filius,
829 406 910 463 qui
927 411 998 451 est
1016 407 1094 452 Dei
1117 407 1362 465 sapientia,
1383 409 1432 453 in
1451 409 1553 466 ipsa
1569 409 1813 464 habitavit,
1839 420 1934 452 non
1954 408 2102 456 solum

206 468 257 512 in
276 467 448 521 anima,
470 467 556 512 sed
576 468 716 513 etiam
735 468 784 512 in
805 474 955 515 utero.
975 469 1149 514 Dicitur
1163 474 1321 515 autem
1342 471 1464 528 (Sap.
1485 485 1517 530 1,
1539 474 1695 528 4).1n
1715 471 1989 515 malevolam
2004 474 2105 515 ani-

205 543 330 573 mam
352 543 441 573 nou
463 530 669 574 introibit
693 534 943 588 sapientia,
971 545 1053 575 uec
1075 531 1302 576 habitabit
1323 535 1373 576 in
1403 547 1589 591 corpore
1610 534 1790 578 subdito
1816 535 2029 589 peccatis.
2051 535 2106 579 Et

206 590 312 636 ideo
336 591 608 663 simpliciter
629 592 873 637 fatendum
893 597 965 638 est
987 593 1114 650 quod
1134 593 1273 638 beata
1294 594 1433 651 Virgo
1453 594 1635 640 nullum
1657 595 1837 640 actuale
1862 599 2104 652 peccatum

206 653 458 713 commisit,
494 667 582 700 nec
604 654 828 709 mortale
857 667 946 700 nec
968 655 1174 711 veniale,
1199 660 1252 700 ut
1274 655 1343 700 sic
1364 655 1414 699 in
1435 668 1491 701 ea
1519 656 1770 713 impleatur
1791 655 1916 713 quod
1938 655 2106 702 dicitur

208 716 355 770 (Cant.
375 731 434 774 ιν,
465 720 504 768 7)
527 732 538 759 ε
563 720 675 761 Tota
693 716 892 774 pulchra
914 729 975 775 es,
1002 722 1155 761 amica
1178 731 1297 775 mea,
1318 722 1364 762 et
1381 719 1565 763 macula
1582 733 1674 763 non
1697 722 1763 762 est
1783 721 1831 762 iu
1853 722 1895 762 te
1913 719 1989 773 (1).

262 778 331 825 Ad
341 784 545 837 primum
562 791 675 836 ergo
695 779 946 839 dicendum
963 813 975 835 ,
996 779 1124 836 quod
1141 780 1191 824 in
1208 782 1258 824 B.
1288 780 1468 837 Virgine
1489 787 1596 838 post
1619 780 2034 826 sanctificationem
2055 779 2104 824 in
2142 810 2170 822 ..

206 844 341 886 utero
361 841 588 886 remansit
605 840 795 898 quidem
819 840 966 885 fomes
985 842 1179 901 peccati,
1201 842 1286 887 sed
1304 842 1492 900 ligatus,
1511 855 1571 888 ne
1591 843 1768 889 scilicet
1784 846 2106 900 prorumperet
2162 847 2170 893 '2

207 901 256 946 in
278 902 484 960 aliquem
505 907 686 947 motum
702 902 1038 961 inordinatum,
1063 904 1144 960 qui
1165 904 1394 950 rationem
1414 906 1693 962 praeveniret
1713 918 1725 949 ε
1749 911 1796 950 et
1812 904 1919 949 licet
1941 904 2001 948 ad
2017 904 2106 951 hoc

207 970 478 1021 operaretur
495 966 642 1021 gratia
653 962 1057 1036 sanctificationis,
1081 979 1177 1011 non
1202 972 1359 1012 tamen
1386 968 1446 1014 ad
1477 969 1566 1013 hoc
1585 967 1875 1013 sufficiebat:
1899 966 2105 1023 alioquin
2164 982 2170 1027 j

208 1027 378 1072 virtute
397 1026 524 1071 illius
546 1027 707 1084 gratiae
738 1028 828 1072 hoc
850 1028 892 1072 ei
912 1028 1078 1074 fuisset
1100 1031 1359 1085 praestitum
1388 1037 1440 1074 ut
1459 1030 1620 1076 nullus
1643 1035 1800 1075 motus
1824 1034 1983 1086 posset
2002 1040 2106 1074 esse

209 1089 257 1133 in
276 1089 578 1135 sensualitate
596 1090 715 1147 eJus,
740 1090 831 1135 nisi
854 1091 1030 1136 ratione
1052 1100 1345 1149 praeventus·
1364 1100 1412 1138 et
1429 1092 1497 1137 sic
1514 1093 1722 1138 fomitem
1736 1105 1830 1137 non
1849 1091 2103 1150 habuisset,

207 1143 334 1208 quod
357 1158 429 1196 est
450 1157 616 1196 contra
640 1165 784 1210 supra
807 1152 930 1197 dicta
950 1156 1057 1209 (ar.t
1084 1167 1225 1211 praec.
1229 1159 1258 1206 ).
1292 1155 1422 1200 Unde
1443 1160 1624 1211 oportet
1645 1155 1799 1200 dicere
1825 1153 1952 1212 qued
1972 1164 2106 1198 com-

207 1212 498 1269 plementum
521 1213 647 1258 illius
669 1213 906 1272 ligationis
927 1215 1017 1260 fuit
1037 1228 1097 1260 ex
1115 1217 1274 1262 divina
1294 1216 1602 1274 providentia,
1623 1229 1729 1274 quae
1747 1228 1840 1260 non
1865 1215 2104 1272 permitte·
2164 1235 2170 1271 j

206 1275 287 1320 bat
307 1275 512 1333 aliquem
530 1281 711 1321 motum
732 1277 1050 1322 inordinatum
1075 1290 1135 1323 ex
1155 1279 1314 1323 fomite
1333 1280 1593 1336 provenire.

260 1337 328 1383 Ad
348 1339 593 1382 secundum
625 1338 900 1394 dIcendum,
935 1339 1062 1396 quod
1083 1340 1200 1386 illud
1222 1341 1418 1385 verbum
1455 1340 1682 1386 Simeonis
1704 1340 1928 1396 Origenes
1957 1341 2101 1394 (Hom.
2159 1333 2170 1378 «ἶ

207 1411 292 1443 xvu
315 1399 364 1443 in
386 1402 496 1445 Luc.
529 1400 557 1443 a
584 1399 727 1455 med.)
744 1434 757 1449 .
793 1405 840 1445 et
861 1400 1051 1457 quidam
1085 1401 1162 1446 alii
1188 1402 1405 1448 doctores
1437 1407 1675 1459 exponunt
1697 1401 1756 1446 de
1785 1400 1945 1446 dolore
1963 1411 2106 1457 quem
2158 1406 2170 1459 ,ζ

206 1474 345 1518 passa
363 1468 436 1507 est
454 1462 502 1506 in
520 1461 684 1506 Christi
706 1463 941 1518 passione.
961 1462 1234 1509 Ambrosius
1253 1471 1411 1509 autem
1429 1465 1478 1508 in
1496 1464 1624 1508 hunc
1637 1463 1748 1519 loc.,
1767 1475 1883 1520 «per
1896 1461 2105 1520 gladium

206 1524 317 1570 dicit
332 1525 586 1582 significari
603 1524 902 1582 prudentiam
923 1526 1089 1583 Mariae,
1112 1539 1209 1571 non
1228 1527 1443 1584 ignaram
1465 1526 1678 1585 mysterii
1695 1525 1916 1571 coelestis.
1941 1525 2104 1570 Vivum

205 1593 277 1632 est
307 1589 433 1633 enim
465 1588 663 1632 verbum
690 1588 787 1641 Dei,
811 1591 859 1632 et
880 1588 1104 1643 validum,
1141 1594 1188 1634 et
1216 1590 1402 1635 acutius
1431 1589 1559 1635 omni
1593 1589 1748 1645 gladio
1770 1587 2056 1633 acutissimo.
2079 1606 2100 1626 »

205 1649 399 1703 Quidam
430 1649 541 1695 vero
559 1662 643 1706 per
671 1649 880 1706 gladium
910 1650 1248 1696 dubitationem
1276 1652 1570 1708 intelligunt,
1603 1664 1710 1708 quae
1733 1655 1891 1695 tamen
1920 1662 2015 1694 non
2033 1654 2107 1695 est

203 1711 507 1768 intelligenda
529 1711 759 1756 dubitatio
785 1711 1092 1769 infidelitatis,
1119 1713 1204 1758 sed
1223 1714 1546 1759 admirationis
1570 1719 1616 1758 et
1639 1712 1960 1758 discussionis.
1992 1710 2106 1756 Dicit

202 1776 330 1819 enim
359 1775 559 1820 Basilius
581 1774 645 1827 (in
662 1775 799 1831 epist.
820 1775 879 1820 ad
901 1775 1134 1832 Optimum
1150 1779 1250 1833 317,
1269 1777 1320 1821 in
1334 1776 1452 1832 fin.),
1470 1776 1596 1833 quod
1618 1794 1638 1813 «
1657 1778 1707 1820 B.
1723 1776 1859 1831 Virgo
1879 1773 2106 1819 assistens

203 1837 347 1891 cruci,
375 1845 422 1882 et
444 1837 680 1894 aspiciens
710 1836 897 1893 singula
915 1871 927 1893 ,
948 1843 1054 1895 post
1076 1839 1395 1884 testimonium
1419 1837 1664 1894 Gabrielis,
1698 1843 1805 1894 post
1820 1835 2103 1882 ineffabilem

201 1899 370 1944 divinae
392 1898 712 1956 conceptionis
734 1899 945 1943 notitiam
963 1933 976 1956 ,
1001 1906 1109 1956 post
1138 1901 1379 1958 ingentem
1400 1900 1735 1946 miraculorum
1757 1898 2073 1944 ostensionem
2086 1932 2100 1954 ,

201 1962 358 2006 animo
379 1959 652 2018 fluctuabat,
679 1980 700 2000 »
723 1973 784 2006 ex
807 1974 903 2021 una
922 1962 1098 2007 scilicet
1119 1969 1250 2020 parte
1279 1963 1444 2009 videns
1474 1975 1584 2008 eum
1615 1961 1711 2019 pati
1742 1961 1923 2018 abjecta
1939 1995 1952 2018 ,
1978 1966 2024 2006 et
2046 1971 2103 2005 ex
2168 2004 2170 2007 .

201 2024 290 2068 alia
318 2030 451 2082 parte
470 2024 775 2069 considerans
798 2024 901 2081 eJus
923 2024 1135 2070 mirifica.
2164 2030 2170 2057 ’-

254 2087 322 2132 Ad
341 2091 525 2131 tertium
554 2086 824 2145 dicendum,
844 2086 966 2143 qued
986 2087 1036 2132 in
1055 2087 1213 2133 verbis
1235 2087 1326 2132 illis
1347 2088 1705 2145 chrysostomus
1730 2086 1962 2141 excessit,
1991 2097 2103 2142 pos·

200 2153 313 2193 sunt
331 2154 487 2193 tamen
508 2149 695 2207 exponi,
714 2155 767 2193 ut
785 2149 1073 2206 intelligatur
1093 2149 1144 2194 in
1165 2162 1221 2194 ea
1243 2148 1492 2194 Dominum
1512 2147 1779 2192 cohibuisse
1807 2159 1899 2191 non
1928 2145 2103 2192 inordi-

202 2216 364 2256 natum
384 2212 539 2256 inanis
560 2211 721 2268 gloriae
744 2217 925 2256 motum
942 2213 1173 2269 quantum
1192 2212 1254 2257 ad
1274 2213 1442 2268 ipsam,
1463 2211 1549 2257 sed
1569 2210 1618 2256 id
1638 2210 1766 2268 quod
1788 2209 1848 2254 ab
1868 2209 1971 2254 aliis
1993 2221 2102 2266 pos-

202 2278 274 2317 set
290 2273 524 2318 aestimari.

199 2338 542 2381 ARTICULUS
564 2339 623 2380 V.
643 2360 699 2367 -
720 2349 859 2378 urnuu
880 2348 1008 2378 ΒΕΑΤΑ
1030 2348 1156 2380 vineo
1181 2349 1259 2378 pen
1281 2348 1509 2379 nususuom
1532 2346 1930 2379 sauc'rmcuromssu
1944 2347 2101 2378 ΑυΕΡτΑ
2156 2331 2158 2333 ’

646 2411 794 2441 runnu*
818 2411 1121 2440 rtnui'runmssu
1141 2410 1301 2441 ommuni
1325 2411 1559 2440 (muninus
1584 2399 1658 2451 (ἐξ).

200 2467 250 2502 De
267 2466 321 2502 his
336 2466 439 2502 etiam
454 2468 551 2502 sent.
569 2475 624 2506 ιιι,
642 2466 721 2500 dist.
738 2466 771 2506 5,
788 2472 906 2507 quaest.
926 2474 952 2507 1,
973 2471 1041 2500 art.
1054 2466 1085 2505 2.
1109 2471 1228 2507 quoest.
1245 2474 1286 2500 ιιι
1305 2478 1399 2506 corp.
1419 2473 1453 2500 et
1468 2466 1547 2500 dist.
1566 2465 1620 2505 45,
1637 2469 1753 2506 quaest.
1771 2473 1796 2504 ι,
1816 2471 1882 2498 art.
1896 2463 1930 2507 2,
1948 2470 2067 2506 quoest.
2085 2473 2099 2500 1

362 2527 456 2556 corp.
476 2520 510 2549 et
524 2516 646 2556 opusc.
662 2521 719 2555 Lx,
737 2525 810 2555 cap.
828 2514 861 2555 5,
877 2512 943 2548 col.
961 2513 995 2556 2,
1013 2519 1047 2548 et
1064 2514 1161 2548 Joan.
1178 2522 1251 2554 ΠΙ,
1266 2514 1332 2548 col.
1349 2515 1381 2554 5,
1403 2519 1438 2549 et
1457 2514 1554 2548 Rom.
1573 2521 1652 2553 vlu,
1671 2513 1750 2547 lect.
1764 2513 1797 2553 5,
1814 2511 1879 2547 col.
1900 2514 1932 2547 4.

253 2570 321 2615 Ad
340 2570 558 2628 quintum
581 2569 650 2614 sic
672 2568 956 2626 proceditur.
987 2572 1029 2614 1.
1060 2568 1250 2613 Videtur
1277 2568 1403 2626 quod
1428 2568 1565 2613 beata
1582 2568 1719 2623 Virgo
1739 2580 1823 2624 per
1840 2567 2098 2613 sanctifica-

201 2633 374 2678 tionem
393 2632 442 2676 in
464 2636 599 2677 utero
622 2644 718 2676 non
752 2630 1005 2675 obtinuerit
1028 2631 1192 2687 gratiae
1219 2630 1585 2688 plenitudinem,
1618 2630 1716 2674 sive
1750 2629 2095 2686 perfectionem.
2146 2685 2149 2690 r

198 2698 292 2740 Hoc
308 2695 435 2740 enim
449 2693 634 2739 videtur
647 2693 880 2750 pertinere
899 2693 959 2738 ad
973 2693 1271 2750 privilegium
1286 2692 1467 2746 Christi,
1487 2692 1750 2738 secundum
1769 2691 1886 2737 illud
1905 2694 2049 2744 (Joan.
2067 2706 2096 2744 ι,

200 2759 270 2812 14)
295 2772 307 2802 :
331 2757 539 2801 Vidimus
573 2769 673 2800 eum
702 2757 834 2812 quasi
865 2758 1146 2812 untqenttum
1177 2757 1207 2800 ὰ
1239 2759 1378 2799 Patre
1404 2756 1593 2812 plenum
1614 2758 1780 2812 qratiae
1804 2757 1846 2798 et
1869 2758 2095 2799 veritatis.

200 2820 289 2865 Sed
311 2832 366 2864 ea
385 2832 490 2876 quae
513 2823 626 2863 sunt
643 2817 830 2875 propria
851 2817 1041 2872 Christi,
1073 2829 1170 2862 non
1192 2821 1305 2862 sunt
1334 2817 1468 2862 alteri
1490 2815 1801 2861 attribuenda.
1822 2817 1942 2872 Ergo
1963 2815 2098 2861 beata

198 2883 334 2939 Virgo
354 2880 693 2939 plenitudinem
713 2878 970 2937 gratiarum
991 2892 1088 2924 non
1108 2879 1288 2937 accepit
1306 2878 1354 2923 in
1379 2878 1761 2924 sanctificatione.

255 2946 298 2988 2.
323 2947 564 3000 Praeterea,
597 2942 639 2987 ei
672 2940 800 3000 quod
821 2947 894 2987 est
917 2942 1112 2999 plenum
1143 2946 1191 2987 et
1223 2941 1480 2999 perfectum
1511 2954 1608 2986 non
1633 2945 1780 2986 restat
1807 2940 1982 2997 aliquid
2013 2939 2098 2985 ad·-

198 3007 421 3063 dendum‚
443 3006 553 3063 quia
577 3023 597 3044 «
617 3006 875 3062 perfectum
895 3008 966 3049 est
987 3005 1062 3050 cui
1086 3003 1201 3049 nihil
1219 3004 1366 3057 deest,
1392 3023 1413 3043 ω
1441 3013 1494 3049 ut
1517 3004 1688 3049 dicitur
1719 3003 1916 3060 (PhySIc.
1934 3002 2014 3047 lib.
2031 3016 2095 3059 ιιι,

199 3073 312 3116 text.
342 3071 395 3113 63
413 3073 458 3112 et
478 3070 562 3123 64).
587 3066 675 3112 Sed
693 3066 831 3111 beata
847 3067 984 3123 Virgo
1006 3065 1306 3124 postmodum
1327 3065 1613 3112 additionem
1631 3065 1793 3122 gratiae
1811 3065 2033 3122 suscepit,
2050 3068 2097 3113 et

198 3129 386 3186 quando
405 3129 639 3174 Christum
661 3126 874 3186 concepit
897 3129 1089 3184 (dictum
1118 3134 1190 3173 est
1212 3128 1337 3173 enim
1355 3131 1465 3174 Luc.
1489 3143 1503 3172 1
1518 3162 1531 3185 ,
1555 3130 1625 3184 35)
1647 3141 1657 3171 z
1681 3129 1882 3184 Spiritus
1913 3130 2096 3171 sauctus

197 3194 478 3248 superveniet
500 3194 643 3249 inte),
663 3196 709 3237 et
721 3191 889 3236 iterum
910 3191 1099 3248 quando
1120 3190 1169 3235 in
1189 3190 1383 3247 gloriam
1406 3196 1478 3237 est
1498 3195 1755 3248 assumpta.
1780 3191 1899 3245 Ergo
1915 3189 2097 3234 videtur

198 3254 325 3311 quod
349 3266 445 3298 non
465 3253 681 3298 habuerit
702 3253 751 3296 in
774 3266 861 3298 sua
879 3254 1030 3309 prima
1049 3253 1415 3299 sanctificatione
1433 3253 1771 3311 plenitudinem
1793 3251 2060 3308 gratiarum.

253 3319 296 3360 3.
326 3318 565 3371 Praeterea,
600 3318 721 3359 Deus
748 3328 844 3359 non
874 3316 984 3361 facit
1009 3316 1185 3373 aliquid
1215 3317 1407 3370 frustra,
1438 3320 1491 3361 ut
1511 3315 1681 3361 dicitur
1703 3318 1780 3369 (De
1799 3314 1935 3369 coelo,
1957 3313 2035 3357 lib.
2060 3325 2090 3368 1,

199 3382 308 3422 text.
331 3380 402 3434 32,
425 3382 471 3420 et
486 3376 566 3421 lib.
587 3390 635 3431 u,
657 3382 768 3420 text.
791 3380 878 3431 59).
899 3380 1086 3422 Frustra
1102 3382 1258 3423 autem
1276 3378 1517 3422 habuisset
1532 3376 1759 3434 quasdam
1780 3375 1967 3431 gratias,
1987 3374 2092 3418 cum

240 3476 284 3516 (l)
317 3473 442 3508 Iisdem
479 3471 688 3514 argumentis
726 3472 953 3508 demonstrari
992 3478 1103 3512 potest
1228 3475 1272 3517 (2)
1298 3475 1336 3508 ln
1363 3474 1427 3509 hoc
1455 3474 1602 3508 articulo
1636 3474 1671 3507 S.
1697 3474 1823 3508 Doetor
1848 3471 2094 3516 interpretatur·
2142 3482 2145 3486 ’

199 3523 299 3558 fuisse
315 3522 442 3564 pariter
462 3523 481 3556 Ξι
495 3525 628 3562 peccato
642 3520 799 3561 originali
814 3520 1016 3555 immunem.
1187 3523 1257 3558 hnc
1268 3522 1372 3557 verba
1382 3522 1553 3561 Angeliad
1569 3523 1712 3557 Mariam
1726 3522 1816 3556 :Ave
1830 3521 1954 3562 qratia
1966 3518 2090 3559 plena.
2117 3550 2125 3554 ι
