2170 3808
689 220 882 271 QUAEST.
915 219 997 272 Vll,
1029 220 1146 262 ART.
1176 219 1228 260 ΙΙΙ
1256 219 1319 260 ΕΤ
1347 218 1413 259 lv.
1936 219 1983 260 71

170 305 236 350 Ad
256 307 436 349 tertium
467 302 730 357 dicendum,
765 301 905 357 quod,
932 299 1052 344 sicut
1071 299 1228 344 Glossa
1263 301 1412 354 (Aug,
1435 298 1514 342 lib.
1549 310 1579 340 11
1613 298 1783 348 Quaest.
1819 309 1986 354 evang.

119 369 283 422 quaest.
306 368 377 419 39,
399 363 446 407 in
465 363 630 420 prInc.)
655 362 824 407 ibidem
844 361 969 418 dicit,
991 360 1107 404 fides
1142 361 1325 416 proprie
1344 365 1415 403 est
1437 376 1457 396 «
1482 360 1575 414 qua
1597 358 1851 402 creduntur
1888 369 1992 414 quae

117 439 213 471 non
235 425 462 472 videntur.
493 442 512 460 »ι
539 423 626 468 Sed
647 423 764 468 fides
783 436 888 480 quae
908 428 979 466 est
998 432 1155 465 rerum
1177 421 1399 475 visarum,
1438 417 1687 475 improprie
1718 418 1903 474 dicitur,
1945 421 1993 463 et

117 487 376 533 secundum
395 485 644 542 quamdam
658 484 1023 539 similitudinem,
1036 485 1263 539 quantum
1283 481 1341 525 ad
1360 480 1682 525 certitudinem
1705 484 1785 524 aut
1802 476 1992 523 firmita-

117 552 212 594 tem
231 547 518 594 adhaesionis.

406 617 749 659 ARTICULUS
774 616 855 659 IV.
881 637 935 646 —
964 626 1099 657 urium
1128 625 1169 654 m
1200 624 1368 654 cnmsro
1398 624 1547 654 runnu·
1577 625 1688 655 SPES.

117 685 168 720 De
184 683 346 719 bisetium
360 682 462 723 infra,
482 688 546 718 art.
569 684 590 717 6
612 683 652 718 ad
668 684 700 725 4,
716 687 750 718 et
764 683 865 718 art.9
879 681 921 717 ad
942 681 977 724 4,
991 685 1025 716 et
1046 681 1061 715 4
1081 681 1114 722 2,
1133 688 1247 722 quaest.
1274 688 1353 721 va,
1374 684 1437 713 art.
1460 681 1481 714 5
1501 679 1542 714 ad
1561 680 1592 719 5,
1615 680 1682 714 et2
1701 679 1734 719 2,
1758 683 1873 721 quaest.
1890 687 1990 722 xvm,

178 736 243 767 art.
257 731 280 767 2
292 731 333 766 ad
346 732 378 771 l,
394 735 427 765 et
441 731 534 766 Sent.
557 740 611 773 ιη,
628 731 707 767 dist.
723 732 778 777 26,
794 734 914 774 quaest.
938 739 977 772 11,
992 733 1058 765 nrt.
1084 731 1118 771 5,
1134 734 1252 770 quaest.
1270 737 1294 768 ι,
1315 733 1349 762 et
1363 728 1441 762 dist.
1467 729 1522 770 56,
1544 732 1658 769 quoest.
1679 736 1704 769 1,
1722 731 1788 762 art.
1801 729 1823 762 2
1838 728 1877 762 ad
1896 728 1929 763 5.

172 792 237 838 Ad
256 797 472 850 quartum
495 793 562 836 sic
585 793 864 848 proceditur.
887 795 928 836 1.
955 791 1142 835 Videtur
1162 789 1285 846 qued
1305 789 1352 833 in
1375 788 1553 833 Christo
1573 788 1712 833 fuerit
1731 799 1853 843 spes.
1871 787 1993 832 Dici-

117 858 194 899 tur
224 854 347 899 enim
365 853 500 908 (Psal.
524 867 622 910 xxx,
645 856 701 910 1),
725 866 783 898 ex
805 865 1004 911 persona
1026 851 1189 896 Christi
1211 864 1223 895 ε
1249 854 1302 894 In
1335 854 1394 908 te,
1431 853 1636 902 Domine,
1672 852 1872 905 speravi.
1905 847 1991 894 Sed

115 913 264 959 virtus
286 913 385 971 spei
403 919 475 959 est
493 917 587 972 qua
603 916 742 959 homo
761 918 918 971 sperat
934 915 980 958 in
1000 916 1160 958 Deum.
1185 916 1303 968 Ergo
1329 913 1473 956 virtus
1493 911 1592 968 spei
1615 909 1702 955 fuit
1724 910 1772 955 in
1795 909 1987 954 Christo.

171 979 214 1020 2.
234 979 472 1032 Praeterea,
493 989 599 1032 spes
619 981 691 1022 est
708 977 963 1034 expectatio
980 977 1147 1020 futurae
1164 975 1480 1032 beatitudinis,
1495 979 1548 1018 ut
1568 974 1616 1017 in
1640 971 1846 1017 secunda
1862 975 1992 1027 parte

117 1035 324 1082 habitum
345 1042 417 1082 est
442 1041 484 1090 (2
504 1041 547 1095 2,
573 1042 737 1095 quaest.
759 1051 860 1094 xvn,
885 1041 968 1081 art.
989 1039 1016 1082 5
1036 1037 1094 1081 ad
1116 1039 1175 1090 3).
1203 1035 1290 1080 Sed
1307 1036 1512 1080 Christus
1527 1034 1703 1091 aliquid
1721 1032 1995 1090 expectabat

116 1097 176 1143 ad
196 1097 530 1144 beatitudinem
554 1099 808 1156 pertinens,
830 1097 1044 1143 videlicet
1065 1097 1257 1155 gloriam
1277 1097 1497 1153 corporis.
1522 1099 1641 1152 Ergo
1662 1095 1846 1140 videtur
1867 1093 1990 1151 quod

115 1157 164 1203 in
186 1172 242 1204 eo
258 1160 396 1205 fuerit
414 1173 536 1217 spes,

171 1223 214 1267 3.
247 1223 487 1278 Praeterea,
509 1222 834 1278 unusquisque
854 1226 1007 1278 potest
1038 1233 1227 1278 sperare
1251 1221 1366 1266 illud
1388 1220 1515 1277 quod
1537 1220 1595 1264 ad
1624 1218 1727 1275 eJus
1749 1217 1992 1274 perfectio-

115 1293 222 1327 nem
246 1283 461 1339 pertinet,
484 1281 523 1327 si
549 1283 608 1326 sit
628 1282 854 1327 futurum.
879 1282 968 1328 Sed
988 1282 1163 1339 aliquid
1196 1288 1295 1326 erat
1317 1283 1542 1338 futurum,
1575 1281 1699 1337 quod
1730 1279 1788 1324 ad
1811 1279 1990 1335 perfec-

115 1343 289 1389 tionem
317 1343 486 1388 Christi
503 1345 713 1401 pertinet,
741 1344 1000 1389 secundum
1022 1344 1135 1389 illud
1170 1345 1429 1400 (Ephes.1v,
1459 1344 1530 1398 12)
1556 1356 1568 1387 ε
1608 1343 1684 1386 Ad
1709 1354 1992 1385 consumma-

118 1407 282 1449 tionem
303 1410 562 1448 sanctorum
594 1409 642 1448 in
674 1419 783 1463 opus
814 1408 1070 1460 ministerii,
1102 1409 1151 1448 in
1186 1406 1529 1458 aedificationem
1560 1406 1762 1460 corporis
1798 1404 1988 1446 Christi.

115 1467 233 1523 Ergo
256 1466 439 1512 videtur
454 1466 578 1523 qudd
598 1467 774 1511 Christo
797 1467 1088 1524 competebat
1109 1467 1280 1510 habere
1297 1478 1444 1522 spem.

173 1528 258 1574 Sed
291 1532 449 1572 contra
470 1528 683 1584 estquod
706 1528 874 1572 dicitur
899 1530 1044 1582 (Rom.
1077 1541 1166 1582 vni7
1187 1530 1256 1582 24)
1280 1540 1292 1572 ε
1325 1528 1456 1582 Quod
1479 1527 1598 1570 videt
1620 1529 1732 1582 quis,
1759 1526 1869 1581 quid
1890 1539 1988 1581 spe-

116 1592 193 1632 rat
215 1589 295 1644 (1)?
316 1591 369 1633 Et
387 1589 453 1633 sic
471 1594 597 1644 patet
620 1588 743 1646 quod
761 1589 882 1634 sicut
902 1590 1019 1634 fides
1033 1593 1103 1633 est
1125 1588 1183 1633 de
1207 1601 1303 1632 non
1326 1588 1456 1643 visis,
1476 1588 1539 1632 ita
1558 1592 1604 1632 et
1622 1599 1746 1644 spes.
1772 1586 1859 1632 Sed
1874 1583 1992 1631 fides

115 1662 211 1695 non
234 1650 321 1696 fuit
342 1651 391 1695 in
410 1651 605 1707 Christo,
625 1651 745 1695 sicut
766 1652 940 1696 dictum
960 1657 1032 1696 est
1055 1655 1152 1702 (art.
1175 1653 1348 1707 praec).
1366 1654 1483 1706 Ergo
1499 1663 1586 1695 nec
1606 1662 1729 1706 spes.

165 1719 455 1759 CONCLUSIO.
482 1742 527 1749 -
552 1720 656 1759 Gum
676 1720 863 1760 Christus
878 1722 900 1760 a
918 1719 1117 1771 principio
1134 1732 1219 1759 suae
1241 1720 1515 1770 conceptionis
1533 1719 1649 1770 plene
1671 1718 1908 1758 fruitionem
1930 1716 1990 1757 di-

117 1773 259 1814 vinam
279 1773 480 1823 habuerit,
507 1773 758 1824 impossihile
781 1775 861 1814 fuit
880 1776 923 1814 in
953 1776 1041 1827 ipso
1063 1775 1186 1815 fuisse
1215 1786 1327 1826 spem
1342 1805 1354 1824 ,
1374 1774 1454 1814 nisi
1476 1785 1618 1814 eorum
1631 1804 1641 1822 ‚
1661 1785 1752 1825 quae
1773 1784 1856 1812 non
1875 1771 1992 1824 plene

117 1825 248 1867 fuerat
260 1826 450 1877 adeptus3
472 1828 578 1868 sicut
595 1828 662 1868 sui
679 1830 855 1880 corporis
874 1830 1227 1870 immortalitatem
1242 1834 1280 1869 et
1295 1829 1467 1879 gloriam
1487 1829 1684 1879 sperabat.

172 1889 443 1946 Respondeo
472 1889 719 1934 dicendum
737 1890 879 1946 quod,
903 1891 1023 1935 sicut
1044 1891 1102 1935 de
1120 1891 1297 1935 ratione
1329 1891 1434 1934 fidei
1461 1896 1532 1934 est
1569 1890 1694 1946 quod
1714 1890 1881 1946 aliquis
1913 1901 1992 1934 as-

119 1949 288 1994 sentiat
307 1949 380 1994 his
402 1962 507 2007 quae
532 1963 623 1993 non
642 1951 783 2007 videt,
803 1951 868 1995 ita
895 1952 952 1996 de
980 1952 1157 1995 ratione
1176 1953 1274 2008 spei
1297 1956 1367 1995 est
1388 1951 1512 2007 quod
1533 1950 1700 2006 aliquis
1718 1956 1927 2006 expectet
1943 1951 1991 1997 id

118 2010 243 2068 quod
265 2010 472 2055 nondum
494 2010 657 2067 habet3
678 2015 723 2055 et
746 2012 865 2056 sicut
882 2012 1013 2071 fides,
1034 2012 1310 2069 inquantum
1329 2016 1400 2056 est
1427 2012 1576 2055 virtus
1604 2011 1873 2067 theologica,
1898 2024 1991 2056 non

117 2074 188 2116 est
206 2070 264 2116 de
282 2083 576 2127 quocumque
591 2084 685 2116 non
707 2072 824 2128 viso,
844 2073 927 2118 sed
949 2073 1100 2117 solum
1119 2073 1177 2118 de
1191 2077 1304 2129 De03
1326 2073 1390 2117 ita
1407 2073 1543 2117 etiam
1569 2084 1691 2127 spes,
1715 2071 1991 2128 inquantum

117 2135 189 2176 est
216 2130 366 2176 virtus
395 2130 669 2189 theologica,
703 2132 841 2177 habet
872 2145 956 2190 pro
985 2133 1165 2190 obJecto
1202 2134 1355 2190 ipsum
1386 2136 1528 2177 Deum
1564 2133 1699 2188 cujus
1725 2129 1990 2179 fruitionem

115 2191 256 2237 homo
273 2191 588 2250 principaliter
609 2199 821 2250 expectat
839 2207 922 2251 per
940 2194 1038 2250 spei
1061 2195 1276 2239 virtutem
1291 2211 1303 2252 ς
1325 2195 1407 2240 sed
1425 2207 1484 2240 ex
1500 2194 1802 2251 consequenti
1820 2194 1897 2239 ille
1909 2195 1987 2253 qui

116 2254 256 2299 habet
275 2254 494 2299 virtutem
516 2255 630 2312 spei,
651 2260 805 2312 potest
831 2256 969 2301 etiam
1003 2256 1051 2300 in
1086 2256 1187 2301 aliis
1217 2257 1427 2302 divinum
1461 2257 1684 2300 auxilium
1721 2265 1988 2314 expectaret,

116 2314 238 2360 sicut
258 2319 304 2360 et
323 2315 400 2360 ille
417 2316 496 2372 qui
518 2317 658 2362 habet
679 2317 897 2363 virtutem
931 2314 1054 2375 fidei,
1077 2331 1170 2362 non
1191 2318 1341 2362 solum
1375 2318 1522 2363 credit
1551 2321 1641 2362 Deo
1663 2317 1721 2363 de
1752 2318 1891 2363 rebus
1918 2319 1991 2364 di-

119 2377 254 2435 vinis,
279 2379 362 2423 sed
383 2379 521 2424 etiam
544 2380 601 2425 de
629 2380 1004 2437 quibuscumque
1033 2380 1135 2424 aliis
1158 2381 1379 2426 divinitus
1410 2380 1498 2426 sibi
1530 2380 1758 2425 revelatis.
1783 2380 1990 2427 Christus

117 2443 270 2484 autem
301 2438 328 2482 a
349 2440 573 2497 principio
596 2454 693 2485 suae
716 2442 1027 2499 conceptionis
1047 2442 1183 2498 plene
1215 2442 1376 2487 habuit
1407 2442 1671 2487 fruitionem
1694 2441 1915 2499 divinam,
1938 2447 1991 2490 ut

116 2500 236 2544 infra
259 2500 434 2546 dicetur
453 2503 546 2558 (qu.
570 2516 710 2562 xxxw,
731 2508 817 2547 art.
838 2506 912 2559 4);
934 2509 978 2548 et
1006 2503 1111 2549 ideo
1128 2504 1347 2549 virtutem
1368 2505 1466 2561 spei
1498 2518 1589 2548 non
1615 2504 1803 2548 habuit:
1828 2504 1990 2550 habuit

117 2565 270 2607 tamen
291 2574 421 2619 spem
439 2569 653 2620 respectu
671 2564 932 2621 aliquorum
955 2578 1059 2622 quae
1079 2567 1288 2611 nondum
1312 2572 1412 2610 erat
1430 2567 1642 2623 adeptus,
1664 2566 1769 2611 licet
1791 2579 1885 2611 non
1908 2567 1988 2611 ha-

117 2623 268 2669 buerit
286 2622 423 2669 fidem
443 2631 657 2683 respectu
678 2639 1104 2685 quorumcumque3
1125 2629 1252 2688 quia,
1275 2629 1380 2674 licet
1400 2630 1537 2686 plene
1567 2633 1870 2685 cognosceret
1886 2641 1987 2674 om-

118 2683 211 2740 nia,
235 2696 318 2740 per
337 2685 460 2741 quod
480 2687 678 2732 totaliter
699 2684 815 2733 fides
836 2689 1169 2734 excludebatur
1187 2689 1246 2733 ab
1269 2702 1340 2746 eo,
1372 2702 1466 2734 non
1492 2695 1645 2734 tamen
1679 2690 1830 2735 adhuc
1851 2690 1987 2747 plene

116 2745 314 2791 hahebat
336 2747 492 2791 omnia
511 2761 615 2804 quae
637 2749 696 2794 ad
711 2749 812 2809 eJus
831 2750 1159 2807 perfectionem
1178 2751 1496 2808 pertinebant3
1530 2752 1642 2809 puta
1674 2752 1987 2797 immortalita-

118 2810 210 2851 tem
231 2811 277 2851 et
295 2807 489 2863 gloriam
512 2810 734 2866 corporis,
753 2823 891 2868 quam
908 2817 1088 2868 poterat
1107 2824 1309 2869 sperare.

170 2867 238 2912 Ad
253 2873 447 2923 primum
465 2883 576 2928 ergo
594 2872 859 2930 dicendum,
883 2875 1006 2930 qued
1026 2875 1114 2919 hoc
1141 2887 1234 2918 non
1259 2875 1427 2920 dicitur
1443 2875 1502 2920 de
1523 2874 1700 2920 Christo
1730 2874 1986 2920 secundum

117 2939 263 2985 spem,
284 2940 388 2984 quae
408 2935 480 2975 est
500 2932 648 2977 virtus
666 2934 952 2991 theologica3
974 2936 1056 2980 sed
1076 2935 1132 2980 eo
1147 2935 1272 2992 qued
1295 2936 1509 2992 quaedam
1537 2935 1628 2980 alia
1646 2936 1849 2992 speravit
1867 2949 1986 2981 non-

117 2989 229 3034 dum
245 2989 419 3046 habita,
443 2991 564 3037 sicut
579 2993 754 3039 dictum
772 3001 845 3040 est
869 2996 932 3048 (in
950 3009 1077 3054 corp.
1098 2999 1218 3051 art.).

148 3049 236 3119 ’Ad
267 3052 507 3095 secundum
536 3053 799 3113 dicendum,
832 3057 953 3114 quod
974 3058 1121 3113 gloria
1143 3057 1348 3114 corporis
1369 3069 1463 3102 non
1482 3057 1682 3114 pertinet
1701 3057 1762 3103 ad
1781 3057 1979 3104 beatitu-

115 3111 288 3167 dinem,
318 3111 437 3156 sicut
468 3113 516 3157 in
539 3127 632 3170 quo
658 3117 970 3174 principaliter
997 3120 1235 3164 beatitudo
1260 3119 1500 3176 consistat,
1525 3120 1609 3165 sed
1632 3133 1715 3177 per
1736 3121 1985 3177 quamdam

114 3172 467 3218 redundantiam
487 3175 514 3218 a
536 3176 680 3232 gloria
703 3179 884 3235 animae,
909 3185 961 3224 ut
979 3181 1025 3225 in
1048 3181 1255 3226 secunda
1274 3186 1403 3237 parte
1425 3181 1599 3226 dictum
1615 3187 1684 3226 est
1698 3184 1733 3236 (1
1755 3185 1799 3239 2,
1819 3186 1984 3238 quaest.

113 3247 171 3291 iv,
196 3239 282 3278 art.
307 3239 366 3289 6).
391 3237 518 3281 Unde
536 3250 660 3293 speS‚
683 3241 938 3286 secundum
960 3243 1087 3298 quod
1109 3247 1180 3287 est
1201 3242 1348 3287 virtus
1381 3243 1654 3301 theologica,
1683 3256 1777 3288 non
1799 3244 1984 3299 respicit

152 3349 196 3389 (l)
209 3347 272 3381 Ubi
288 3350 462 3389 praemittit
481 3364 488 3383 :
504 3353 594 3393 Spes
611 3362 688 3396 quoe
706 3352 852 3387 videtur
866 3364 940 3388 non
955 3360 1006 3390 est
1089 3357 1181 3401 quod
1196 3368 1270 3391 non
1280 3358 1441 3392 videmus
1462 3368 1669 3400 speramus,
1683 3366 1752 3400 per
1765 3359 1984 3401 patientta-m

112 3403 210 3436 spes,
244 3394 366 3428 deiude
399 3409 499 3430 mox:
528 3398 624 3431 Nam
655 3399 750 3440 quod
769 3400 867 3433 videt
899 3403 1005 3444 quis,
1089 3409 1352 3447 exspectamus.
1377 3438 1380 3443 .

111 3441 198 3484 quid
218 3444 369 3484 sperat?
385 3443 578 3485 Iter-unique
595 3444 765 3485 subjungit
792 3460 799 3480 :
827 3448 871 3482 Si
887 3453 1005 3483 autem

2038 3435 2050 3472 'l
