2170 3808
707 256 903 308 QUAEST.
941 254 1088 304 XVIII,
1116 251 1234 296 ART.
1260 251 1279 292 1
1306 250 1372 292 ET
1399 248 1452 291 ΙΙ.
1939 242 2024 284 169

141 345 262 391 circa
283 344 431 401 ipsam
449 351 548 385 rem
567 337 704 396 cujus
726 341 797 381 est
817 334 1001 380 modus.
1031 333 1157 378 Unde
1180 332 1287 375 cnm
1312 329 1529 373 voluntas
1558 324 1788 382 pertineat
1808 322 1867 367 ad
1890 326 2025 365 natu-

142 418 257 462 ram,
282 406 433 461 Ipsum
461 401 597 447 etiam
621 398 747 455 quod
779 402 851 442 est
878 396 1138 452 aliqualiter
1167 392 1304 447 velle,
1334 390 1534 446 pertinet
1565 387 1624 431 ad
1656 390 1888 453 naturam,
1928 395 2025 452 non

143 467 400 511 secundnm
419 462 544 520 quod
572 465 644 505 est
668 459 880 503 absolute
909 456 1218 508 considerata,
1240 452 1322 496 sed
1345 450 1607 495 secundnm
1630 447 1755 504 quod
1778 450 1850 490 est
1874 456 1921 488 ιιι
1946 443 2026 487 tali

145 526 395 585 hvpostasi.
415 524 542 569 Unde
560 522 697 567 etiam
715 521 933 564 voluntas
955 518 1157 562 humana
1180 511 1347 557 Christi
1365 511 1526 555 habuit
1544 509 1794 566 quemdam
1813 504 2027 551 determi-

146 575 305 633 natum
323 586 510 631 modum
536 595 595 627 ex
614 594 671 626 eo
693 581 819 638 quod
837 578 926 623 fuit
946 578 995 621 in
1014 574 1254 634 hypostasi
1274 572 1448 627 divina,
1481 576 1534 614 ut
1562 570 1737 613 scilicet
1765 570 2030 612 moveretur

147 662 328 706 semper
349 645 606 692 secundnm
630 648 798 687 nutum
823 640 992 686 divinae
1012 635 1281 682 voluntatis.

175 710 518 755 ARTICULUS
535 710 595 752 11.
621 729 676 737 —
699 717 833 748 u'rnun
863 716 908 746 m
933 713 1106 746 cnms'ro
1125 711 1276 742 runnu·
1294 708 1444 744 amous
1463 705 1675 738 votun‘ras
1695 701 2007 735 smsuamuns

698 778 866 808 mmmm
894 775 1085 807 amnonis
1110 770 1382 803 vowsmrnn
1399 758 1475 810 (1).

189 840 237 873 De
256 839 308 874 his
321 839 422 874 etiam
440 837 543 877 infra,
559 838 624 870 art.
640 836 662 869 5
679 846 772 875 corp.
792 838 826 867 et
842 833 936 866 Sent.
957 839 1010 870 111,
1030 830 1108 864 dist.
1127 828 1168 862 ⁴7
1180 853 1190 870 ,
1207 832 1273 861 art.
1297 826 1331 865 l,
1350 827 1467 866 quaest.
1483 830 1523 863 u.
1542 824 1578 857 et
1595 821 1721 862 opusc.
1740 828 1795 860 1¹1,
1820 830 1893 860 cap.
1911 817 1989 852 259.

204 894 267 937 Ad
284 892 540 936 secundum
566 889 633 933 sic
651 887 930 944 proceditur.
952 889 994 929 1.
1015 884 1202 927 Videtur
1216 879 1339 937 quod
1353 879 1400 922 in
1413 876 1591 922 Christo
1610 886 1704 918 non
1725 873 1864 943 suerit
1878 871 2032 928 aliqua

149 955 360 998 voluntas
380 951 694 998 sensualitatis
716 954 882 1006 praeter
903 947 1095 991 rationis
1117 943 1424 988 voluntatem.
1449 939 1565 983 Dicit
1581 938 1704 982 enim
1731 934 2032 1003 Philosophus

99 1014 109 1021 ”
149 1019 225 1069 (De
248 1015 417 1071 anima,
438 1014 517 1058 lib.
533 1027 593 1069 ιιι,
615 1016 729 1056 text.
751 1014 839 1065 42),
865 1008 990 1066 quod
1007 1007 1224 1051 voluntas
1246 1004 1294 1047 in
1314 1002 1493 1046 ratione
1516 1003 1612 1051 est;
1635 998 1681 1041 in
1706 996 1930 1040 sensit1vo
1946 1006 2033 1037 au-

151 1081 243 1120 tem
274 1077 479 1133 appetitu
499 1079 570 1119 est
598 1071 842 1117 irascibilis
870 1074 917 1114 et
951 1065 1342 1123 concupiscibilis.
1382 1062 1469 1107 Sed
1503 1058 1782 1105 sensualitas
1804 1056 2033 1111 significat

151 1138 405 1193 appetitum
426 1135 715 1180 sensitivum.
739 1135 856 1187 Ergo
878 1142 970 1174 non
992 1129 1078 1173 fuit
1097 1128 1144 1172 in
1170 1126 1347 1170 Christo
1376 1125 1596 1168 voluntas
1619 1118 1950 1165 sensualitatis.

206 1202 249 1242 2.
280 1201 517 1252 Praeterea,
534 1195 792 1240 secundnm
807 1191 1119 1248 Augustinum
1142 1191 1220 1242 (De
1237 1187 1392 1231 Trinit.
1410 1185 1490 1229 lib.
1508 1197 1584 1240 xn,
1597 1194 1699 1238 cap.
1720 1184 1792 1236 13,
1809 1180 1837 1223 a
1851 1179 2033 1247 princ3),

151 1259 429 1303 sensualitas
465 1256 752 1313 significatur
786 1266 869 1310 per
909 1256 1188 1307 serpentem.
1232 1247 1319 1292 Sed
1360 1245 1471 1290 nihil
1511 1241 1830 1299 serpentinum
1871 1240 1958 1283 fult
1986 1250 2034 1281 ιιι

150 1320 360 1364 Christo:
386 1318 547 1363 habuit
581 1318 703 1362 enim
739 1313 1090 1359 similitudinem
1127 1309 1341 1354 animalis
1376 1305 1601 1352 venenosi
1633 1304 1734 1348 sine
1754 1314 1953 1355 veneno,
1983 1305 2035 1344 ut

149 1381 434 1436 Augustinus
451 1379 563 1428 dicit
579 1381 656 1431 (De
676 1379 907 1433 peccator.
923 1373 1099 1418 meritis
1122 1376 1168 1416 et
1184 1371 1367 1415 remiss.
1387 1368 1469 1413 lib.
1491 1381 1523 1422 1,
1543 1378 1645 1422 cap.
1668 1368 1739 1418 32,
1760 1375 1900 1419 super
1921 1361 2035 1405 illud

150 1444 280 1487 Joan.
297 1445 360 1495 ιιι)
382 1454 394 1484 z
419 1442 544 1484 Sicut
558 1440 783 1483 exaltavit
799 1441 971 1493 Moyses
989 1438 1241 1491 serpentem
1259 1436 1308 1475 in
1323 1432 1517 1475 deserto·
1540 1431 1658 1483 Ergo
1673 1427 1721 1470 in
1745 1427 1922 1470 Christo
1941 1435 2034 1468 non

153 1504 240 1548 fuit
257 1505 473 1548 voluntas
494 1500 824 1546 sensualitatis.

210 1568 254 1608 3.
277 1567 513 1620 Praeterea,
536 1563 753 1606 voluntas
775 1558 986 1616 sequitur
1012 1560 1245 1612 naturam,
1268 1558 1323 1599 ut
1339 1553 1516 1599 dictum
1537 1555 1609 1596 est
1634 1552 1735 1605 (art.
1756 1550 1929 1606 praec.).
1952 1547 2037 1592 Sed

155 1626 203 1670 in
223 1625 399 1670 Christo
427 1637 522 1669 non
540 1624 629 1668 fuit
656 1622 746 1667 nisi
768 1633 866 1665 una
886 1624 1053 1663 natura
1080 1620 1248 1675 praeter
1267 1615 1490 1661 divinam.
1514 1615 1631 1668 Ergo
1666 1612 1714 1655 in
1736 1611 1914 1655 Christo
1944 1621 2036 1653 non

155 1687 243 1730 fuit
266 1687 357 1731 nisi
371 1699 465 1729 una
480 1685 695 1729 voluntas
712 1685 932 1728 humana.

213 1747 298 1791 Sed
331 1752 490 1790 contra
519 1752 592 1790 est
621 1744 746 1802 quod
776 1741 1048 1788 Ambrosius
1073 1739 1186 1786 dicit
1207 1738 1288 1793 (Ad
1322 1736 1590 1781 Gratianum
1625 1735 1838 1791 imperat.
1868 1733 1949 1777 lib.
1982 1745 2038 1788 n,

158 1807 334 1851 seilicet
351 1810 412 1851 De
428 1808 536 1862 fide,
556 1819 658 1862 cap.
682 1809 726 1861 3,
751 1805 810 1849 ad
827 1805 927 1857 fin.)
943 1816 955 1846 ε
978 1821 998 1841 «ι
1015 1804 1110 1846 Mea
1126 1805 1199 1846 est
1218 1800 1450 1851 voluntas,
1465 1809 1606 1854 quam
1625 1807 1759 1840 suam
1776 1794 1914 1839 dicit:
1931 1794 2039 1850 quia

158 1872 212 1910 ut
234 1868 372 1911 homo
393 1866 598 1923 suscepit
623 1865 852 1909 tristitiam
875 1874 1043 1907 meam.
1068 1880 1089 1901 >›
1123 1863 1189 1906 Ex
1212 1872 1306 1916 quo
1334 1859 1470 1903 datur
1491 1857 1685 1912 intelligi
1708 1855 1833 1912 quod
1857 1855 2039 1900 tristitia

160 1930 388 1984 pertineat
400 1929 460 1973 ad
479 1930 730 1973 humanam
746 1927 1033 1970 voluntatem
1056 1925 1103 1968 in
1128 1923 1323 1967 Christo.
1341 1920 1429 1965 Sed
1448 1919 1627 1963 tristitia
1648 1917 1918 1975 pertinetad
1931 1930 2039 1961 sen-

160 1989 438 2045 sualitatem,
454 1994 506 2034 ut
527 1990 576 2032 in
591 1988 796 2033 secunda
814 1992 945 2044 parte
961 1986 1167 2030 habitum
1182 1988 1255 2028 est
1268 1985 1449 2039 (quaest.
1469 1995 1586 2036 xxm,
1611 1985 1696 2024 art.
1716 1983 1737 2024 1
1753 1984 1800 2024 et
1815 1982 1860 2036 3,
1874 1986 2038 2035 quaest.

159 2064 259 2105 xxv,
280 2059 365 2095 art.
384 2054 428 2107 1,
448 2056 496 2095 et
514 2055 679 2106 quaest.
701 2063 829 2104 xxxv,
854 2052 941 2092 art.
959 2051 979 2092 1
1001 2053 1048 2091 et
1060 2050 1120 2100 2).
1139 2050 1258 2102 Ergo
1269 2045 1454 2089 videtur
1472 2043 1597 2099 quod
1611 2043 1659 2086 in
1681 2042 1857 2086 Christo
1879 2041 1940 2086 sit
1959 2053 2040 2085 vo-

158 2109 315 2155 luntas
330 2110 646 2155 sensualitatis
660 2115 826 2166 praeter
844 2110 1129 2152 voluntatem
1145 2106 1352 2150 rationis.

206 2177 492 2219 CONCLUSIO.
511 2177 686 2225 -1C1'1m
708 2175 780 2215 Dei
805 2175 936 2215 Filius
962 2175 1191 2214 humanam
1212 2177 1404 2213 naturam
1421 2172 1638 2224 perfectam
1657 2169 1937 2222 assumpserit,
1955 2182 2042 2220 per-

160 2233 349 2284 spicuum
367 2237 425 2272 est
439 2235 583 2283 praeter
606 2231 863 2271 voluntatem
882 2230 1074 2278 rationis,
1097 2228 1370 2268 sensualitatis
1394 2227 1520 2267 etiam
1537 2226 1792 2267 voluntatem
1812 2226 1856 2265 in
1882 2226 2041 2266 Christo

161 2287 297 2343 fuisse,
321 2299 413 2338 quae
430 2288 621 2326 voluntas
640 2297 711 2336 per
733 2284 1087 2337 participationem
1102 2283 1344 2335 appellatur.

214 2349 483 2406 Respondeo
512 2348 760 2393 dicendum
786 2346 934 2403 quod,
956 2346 1077 2390 sicut
1094 2346 1368 2402 praedictum
1394 2348 1466 2389 est
1486 2347 1584 2395 (art.
1604 2346 1779 2400 praec.),
1798 2343 1938 2387 Filius
1963 2343 2040 2388 Dei

162 2411 413 2456 humanam
435 2414 650 2454 naturam
680 2409 930 2465 assumpsit
949 2420 1058 2452 cum
1084 2407 1303 2452 omnibus
1321 2419 1425 2464 quae
1446 2405 1682 2463 pertinent
1708 2405 1769 2450 ad
1793 2405 2042 2461 perfectio—

164 2484 270 2516 nem
290 2472 438 2528 ipsius
461 2477 638 2516 naturae
655 2471 885 2517 humanae.
926 2472 975 2514 ln
1009 2471 1213 2514 humana
1237 2474 1392 2513 autem
1428 2472 1595 2511 natura
1623 2466 1877 2511 includitur
1902 2468 2042 2511 etiam

164 2539 329 2578 natura
339 2533 567 2592 animalis,
589 2532 709 2577 sicut
724 2532 771 2576 in
792 2531 945 2588 specie
960 2532 1215 2576 includitur
1233 2542 1401 2587 genus.
1417 2529 1547 2574 Unde
1565 2533 1745 2585 oportet
1759 2528 1884 2586 quod
1902 2529 2041 2573 Filius

163 2595 239 2640 Dei
260 2595 562 2652 assumpserit
574 2606 682 2639 cum
697 2595 902 2638 humana
920 2599 1086 2638 natura
1101 2594 1240 2638 etiam
1267 2605 1322 2636 ea
1336 2604 1441 2649 quae
1464 2591 1700 2648 pertinent
1719 2591 1780 2635 ad
1798 2590 2043 2647 perfectio-

166 2668 272 2700 nem
297 2661 472 2701 naturae
500 2655 714 2700 animalis
740 2669 753 2699 ι
775 2656 896 2700 inter
925 2667 1029 2712 quae
1055 2660 1127 2699 est
1150 2655 1382 2711 appetitus
1406 2653 1674 2708 sensitivus,
1701 2652 1780 2708 qui
1814 2653 2041 2697 sensuali-

168 2722 238 2761 tas
257 2719 312 2772 (2)
328 2717 511 2774 dicitur,
525 2722 572 2762 et
589 2717 692 2762 ideo
708 2722 889 2774 oportet
907 2717 1060 2762 dicere
1087 2717 1212 2773 quod
1230 2715 1278 2759 in
1297 2714 1475 2759 Christo
1499 2714 1587 2758 fuit
1609 2713 1839 2758 sensualis
1867 2715 2043 2771 appeti-

168 2782 243 2822 tus
265 2779 363 2824 sive
385 2778 678 2824 sensualitas
699 2779 942 2823 Sciendum
967 2783 1039 2823 est
1065 2779 1205 2822 etiam
1237 2777 1361 2833 quod
1390 2776 1669 2820 sensualitas
1690 2775 1788 2819 sive
1813 2775 2043 2820 sensualis

168 2840 413 2894 appetitus,
437 2840 712 2896 inquantum
735 2844 808 2885 est
825 2845 963 2885 natus
982 2840 1169 2884 obedire
1190 2839 1374 2893 rationi,
1403 2838 1571 2882 dicitur
1587 2836 1811 2882 rationale
1831 2849 1914 2893 per
1934 2850 2044 2893 par—

170 2899 495 2956 tIcipationem,
525 2906 578 2945 ut
598 2906 723 2958 patet
750 2914 834 2958 per
866 2902 1192 2957 Philosophum
1225 2900 1382 2955 (Ethic.
1412 2899 1494 2943 lib.
1517 2913 1548 2956 1,
1570 2911 1670 2955 cap.
1701 2898 1821 2953 ult.).
1851 2901 1905 2943 Et
1934 2899 2044 2956 quia

169 2961 386 3005 voluntas
405 2966 476 3005 est
494 2961 543 3005 in
561 2964 754 3017 ratione,
778 2968 829 3007 ut
843 2962 1017 3008 dictum
1041 2969 1112 3007 est
1132 2964 1232 3017 (art.
1254 2963 1427 3020 praec.),
1446 2960 1547 3016 pari
1575 2960 1754 3004 ratione
1786 2964 1938 3017 potest
1954 2960 2043 3005 dici

168 3021 292 3078 quod
314 3021 588 3066 sensualitas
610 3023 670 3067 sit
686 3023 900 3068 voluntas
922 3037 1005 3081 per
1022 3023 1435 3080 participationem.

224 3083 290 3127 Ad
316 3086 512 3139 primum
533 3095 645 3139 ergo
659 3084 924 3142 dicendum,
949 3085 1074 3142 quod
1096 3085 1212 3129 ratio
1233 3084 1311 3128 illa
1324 3083 1532 3141 procedit
1548 3083 1606 3129 de
1620 3083 1858 3128 voluntate
1881 3095 2046 3129 essen-

170 3144 336 3189 tialiter
354 3144 490 3201 dicta,
512 3157 617 3201 quae
637 3157 732 3189 non
746 3151 817 3190 est
831 3147 920 3190 nisi
938 3146 987 3190 in
1003 3151 1133 3202 parte
1147 3146 1447 3201 intellectiva3
1469 3145 1552 3190 sed
1572 3145 1787 3190 voluntas
1807 3145 2046 3202 participa-

174 3206 264 3250 tive
285 3205 408 3250 dicta
427 3210 577 3263 potest
591 3218 694 3251 esse
714 3206 764 3250 in
786 3212 917 3263 parte
936 3208 1174 3266 sensitiva,
1195 3208 1473 3264 inquantum
1494 3207 1650 3252 obedit
1666 3207 1832 3251 rationi

227 3267 292 3312 Ad
323 3269 563 3311 secundum
587 3268 851 3324 dicendum,
876 3268 1001 3325 quod
1022 3269 1299 3314 sensualitas
1334 3268 1621 3325 significatur
1641 3281 1735 3326 ,per
1763 3273 2044 3325 serpentem,

212 3376 256 3418 (l)
274 3376 416 3411 Nomine
447 3378 669 3413 sensualitatis
691 3390 759 3413 non
783 3378 1065 3419 biclintelligitur
1189 3380 1233 3422 (2)
1264 3380 1357 3415 Bono
1394 3381 1428 3414 et
1469 3379 1608 3414 innoxio
1639 3390 1738 3414 sensu
1769 3376 1953 3412 secundnm
1985 3389 2045 3418 se.

174 3424 321 3478 potentia
340 3425 518 3466 appetitiva
541 3431 599 3459 ant
618 3425 736 3461 vitiosa
749 3431 783 3460 et
807 3437 997 3467 repugnans
1013 3438 1065 3461 ra·
1149 3429 1300 3469 quamvis
1315 3441 1354 3464 ex
1370 3439 1431 3463 usu
1447 3427 1536 3463 male
1545 3430 1641 3463 sonet
1662 3438 1700 3461 ac
1723 3425 1758 3460 in
1778 3424 1899 3459 vitium
1918 3424 2042 3460 deflec-

177 3473 271 3512 Cwm,
286 3472 342 3506 sed
359 3473 430 3514 ipsa
447 3473 586 3508 facultas
600 3474 773 3510 naturalis.
1149 3478 1256 3511 tatur.
