2170 3808
790 268 991 320 QUAEST.
1019 267 1158 320 xxm,
1189 267 1306 310 ART.
1337 266 1368 310 1.
1945 264 2024 308 201

143 355 290 412 legale
313 365 395 411 per
414 349 657 406 sanguinis
677 347 953 393 effusionem
980 347 1121 404 quam
1152 347 1461 392 sacerdotium
1489 346 1833 401 Melchisedech,
1863 345 1910 389 in
1936 358 2029 403 quo

145 416 338 473 sanguis
362 426 455 459 non
478 410 817 458 effundebatur.
851 410 939 454 Sed
961 409 1186 466 quantum
1210 409 1270 453 ad
1293 408 1688 465 participationem
1719 407 1860 465 hujus
1886 406 2029 451 sacri-

143 478 231 523 ficii
258 481 304 521 et
337 477 439 533 ejus
471 474 703 527 effectum,
728 472 775 515 in
808 483 901 527 quo
924 471 1156 527 praecipue
1187 470 1441 514 attenditur
1477 469 1750 514 excellentia
1782 467 2028 512 sacerdotii

144 539 304 585 Christi
324 537 383 582 ad
402 534 708 581 sacerdotium
723 533 891 590 legale,
909 531 1175 588 expressius
1190 528 1578 587 praefigurabatur
1608 543 1691 587 per
1719 529 2027 575 sacerdotium

144 599 488 654 Melchisedech,
507 597 587 654 qui
605 596 826 641 offerebat
846 606 1015 651 panem
1032 598 1079 638 et
1098 593 1278 649 vinum,
1300 611 1319 630 «
1334 590 1662 649 significantia,
1678 597 1731 638 ut
1741 591 2028 648 Augustinus

145 663 255 709 dicit
273 666 422 718 (tract.
443 663 498 705 26
513 660 559 703 in
577 661 707 703 Joan.
727 657 754 700 a
777 656 899 701 med.
925 655 1023 700 Vid.
1048 655 1186 700 etiam
1211 667 1314 711 cap.
1337 658 1454 710 Quia
1476 668 1655 712 passus,
1681 657 1743 699 De
1770 658 2025 699 consecrat.

144 725 253 770 dist.
281 727 340 779 Ξ),
371 721 732 768 ecclesiasticam
769 719 1006 773 unionem,
1049 729 1190 774 quam
1226 716 1464 761 constituit
1493 716 1778 773 participatio
1815 714 2027 761 sacrificii

145 786 356 831 Christi.»
381 784 508 828 Unde
530 783 667 827 etiam
687 781 734 824 in
759 793 880 824 nova
903 779 1006 836 lege
1024 790 1187 823 verum
1210 778 1373 823 Christi
1400 778 1678 822 sacrificium
1710 777 2027 821 communica-

145 851 220 891 tur
236 845 450 892 fidelibus
464 844 552 888 sub
572 842 725 900 specie
749 841 885 899 panis
907 846 951 885 et
971 840 1080 885 vini.

201 909 268 953 Ad
290 910 472 952 tertium
502 905 764 960 dicendum,
799 902 924 960 quod
946 901 1273 947 Melchisedech
1296 901 1448 946 dictus
1471 903 1543 944 est
1572 901 1666 942 sine
1684 902 1837 955 patre,
1865 900 1911 942 et
1931 901 2027 942 sine

147 974 307 1026 matre,
344 973 385 1013 et
412 972 507 1012 sine
536 968 815 1024 qenealoqz'a‚
842 970 888 1011 et
927 965 1052 1022 quod
1091 982 1111 1002 «
1129 976 1224 1008 non
1260 964 1397 1007 habet
1434 962 1616 1007 initium
1639 960 1836 1016 dierum,
1874 972 2026 1016 neque

146 1031 311 1087 finem3
346 1043 438 1075 non
473 1030 582 1087 quia
600 1030 687 1074 ista
708 1041 800 1073 non
830 1027 1058 1083 habuerit,
1086 1025 1168 1070 sed
1186 1025 1294 1082 quia
1317 1024 1364 1068 in
1389 1024 1621 1080 Scriptura
1649 1034 1780 1067 sacra
1795 1021 1883 1066 ista
1898 1021 1956 1066 de
1970 1034 2025 1066 eo

148 1106 240 1138 non
263 1093 482 1148 leguntur
512 1094 571 1146 t).
589 1094 641 1136 Et
662 1103 744 1147 per
764 1091 852 1135 hoc
868 1090 1038 1146 ipsum,
1065 1092 1113 1132 ut
1133 1087 1379 1144 Apostolus
1405 1085 1576 1130 ibidem
1598 1084 1722 1141 dicit,
1744 1083 2025 1128 assimilatus

147 1161 217 1200 est
233 1155 339 1198 Filio
352 1153 430 1198 Dei
452 1153 530 1210 qui
546 1153 593 1196 in
621 1152 754 1196 terris
773 1156 846 1196 est
867 1150 969 1195 sine
987 1155 1137 1206 patre,
1160 1148 1271 1193 etin
1297 1147 1427 1192 coelis
1450 1147 1550 1191 sine
1573 1151 1720 1190 matre
1744 1150 1790 1190 et
1815 1145 1916 1190 sine
1943 1157 2024 1200 ge-

149 1216 372 1274 nealogia„
393 1214 648 1260 secundum
675 1213 788 1258 illud
806 1215 880 1266 (Is.
905 1225 991 1267 ιιιι,
1012 1213 1054 1265 8)
1073 1226 1084 1255 z
1103 1213 1447 1254 Generationem
1469 1210 1563 1263 ejus
1584 1212 1684 1264 quis
1701 1207 1963 1252 enarrabit?
1980 1211 2026 1252 et

146 1278 404 1323 secundum
420 1276 703 1322 divinitatem
727 1285 878 1329 neque
899 1271 1193 1329 principium,
1217 1283 1370 1326 neque
1394 1270 1536 1314 finem
1568 1269 1749 1314 dierum
1770 1268 1923 1313 habet.

373 1515 434 1550 DE
464 1512 726 1550 ADOPTIONE
759 1510 961 1560 CHRISTI,
995 1509 1041 1544 IN
1081 1508 1301 1551 QUATUOR
1336 1506 1591 1543 ARTICULOS
1623 1507 1791 1542 DlvlsA.

195 1603 344 1645 Deinde
363 1601 701 1644 considerandum
718 1603 777 1640 est
797 1611 850 1639 an
865 1597 1029 1650 adoptio
1051 1597 1212 1638 Christo
1235 1597 1470 1644 conveniat3
1494 1600 1533 1636 et
1550 1596 1657 1636 circa
1680 1595 1756 1635 hoc
1781 1597 2026 1647 quaeruntur

146 1663 319 1711 quatuor
335 1673 345 1698 :
371 1664 405 1697 1⁰
421 1657 566 1698 Utrum
580 1658 659 1696 Deo
673 1655 888 1696 conveniat
902 1654 1093 1705 adoptare
1106 1652 1230 1692 filios.
1245 1674 1294 1682 —
1310 1657 1349 1692 2⁰
1367 1652 1515 1692 Utrum
1530 1651 1606 1691 hoo
1623 1650 1838 1691 oonvenIat
1854 1648 1931 1689 soli
1946 1650 2025 1688 Deo

147 1714 270 1754 Patri.
293 1736 339 1744 —
366 1718 405 1752 3⁰
422 1712 570 1753 Utrum
588 1712 640 1750 sit
655 1710 867 1762 proprium
880 1708 1100 1749 hominum
1117 1708 1302 1759 adoptari
1317 1707 1361 1747 in
1379 1706 1488 1747 filios
1502 1707 1591 1746 Dei.
1606 1729 1654 1736 —
1668 1711 1708 1745 4⁰
1727 1706 1874 1746 Utrum
1889 1703 2025 1745 Chris-

149 1773 219 1809 tus
238 1769 361 1820 possit
377 1766 457 1807 dici
475 1766 588 1805 filius
604 1765 832 1817 adoptivus.

371 1830 708 1872 ARTICULUS
724 1831 759 1871 1.
777 1851 831 1859 -
847 1839 987 1869 uranu
1003 1837 1083 1869 nuo
1102 1837 1334 1868 convitium·
1350 1837 1484 1867 riuos
1501 1835 1711 1867 Auernas
1728 1823 1803 1877 (2).

214 1899 263 1933 De
276 1897 328 1932 his
342 1897 443 1932 etiam
459 1897 556 1930 Sent.
570 1904 625 1937 ιιι,
640 1895 719 1931 dist.
736 1895 778 1930 ,10
790 1921 800 1936 ,
819 1899 937 1936 quaest.
953 1902 992 1936 11,
1010 1898 1075 1928 art.
1095 1893 1109 1927 ‘l
1126 1919 1135 1935 ‚
1154 1895 1270 1934 quaest.
1286 1901 1311 1933 ι,
1329 1896 1363 1927 et
1382 1893 1479 1927 Cont.
1506 1895 1596 1931 gent.
1614 1890 1675 1925 lib.
1694 1899 1743 1934 lv,
1758 1901 1830 1933 cap.
1845 1890 1886 1925 47
1902 1890 1963 1924 fin.

202 1951 270 1997 Ad
305 1951 504 2007 primum
534 1950 600 1994 sic
634 1948 911 2006 proceditur.
943 1951 986 1991 1.
1013 1946 1200 1991 Videtur
1229 1946 1354 2002 quod
1383 1949 1474 1989 Deo
1507 1957 1600 1989 non
1633 1943 1880 1988 conveniat
1909 1943 2026 1989 filios

150 2015 382 2070 adoptare.
403 2012 564 2056 Nullus
582 2012 705 2056 enim
725 2012 913 2068 adoptat
932 2009 1019 2054 nisi
1040 2014 1305 2054 extraneam
1327 2019 1573 2065 personam
1599 2007 1646 2051 in
1670 2004 1833 2063 filium,
1857 2018 2027 2051 secun-

149 2076 259 2120 dum
282 2074 406 2132 quod
433 2073 615 2131 Juristae
641 2073 818 2118 dicunt.
843 2071 930 2116 Sed
953 2071 1080 2115 nulla
1109 2082 1308 2127 persona
1329 2075 1399 2114 est
1428 2074 1647 2113 extranea
1669 2069 1695 2112 a
1719 2071 1827 2123 Deo,
1848 2069 1928 2126 qui
1955 2073 2025 2113 est

148 2136 356 2182 omnium
376 2140 567 2179 creator.
592 2137 710 2191 Ergo
724 2134 908 2180 videtur
925 2133 1047 2190 quod
1070 2136 1160 2177 Deo
1176 2145 1269 2176 non
1293 2131 1538 2176 conveniat
1555 2131 1790 2187 adoptare.

201 2203 245 2259 2.
275 2201 515 2253 Praeterea,
539 2197 724 2253 adoptio
745 2197 928 2241 videtur
950 2207 1053 2240 esse
1071 2195 1335 2239 introducta
1361 2193 1407 2237 in
1428 2193 1658 2238 defectum
1680 2192 1912 2236 filiationis
1939 2205 2026 2236 na-

152 2261 325 2305 turalis.
347 2259 433 2304 Sed
462 2258 508 2302 in
536 2262 627 2302 Deo
650 2258 886 2302 invenitur
908 2256 1133 2301 naturalis
1156 2255 1329 2309 filiatio,
1356 2259 1410 2299 ut
1434 2255 1482 2298 in
1501 2255 1648 2311 prima
1670 2258 1799 2310 parte
1816 2253 2024 2298 habitum

151 2325 222 2366 est
237 2323 414 2378 (quaest.
436 2333 577 2375 xxxin,
594 2323 679 2363 art.
701 2322 760 2372 3).
785 2321 903 2375 Ergo
920 2331 1012 2362 non
1031 2317 1246 2363 convenit
1266 2321 1357 2361 Deo
1377 2314 1496 2360 filios
1513 2316 1749 2372 adoptare.

205 2386 246 2428 3.
276 2385 510 2440 Praeterea,
531 2381 590 2426 ad
612 2381 700 2425 hoc
719 2380 886 2437 aliquis
905 2381 1151 2436 adoptatur
1168 2383 1221 2423 ut
1242 2379 1289 2422 ln
1305 2378 1573 2423 haereditate
1592 2377 1855 2433 adoptantis
1868 2388 2025 2421 succe-

150 2444 243 2490 dat.
268 2443 353 2488 Sed
373 2444 421 2488 in
455 2443 716 2488 haereditate
734 2444 808 2488 Dei
835 2455 928 2488 non
948 2442 1130 2487 videtur
1153 2441 1320 2498 aliquis
1342 2453 1479 2498 posse
1503 2440 1770 2495 succedere,
1794 2439 1903 2496 quia
1927 2438 2026 2495 ipse

152 2517 391 2562 nunquam
416 2505 622 2550 decedet.
648 2508 766 2561 Ergo
780 2508 872 2549 Deo
891 2518 984 2548 non
1010 2503 1224 2550 convenit
1238 2503 1473 2559 adoptare.

207 2567 289 2611 Sed
312 2567 471 2610 ccmtrd
501 2570 571 2610 est
590 2566 714 2622 quod
736 2565 901 2611 dicitur
922 2561 1102 2621 (Ephe‘s.
1129 2578 1158 2620 1,
1183 2566 1226 2618 5)
1251 2579 1263 2608 ε
1282 2565 1629 2607 Praedesttnavit
1646 2576 1725 2605 nos
1746 2564 1794 2605 in
1814 2563 2025 2617 adoptio-

152 2641 252 2672 nem
268 2628 478 2682 filiorum.
501 2627 587 2672 Sed
604 2626 947 2683 praedestinatio
969 2627 1045 2671 Dei
1067 2638 1159 2670 non
1180 2629 1252 2670 est
1274 2625 1417 2670 irrita.
1451 2627 1569 2680 Ergo
1589 2627 1710 2669 Deus
1734 2623 1913 2680 aliquos
1939 2622 2026 2667 sibi

153 2690 336 2746 adoptat
351 2689 397 2732 in
420 2685 553 2732 filios.

203 2755 487 2797 CONCLUSIO.
509 2777 553 2785 -
576 2754 681 2796 Cum
700 2757 781 2796 Deo
802 2767 851 2796 ex
872 2767 946 2796 sua
964 2755 1126 2796 infinita
1146 2753 1328 2794 bonitate
1348 2751 1564 2793 conveniat
1584 2751 1772 2791 homines
1799 2752 1850 2792 ad
1875 2751 2020 2793 divirae

156 2810 415 2904 Zeatitudinis
436 2809 711 2850 haereditatem
728 2809 962 2860 admittere,
982 2809 1061 2862 ipsi
1079 2809 1204 2850 etiam
1229 2806 1466 2856 convenire,
1492 2806 1680 2846 homines
1698 2805 1741 2845 in
1768 2805 1874 2846 tilios
1897 2806 2022 2856 adop-

198 2876 254 2914 re,
273 2876 425 2905 necesse
442 2868 514 2905 est.

210 2926 476 2982 Respondeo
491 2926 738 2971 dicendum
760 2927 883 2984 quod
901 2928 1068 2984 aliquis
1090 2926 1227 2970 homo
1247 2925 1434 2981 adoptat
1448 2924 1588 2967 alium
1604 2922 1692 2966 sibi
1707 2923 1754 2966 in
1777 2922 1942 2977 filium,
1956 2923 2026 2967 in-

158 2991 383 3043 quantum
402 2998 462 3030 ex
482 2998 567 3030 sua
594 2987 797 3032 bonitate
834 2988 1034 3033 admittit
1064 2999 1172 3032 eum
1207 2985 1267 3030 ad
1287 2984 1683 3042 participationem
1711 2995 1809 3027 suae
1829 2983 2025 3029 haeredi-

158 3049 262 3092 tatis
279 3049 354 3102 (3).
374 3050 492 3091 Deus
509 3052 662 3091 autem
681 3053 751 3093 est
767 3049 957 3094 infinitae
979 3048 1196 3094 bonitatis
1218 3062 1229 3092 :
1251 3060 1310 3092 ex
1329 3059 1422 3103 qua
1447 3044 1674 3101 contingit
1693 3044 1818 3101 quod
1839 3044 1899 3090 ad
1920 3058 2026 3101 par-

156 3169 229 3193 rem
249 3158 394 3193 oblatam
413 3158 603 3198 significare
627 3159 730 3199 possit
753 3163 791 3194 ut
809 3159 910 3202 infra,
929 3164 1044 3201 quaest.
1130 3160 1170 3194 ut
1194 3159 1242 3193 sic
1262 3156 1463 3192 translatto
1490 3156 1534 3190 ab
1557 3167 1596 3191 eo
1619 3158 1734 3198 statu,
1759 3156 1802 3190 in
1825 3165 1895 3199 quo
1922 3156 2025 3189 homo

156 3215 274 3245 fixxln.
299 3213 361 3239 art.
379 3207 410 3239 6.
1129 3207 1300 3239 nascimr
1319 3204 1422 3245 filius
1437 3205 1550 3246 primi
1567 3202 1668 3243 Adae,
1684 3204 1724 3237 in
1739 3207 1873 3237 statum
1894 3203 2026 3245 qralioe

196 3254 240 3296 (l)
271 3253 367 3295 Quod
398 3252 583 3287 indicatum
621 3257 671 3288 est
710 3252 750 3287 ab
784 3253 855 3294 ipso
888 3255 1045 3295 Apostolo
1129 3255 1162 3288 el
1193 3252 1404 3294 adoptionis
1437 3252 1604 3294 filiorum
1638 3250 1706 3286 Dei
1721 3261 1787 3294 per
1825 3250 2025 3285 secundum

155 3300 272 3343 (Hebr.
290 3309 351 3341 vu,
367 3301 397 3340 ὓ)
411 3300 463 3334 his
477 3301 589 3335 verbis
606 3315 614 3334 :
630 3301 745 3344 Cujus
760 3305 879 3335 autem
894 3312 1043 3344 qenera-
1129 3300 1248 3335 Adam
1262 3301 1387 3334 desum
1395 3299 1822 3335 Christumsalvatorem
1836 3299 2021 3331 Nostrum.

157 3349 208 3383 tio
225 3358 300 3382 non
320 3353 592 3383 annumeratur
607 3349 650 3382 in
665 3351 730 3383 eis.
1170 3349 1214 3390 (5)
1235 3348 1467 3382 Communiter
1486 3350 1502 3382 ὲ
1516 3348 1721 3388 jurisperitis
1740 3354 1773 3382 et
1793 3345 1955 3385 theologis
1972 3345 2026 3379 de·

196 3396 241 3438 (2)
266 3395 312 3428 De
339 3394 517 3434 adoptione
544 3400 657 3430 nostra
675 3397 722 3429 ita
736 3407 770 3430 se
799 3395 899 3430 habet
925 3395 1046 3430 concil.
1130 3395 1247 3430 finitur
1262 3396 1394 3437 adoptio
1414 3408 1421 3429 ε
1440 3397 1606 3439 qratuita
1620 3400 1652 3430 ec
1670 3396 1835 3429 liberalis
1852 3402 2025 3433 assump—

155 3442 395 3477 ‘l'ridentinum
420 3444 507 3483 (sess.
535 3450 583 3482 vt,
603 3454 675 3483 cap.
698 3445 729 3482 l«)
752 3454 760 3476 :
782 3444 911 3484 quibus
931 3442 1048 3477 verbis
1133 3444 1181 3477 tio
1206 3454 1370 3486 personae
1399 3448 1583 3477 extraneas
1618 3443 1666 3476 ad
1697 3441 1945 3477 haereditatem
1961 3439 2022 3480 (tte

153 3490 428 3532 justificationis
457 3490 566 3533 imp-ii
591 3490 789 3534 descriptio
812 3491 1047 3530 insinuatur,
1134 3491 1242 3525 Instit.
1258 3491 1309 3526 De
1327 3491 1611 3534 adoptionibus).
