2170 3808
877 233 1074 285 QUAEST.
1104 233 1160 289 L,
1190 234 1307 277 ART.
1338 234 1390 278 11.
1992 237 2073 280 425

259 315 300 357 3.
330 314 567 368 Praeterea,
592 311 739 370 major
755 318 826 358 est
847 314 995 359 virtus
1016 314 1290 358 vivificativa
1311 314 1386 359 Dei
1417 313 1556 372 quam
1583 314 1764 359 animae.
1794 313 1881 359 Sed
1903 325 2071 371 corpus

205 373 320 420 mori
349 386 443 420 non
466 378 666 431 poterat,
689 374 778 419 nisi
808 376 962 420 anima
983 379 1209 433 separata.
1232 378 1350 433 Ergo
1371 377 1518 421 multo
1549 376 1706 421 minus
1729 375 1842 420 mori
1864 380 2067 433 poterat,

206 436 293 481 nisi
315 437 525 494 separata
545 435 797 482 divinitate.

261 497 348 543 Sed
366 501 521 542 contra
544 498 755 555 estquod
780 511 834 544 ea
853 511 958 571 quae
976 502 1086 544 sunt
1106 483 1323 543 humanae
1345 503 1547 556 naturae,
1568 511 1662 543 non
1683 499 1901 544 dicuntur
1917 498 1974 543 de
1995 498 2070 542 Fi-

205 556 266 603 lio
286 558 381 614 Dei,
405 558 493 603 nisi
511 558 690 603 ratione
710 560 913 618 unionis,
933 563 987 605 ut
1004 571 1145 617 supra
1167 558 1375 604 habitum
1389 563 1462 604 est
1481 560 1663 616 (quaest,
1684 573 1772 615 xvx,
1793 564 1879 605 art.
1897 563 1926 605 4
1944 566 1991 605 et
2007 562 2067 614 5)

206 619 290 665 Sed
312 619 370 666 de
390 619 499 666 Filio
516 620 592 665 Dei
613 620 780 666 dieitur
799 621 846 668 id
869 621 994 680 quod
1014 620 1230 666 convenit
1246 619 1424 677 corpori
1449 620 1607 664 Christi
1629 625 1732 675 post
1745 626 1957 678 mortem,
1978 621 2070 666 sei-

206 681 308 728 licet
331 693 436 728 esse
456 682 688 740 sepultum
710 699 723 729 z
749 688 802 728 ut
822 687 946 741 patet
967 683 1014 727 in
1034 682 1250 741 Symbolo
1272 682 1378 729 fidei
1400 684 1475 742 (1),
1498 681 1577 727 ubi
1602 681 1767 726 dieitur
1787 683 1909 740 quod
1930 682 2070 728 Filius

205 742 280 788 Dei
304 759 325 782 «
349 749 600 801 conceptus
620 747 717 801 est,
738 749 784 790 et
806 750 944 790 natus
973 756 1031 790 ex
1053 745 1262 802 Virgine,
1285 756 1477 802 passm,
1500 747 1712 788 mortuus
1733 747 1778 787 et
1799 744 2026 800 sepultus.
2047 761 2067 784 »ι

205 807 321 862 Ergo
339 818 509 863 corpus
527 805 689 851 Christi
711 819 803 851 non
827 807 915 853 fuit
935 806 983 851 in
1003 814 1149 852 morte
1170 806 1197 850 a
1218 806 1453 851 divinitate
1475 810 1754 862 separatum.

253 872 540 914 CONCLUSIO.
565 897 614 904 --
638 874 741 915 cum
763 874 841 915 don
849 886 919 915 um
933 874 1041 926 quod
1060 887 1128 927 per
1143 874 1316 925 gratiam
1331 873 1400 913 Dei
1417 874 1664 923 conceditur,
1681 872 1832 924 absque
1853 870 1974 925 eulpa
1987 883 2068 913 non

206 931 422 978 revocetur,
438 932 477 969 et
499 929 614 969 nulla
637 928 681 969 in
709 930 868 970 Christo
884 930 1005 970 fuerit
1023 930 1159 982 culpa,
1176 928 1263 970 fleri
1286 940 1368 969 non
1394 930 1543 980 potuit,
1565 927 1675 968 utin
1698 927 1816 968 illius
1837 931 1981 978 morte,
1999 927 2071 968 ali-

205 995 287 1036 quo
303 983 423 1025 modo
438 983 634 1026 divinitas
651 986 676 1026 a
690 996 807 1026 carne
822 989 1084 1038 separaretur.

258 1042 526 1104 Respondeo
550 1047 794 1093 dicendum
821 1049 943 1105 quod
965 1047 1079 1092 illud
1111 1047 1234 1105 quod
1262 1059 1344 1104 per
1370 1046 1563 1102 gratiam
1587 1049 1644 1101 (ἐζ)
1676 1047 1748 1091 Dei
1783 1045 2067 1103 conceditur,

205 1108 444 1165 nunquam
466 1108 641 1165 absque
658 1110 794 1165 eulpa
820 1114 1077 1154 revocatur.
1104 1109 1232 1153 Unde
1269 1108 1436 1153 dieitur
1466 1109 1612 1164 (Rom.
1634 1121 1694 1164 xr,
1724 1111 1810 1164 29),
1834 1107 1957 1164 quod
1977 1110 2071 1152 sine

203 1173 470 1227 poenitentz‘a
487 1174 592 1214 sunt
613 1171 732 1215 dona
751 1173 850 1227 Dei,
874 1174 916 1214 et
935 1172 1122 1213 vocatio,
1143 1169 1278 1213 Multo
1291 1175 1446 1213 autem
1462 1169 1608 1226 major
1622 1174 1691 1214 est
1708 1169 1853 1225 gratia
1865 1169 2070 1226 unionis,

203 1242 286 1287 per
304 1242 444 1288 quam
469 1230 684 1275 divinitas
711 1230 843 1275 unita
863 1234 934 1275 est
954 1230 1081 1274 carni
1104 1230 1265 1274 Christi
1298 1230 1344 1273 in
1370 1243 1583 1287 persona,
1599 1231 1740 1287 quam
1761 1230 1907 1286 gratia
1924 1230 2070 1289 adop-

203 1291 358 1346 tionis,
388 1304 471 1350 per
505 1303 644 1350 quam
674 1291 750 1336 alii
783 1292 1150 1348 sanctificantur3
1186 1296 1233 1338 et
1269 1292 1406 1336 etiam
1429 1291 1579 1350 magis
1611 1304 1888 1348 permanens
1911 1304 1967 1336 ex
1998 1295 2071 1339 sui

202 1352 394 1409 renone,
413 1353 522 1411 quia
542 1354 641 1399 haec
656 1355 802 1410 gratia
824 1355 1064 1400 ordinatur
1084 1354 1142 1400 ad
1167 1355 1386 1399 unionem
1414 1355 1722 1411 personalem,
1746 1354 1894 1411 gratia
1915 1360 2071 1399 autem

202 1413 460 1471 adoptionis
477 1415 534 1460 ad
557 1416 807 1473 quamdam
826 1417 1048 1462 unionem
1080 1417 1367 1462 affectualem
1393 1433 1404 1461 :
1430 1422 1475 1462 et
1515 1422 1668 1461 tamen
1703 1416 1918 1461 videmus
1948 1415 2069 1473 quod

202 1475 348 1532 gratia
363 1477 620 1534 adoptionis
643 1478 881 1536 nunquam
903 1479 1110 1536 perditur
1125 1480 1225 1524 sine
1245 1479 1395 1535 eulpa.
1420 1480 1530 1522 Gum
1550 1480 1610 1535 igi
1619 1479 1749 1524 turin
1770 1478 1947 1523 Christo
1964 1478 2073 1521 nul-

202 1537 300 1583 lum
327 1538 742 1596 fuerit'peccatum,
773 1540 1057 1598 impossibile
1086 1541 1171 1585 fuit
1191 1541 1310 1598 quod
1342 1541 1597 1585 solveretur
1620 1541 1731 1585 unio
1759 1541 2010 1586 divinitatis
2045 1541 2072 1583 a

203 1611 340 1645 earne
359 1601 519 1657 ipsius.
542 1603 596 1645 Et
624 1600 730 1646 ideo
759 1601 880 1647 sicut
898 1607 1006 1647 ante
1026 1608 1218 1647 mortem
1241 1616 1348 1646 caro
1367 1603 1526 1647 Christi
1549 1603 1680 1647 unita
1707 1602 1796 1647 fuit
1814 1602 2071 1648 secundum

203 1672 445 1718 personam
467 1667 512 1708 et
533 1662 818 1721 hypostasim
836 1663 983 1708 Verbo
1002 1664 1098 1722 Dei,
1118 1664 1181 1709 ita
1206 1668 1251 1709 et
1268 1664 1491 1709 remansit
1510 1665 1641 1709 unita
1662 1669 1768 1722 post
1783 1669 1996 1721 mortem,
2008 1669 2072 1709 -ut

205 1722 378 1768 scilicet
393 1735 486 1767 non
511 1728 634 1769 esset
658 1724 746 1769 alia
764 1725 1026 1783 hypostasis
1040 1724 1170 1770 Verbi
1200 1725 1291 1779 Dei,
1318 1730 1362 1770 et
1380 1725 1530 1770 carnis
1548 1725 1711 1770 Christi
1732 1730 1838 1783 post
1857 1729 2069 1782 mortem,

204 1787 257 1828 ut
274 1786 584 1830 Damascenus
606 1786 716 1832 dicit
737 1787 875 1842 (Orth.
894 1787 972 1833 fid.
995 1787 1075 1832 lib.
1100 1801 1163 1844 ιιι,
1182 1800 1282 1844 cap.
1303 1790 1374 1843 27,
1390 1788 1450 1833 ad
1470 1787 1586 1840 fin..)

256 1845 325 1891 Ad
352 1850 551 1904 primum
569 1859 694 1920 ‚ergo
720 1848 981 1903 dicendum,
1003 1848 1125 1906 quod
1156 1849 1389 1895 derelictio
1420 1849 1496 1893 illa
1532 1861 1624 1892 non
1662 1852 1732 1894 est
1750 1847 1993 1893 referenda
2013 1848 2072 1894 ad

204 1906 482 1954 solutionem
501 1909 686 1954 unionis
713 1910 983 1968 personalis,
1004 1910 1087 1956 sed
1112 1910 1171 1956 ad
1190 1911 1278 1955 hoc
1299 1911 1419 1967 quod
1443 1913 1562 1955 Deus
1580 1912 1714 1955 Pater
1734 1923 1840 1955 eum
1861 1910 2074 1968 exposuit

204 1967 443 2026 passioni.
463 1970 588 2016 unde
606 1971 926 2029 derelinquere
946 1971 1009 2016 ibi
1031 1983 1125 2015 non
1145 1977 1217 2017 est
1238 1971 1362 2016 aliud
1385 1971 1523 2028 quam
1544 1984 1638 2015 non
1662 1976 1901 2027 protegere
1921 1972 1949 2016 a
1966 1984 2073 2029 per-

203 2030 521 2088 sequentibus.
545 2032 624 2077 Vel
663 2033 773 2077 dicit
801 2044 852 2077 se
881 2033 1149 2078 derelictum
1181 2036 1405 2090 quantum
1435 2034 1492 2078 ad
1519 2034 1645 2077 illam
1674 2034 1945 2089 orationem,
1981 2035 2073 2091 qua

202 2091 413 2138 dixerat:
431 2097 582 2150 Pater,
602 2097 644 2138 si
660 2097 759 2150 fieri
784 2099 943 2151 potest,
968 2099 1173 2140 transeat
1194 2097 1224 2139 ὰ
1245 2109 1314 2140 me
1335 2096 1462 2139 calix
1482 2099 1582 2151 iste,
1615 2100 1663 2140 ut
1684 2095 1971 2152 Augustinus
1992 2108 2073 2140 ex-

203 2155 334 2211 ponit
349 2155 411 2211 (in
434 2155 515 2201 lib.
535 2159 596 2201 De
616 2158 764 2213 gratia
778 2158 886 2201 novi
904 2159 1097 2203 Testam.
1119 2161 1218 2214 140,
1240 2158 1299 2202 al.
1324 2160 1406 2202 120
1425 2158 1557 2214 epist.
1578 2170 1679 2213 cap.
1696 2160 1723 2203 6
1741 2162 1786 2202 et
1809 2160 1896 2211 10).

257 2217 323 2262 Ad
344 2218 587 2262 secundum
608 2218 879 2277 dicendum,
910 2220 1034 2276 qued
1059 2219 1255 2264 Verbum
1288 2220 1364 2264 Dei
1402 2219 1568 2263 dieitur
1601 2219 1783 2263 unitum
1817 2219 1942 2263 carni
1973 2232 2074 2265 me-

204 2278 358 2324 diante
375 2279 529 2324 anima
547 2282 622 2337 (3),
645 2280 920 2337 inquantum
941 2294 1048 2326 earo
1065 2294 1147 2339 per
1161 2281 1363 2325 animam
1378 2281 1573 2338 pertinet
1585 2281 1643 2326 ad
1664 2281 1915 2326 humanam
1936 2287 2074 2326 natu-

204 2351 319 2399 ram,
334 2352 473 2398 quam
488 2341 626 2386 Filius
647 2343 722 2387 Dei
739 2355 977 2388 assumere
997 2343 1289 2399 intendebat3
1314 2356 1406 2387 non
1430 2347 1583 2387 autem
1608 2343 1669 2387 ita
1689 2342 1810 2400 quod
1841 2345 1994 2388 anima
2017 2346 2074 2390 sit

169 2453 172 2456 ,
203 2402 335 2461 quasi
357 2402 560 2448 medium
581 2404 730 2460 ligans
748 2404 894 2450 unita.
914 2405 1058 2451 Habet
1079 2409 1234 2450 autem
1254 2417 1360 2450 caro
1376 2405 1435 2449 ab
1452 2404 1604 2449 anima
1629 2405 1755 2462 quod
1772 2407 2000 2463 pertineat
2015 2406 2074 2451 ad

203 2465 453 2510 humanam
483 2470 712 2522 naturam,
733 2467 869 2510 etiam
892 2467 1135 2524 postquam
1166 2467 1320 2511 anima
1351 2473 1590 2523 separatur
1609 2467 1669 2511 ab
1692 2480 1764 2523 ea,
1797 2468 2074 2524 inquantum

204 2525 378 2573 scilieet
406 2526 455 2571 in
491 2539 631 2571 earne
664 2531 846 2572 mortua
876 2534 1084 2574 remanet
1102 2541 1162 2574 ex
1190 2528 1344 2573 divina
1365 2528 1653 2573 ordinatione
1675 2528 1863 2585 quidam
1881 2528 1994 2573 ordo
2016 2529 2072 2573 ad

203 2587 600 2634 resurrectionem.
621 2591 674 2634 Et
694 2588 797 2635 ideo
819 2602 913 2634 non
935 2591 1104 2635 tollitur
1125 2590 1236 2635 unio
1252 2589 1500 2635 divinitatis
1519 2590 1578 2634 ad
1599 2602 1804 2635 carnem.

257 2649 325 2696 Ad
344 2652 525 2695 tertium
551 2650 811 2706 dicendum,
836 2651 959 2708 quod
978 2652 1133 2697 anima
1152 2651 1290 2696 habet
1310 2652 1403 2696 vim
1423 2651 1683 2696 vivificandi
1714 2651 1966 2696 formaliter
1985 2664 1997 2695 ε
2029 2655 2076 2696 et

207 2710 325 2770 ideo,
354 2714 408 2757 ea
426 2717 653 2769 praesente
680 2718 726 2758 et
746 2714 876 2758 unita
891 2714 1156 2770 formaliter,
1181 2725 1371 2759 neeesse
1389 2719 1460 2758 est
1482 2726 1651 2770 corpus
1673 2725 1778 2757 esse
1798 2713 1974 2757 vivum.
1997 2712 2076 2758 Di·—

206 2772 374 2818 vinitas
398 2780 554 2820 autem
590 2787 684 2819 non
715 2775 852 2821 habet
881 2776 975 2820 vim
1004 2774 1264 2821 vivificandi
1296 2775 1561 2828 formaliter,
1588 2775 1669 2820 sed
1705 2773 1916 2819 effective
1940 2786 1953 2818 ε
1980 2787 2075 2819 non

207 2834 331 2879 enim
357 2839 508 2892 potest
535 2848 639 2881 esse
662 2838 865 2894 corporis
883 2839 1031 2883 forma
1055 2854 1066 2880 z
1088 2844 1132 2884 et
1160 2837 1262 2882 ideo
1285 2850 1379 2881 non
1408 2842 1480 2883 est
1501 2849 1693 2882 necesse
1712 2835 1837 2895 quod
1859 2841 2076 2881 manente

207 2896 379 2941 unione
400 2896 650 2942 divinitatis
679 2899 737 2944 ad
756 2912 956 2957 carnem,
983 2913 1090 2944 earo
1115 2900 1176 2945 sit
1192 2899 1312 2956 viva,
1335 2899 1445 2956 quia
1465 2900 1585 2943 Deus
1607 2911 1699 2943 non
1718 2910 1775 2943 ex
1803 2897 2075 2944 necessitate

207 2958 316 3015 agit,
337 2959 420 3005 sed
441 2971 497 3004 ex
518 2959 768 3006 voluntate.

245 3083 289 3124 (4)
313 3082 564 3123 AEquivalenter
585 3082 620 3117 iu
645 3083 792 3125 symbolo
817 3087 1042 3127 apostolorum
1064 3092 1097 3120 et
1181 3091 1265 3120 orat.
1284 3097 1384 3127 super
1412 3085 1496 3120 Psal.
1522 3094 1567 3119 vl.
1591 3083 1814 3125 Intelligenda
1842 3089 1891 3120 est
1918 3085 1957 3120 de
1987 3086 2074 3120 dono

208 3131 390 3172 expressius
418 3131 454 3165 in
467 3129 617 3172 symbolo
640 3131 773 3166 Nicaeno
789 3132 841 3166 vel
865 3135 1095 3168 Co'nstantino-
1181 3135 1326 3175 gratuito
1347 3133 1433 3175 quod
1452 3136 1570 3167 natura
1593 3136 1651 3167 sua
1669 3137 1718 3168 est
1745 3144 1964 3175 permanens:
1996 3144 2073 3167 nam

208 3178 366 3220 pontano.
1180 3183 1254 3217 aliae
1269 3182 1382 3220 gratiae
1393 3186 1529 3222 possunt
1544 3180 1666 3222 absque
1682 3179 1777 3222 culpa
1791 3193 1930 3215 cessare.

248 3227 292 3270 (2)
309 3228 385 3262 Haec
410 3226 496 3261 ratio
515 3226 688 3263 invenitur
713 3227 801 3269 apud
821 3229 922 3268 Greg.
946 3229 1039 3270 Nyss.
1061 3230 1096 3264 in
1221 3231 1264 3272 (5)
1282 3229 1331 3264 Cf.
1348 3234 1463 3271 quaest.
1483 3238 1532 3270 vl,
1548 3234 1612 3264 art.
1629 3229 1661 3263 4.
