<?xml version="1.0" encoding="UTF-8"?>
<!DOCTYPE html PUBLIC "-//W3C//DTD XHTML 1.0 Transitional//EN"
    "http://www.w3.org/TR/xhtml1/DTD/xhtml1-transitional.dtd">
<html xmlns="http://www.w3.org/1999/xhtml" xml:lang="en" lang="en">
 <head>
  <title>
</title>
<meta http-equiv="Content-Type" content="text/html;charset=utf-8" />
  <meta name='ocr-system' content='tesseract 3.04.00' />
  <meta name='ocr-capabilities' content='ocr_page ocr_carea ocr_par ocr_line ocrx_word'/>
</head>
<body>
  <div class='ocr_page' id='page_1' title='image "./summatheologica06thomuoft_0612.png"; bbox 0 0 2170 3808; ppageno 0'>
   <div class='ocr_carea' id='block_1_1' title="bbox 193 169 2170 314">
    <p class='ocr_par' dir='ltr' id='par_1_1' title="bbox 193 169 2170 314">
     <span class='ocr_line' id='line_1_1' title="bbox 2156 169 2170 199; baseline 0 0"><span class='ocrx_word' id='word_1_1' title='bbox 2156 169 2170 199; x_wconf 63' lang='grc' dir='ltr'>’ἲ</span> 
     </span>
     <span class='ocr_line' id='line_1_2' title="bbox 2158 202 2170 225; baseline 0 0"><span class='ocrx_word' id='word_1_2' title='bbox 2158 202 2170 225; x_wconf 67' lang='lat' dir='ltr'>fl</span> 
     </span>
     <span class='ocr_line' id='line_1_3' title="bbox 193 231 2170 314; baseline -0.002 -8"><span class='ocrx_word' id='word_1_3' title='bbox 193 265 276 306; x_wconf 76' lang='lat'>576</span> <span class='ocrx_word' id='word_1_4' title='bbox 845 259 1044 310; x_wconf 83' lang='lat' dir='ltr'>QUAEST.</span> <span class='ocrx_word' id='word_1_5' title='bbox 1079 260 1236 314; x_wconf 49' lang='lat' dir='ltr'>van‘,</span> <span class='ocrx_word' id='word_1_6' title='bbox 1267 259 1384 302; x_wconf 70' lang='grc' dir='ltr'><strong>ΛΒΤ.</strong></span> <span class='ocrx_word' id='word_1_7' title='bbox 1414 261 1447 303; x_wconf 92' lang='lat'>1.</span> <span class='ocrx_word' id='word_1_8' title='bbox 2168 231 2170 235; x_wconf 41' lang='lat'><em>⁴</em></span> 
     </span>
    </p>
   </div>
   <div class='ocr_carea' id='block_1_2' title="bbox 190 339 2162 1263">
    <p class='ocr_par' dir='ltr' id='par_1_2' title="bbox 194 339 2097 641">
     <span class='ocr_line' id='line_1_4' title="bbox 194 339 2096 396; baseline -0.002 -8"><span class='ocrx_word' id='word_1_9' title='bbox 194 345 298 388; x_wconf 88' lang='lat' dir='ltr'>liter</span> <span class='ocrx_word' id='word_1_10' title='bbox 320 342 458 387; x_wconf 83' lang='lat' dir='ltr'>etiam</span> <span class='ocrx_word' id='word_1_11' title='bbox 483 340 630 383; x_wconf 87' lang='lat' dir='ltr'>virtus</span> <span class='ocrx_word' id='word_1_12' title='bbox 653 339 848 395; x_wconf 83' lang='lat' dir='ltr'>Spiritus</span> <span class='ocrx_word' id='word_1_13' title='bbox 873 339 1018 383; x_wconf 88' lang='lat' dir='ltr'>sancti</span> <span class='ocrx_word' id='word_1_14' title='bbox 1034 344 1253 395; x_wconf 79' lang='lat' dir='ltr'>operatur</span> <span class='ocrx_word' id='word_1_15' title='bbox 1268 339 1315 381; x_wconf 92' lang='lat' dir='ltr'>in</span> <span class='ocrx_word' id='word_1_16' title='bbox 1339 339 1570 395; x_wconf 86' lang='lat' dir='ltr'>baptismo</span> <span class='ocrx_word' id='word_1_17' title='bbox 1589 351 1723 396; x_wconf 87' lang='lat' dir='ltr'>aquae</span> <span class='ocrx_word' id='word_1_18' title='bbox 1742 351 1826 395; x_wconf 88' lang='lat' dir='ltr'>per</span> <span class='ocrx_word' id='word_1_19' title='bbox 1845 339 2096 395; x_wconf 79' lang='lat' dir='ltr'>quamdam</span> 
     </span>
     <span class='ocr_line' id='line_1_5' title="bbox 197 400 2096 456; baseline -0.002 -8"><span class='ocrx_word' id='word_1_20' title='bbox 197 405 414 448; x_wconf 84' lang='lat' dir='ltr'>virtutem</span> <span class='ocrx_word' id='word_1_21' title='bbox 439 402 655 445; x_wconf 86' lang='lat' dir='ltr'>latentem</span> <span class='ocrx_word' id='word_1_22' title='bbox 678 415 691 454; x_wconf 73' lang='grc' dir='ltr'><strong>ς</strong></span> <span class='ocrx_word' id='word_1_23' title='bbox 724 400 772 444; x_wconf 89' lang='lat' dir='ltr'>in</span> <span class='ocrx_word' id='word_1_24' title='bbox 790 400 1023 456; x_wconf 87' lang='lat' dir='ltr'>baptismo</span> <span class='ocrx_word' id='word_1_25' title='bbox 1040 406 1195 444; x_wconf 88' lang='lat' dir='ltr'>autem</span> <span class='ocrx_word' id='word_1_26' title='bbox 1216 400 1502 456; x_wconf 84' lang='lat' dir='ltr'>poenitentiae</span> <span class='ocrx_word' id='word_1_27' title='bbox 1523 413 1607 456; x_wconf 89' lang='lat' dir='ltr'>per</span> <span class='ocrx_word' id='word_1_28' title='bbox 1635 401 1790 445; x_wconf 84' lang='lat' dir='ltr'>cordis</span> <span class='ocrx_word' id='word_1_29' title='bbox 1822 401 2096 445; x_wconf 88' lang='lat' dir='ltr'>commotio-</span> 
     </span>
     <span class='ocr_line' id='line_1_6' title="bbox 197 461 2097 519; baseline -0.002 -9"><span class='ocrx_word' id='word_1_30' title='bbox 197 477 327 519; x_wconf 78' lang='lat' dir='ltr'>nem3</span> <span class='ocrx_word' id='word_1_31' title='bbox 352 463 437 507; x_wconf 90' lang='lat' dir='ltr'>sed</span> <span class='ocrx_word' id='word_1_32' title='bbox 459 463 507 505; x_wconf 92' lang='lat' dir='ltr'>in</span> <span class='ocrx_word' id='word_1_33' title='bbox 531 461 763 518; x_wconf 85' lang='lat' dir='ltr'>baptismo</span> <span class='ocrx_word' id='word_1_34' title='bbox 786 462 1030 517; x_wconf 84' lang='lat' dir='ltr'>sanguinis</span> <span class='ocrx_word' id='word_1_35' title='bbox 1052 474 1135 517; x_wconf 89' lang='lat' dir='ltr'>per</span> <span class='ocrx_word' id='word_1_36' title='bbox 1157 461 1452 518; x_wconf 87' lang='lat' dir='ltr'>potissimum</span> <span class='ocrx_word' id='word_1_37' title='bbox 1475 462 1734 507; x_wconf 81' lang='lat' dir='ltr'>dilectionis</span> <span class='ocrx_word' id='word_1_38' title='bbox 1763 467 1810 506; x_wconf 92' lang='lat' dir='ltr'>et</span> <span class='ocrx_word' id='word_1_39' title='bbox 1839 462 2097 507; x_wconf 80' lang='lat' dir='ltr'>affectionis</span> 
     </span>
     <span class='ocr_line' id='line_1_7' title="bbox 195 523 2096 580; baseline -0.002 -10"><span class='ocrx_word' id='word_1_40' title='bbox 195 528 424 572; x_wconf 79' lang='lat' dir='ltr'><strong>ferverem</strong></span> <span class='ocrx_word' id='word_1_41' title='bbox 460 523 721 569; x_wconf 86' lang='lat' dir='ltr'>secundum</span> <span class='ocrx_word' id='word_1_42' title='bbox 754 523 871 568; x_wconf 90' lang='lat' dir='ltr'>illud</span> <span class='ocrx_word' id='word_1_43' title='bbox 904 527 964 579; x_wconf 83' lang='lat'>(1)</span> <span class='ocrx_word' id='word_1_44' title='bbox 1002 526 1147 577; x_wconf 83' lang='lat' dir='ltr'>(Joan.</span> <span class='ocrx_word' id='word_1_45' title='bbox 1186 536 1260 578; x_wconf 84' lang='lat' dir='ltr'>xv,</span> <span class='ocrx_word' id='word_1_46' title='bbox 1299 525 1369 577; x_wconf 89' lang='lat'>13)</span> <span class='ocrx_word' id='word_1_47' title='bbox 1393 538 1404 567; x_wconf 72' lang='grc' dir='ltr'><strong>ε</strong></span> <span class='ocrx_word' id='word_1_48' title='bbox 1428 526 1651 580; x_wconf 65' lang='lat' dir='ltr'>Major-em</span> <span class='ocrx_word' id='word_1_49' title='bbox 1688 526 1776 569; x_wconf 76' lang='grc' dir='ltr'>Ιιᾶο</span> <span class='ocrx_word' id='word_1_50' title='bbox 1809 525 2096 569; x_wconf 79' lang='lat' dir='ltr'>dilectionem</span> 
     </span>
     <span class='ocr_line' id='line_1_8' title="bbox 196 586 1752 641; baseline -0.002 -11"><span class='ocrx_word' id='word_1_51' title='bbox 196 600 323 630; x_wconf 79' lang='lat' dir='ltr'>nemo</span> <span class='ocrx_word' id='word_1_52' title='bbox 340 586 474 629; x_wconf 76' lang='lat' dir='ltr'>habet</span> <span class='ocrx_word' id='word_1_53' title='bbox 493 587 629 641; x_wconf 69' lang='lat' dir='ltr'>quam</span> <span class='ocrx_word' id='word_1_54' title='bbox 646 588 697 627; x_wconf 84' lang='lat' dir='ltr'>ut</span> <span class='ocrx_word' id='word_1_55' title='bbox 719 589 923 627; x_wconf 79' lang='lat' dir='ltr'>animam</span> <span class='ocrx_word' id='word_1_56' title='bbox 946 597 1076 628; x_wconf 81' lang='lat' dir='ltr'>suam</span> <span class='ocrx_word' id='word_1_57' title='bbox 1089 588 1230 640; x_wconf 79' lang='lat' dir='ltr'>ponat</span> <span class='ocrx_word' id='word_1_58' title='bbox 1253 587 1352 639; x_wconf 79' lang='lat' dir='ltr'>quis</span> <span class='ocrx_word' id='word_1_59' title='bbox 1372 598 1458 640; x_wconf 84' lang='lat' dir='ltr'>pro</span> <span class='ocrx_word' id='word_1_60' title='bbox 1469 589 1628 629; x_wconf 80' lang='lat' dir='ltr'>amicis</span> <span class='ocrx_word' id='word_1_61' title='bbox 1645 589 1752 629; x_wconf 80' lang='lat' dir='ltr'>suis.</span> 
     </span>
    </p>

    <p class='ocr_par' dir='ltr' id='par_1_3' title="bbox 194 645 2096 826">
     <span class='ocr_line' id='line_1_9' title="bbox 248 645 2094 704; baseline -0.002 -11"><span class='ocrx_word' id='word_1_62' title='bbox 248 648 315 693; x_wconf 85' lang='lat' dir='ltr'>Ad</span> <span class='ocrx_word' id='word_1_63' title='bbox 334 650 535 704; x_wconf 74' lang='lat' dir='ltr'>primum</span> <span class='ocrx_word' id='word_1_64' title='bbox 567 658 678 702; x_wconf 82' lang='lat' dir='ltr'>ergo</span> <span class='ocrx_word' id='word_1_65' title='bbox 710 646 977 701; x_wconf 78' lang='lat' dir='ltr'>dicendum,</span> <span class='ocrx_word' id='word_1_66' title='bbox 1002 645 1127 702; x_wconf 83' lang='lat' dir='ltr'>quod</span> <span class='ocrx_word' id='word_1_67' title='bbox 1160 646 1399 690; x_wconf 86' lang='lat' dir='ltr'>character</span> <span class='ocrx_word' id='word_1_68' title='bbox 1436 650 1508 691; x_wconf 90' lang='lat' dir='ltr'>est</span> <span class='ocrx_word' id='word_1_69' title='bbox 1529 660 1605 691; x_wconf 88' lang='lat' dir='ltr'>res</span> <span class='ocrx_word' id='word_1_70' title='bbox 1640 652 1687 691; x_wconf 89' lang='lat' dir='ltr'>et</span> <span class='ocrx_word' id='word_1_71' title='bbox 1724 649 2094 691; x_wconf 84' lang='lat' dir='ltr'>sacramentum.</span> 
     </span>
     <span class='ocr_line' id='line_1_10' title="bbox 194 707 2096 764; baseline -0.001 -10"><span class='ocrx_word' id='word_1_72' title='bbox 194 711 289 754; x_wconf 86' lang='lat' dir='ltr'>Non</span> <span class='ocrx_word' id='word_1_73' title='bbox 317 715 474 754; x_wconf 88' lang='lat' dir='ltr'>autem</span> <span class='ocrx_word' id='word_1_74' title='bbox 499 709 697 752; x_wconf 89' lang='lat' dir='ltr'>dicimus</span> <span class='ocrx_word' id='word_1_75' title='bbox 732 707 856 764; x_wconf 78' lang='lat' dir='ltr'>quod</span> <span class='ocrx_word' id='word_1_76' title='bbox 875 707 1139 764; x_wconf 78' lang='lat' dir='ltr'>baptismus</span> <span class='ocrx_word' id='word_1_77' title='bbox 1156 708 1398 764; x_wconf 81' lang='lat' dir='ltr'>sanguinis</span> <span class='ocrx_word' id='word_1_78' title='bbox 1418 709 1814 764; x_wconf 74' lang='lat' dir='ltr'>praeeminentiam</span> <span class='ocrx_word' id='word_1_79' title='bbox 1837 708 2007 753; x_wconf 84' lang='lat' dir='ltr'>habeat</span> <span class='ocrx_word' id='word_1_80' title='bbox 2023 720 2096 753; x_wconf 88' lang='lat' dir='ltr'>se-</span> 
     </span>
     <span class='ocr_line' id='line_1_11' title="bbox 194 770 1956 826; baseline -0.001 -9"><span class='ocrx_word' id='word_1_81' title='bbox 194 772 402 817; x_wconf 81' lang='lat' dir='ltr'>cundum</span> <span class='ocrx_word' id='word_1_82' title='bbox 420 772 645 819; x_wconf 85' lang='lat' dir='ltr'>rationem</span> <span class='ocrx_word' id='word_1_83' title='bbox 670 771 967 825; x_wconf 83' lang='lat' dir='ltr'>sacramenti,</span> <span class='ocrx_word' id='word_1_84' title='bbox 990 771 1075 815; x_wconf 89' lang='lat' dir='ltr'>sed</span> <span class='ocrx_word' id='word_1_85' title='bbox 1097 772 1326 826; x_wconf 84' lang='lat' dir='ltr'>quantum</span> <span class='ocrx_word' id='word_1_86' title='bbox 1343 770 1402 815; x_wconf 89' lang='lat' dir='ltr'>ad</span> <span class='ocrx_word' id='word_1_87' title='bbox 1424 771 1697 817; x_wconf 82' lang='lat' dir='ltr'>sacramenti</span> <span class='ocrx_word' id='word_1_88' title='bbox 1722 771 1956 815; x_wconf 82' lang='lat' dir='ltr'>effectum.</span> 
     </span>
    </p>

    <p class='ocr_par' dir='ltr' id='par_1_4' title="bbox 192 832 2097 1076">
     <span class='ocr_line' id='line_1_12' title="bbox 249 832 2097 890; baseline -0.001 -11"><span class='ocrx_word' id='word_1_89' title='bbox 249 834 316 879; x_wconf 87' lang='lat' dir='ltr'>Ad</span> <span class='ocrx_word' id='word_1_90' title='bbox 345 835 587 877; x_wconf 72' lang='lat' dir='ltr'>secundum</span> <span class='ocrx_word' id='word_1_91' title='bbox 616 832 883 888; x_wconf 77' lang='lat' dir='ltr'>dicendum,</span> <span class='ocrx_word' id='word_1_92' title='bbox 906 832 1030 890; x_wconf 73' lang='lat' dir='ltr'>quud</span> <span class='ocrx_word' id='word_1_93' title='bbox 1073 833 1240 877; x_wconf 81' lang='lat' dir='ltr'>effusio</span> <span class='ocrx_word' id='word_1_94' title='bbox 1279 832 1526 890; x_wconf 85' lang='lat' dir='ltr'>sanguinis</span> <span class='ocrx_word' id='word_1_95' title='bbox 1562 846 1655 878; x_wconf 91' lang='lat' dir='ltr'>non</span> <span class='ocrx_word' id='word_1_96' title='bbox 1694 833 1836 878; x_wconf 88' lang='lat' dir='ltr'>habet</span> <span class='ocrx_word' id='word_1_97' title='bbox 1867 832 2097 877; x_wconf 86' lang='lat' dir='ltr'>rationem</span> 
     </span>
     <span class='ocr_line' id='line_1_13' title="bbox 194 894 2097 953; baseline 0 -13"><span class='ocrx_word' id='word_1_98' title='bbox 194 895 426 953; x_wconf 80' lang='lat' dir='ltr'>baptismi.</span> <span class='ocrx_word' id='word_1_99' title='bbox 451 896 488 939; x_wconf 88' lang='lat' dir='ltr'>si</span> <span class='ocrx_word' id='word_1_100' title='bbox 516 894 576 938; x_wconf 87' lang='lat' dir='ltr'>sit</span> <span class='ocrx_word' id='word_1_101' title='bbox 613 895 715 938; x_wconf 90' lang='lat' dir='ltr'>sine</span> <span class='ocrx_word' id='word_1_102' title='bbox 751 894 988 939; x_wconf 78' lang='lat' dir='ltr'>charitate.</span> <span class='ocrx_word' id='word_1_103' title='bbox 1013 897 1080 939; x_wconf 84' lang='lat' dir='ltr'>Ex</span> <span class='ocrx_word' id='word_1_104' title='bbox 1104 907 1197 952; x_wconf 90' lang='lat' dir='ltr'>quo</span> <span class='ocrx_word' id='word_1_105' title='bbox 1221 899 1348 951; x_wconf 87' lang='lat' dir='ltr'>patet</span> <span class='ocrx_word' id='word_1_106' title='bbox 1387 894 1513 952; x_wconf 80' lang='lat' dir='ltr'>quod</span> <span class='ocrx_word' id='word_1_107' title='bbox 1556 895 1818 953; x_wconf 88' lang='lat' dir='ltr'>baptismus</span> <span class='ocrx_word' id='word_1_108' title='bbox 1850 894 2097 950; x_wconf 85' lang='lat' dir='ltr'>sanguinis</span> 
     </span>
     <span class='ocr_line' id='line_1_14' title="bbox 192 955 2096 1014; baseline -0.002 -11"><span class='ocrx_word' id='word_1_109' title='bbox 192 957 390 1003; x_wconf 85' lang='lat' dir='ltr'>includit</span> <span class='ocrx_word' id='word_1_110' title='bbox 418 956 702 1012; x_wconf 80' lang='lat' dir='ltr'>baptismum</span> <span class='ocrx_word' id='word_1_111' title='bbox 718 956 938 1013; x_wconf 77' lang='lat' dir='ltr'>flaminis,</span> <span class='ocrx_word' id='word_1_112' title='bbox 960 962 1006 1003; x_wconf 91' lang='lat' dir='ltr'>et</span> <span class='ocrx_word' id='word_1_113' title='bbox 1022 969 1118 1001; x_wconf 91' lang='lat' dir='ltr'>non</span> <span class='ocrx_word' id='word_1_114' title='bbox 1140 956 1167 1001; x_wconf 77' lang='lat' dir='ltr'>e</span> <span class='ocrx_word' id='word_1_115' title='bbox 1189 969 1418 1001; x_wconf 88' lang='lat' dir='ltr'>converso</span> <span class='ocrx_word' id='word_1_116' title='bbox 1439 970 1451 1001; x_wconf 76' lang='grc' dir='ltr'><strong><em>ε</em></strong></span> <span class='ocrx_word' id='word_1_117' title='bbox 1474 957 1600 1003; x_wconf 88' lang='lat' dir='ltr'>unde</span> <span class='ocrx_word' id='word_1_118' title='bbox 1623 970 1682 1003; x_wconf 87' lang='lat' dir='ltr'>ex</span> <span class='ocrx_word' id='word_1_119' title='bbox 1699 958 1788 1002; x_wconf 90' lang='lat' dir='ltr'>hoc</span> <span class='ocrx_word' id='word_1_120' title='bbox 1809 959 1911 1014; x_wconf 89' lang='lat' dir='ltr'>ipso</span> <span class='ocrx_word' id='word_1_121' title='bbox 1928 955 2096 1014; x_wconf 88' lang='lat' dir='ltr'>proba-</span> 
     </span>
     <span class='ocr_line' id='line_1_15' title="bbox 192 1017 550 1076; baseline -0.011 -11"><span class='ocrx_word' id='word_1_122' title='bbox 192 1025 269 1065; x_wconf 88' lang='lat' dir='ltr'>tur</span> <span class='ocrx_word' id='word_1_123' title='bbox 290 1017 550 1076; x_wconf 86' lang='lat' dir='ltr'>perfectior.</span> 
     </span>
    </p>

    <p class='ocr_par' dir='ltr' id='par_1_5' title="bbox 190 1079 2162 1263">
     <span class='ocr_line' id='line_1_16' title="bbox 246 1079 2162 1138; baseline -0.003 -12"><span class='ocrx_word' id='word_1_124' title='bbox 246 1081 312 1126; x_wconf 90' lang='lat' dir='ltr'>Ad</span> <span class='ocrx_word' id='word_1_125' title='bbox 336 1083 520 1124; x_wconf 82' lang='lat' dir='ltr'>tertium</span> <span class='ocrx_word' id='word_1_126' title='bbox 536 1079 805 1136; x_wconf 71' lang='lat' dir='ltr'>dicendum,</span> <span class='ocrx_word' id='word_1_127' title='bbox 823 1081 949 1138; x_wconf 77' lang='lat' dir='ltr'>quod</span> <span class='ocrx_word' id='word_1_128' title='bbox 966 1080 1229 1137; x_wconf 86' lang='lat' dir='ltr'>baptismus</span> <span class='ocrx_word' id='word_1_129' title='bbox 1249 1081 1494 1136; x_wconf 83' lang='lat' dir='ltr'>sanguinis</span> <span class='ocrx_word' id='word_1_130' title='bbox 1522 1080 1919 1137; x_wconf 84' lang='lat' dir='ltr'>praeeminentiam</span> <span class='ocrx_word' id='word_1_131' title='bbox 1938 1080 2093 1136; x_wconf 86' lang='lat' dir='ltr'>habet,</span> <span class='ocrx_word' id='word_1_132' title='bbox 2160 1111 2162 1121; x_wconf 24' lang='lat' dir='ltr'>t</span> 
     </span>
     <span class='ocr_line' id='line_1_17' title="bbox 193 1140 2093 1200; baseline -0.001 -13"><span class='ocrx_word' id='word_1_133' title='bbox 193 1155 286 1187; x_wconf 90' lang='lat' dir='ltr'>non</span> <span class='ocrx_word' id='word_1_134' title='bbox 318 1142 470 1187; x_wconf 87' lang='lat' dir='ltr'>solum</span> <span class='ocrx_word' id='word_1_135' title='bbox 507 1155 565 1187; x_wconf 85' lang='lat' dir='ltr'>ex</span> <span class='ocrx_word' id='word_1_136' title='bbox 598 1148 727 1198; x_wconf 88' lang='lat' dir='ltr'>parte</span> <span class='ocrx_word' id='word_1_137' title='bbox 750 1142 983 1198; x_wconf 88' lang='lat' dir='ltr'>passionis</span> <span class='ocrx_word' id='word_1_138' title='bbox 997 1142 1182 1200; x_wconf 75' lang='lat' dir='ltr'>Christi,</span> <span class='ocrx_word' id='word_1_139' title='bbox 1203 1143 1288 1188; x_wconf 90' lang='lat' dir='ltr'>sed</span> <span class='ocrx_word' id='word_1_140' title='bbox 1310 1143 1451 1188; x_wconf 89' lang='lat' dir='ltr'>etiam</span> <span class='ocrx_word' id='word_1_141' title='bbox 1473 1153 1533 1187; x_wconf 85' lang='lat' dir='ltr'>ex</span> <span class='ocrx_word' id='word_1_142' title='bbox 1557 1146 1688 1200; x_wconf 83' lang='lat' dir='ltr'>parte</span> <span class='ocrx_word' id='word_1_143' title='bbox 1708 1141 1903 1198; x_wconf 78' lang='lat' dir='ltr'>Spiritus</span> <span class='ocrx_word' id='word_1_144' title='bbox 1927 1140 2093 1199; x_wconf 82' lang='lat' dir='ltr'>sancti,</span> 
     </span>
     <span class='ocr_line' id='line_1_18' title="bbox 190 1205 921 1263; baseline -0.001 -13"><span class='ocrx_word' id='word_1_145' title='bbox 190 1210 243 1250; x_wconf 92' lang='lat' dir='ltr'>ut</span> <span class='ocrx_word' id='word_1_146' title='bbox 266 1205 443 1251; x_wconf 88' lang='lat' dir='ltr'>dictum</span> <span class='ocrx_word' id='word_1_147' title='bbox 462 1209 535 1250; x_wconf 90' lang='lat' dir='ltr'>est</span> <span class='ocrx_word' id='word_1_148' title='bbox 561 1205 626 1261; x_wconf 90' lang='lat' dir='ltr'>(in</span> <span class='ocrx_word' id='word_1_149' title='bbox 647 1217 773 1263; x_wconf 87' lang='lat' dir='ltr'>corp.</span> <span class='ocrx_word' id='word_1_150' title='bbox 799 1208 921 1260; x_wconf 88' lang='lat' dir='ltr'>art.).</span> 
     </span>
    </p>
   </div>
   <div class='ocr_carea' id='block_1_3' title="bbox 861 1298 1409 1390">
    <p class='ocr_par' dir='ltr' id='par_1_6' title="bbox 861 1298 1409 1390">
     <span class='ocr_line' id='line_1_19' title="bbox 861 1298 1409 1390; baseline -0.002 -10"><span class='ocrx_word' id='word_1_151' title='bbox 861 1298 1168 1390; x_wconf 88' lang='lat' dir='ltr'>QUAESTIO</span> <span class='ocrx_word' id='word_1_152' title='bbox 1209 1325 1409 1380; x_wconf 79' lang='lat' dir='ltr'>van.</span> 
     </span>
    </p>
   </div>
   <div class='ocr_carea' id='block_1_4' title="bbox 247 1444 2031 1550">
    <p class='ocr_par' dir='ltr' id='par_1_7' title="bbox 247 1444 2031 1550">
     <span class='ocr_line' id='line_1_20' title="bbox 247 1444 2031 1494; baseline 0.001 -15"><span class='ocrx_word' id='word_1_153' title='bbox 247 1445 310 1479; x_wconf 80' lang='lat' dir='ltr'>DE·</span> <span class='ocrx_word' id='word_1_154' title='bbox 338 1446 578 1481; x_wconf 82' lang='lat' dir='ltr'>MINISTRIS</span> <span class='ocrx_word' id='word_1_155' title='bbox 611 1446 703 1480; x_wconf 80' lang='lat' dir='ltr'>PER</span> <span class='ocrx_word' id='word_1_156' title='bbox 737 1444 858 1487; x_wconf 84' lang='lat' dir='ltr'>QUOS</span> <span class='ocrx_word' id='word_1_157' title='bbox 891 1446 1127 1482; x_wconf 79' lang='lat' dir='ltr'>TRADITUR</span> <span class='ocrx_word' id='word_1_158' title='bbox 1157 1446 1376 1481; x_wconf 72' lang='lat' dir='ltr'>BAPTISM!</span> <span class='ocrx_word' id='word_1_159' title='bbox 1411 1444 1788 1494; x_wconf 75' lang='lat' dir='ltr'>SACRAMENTUM,</span> <span class='ocrx_word' id='word_1_160' title='bbox 1826 1445 1875 1480; x_wconf 89' lang='lat' dir='ltr'>IN</span> <span class='ocrx_word' id='word_1_161' title='bbox 1909 1444 2031 1481; x_wconf 73' lang='lat'>00&#39;1&#39;0</span> 
     </span>
     <span class='ocr_line' id='line_1_21' title="bbox 908 1515 1367 1550; baseline 0.002 -1"><span class='ocrx_word' id='word_1_162' title='bbox 908 1515 1166 1550; x_wconf 77' lang='lat' dir='ltr'>ARTICULOS</span> <span class='ocrx_word' id='word_1_163' title='bbox 1199 1515 1367 1550; x_wconf 79' lang='lat' dir='ltr'>DlvtSA.</span> 
     </span>
    </p>
   </div>
   <div class='ocr_carea' id='block_1_5' title="bbox 148 1608 2163 2036">
    <p class='ocr_par' dir='ltr' id='par_1_8' title="bbox 148 1604 2170 2036">
     <span class='ocr_line' id='line_1_22' title="bbox 237 1608 2096 1660; baseline 0.001 -14"><span class='ocrx_word' id='word_1_164' title='bbox 237 1608 390 1647; x_wconf 79' lang='lat' dir='ltr'>Deinde</span> <span class='ocrx_word' id='word_1_165' title='bbox 422 1608 769 1648; x_wconf 85' lang='lat' dir='ltr'>considerandum</span> <span class='ocrx_word' id='word_1_166' title='bbox 791 1613 851 1649; x_wconf 87' lang='lat' dir='ltr'>est</span> <span class='ocrx_word' id='word_1_167' title='bbox 881 1608 931 1648; x_wconf 91' lang='lat' dir='ltr'>de</span> <span class='ocrx_word' id='word_1_168' title='bbox 959 1609 1182 1658; x_wconf 85' lang='lat' dir='ltr'>ministris,</span> <span class='ocrx_word' id='word_1_169' title='bbox 1214 1620 1283 1660; x_wconf 88' lang='lat' dir='ltr'>per</span> <span class='ocrx_word' id='word_1_170' title='bbox 1305 1621 1409 1659; x_wconf 87' lang='lat' dir='ltr'>quos</span> <span class='ocrx_word' id='word_1_171' title='bbox 1443 1608 1621 1649; x_wconf 84' lang='lat' dir='ltr'>traditur</span> <span class='ocrx_word' id='word_1_172' title='bbox 1656 1612 1964 1649; x_wconf 84' lang='lat' dir='ltr'>sacramentum</span> <span class='ocrx_word' id='word_1_173' title='bbox 1995 1608 2096 1659; x_wconf 88' lang='lat' dir='ltr'>bap·</span> 
     </span>
     <span class='ocr_line' id='line_1_23' title="bbox 188 1662 2096 1715; baseline 0.001 -13"><span class='ocrx_word' id='word_1_174' title='bbox 188 1662 314 1702; x_wconf 88' lang='lat' dir='ltr'>tismi.</span> <span class='ocrx_word' id='word_1_175' title='bbox 338 1664 453 1703; x_wconf 84' lang='lat' dir='ltr'>Circa</span> <span class='ocrx_word' id='word_1_176' title='bbox 476 1663 552 1702; x_wconf 85' lang='lat' dir='ltr'>hoc</span> <span class='ocrx_word' id='word_1_177' title='bbox 566 1669 812 1715; x_wconf 85' lang='lat' dir='ltr'>quaeruntur</span> <span class='ocrx_word' id='word_1_178' title='bbox 827 1669 942 1704; x_wconf 83' lang='lat' dir='ltr'>octo:</span> <span class='ocrx_word' id='word_1_179' title='bbox 967 1669 1003 1704; x_wconf 83' lang='lat'>1⁰</span> <span class='ocrx_word' id='word_1_180' title='bbox 1031 1665 1183 1704; x_wconf 80' lang='lat' dir='ltr'>Utrum</span> <span class='ocrx_word' id='word_1_181' title='bbox 1211 1665 1263 1704; x_wconf 88' lang='lat' dir='ltr'>ad</span> <span class='ocrx_word' id='word_1_182' title='bbox 1289 1665 1510 1705; x_wconf 87' lang='lat' dir='ltr'>diaconum</span> <span class='ocrx_word' id='word_1_183' title='bbox 1528 1664 1730 1715; x_wconf 83' lang='lat' dir='ltr'>pertineat</span> <span class='ocrx_word' id='word_1_184' title='bbox 1748 1663 1971 1715; x_wconf 85' lang='lat' dir='ltr'>baptizare.</span> <span class='ocrx_word' id='word_1_185' title='bbox 1986 1684 2036 1691; x_wconf 94' lang='lat'>-—</span> <span class='ocrx_word' id='word_1_186' title='bbox 2057 1667 2096 1703; x_wconf 82' lang='lat'>2·</span> 
     </span>
     <span class='ocr_line' id='line_1_24' title="bbox 187 1718 2163 1774; baseline 0 -14"><span class='ocrx_word' id='word_1_187' title='bbox 187 1718 332 1760; x_wconf 86' lang='lat' dir='ltr'>Utrum</span> <span class='ocrx_word' id='word_1_188' title='bbox 353 1720 552 1770; x_wconf 85' lang='lat' dir='ltr'>pertineat</span> <span class='ocrx_word' id='word_1_189' title='bbox 569 1721 621 1760; x_wconf 80' lang='lat' dir='ltr'>ad</span> <span class='ocrx_word' id='word_1_190' title='bbox 638 1722 935 1774; x_wconf 87' lang='lat' dir='ltr'>presbyterum,</span> <span class='ocrx_word' id='word_1_191' title='bbox 953 1720 1017 1761; x_wconf 88' lang='lat' dir='ltr'>vel</span> <span class='ocrx_word' id='word_1_192' title='bbox 1036 1721 1174 1761; x_wconf 89' lang='lat' dir='ltr'>solum</span> <span class='ocrx_word' id='word_1_193' title='bbox 1192 1722 1244 1761; x_wconf 85' lang='lat' dir='ltr'>ad</span> <span class='ocrx_word' id='word_1_194' title='bbox 1258 1722 1507 1773; x_wconf 85' lang='lat' dir='ltr'>episcopum.</span> <span class='ocrx_word' id='word_1_195' title='bbox 1527 1743 1573 1751; x_wconf 93' lang='lat'><strong>—</strong></span> <span class='ocrx_word' id='word_1_196' title='bbox 1592 1727 1632 1761; x_wconf 87' lang='grc'>30</span> <span class='ocrx_word' id='word_1_197' title='bbox 1650 1721 1801 1761; x_wconf 80' lang='lat' dir='ltr'>Utrum</span> <span class='ocrx_word' id='word_1_198' title='bbox 1815 1719 1947 1761; x_wconf 85' lang='lat' dir='ltr'>laicus</span> <span class='ocrx_word' id='word_1_199' title='bbox 1968 1719 2098 1771; x_wconf 87' lang='lat' dir='ltr'>possit</span> <span class='ocrx_word' id='word_1_200' title='bbox 2160 1750 2163 1752; x_wconf 85' lang='lat'><em>-</em></span> 
     </span>
     <span class='ocr_line' id='line_1_25' title="bbox 187 1775 2156 1829; baseline 0.001 -15"><span class='ocrx_word' id='word_1_201' title='bbox 187 1779 490 1814; x_wconf 87' lang='lat' dir='ltr'>sacramentum</span> <span class='ocrx_word' id='word_1_202' title='bbox 512 1775 709 1827; x_wconf 85' lang='lat' dir='ltr'>baptismi</span> <span class='ocrx_word' id='word_1_203' title='bbox 729 1777 926 1817; x_wconf 82' lang='lat' dir='ltr'>conferre.</span> <span class='ocrx_word' id='word_1_204' title='bbox 946 1799 993 1807; x_wconf 93' lang='lat'>—-</span> <span class='ocrx_word' id='word_1_205' title='bbox 1012 1782 1053 1817; x_wconf 81' lang='grc'>40</span> <span class='ocrx_word' id='word_1_206' title='bbox 1083 1778 1231 1817; x_wconf 83' lang='lat' dir='ltr'>Utrum</span> <span class='ocrx_word' id='word_1_207' title='bbox 1248 1777 1325 1817; x_wconf 84' lang='lat' dir='ltr'>hoe</span> <span class='ocrx_word' id='word_1_208' title='bbox 1351 1777 1479 1829; x_wconf 88' lang='lat' dir='ltr'>possit</span> <span class='ocrx_word' id='word_1_209' title='bbox 1498 1777 1625 1817; x_wconf 84' lang='lat' dir='ltr'>facere</span> <span class='ocrx_word' id='word_1_210' title='bbox 1647 1777 1815 1816; x_wconf 88' lang='lat' dir='ltr'>mulier.</span> <span class='ocrx_word' id='word_1_211' title='bbox 1831 1799 1880 1805; x_wconf 87' lang='lat'>—-</span> <span class='ocrx_word' id='word_1_212' title='bbox 1895 1782 1933 1816; x_wconf 90' lang='grc'>50</span> <span class='ocrx_word' id='word_1_213' title='bbox 1947 1776 2097 1816; x_wconf 84' lang='lat' dir='ltr'>Utrum</span> <span class='ocrx_word' id='word_1_214' title='bbox 2154 1791 2156 1795; x_wconf 53' lang='lat'><em>⁷</em></span> 
     </span>
     <span class='ocr_line' id='line_1_26' title="bbox 187 1829 2097 1883; baseline 0.002 -15"><span class='ocrx_word' id='word_1_215' title='bbox 187 1841 270 1869; x_wconf 91' lang='lat' dir='ltr'>non</span> <span class='ocrx_word' id='word_1_216' title='bbox 290 1829 521 1880; x_wconf 86' lang='lat' dir='ltr'>baptizatus</span> <span class='ocrx_word' id='word_1_217' title='bbox 547 1831 676 1881; x_wconf 86' lang='lat' dir='ltr'>possit</span> <span class='ocrx_word' id='word_1_218' title='bbox 699 1830 919 1882; x_wconf 84' lang='lat' dir='ltr'>baptizare.</span> <span class='ocrx_word' id='word_1_219' title='bbox 942 1854 988 1861; x_wconf 87' lang='lat'>—</span> <span class='ocrx_word' id='word_1_220' title='bbox 1016 1839 1056 1872; x_wconf 84' lang='grc'>60</span> <span class='ocrx_word' id='word_1_221' title='bbox 1082 1833 1230 1872; x_wconf 84' lang='lat' dir='ltr'>Utrum</span> <span class='ocrx_word' id='word_1_222' title='bbox 1249 1833 1386 1883; x_wconf 86' lang='lat' dir='ltr'>plures</span> <span class='ocrx_word' id='word_1_223' title='bbox 1413 1833 1574 1883; x_wconf 83' lang='lat' dir='ltr'>possint</span> <span class='ocrx_word' id='word_1_224' title='bbox 1593 1831 1720 1871; x_wconf 87' lang='lat' dir='ltr'>simul</span> <span class='ocrx_word' id='word_1_225' title='bbox 1740 1831 1946 1882; x_wconf 85' lang='lat' dir='ltr'>baptizare</span> <span class='ocrx_word' id='word_1_226' title='bbox 1961 1841 2097 1872; x_wconf 91' lang='lat' dir='ltr'>unum</span> 
     </span>
     <span class='ocr_line' id='line_1_27' title="bbox 148 1885 2095 1940; baseline -0.001 -14"><span class='ocrx_word' id='word_1_227' title='bbox 148 1924 152 1926; x_wconf 73' lang='grc'>,</span> <span class='ocrx_word' id='word_1_228' title='bbox 186 1889 225 1924; x_wconf 90' lang='lat' dir='ltr'>et</span> <span class='ocrx_word' id='word_1_229' title='bbox 246 1885 451 1925; x_wconf 88' lang='lat' dir='ltr'>eumdem.</span> <span class='ocrx_word' id='word_1_230' title='bbox 469 1908 518 1914; x_wconf 91' lang='lat'>-—</span> <span class='ocrx_word' id='word_1_231' title='bbox 533 1890 573 1925; x_wconf 87' lang='grc'>70</span> <span class='ocrx_word' id='word_1_232' title='bbox 590 1887 738 1926; x_wconf 90' lang='lat' dir='ltr'>Utrum</span> <span class='ocrx_word' id='word_1_233' title='bbox 764 1898 921 1927; x_wconf 86' lang='lat' dir='ltr'>necesse</span> <span class='ocrx_word' id='word_1_234' title='bbox 939 1888 994 1927; x_wconf 88' lang='lat' dir='ltr'>sit</span> <span class='ocrx_word' id='word_1_235' title='bbox 1016 1887 1201 1938; x_wconf 83' lang='lat' dir='ltr'>aliquem</span> <span class='ocrx_word' id='word_1_236' title='bbox 1220 1899 1306 1928; x_wconf 87' lang='lat' dir='ltr'>esse</span> <span class='ocrx_word' id='word_1_237' title='bbox 1323 1888 1396 1940; x_wconf 90' lang='lat' dir='ltr'>qui</span> <span class='ocrx_word' id='word_1_238' title='bbox 1425 1888 1682 1939; x_wconf 89' lang='lat' dir='ltr'>baptizatum</span> <span class='ocrx_word' id='word_1_239' title='bbox 1704 1887 1755 1926; x_wconf 87' lang='lat' dir='ltr'>de</span> <span class='ocrx_word' id='word_1_240' title='bbox 1778 1898 1890 1927; x_wconf 88' lang='lat' dir='ltr'>sacro</span> <span class='ocrx_word' id='word_1_241' title='bbox 1907 1886 2020 1926; x_wconf 85' lang='lat' dir='ltr'>fonte</span> <span class='ocrx_word' id='word_1_242' title='bbox 2033 1897 2095 1926; x_wconf 88' lang='lat' dir='ltr'>re-</span> 
     </span>
     <span class='ocr_line' id='line_1_28' title="bbox 186 1940 2095 1994; baseline 0.002 -15"><span class='ocrx_word' id='word_1_243' title='bbox 186 1941 324 1991; x_wconf 83' lang='lat' dir='ltr'>cipiat.</span> <span class='ocrx_word' id='word_1_244' title='bbox 345 1961 393 1969; x_wconf 88' lang='lat'><em>—</em></span> <span class='ocrx_word' id='word_1_245' title='bbox 413 1945 452 1980; x_wconf 83' lang='lat'>8⁰</span> <span class='ocrx_word' id='word_1_246' title='bbox 483 1940 634 1981; x_wconf 84' lang='lat' dir='ltr'>Utrum</span> <span class='ocrx_word' id='word_1_247' title='bbox 667 1942 898 1992; x_wconf 83' lang='lat' dir='ltr'>suscipiens</span> <span class='ocrx_word' id='word_1_248' title='bbox 926 1943 1109 1994; x_wconf 85' lang='lat' dir='ltr'>aliquem</span> <span class='ocrx_word' id='word_1_249' title='bbox 1142 1943 1192 1983; x_wconf 90' lang='lat' dir='ltr'>de</span> <span class='ocrx_word' id='word_1_250' title='bbox 1213 1955 1325 1984; x_wconf 86' lang='lat' dir='ltr'>sacro</span> <span class='ocrx_word' id='word_1_251' title='bbox 1358 1944 1469 1983; x_wconf 84' lang='lat' dir='ltr'>fonte</span> <span class='ocrx_word' id='word_1_252' title='bbox 1486 1943 1692 1994; x_wconf 82' lang='lat' dir='ltr'>obligetur</span> <span class='ocrx_word' id='word_1_253' title='bbox 1717 1942 1770 1982; x_wconf 89' lang='lat' dir='ltr'>ad</span> <span class='ocrx_word' id='word_1_254' title='bbox 1803 1943 1894 1994; x_wconf 89' lang='lat' dir='ltr'>ejus</span> <span class='ocrx_word' id='word_1_255' title='bbox 1914 1941 2095 1982; x_wconf 79' lang='lat' dir='ltr'>instruc·</span> 
     </span>
     <span class='ocr_line' id='line_1_29' title="bbox 187 1996 360 2036; baseline 0.006 -1"><span class='ocrx_word' id='word_1_256' title='bbox 187 1996 360 2036; x_wconf 87' lang='lat' dir='ltr'>tionem.</span> 
     </span>
    </p>
   </div>
   <div class='ocr_carea' id='block_1_6' title="bbox 268 2068 2013 2122">
    <p class='ocr_par' dir='ltr' id='par_1_9' title="bbox 268 2068 2013 2122">
     <span class='ocr_line' id='line_1_30' title="bbox 268 2068 2013 2122; baseline 0 -12"><span class='ocrx_word' id='word_1_257' title='bbox 268 2069 616 2111; x_wconf 86' lang='lat' dir='ltr'>ARTICULUS</span> <span class='ocrx_word' id='word_1_258' title='bbox 634 2070 672 2111; x_wconf 89' lang='lat'>1.</span> <span class='ocrx_word' id='word_1_259' title='bbox 700 2091 755 2099; x_wconf 90' lang='lat'><strong>—</strong></span> <span class='ocrx_word' id='word_1_260' title='bbox 781 2081 920 2111; x_wconf 74' lang='lat' dir='ltr'>urium</span> <span class='ocrx_word' id='word_1_261' title='bbox 952 2081 1005 2110; x_wconf 72' lang='lat' dir='ltr'>An</span> <span class='ocrx_word' id='word_1_262' title='bbox 1036 2082 1228 2112; x_wconf 71' lang='lat' dir='ltr'>orricium</span> <span class='ocrx_word' id='word_1_263' title='bbox 1258 2082 1422 2113; x_wconf 73' lang='lat' dir='ltr'>nmeom</span> <span class='ocrx_word' id='word_1_264' title='bbox 1452 2083 1682 2112; x_wconf 67' lang='lat' dir='ltr'>murini-:AT</span> <span class='ocrx_word' id='word_1_265' title='bbox 1712 2081 1934 2111; x_wconf 64' lang='lat' dir='ltr'>uari-mann</span> <span class='ocrx_word' id='word_1_266' title='bbox 1953 2068 2013 2122; x_wconf 76' lang='lat'>(2)</span> 
     </span>
    </p>
   </div>
   <div class='ocr_carea' id='block_1_7' title="bbox 189 2139 2170 2235">
    <p class='ocr_par' dir='ltr' id='par_1_10' title="bbox 189 2139 2170 2235">
     <span class='ocr_line' id='line_1_31' title="bbox 189 2139 2092 2186; baseline 0.001 -11"><span class='ocrx_word' id='word_1_267' title='bbox 189 2139 238 2175; x_wconf 78' lang='lat' dir='ltr'>De</span> <span class='ocrx_word' id='word_1_268' title='bbox 255 2141 308 2175; x_wconf 85' lang='lat' dir='ltr'>his</span> <span class='ocrx_word' id='word_1_269' title='bbox 322 2142 428 2176; x_wconf 81' lang='lat' dir='ltr'>etiam</span> <span class='ocrx_word' id='word_1_270' title='bbox 445 2143 541 2177; x_wconf 86' lang='lat' dir='ltr'>Sent.</span> <span class='ocrx_word' id='word_1_271' title='bbox 563 2151 611 2185; x_wconf 78' lang='lat' dir='ltr'>lv,</span> <span class='ocrx_word' id='word_1_272' title='bbox 627 2141 706 2178; x_wconf 81' lang='lat' dir='ltr'>dist.</span> <span class='ocrx_word' id='word_1_273' title='bbox 723 2143 758 2183; x_wconf 79' lang='lat'>5,</span> <span class='ocrx_word' id='word_1_274' title='bbox 774 2146 892 2184; x_wconf 79' lang='lat' dir='ltr'>quaest.</span> <span class='ocrx_word' id='word_1_275' title='bbox 911 2151 951 2182; x_wconf 84' lang='lat'>11,</span> <span class='ocrx_word' id='word_1_276' title='bbox 972 2148 1038 2177; x_wconf 84' lang='lat' dir='ltr'>art.</span> <span class='ocrx_word' id='word_1_277' title='bbox 1058 2144 1089 2185; x_wconf 80' lang='lat' dir='ltr'>l,</span> <span class='ocrx_word' id='word_1_278' title='bbox 1109 2148 1227 2185; x_wconf 81' lang='lat' dir='ltr'>quaest.</span> <span class='ocrx_word' id='word_1_279' title='bbox 1242 2153 1266 2186; x_wconf 79' lang='grc' dir='ltr'>ι,</span> <span class='ocrx_word' id='word_1_280' title='bbox 1280 2149 1314 2178; x_wconf 86' lang='lat' dir='ltr'>et</span> <span class='ocrx_word' id='word_1_281' title='bbox 1331 2144 1412 2180; x_wconf 84' lang='lat' dir='ltr'>dist.</span> <span class='ocrx_word' id='word_1_282' title='bbox 1426 2145 1460 2185; x_wconf 83' lang='lat'>7.</span> <span class='ocrx_word' id='word_1_283' title='bbox 1476 2147 1592 2186; x_wconf 78' lang='lat' dir='ltr'>quoest.</span> <span class='ocrx_word' id='word_1_284' title='bbox 1618 2152 1673 2185; x_wconf 85' lang='lat' dir='ltr'>ln,</span> <span class='ocrx_word' id='word_1_285' title='bbox 1692 2147 1759 2177; x_wconf 72' lang='lat' dir='ltr'>ert.</span> <span class='ocrx_word' id='word_1_286' title='bbox 1778 2143 1812 2184; x_wconf 70' lang='grc' dir='ltr'>Ι,</span> <span class='ocrx_word' id='word_1_287' title='bbox 1827 2145 1948 2185; x_wconf 70' lang='lat' dir='ltr'>quaest.</span> <span class='ocrx_word' id='word_1_288' title='bbox 1968 2151 1981 2176; x_wconf 83' lang='grc' dir='ltr'>ι</span> <span class='ocrx_word' id='word_1_289' title='bbox 1998 2153 2092 2183; x_wconf 77' lang='lat' dir='ltr'>corp.</span> 
     </span>
     <span class='ocr_line' id='line_1_32' title="bbox 723 2189 2170 2235; baseline 0.003 -10"><span class='ocrx_word' id='word_1_290' title='bbox 723 2195 758 2225; x_wconf 87' lang='lat' dir='ltr'>et</span> <span class='ocrx_word' id='word_1_291' title='bbox 777 2190 854 2225; x_wconf 82' lang='lat' dir='ltr'>dist.</span> <span class='ocrx_word' id='word_1_292' title='bbox 874 2191 929 2231; x_wconf 65' lang='lat'>45,</span> <span class='ocrx_word' id='word_1_293' title='bbox 954 2196 1072 2233; x_wconf 78' lang='lat' dir='ltr'>quaest.</span> <span class='ocrx_word' id='word_1_294' title='bbox 1093 2201 1134 2233; x_wconf 84' lang='grc'>11,</span> <span class='ocrx_word' id='word_1_295' title='bbox 1147 2198 1214 2228; x_wconf 80' lang='lat' dir='ltr'>art.</span> <span class='ocrx_word' id='word_1_296' title='bbox 1232 2194 1265 2233; x_wconf 85' lang='lat'>5,</span> <span class='ocrx_word' id='word_1_297' title='bbox 1283 2197 1398 2235; x_wconf 83' lang='lat' dir='ltr'>quaest.</span> <span class='ocrx_word' id='word_1_298' title='bbox 1416 2202 1444 2227; x_wconf 84' lang='lat'>11</span> <span class='ocrx_word' id='word_1_299' title='bbox 1461 2205 1555 2234; x_wconf 86' lang='lat' dir='ltr'>corp.</span> <span class='ocrx_word' id='word_1_300' title='bbox 2166 2189 2170 2197; x_wconf 18' lang='grc' dir='ltr'>Χ</span> 
     </span>
    </p>
   </div>
   <div class='ocr_carea' id='block_1_8' title="bbox 182 2251 2153 3176">
    <p class='ocr_par' dir='ltr' id='par_1_11' title="bbox 183 2251 2095 2558">
     <span class='ocr_line' id='line_1_33' title="bbox 239 2251 2095 2311; baseline 0.002 -15"><span class='ocrx_word' id='word_1_301' title='bbox 239 2251 304 2296; x_wconf 83' lang='lat' dir='ltr'>Ad</span> <span class='ocrx_word' id='word_1_302' title='bbox 323 2253 527 2308; x_wconf 87' lang='lat' dir='ltr'>primum</span> <span class='ocrx_word' id='word_1_303' title='bbox 544 2252 612 2297; x_wconf 87' lang='lat' dir='ltr'>sic</span> <span class='ocrx_word' id='word_1_304' title='bbox 634 2253 917 2309; x_wconf 88' lang='lat' dir='ltr'>proceditur.</span> <span class='ocrx_word' id='word_1_305' title='bbox 938 2258 982 2298; x_wconf 83' lang='lat'>1.</span> <span class='ocrx_word' id='word_1_306' title='bbox 1004 2254 1189 2299; x_wconf 81' lang='lat' dir='ltr'>Videtur</span> <span class='ocrx_word' id='word_1_307' title='bbox 1212 2254 1337 2311; x_wconf 78' lang='lat' dir='ltr'>quod</span> <span class='ocrx_word' id='word_1_308' title='bbox 1360 2254 1420 2299; x_wconf 91' lang='lat' dir='ltr'>ad</span> <span class='ocrx_word' id='word_1_309' title='bbox 1442 2254 1648 2300; x_wconf 87' lang='lat' dir='ltr'>officium</span> <span class='ocrx_word' id='word_1_310' title='bbox 1664 2254 1847 2299; x_wconf 88' lang='lat' dir='ltr'>diaconi</span> <span class='ocrx_word' id='word_1_311' title='bbox 1864 2254 2095 2311; x_wconf 90' lang='lat' dir='ltr'>pertineat</span> 
     </span>
     <span class='ocr_line' id='line_1_34' title="bbox 183 2315 2094 2374; baseline 0.002 -16"><span class='ocrx_word' id='word_1_312' title='bbox 183 2315 431 2370; x_wconf 80' lang='lat' dir='ltr'>baptizare.</span> <span class='ocrx_word' id='word_1_313' title='bbox 465 2315 610 2360; x_wconf 91' lang='lat' dir='ltr'>Simul</span> <span class='ocrx_word' id='word_1_314' title='bbox 643 2316 770 2360; x_wconf 91' lang='lat' dir='ltr'>enim</span> <span class='ocrx_word' id='word_1_315' title='bbox 795 2317 1058 2373; x_wconf 74' lang='lat' dir='ltr'>injungitur</span> <span class='ocrx_word' id='word_1_316' title='bbox 1079 2317 1106 2360; x_wconf 77' lang='lat' dir='ltr'>a</span> <span class='ocrx_word' id='word_1_317' title='bbox 1130 2318 1322 2361; x_wconf 90' lang='lat' dir='ltr'>Domino</span> <span class='ocrx_word' id='word_1_318' title='bbox 1355 2317 1562 2362; x_wconf 88' lang='lat' dir='ltr'>officium</span> <span class='ocrx_word' id='word_1_319' title='bbox 1581 2317 2094 2374; x_wconf 81' lang='lat' dir='ltr'>praedicandiEvange-</span> 
     </span>
     <span class='ocr_line' id='line_1_35' title="bbox 184 2376 2094 2432; baseline 0.001 -13"><span class='ocrx_word' id='word_1_320' title='bbox 184 2376 297 2419; x_wconf 87' lang='lat' dir='ltr'>lium</span> <span class='ocrx_word' id='word_1_321' title='bbox 318 2382 364 2420; x_wconf 89' lang='lat' dir='ltr'>et</span> <span class='ocrx_word' id='word_1_322' title='bbox 396 2377 679 2432; x_wconf 72' lang='lat' dir='ltr'>baptizandi,</span> <span class='ocrx_word' id='word_1_323' title='bbox 706 2378 964 2421; x_wconf 83' lang='lat' dir='ltr'>secundum</span> <span class='ocrx_word' id='word_1_324' title='bbox 985 2378 1101 2423; x_wconf 89' lang='lat' dir='ltr'>illud</span> <span class='ocrx_word' id='word_1_325' title='bbox 1123 2379 1293 2431; x_wconf 84' lang='lat' dir='ltr'>(Matth.</span> <span class='ocrx_word' id='word_1_326' title='bbox 1314 2378 1400 2422; x_wconf 90' lang='lat' dir='ltr'>ult.</span> <span class='ocrx_word' id='word_1_327' title='bbox 1426 2381 1497 2432; x_wconf 88' lang='grc'>19)</span> <span class='ocrx_word' id='word_1_328' title='bbox 1518 2392 1529 2420; x_wconf 88' lang='lat'>:</span> <span class='ocrx_word' id='word_1_329' title='bbox 1554 2382 1724 2422; x_wconf 76' lang='lat' dir='ltr'>Euntes</span> <span class='ocrx_word' id='word_1_330' title='bbox 1758 2380 1913 2422; x_wconf 73' lang='lat' dir='ltr'>docete</span> <span class='ocrx_word' id='word_1_331' title='bbox 1943 2391 2094 2421; x_wconf 77' lang='lat' dir='ltr'>omnes</span> 
     </span>
     <span class='ocr_line' id='line_1_36' title="bbox 184 2439 2090 2497; baseline 0.002 -18"><span class='ocrx_word' id='word_1_332' title='bbox 184 2442 351 2496; x_wconf 72' lang='lat' dir='ltr'>qentes,</span> <span class='ocrx_word' id='word_1_333' title='bbox 379 2439 667 2494; x_wconf 79' lang='lat' dir='ltr'>baptiza-ntes</span> <span class='ocrx_word' id='word_1_334' title='bbox 684 2452 772 2495; x_wconf 74' lang='lat' dir='ltr'>eOS,</span> <span class='ocrx_word' id='word_1_335' title='bbox 799 2443 890 2483; x_wconf 88' lang='lat' dir='ltr'>etc.</span> <span class='ocrx_word' id='word_1_336' title='bbox 916 2440 1003 2483; x_wconf 88' lang='lat' dir='ltr'>Sed</span> <span class='ocrx_word' id='word_1_337' title='bbox 1027 2440 1086 2484; x_wconf 89' lang='lat' dir='ltr'>ad</span> <span class='ocrx_word' id='word_1_338' title='bbox 1109 2440 1313 2484; x_wconf 89' lang='lat' dir='ltr'>officium</span> <span class='ocrx_word' id='word_1_339' title='bbox 1336 2440 1519 2485; x_wconf 90' lang='lat' dir='ltr'>diaconi</span> <span class='ocrx_word' id='word_1_340' title='bbox 1538 2440 1741 2497; x_wconf 87' lang='lat' dir='ltr'>pertinet</span> <span class='ocrx_word' id='word_1_341' title='bbox 1754 2439 2090 2493; x_wconf 71' lang='lat' dir='ltr'>evangelizare.</span> 
     </span>
     <span class='ocr_line' id='line_1_37' title="bbox 183 2499 1852 2558; baseline 0.002 -17"><span class='ocrx_word' id='word_1_342' title='bbox 183 2501 302 2554; x_wconf 84' lang='lat' dir='ltr'>Ergo</span> <span class='ocrx_word' id='word_1_343' title='bbox 326 2499 510 2543; x_wconf 88' lang='lat' dir='ltr'>videtur</span> <span class='ocrx_word' id='word_1_344' title='bbox 534 2499 661 2556; x_wconf 81' lang='lat' dir='ltr'>quod</span> <span class='ocrx_word' id='word_1_345' title='bbox 683 2499 821 2544; x_wconf 88' lang='lat' dir='ltr'>etiam</span> <span class='ocrx_word' id='word_1_346' title='bbox 837 2500 895 2544; x_wconf 89' lang='lat' dir='ltr'>ad</span> <span class='ocrx_word' id='word_1_347' title='bbox 920 2500 1126 2544; x_wconf 80' lang='lat' dir='ltr'>officium</span> <span class='ocrx_word' id='word_1_348' title='bbox 1154 2501 1339 2545; x_wconf 87' lang='lat' dir='ltr'>diaconi</span> <span class='ocrx_word' id='word_1_349' title='bbox 1361 2501 1586 2557; x_wconf 82' lang='lat' dir='ltr'>pertineat</span> <span class='ocrx_word' id='word_1_350' title='bbox 1604 2501 1852 2558; x_wconf 85' lang='lat' dir='ltr'>baptizare.</span> 
     </span>
    </p>

    <p class='ocr_par' dir='ltr' id='par_1_12' title="bbox 182 2558 2162 2855">
     <span class='ocr_line' id='line_1_38' title="bbox 238 2558 2153 2619; baseline 0 -16"><span class='ocrx_word' id='word_1_351' title='bbox 238 2558 279 2603; x_wconf 68' lang='lat'>2.</span> <span class='ocrx_word' id='word_1_352' title='bbox 304 2562 544 2616; x_wconf 84' lang='lat' dir='ltr'>Praeterea,</span> <span class='ocrx_word' id='word_1_353' title='bbox 570 2561 831 2605; x_wconf 81' lang='lat' dir='ltr'>secundum</span> <span class='ocrx_word' id='word_1_354' title='bbox 854 2561 1126 2618; x_wconf 89' lang='lat' dir='ltr'>Dionysium</span> <span class='ocrx_word' id='word_1_355' title='bbox 1148 2563 1341 2615; x_wconf 86' lang='lat' dir='ltr'>(Eccles.</span> <span class='ocrx_word' id='word_1_356' title='bbox 1364 2563 1592 2606; x_wconf 87' lang='lat' dir='ltr'>hierarch.</span> <span class='ocrx_word' id='word_1_357' title='bbox 1611 2574 1713 2618; x_wconf 89' lang='lat' dir='ltr'>cap.</span> <span class='ocrx_word' id='word_1_358' title='bbox 1733 2566 1778 2616; x_wconf 73' lang='lat'>5,</span> <span class='ocrx_word' id='word_1_359' title='bbox 1798 2562 2024 2619; x_wconf 88' lang='lat' dir='ltr'>aliquant.</span> <span class='ocrx_word' id='word_1_360' title='bbox 2064 2563 2093 2607; x_wconf 76' lang='grc' dir='ltr'>ὲ</span> <span class='ocrx_word' id='word_1_361' title='bbox 2148 2584 2153 2603; x_wconf 70' lang='lat'>⁴.</span> 
     </span>
     <span class='ocr_line' id='line_1_39' title="bbox 183 2622 2092 2680; baseline 0.001 -16"><span class='ocrx_word' id='word_1_362' title='bbox 183 2622 368 2677; x_wconf 67' lang='lat' dir='ltr'>prino),</span> <span class='ocrx_word' id='word_1_363' title='bbox 410 2634 611 2678; x_wconf 81' lang='lat' dir='ltr'>purgare</span> <span class='ocrx_word' id='word_1_364' title='bbox 657 2622 860 2678; x_wconf 86' lang='lat' dir='ltr'>pertinet</span> <span class='ocrx_word' id='word_1_365' title='bbox 899 2623 958 2667; x_wconf 89' lang='lat' dir='ltr'>ad</span> <span class='ocrx_word' id='word_1_366' title='bbox 993 2623 1200 2667; x_wconf 86' lang='lat' dir='ltr'>officium</span> <span class='ocrx_word' id='word_1_367' title='bbox 1235 2623 1433 2668; x_wconf 86' lang='lat' dir='ltr'>diaconi.</span> <span class='ocrx_word' id='word_1_368' title='bbox 1467 2623 1554 2668; x_wconf 88' lang='lat' dir='ltr'>Sed</span> <span class='ocrx_word' id='word_1_369' title='bbox 1573 2623 1788 2680; x_wconf 82' lang='lat' dir='ltr'>purgatio</span> <span class='ocrx_word' id='word_1_370' title='bbox 1825 2623 1853 2666; x_wconf 77' lang='lat' dir='ltr'>a</span> <span class='ocrx_word' id='word_1_371' title='bbox 1888 2623 2092 2679; x_wconf 83' lang='lat' dir='ltr'>peccatis</span> 
     </span>
     <span class='ocr_line' id='line_1_40' title="bbox 182 2683 2092 2741; baseline 0.002 -15"><span class='ocrx_word' id='word_1_372' title='bbox 182 2683 386 2727; x_wconf 78' lang='lat' dir='ltr'>maxime</span> <span class='ocrx_word' id='word_1_373' title='bbox 425 2683 475 2726; x_wconf 89' lang='lat' dir='ltr'>fit</span> <span class='ocrx_word' id='word_1_374' title='bbox 495 2696 577 2739; x_wconf 85' lang='lat' dir='ltr'>per</span> <span class='ocrx_word' id='word_1_375' title='bbox 595 2683 899 2740; x_wconf 64' lang='lat' dir='ltr'>baptismum,</span> <span class='ocrx_word' id='word_1_376' title='bbox 926 2685 1187 2729; x_wconf 88' lang='lat' dir='ltr'>secundum</span> <span class='ocrx_word' id='word_1_377' title='bbox 1213 2684 1328 2729; x_wconf 88' lang='lat' dir='ltr'>illud</span> <span class='ocrx_word' id='word_1_378' title='bbox 1347 2684 1530 2741; x_wconf 87' lang='lat' dir='ltr'>(Ephes.</span> <span class='ocrx_word' id='word_1_379' title='bbox 1555 2698 1598 2740; x_wconf 76' lang='lat' dir='ltr'>v,</span> <span class='ocrx_word' id='word_1_380' title='bbox 1620 2688 1716 2739; x_wconf 53' lang='lat' dir='ltr'>26ss</span> <span class='ocrx_word' id='word_1_381' title='bbox 1741 2685 1970 2728; x_wconf 73' lang='lat' dir='ltr'>Mundam</span> <span class='ocrx_word' id='word_1_382' title='bbox 1989 2698 2092 2730; x_wconf 86' lang='lat' dir='ltr'>eam</span> 
     </span>
     <span class='ocr_line' id='line_1_41' title="bbox 183 2743 2147 2803; baseline 0.003 -17"><span class='ocrx_word' id='word_1_383' title='bbox 183 2746 368 2788; x_wconf 72' lang='lat' dir='ltr'>lat-acro</span> <span class='ocrx_word' id='word_1_384' title='bbox 393 2758 521 2801; x_wconf 81' lang='lat' dir='ltr'>aquae</span> <span class='ocrx_word' id='word_1_385' title='bbox 546 2749 592 2788; x_wconf 78' lang='lat' dir='ltr'>in</span> <span class='ocrx_word' id='word_1_386' title='bbox 614 2745 747 2788; x_wconf 83' lang='lat' dir='ltr'>verbo</span> <span class='ocrx_word' id='word_1_387' title='bbox 769 2751 887 2790; x_wconf 74' lang='lat' dir='ltr'>vttae.</span> <span class='ocrx_word' id='word_1_388' title='bbox 909 2748 1029 2802; x_wconf 82' lang='lat' dir='ltr'>Ergo</span> <span class='ocrx_word' id='word_1_389' title='bbox 1049 2747 1234 2792; x_wconf 85' lang='lat' dir='ltr'>videtur</span> <span class='ocrx_word' id='word_1_390' title='bbox 1252 2746 1378 2803; x_wconf 71' lang='lat' dir='ltr'>quud</span> <span class='ocrx_word' id='word_1_391' title='bbox 1410 2746 1646 2803; x_wconf 68' lang='lat' dir='ltr'>baptizare</span> <span class='ocrx_word' id='word_1_392' title='bbox 1671 2747 1902 2803; x_wconf 86' lang='lat' dir='ltr'>pertineat</span> <span class='ocrx_word' id='word_1_393' title='bbox 1920 2746 1980 2792; x_wconf 89' lang='lat' dir='ltr'>ad</span> <span class='ocrx_word' id='word_1_394' title='bbox 1997 2747 2092 2792; x_wconf 84' lang='lat' dir='ltr'>dia·</span> <span class='ocrx_word' id='word_1_395' title='bbox 2146 2743 2147 2746; x_wconf 68' lang='grc'>’</span> 
     </span>
     <span class='ocr_line' id='line_1_42' title="bbox 183 2819 2139 2855; baseline 0.003 -5"><span class='ocrx_word' id='word_1_396' title='bbox 183 2819 369 2851; x_wconf 87' lang='lat' dir='ltr'>conum.</span> <span class='ocrx_word' id='word_1_397' title='bbox 2131 2850 2139 2855; x_wconf 74' lang='grc'>.,</span> 
     </span>
    </p>

    <p class='ocr_par' dir='ltr' id='par_1_13' title="bbox 185 2869 2089 2990">
     <span class='ocr_line' id='line_1_43' title="bbox 237 2869 2089 2928; baseline 0.002 -16"><span class='ocrx_word' id='word_1_398' title='bbox 237 2872 278 2912; x_wconf 84' lang='grc'>3.</span> <span class='ocrx_word' id='word_1_399' title='bbox 317 2872 559 2923; x_wconf 73' lang='lat' dir='ltr'>Praeterea,</span> <span class='ocrx_word' id='word_1_400' title='bbox 597 2869 655 2913; x_wconf 90' lang='lat' dir='ltr'>de</span> <span class='ocrx_word' id='word_1_401' title='bbox 696 2872 744 2914; x_wconf 89' lang='lat' dir='ltr'>B.</span> <span class='ocrx_word' id='word_1_402' title='bbox 767 2871 1016 2914; x_wconf 89' lang='lat' dir='ltr'>Laurentio</span> <span class='ocrx_word' id='word_1_403' title='bbox 1047 2871 1219 2927; x_wconf 84' lang='lat' dir='ltr'>legitur</span> <span class='ocrx_word' id='word_1_404' title='bbox 1255 2870 1383 2928; x_wconf 82' lang='lat' dir='ltr'>quod</span> <span class='ocrx_word' id='word_1_405' title='bbox 1412 2874 1518 2915; x_wconf 78' lang='lat' dir='ltr'>cum</span> <span class='ocrx_word' id='word_1_406' title='bbox 1548 2870 1648 2927; x_wconf 90' lang='lat' dir='ltr'>ipse</span> <span class='ocrx_word' id='word_1_407' title='bbox 1686 2875 1811 2915; x_wconf 89' lang='lat' dir='ltr'>esset</span> <span class='ocrx_word' id='word_1_408' title='bbox 1847 2870 2089 2927; x_wconf 85' lang='lat' dir='ltr'>diaconus,</span> 
     </span>
     <span class='ocr_line' id='line_1_44' title="bbox 185 2930 1949 2990; baseline 0.002 -17"><span class='ocrx_word' id='word_1_409' title='bbox 185 2930 408 2985; x_wconf 85' lang='lat' dir='ltr'>plurimos</span> <span class='ocrx_word' id='word_1_410' title='bbox 429 2930 705 2986; x_wconf 84' lang='lat' dir='ltr'>baptizabat.</span> <span class='ocrx_word' id='word_1_411' title='bbox 726 2933 844 2987; x_wconf 84' lang='lat' dir='ltr'>Ergo</span> <span class='ocrx_word' id='word_1_412' title='bbox 860 2932 1044 2976; x_wconf 89' lang='lat' dir='ltr'>videtur</span> <span class='ocrx_word' id='word_1_413' title='bbox 1059 2931 1185 2989; x_wconf 74' lang='lat' dir='ltr'>quod</span> <span class='ocrx_word' id='word_1_414' title='bbox 1208 2932 1431 2977; x_wconf 88' lang='lat' dir='ltr'>diaconos</span> <span class='ocrx_word' id='word_1_415' title='bbox 1448 2932 1680 2990; x_wconf 88' lang='lat' dir='ltr'>pertineat</span> <span class='ocrx_word' id='word_1_416' title='bbox 1698 2931 1949 2989; x_wconf 88' lang='lat' dir='ltr'>baptizare.</span> 
     </span>
    </p>

    <p class='ocr_par' dir='ltr' id='par_1_14' title="bbox 185 2992 2147 3176">
     <span class='ocr_line' id='line_1_45' title="bbox 238 2992 2128 3051; baseline 0.001 -15"><span class='ocrx_word' id='word_1_417' title='bbox 238 2992 325 3036; x_wconf 88' lang='lat' dir='ltr'>Sed</span> <span class='ocrx_word' id='word_1_418' title='bbox 346 2995 509 3035; x_wconf 69' lang='lat' dir='ltr'>contra</span> <span class='ocrx_word' id='word_1_419' title='bbox 540 2998 612 3037; x_wconf 88' lang='lat' dir='ltr'>est</span> <span class='ocrx_word' id='word_1_420' title='bbox 635 2993 761 3048; x_wconf 88' lang='lat' dir='ltr'>quod</span> <span class='ocrx_word' id='word_1_421' title='bbox 778 2993 985 3039; x_wconf 87' lang='lat' dir='ltr'>Gelasius</span> <span class='ocrx_word' id='word_1_422' title='bbox 1009 2996 1024 3038; x_wconf 92' lang='lat'>1</span> <span class='ocrx_word' id='word_1_423' title='bbox 1045 3007 1166 3051; x_wconf 88' lang='lat' dir='ltr'>papa</span> <span class='ocrx_word' id='word_1_424' title='bbox 1185 2994 1316 3050; x_wconf 79' lang='lat' dir='ltr'>dixit,</span> <span class='ocrx_word' id='word_1_425' title='bbox 1343 2995 1478 3051; x_wconf 84' lang='lat' dir='ltr'>epist.</span> <span class='ocrx_word' id='word_1_426' title='bbox 1496 2997 1540 3049; x_wconf 69' lang='lat'>9,</span> <span class='ocrx_word' id='word_1_427' title='bbox 1564 3006 1668 3050; x_wconf 88' lang='lat' dir='ltr'>cap.</span> <span class='ocrx_word' id='word_1_428' title='bbox 1689 2997 1713 3037; x_wconf 89' lang='lat'><strong>7</strong></span> <span class='ocrx_word' id='word_1_429' title='bbox 1738 2996 1801 3048; x_wconf 85' lang='lat' dir='ltr'>(et</span> <span class='ocrx_word' id='word_1_430' title='bbox 1822 2993 2020 3039; x_wconf 86' lang='lat' dir='ltr'>habetur</span> <span class='ocrx_word' id='word_1_431' title='bbox 2041 2994 2090 3038; x_wconf 89' lang='lat' dir='ltr'>in</span> <span class='ocrx_word' id='word_1_432' title='bbox 2126 3006 2128 3011; x_wconf 78' lang='grc'>’</span> 
     </span>
     <span class='ocr_line' id='line_1_46' title="bbox 185 3054 2147 3117; baseline 0.002 -20"><span class='ocrx_word' id='word_1_433' title='bbox 185 3057 359 3098; x_wconf 87' lang='lat' dir='ltr'>Decret.</span> <span class='ocrx_word' id='word_1_434' title='bbox 390 3054 498 3099; x_wconf 88' lang='lat' dir='ltr'>dist.</span> <span class='ocrx_word' id='word_1_435' title='bbox 536 3057 607 3112; x_wconf 65' lang='lat'>93,</span> <span class='ocrx_word' id='word_1_436' title='bbox 633 3068 736 3111; x_wconf 87' lang='lat' dir='ltr'>cap.</span> <span class='ocrx_word' id='word_1_437' title='bbox 775 3058 845 3110; x_wconf 73' lang='lat'>13)</span> <span class='ocrx_word' id='word_1_438' title='bbox 869 3069 880 3099; x_wconf 92' lang='lat'>:</span> <span class='ocrx_word' id='word_1_439' title='bbox 908 3074 927 3094; x_wconf 90' lang='lat'>«</span> <span class='ocrx_word' id='word_1_440' title='bbox 956 3056 1183 3101; x_wconf 87' lang='lat' dir='ltr'>Diaconos</span> <span class='ocrx_word' id='word_1_441' title='bbox 1208 3057 1444 3113; x_wconf 87' lang='lat' dir='ltr'>propriam</span> <span class='ocrx_word' id='word_1_442' title='bbox 1469 3056 1802 3101; x_wconf 90' lang='lat' dir='ltr'>constituimus</span> <span class='ocrx_word' id='word_1_443' title='bbox 1840 3055 2090 3101; x_wconf 84' lang='lat' dir='ltr'>observare</span> <span class='ocrx_word' id='word_1_444' title='bbox 2139 3107 2147 3117; x_wconf 32' lang='grc' dir='ltr'>υ</span> 
     </span>
     <span class='ocr_line' id='line_1_47' title="bbox 186 3117 2090 3176; baseline 0.002 -18"><span class='ocrx_word' id='word_1_445' title='bbox 186 3126 482 3170; x_wconf 75' lang='lat' dir='ltr'>mensuram3</span> <span class='ocrx_word' id='word_1_446' title='bbox 509 3135 529 3154; x_wconf 90' lang='lat'>»</span> <span class='ocrx_word' id='word_1_447' title='bbox 557 3120 603 3160; x_wconf 86' lang='lat' dir='ltr'>et</span> <span class='ocrx_word' id='word_1_448' title='bbox 637 3117 790 3160; x_wconf 82' lang='lat' dir='ltr'>infra:</span> <span class='ocrx_word' id='word_1_449' title='bbox 819 3135 840 3156; x_wconf 75' lang='grc' dir='ltr'>«ι</span> <span class='ocrx_word' id='word_1_450' title='bbox 864 3117 1052 3176; x_wconf 89' lang='lat' dir='ltr'>Absque</span> <span class='ocrx_word' id='word_1_451' title='bbox 1075 3119 1295 3175; x_wconf 87' lang='lat' dir='ltr'>episcopo</span> <span class='ocrx_word' id='word_1_452' title='bbox 1319 3119 1392 3163; x_wconf 90' lang='lat' dir='ltr'>vel</span> <span class='ocrx_word' id='word_1_453' title='bbox 1426 3117 1701 3175; x_wconf 86' lang='lat' dir='ltr'>presbytero</span> <span class='ocrx_word' id='word_1_454' title='bbox 1736 3117 1970 3174; x_wconf 89' lang='lat' dir='ltr'>baptizare</span> <span class='ocrx_word' id='word_1_455' title='bbox 1995 3128 2090 3162; x_wconf 88' lang='lat' dir='ltr'>non</span> 
     </span>
    </p>
   </div>
   <div class='ocr_carea' id='block_1_9' title="bbox 2121 2261 2170 3211">
    <p class='ocr_par' dir='ltr' id='par_1_15' title="bbox 2121 2261 2170 3211">
     <span class='ocr_line' id='line_1_48' title="bbox 2121 2261 2170 3211; baseline 0 0"><span class='ocrx_word' id='word_1_456' title='bbox 2121 2261 2170 3211; x_wconf 95' lang='lat' dir='ltr'> </span> 
     </span>
    </p>
   </div>
   <div class='ocr_carea' id='block_1_10' title="bbox 186 3262 2153 3308">
    <p class='ocr_par' dir='ltr' id='par_1_16' title="bbox 186 3262 2153 3308">
     <span class='ocr_line' id='line_1_49' title="bbox 186 3262 2153 3308; baseline 0.004 -17"><span class='ocrx_word' id='word_1_457' title='bbox 186 3265 226 3291; x_wconf 87' lang='lat' dir='ltr'>ut</span> <span class='ocrx_word' id='word_1_458' title='bbox 245 3265 421 3303; x_wconf 74' lang='lat' dir='ltr'>mai-tyros,</span> <span class='ocrx_word' id='word_1_459' title='bbox 437 3263 478 3295; x_wconf 85' lang='lat' dir='ltr'>ut</span> <span class='ocrx_word' id='word_1_460' title='bbox 502 3264 595 3302; x_wconf 82' lang='lat' dir='ltr'>patet</span> <span class='ocrx_word' id='word_1_461' title='bbox 612 3273 652 3296; x_wconf 83' lang='lat' dir='ltr'>ex</span> <span class='ocrx_word' id='word_1_462' title='bbox 676 3274 765 3298; x_wconf 92' lang='lat' dir='ltr'>rom.</span> <span class='ocrx_word' id='word_1_463' title='bbox 784 3263 1026 3305; x_wconf 74' lang='lat' dir='ltr'>Mai-tyrologio</span> <span class='ocrx_word' id='word_1_464' title='bbox 1049 3265 1093 3300; x_wconf 80' lang='lat' dir='ltr'>ad</span> <span class='ocrx_word' id='word_1_465' title='bbox 1177 3266 1403 3308; x_wconf 69' lang='lat' dir='ltr'>maqnopere</span> <span class='ocrx_word' id='word_1_466' title='bbox 1430 3264 1480 3299; x_wconf 85' lang='lat' dir='ltr'>ad</span> <span class='ocrx_word' id='word_1_467' title='bbox 1508 3267 1689 3307; x_wconf 77' lang='lat' dir='ltr'>quantum</span> <span class='ocrx_word' id='word_1_468' title='bbox 1717 3262 1877 3306; x_wconf 71' lang='lat' dir='ltr'>gradum</span> <span class='ocrx_word' id='word_1_469' title='bbox 1915 3262 2088 3299; x_wconf 72' lang='lat' dir='ltr'>Ecclesia</span> <span class='ocrx_word' id='word_1_470' title='bbox 2151 3262 2153 3266; x_wconf 86' lang='lat'>&#39;</span> 
     </span>
    </p>
   </div>
   <div class='ocr_carea' id='block_1_11' title="bbox 179 3308 2164 3499">
    <p class='ocr_par' dir='ltr' id='par_1_17' title="bbox 184 3308 2153 3405">
     <span class='ocr_line' id='line_1_50' title="bbox 184 3308 2153 3352; baseline 0.001 -10"><span class='ocrx_word' id='word_1_471' title='bbox 184 3309 224 3342; x_wconf 81' lang='grc'>16</span> <span class='ocrx_word' id='word_1_472' title='bbox 234 3308 338 3350; x_wconf 86' lang='lat' dir='ltr'>junii.</span> <span class='ocrx_word' id='word_1_473' title='bbox 1179 3314 1314 3346; x_wconf 78' lang='lat' dir='ltr'>ascend</span> <span class='ocrx_word' id='word_1_474' title='bbox 1320 3313 1396 3347; x_wconf 81' lang='lat' dir='ltr'>itis:</span> <span class='ocrx_word' id='word_1_475' title='bbox 1405 3311 1602 3346; x_wconf 76' lang='lat' dir='ltr'>diaconum</span> <span class='ocrx_word' id='word_1_476' title='bbox 1614 3311 1710 3344; x_wconf 79' lang='lat' dir='ltr'>enim</span> <span class='ocrx_word' id='word_1_477' title='bbox 1722 3313 1863 3352; x_wconf 76' lang='lat' dir='ltr'>oportet</span> <span class='ocrx_word' id='word_1_478' title='bbox 1873 3311 2089 3344; x_wconf 75' lang='lat' dir='ltr'>ministrare</span> <span class='ocrx_word' id='word_1_479' title='bbox 2145 3311 2153 3321; x_wconf 60' lang='lat'>‘⁴</span> 
     </span>
     <span class='ocr_line' id='line_1_51' title="bbox 223 3356 2087 3405; baseline 0 -14"><span class='ocrx_word' id='word_1_480' title='bbox 223 3358 266 3398; x_wconf 78' lang='lat' dir='ltr'>(l)</span> <span class='ocrx_word' id='word_1_481' title='bbox 290 3357 343 3392; x_wconf 79' lang='lat' dir='ltr'>Ita</span> <span class='ocrx_word' id='word_1_482' title='bbox 369 3368 445 3391; x_wconf 88' lang='lat' dir='ltr'>cum</span> <span class='ocrx_word' id='word_1_483' title='bbox 465 3357 541 3392; x_wconf 86' lang='lat' dir='ltr'>Mss.</span> <span class='ocrx_word' id='word_1_484' title='bbox 565 3357 685 3393; x_wconf 83' lang='lat' dir='ltr'>Garcia</span> <span class='ocrx_word' id='word_1_485' title='bbox 706 3362 739 3392; x_wconf 80' lang='lat' dir='ltr'>et</span> <span class='ocrx_word' id='word_1_486' title='bbox 763 3359 968 3400; x_wconf 83' lang='lat' dir='ltr'>posteriores</span> <span class='ocrx_word' id='word_1_487' title='bbox 993 3360 1089 3397; x_wconf 86' lang='lat' dir='ltr'>editi.</span> <span class='ocrx_word' id='word_1_488' title='bbox 1179 3362 1229 3395; x_wconf 83' lang='lat' dir='ltr'>ad</span> <span class='ocrx_word' id='word_1_489' title='bbox 1258 3362 1404 3401; x_wconf 77' lang='lat' dir='ltr'>altare,</span> <span class='ocrx_word' id='word_1_490' title='bbox 1431 3361 1626 3405; x_wconf 79' lang='lat' dir='ltr'>baptizare</span> <span class='ocrx_word' id='word_1_491' title='bbox 1668 3362 1701 3392; x_wconf 84' lang='lat' dir='ltr'>et</span> <span class='ocrx_word' id='word_1_492' title='bbox 1730 3358 1970 3402; x_wconf 78' lang='lat' dir='ltr'>proedicare,·</span> <span class='ocrx_word' id='word_1_493' title='bbox 2000 3356 2087 3400; x_wconf 80' lang='lat' dir='ltr'>quod</span> 
     </span>
    </p>

    <p class='ocr_par' dir='ltr' id='par_1_18' title="bbox 179 3403 2088 3450">
     <span class='ocr_line' id='line_1_52' title="bbox 179 3403 2088 3450; baseline 0.002 -14"><span class='ocrx_word' id='word_1_494' title='bbox 179 3403 249 3444; x_wconf 65' lang='lat' dir='ltr'>At„</span> <span class='ocrx_word' id='word_1_495' title='bbox 269 3415 339 3447; x_wconf 82' lang='lat' dir='ltr'>per</span> <span class='ocrx_word' id='word_1_496' title='bbox 363 3405 600 3447; x_wconf 69' lang='lat' dir='ltr'>potissimum</span> <span class='ocrx_word' id='word_1_497' title='bbox 626 3406 861 3449; x_wconf 78' lang='lat' dir='ltr'>dilectionis,</span> <span class='ocrx_word' id='word_1_498' title='bbox 888 3410 1091 3444; x_wconf 66' lang='lat' dir='ltr'>secundam</span> <span class='ocrx_word' id='word_1_499' title='bbox 1178 3409 1440 3450; x_wconf 82' lang='lat' dir='ltr'>intelligendum</span> <span class='ocrx_word' id='word_1_500' title='bbox 1459 3412 1508 3442; x_wconf 85' lang='lat' dir='ltr'>est</span> <span class='ocrx_word' id='word_1_501' title='bbox 1525 3408 1603 3449; x_wconf 86' lang='lat' dir='ltr'>quia</span> <span class='ocrx_word' id='word_1_502' title='bbox 1630 3418 1691 3448; x_wconf 86' lang='lat' dir='ltr'>per</span> <span class='ocrx_word' id='word_1_503' title='bbox 1716 3406 1872 3440; x_wconf 84' lang='lat' dir='ltr'>ordinem</span> <span class='ocrx_word' id='word_1_504' title='bbox 1896 3406 2088 3441; x_wconf 70' lang='lat' dir='ltr'>diaconatus</span> 
     </span>
    </p>

    <p class='ocr_par' dir='ltr' id='par_1_19' title="bbox 181 3452 2164 3499">
     <span class='ocr_line' id='line_1_53' title="bbox 181 3452 2164 3499; baseline -0.002 -8"><span class='ocrx_word' id='word_1_505' title='bbox 181 3452 294 3491; x_wconf 67' lang='lat' dir='ltr'>illud,</span> <span class='ocrx_word' id='word_1_506' title='bbox 309 3455 375 3487; x_wconf 63' lang='lat' dir='ltr'>etc·</span> <span class='ocrx_word' id='word_1_507' title='bbox 1176 3456 1218 3491; x_wconf 84' lang='lat' dir='ltr'>fit</span> <span class='ocrx_word' id='word_1_508' title='bbox 1235 3457 1309 3491; x_wconf 82' lang='lat' dir='ltr'>talis</span> <span class='ocrx_word' id='word_1_509' title='bbox 1325 3457 1379 3490; x_wconf 83' lang='lat' dir='ltr'>cui</span> <span class='ocrx_word' id='word_1_510' title='bbox 1402 3456 1570 3491; x_wconf 85' lang='lat' dir='ltr'>committi</span> <span class='ocrx_word' id='word_1_511' title='bbox 1598 3454 1714 3495; x_wconf 72' lang='lat' dir='ltr'>possit,</span> <span class='ocrx_word' id='word_1_512' title='bbox 1735 3454 1927 3494; x_wconf 81' lang='lat' dir='ltr'>postulante</span> <span class='ocrx_word' id='word_1_513' title='bbox 1949 3452 2088 3488; x_wconf 71' lang='lat' dir='ltr'>necessi·</span> <span class='ocrx_word' id='word_1_514' title='bbox 2158 3490 2164 3499; x_wconf 48' lang='grc'><strong>,</strong></span> 
     </span>
    </p>
   </div>
   <div class='ocr_carea' id='block_1_12' title="bbox 222 3499 1865 3548">
    <p class='ocr_par' dir='ltr' id='par_1_20' title="bbox 222 3499 1865 3548">
     <span class='ocr_line' id='line_1_54' title="bbox 222 3499 1865 3548; baseline -0.001 -14"><span class='ocrx_word' id='word_1_515' title='bbox 222 3499 265 3541; x_wconf 88' lang='grc'>(2)</span> <span class='ocrx_word' id='word_1_516' title='bbox 289 3500 327 3534; x_wconf 88' lang='lat' dir='ltr'>In</span> <span class='ocrx_word' id='word_1_517' title='bbox 345 3501 560 3536; x_wconf 85' lang='lat' dir='ltr'>ordinatione</span> <span class='ocrx_word' id='word_1_518' title='bbox 577 3501 710 3536; x_wconf 85' lang='lat' dir='ltr'>diaconi</span> <span class='ocrx_word' id='word_1_519' title='bbox 734 3502 881 3537; x_wconf 52' lang='lat' dir='ltr'>habemi-</span> <span class='ocrx_word' id='word_1_520' title='bbox 897 3516 906 3535; x_wconf 70' lang='grc' dir='ltr'><strong>ι</strong></span> <span class='ocrx_word' id='word_1_521' title='bbox 926 3504 1090 3548; x_wconf 64' lang='lat' dir='ltr'>Cogitate</span> <span class='ocrx_word' id='word_1_522' title='bbox 1178 3509 1258 3546; x_wconf 77' lang='lat' dir='ltr'>tate,</span> <span class='ocrx_word' id='word_1_523' title='bbox 1279 3504 1430 3539; x_wconf 78' lang='lat' dir='ltr'>officium</span> <span class='ocrx_word' id='word_1_524' title='bbox 1444 3503 1643 3539; x_wconf 77' lang='lat' dir='ltr'>solemniter</span> <span class='ocrx_word' id='word_1_525' title='bbox 1659 3502 1865 3543; x_wconf 64' lang='lat' dir='ltr'>lcaptimndi.</span> 
     </span>
    </p>
   </div>
  </div>
 </body>
</html>
