2170 3808
190 223 277 266 298
744 217 944 270 QUAEST.
974 208 1149 272 xxxvl,
1179 217 1300 261 Aur.
1328 218 1364 260 11
1393 217 1459 261 ET
1485 219 1555 262 111.

197 303 408 349 habitum
442 306 716 359 suspectum
753 300 876 345 circa
911 300 1307 357 magnificentiam
1346 299 1529 345 Christi.
1569 303 1621 344 Et
1658 299 1763 345 ideo
1799 299 2003 357 oportuit
2042 307 2094 348 ut
2164 294 2170 301 ²

195 366 300 410 aliis
328 365 704 411 manifestaretur
732 363 983 420 extraneis,
1001 374 1201 420 quorum
1231 361 1545 408 testimonium
1577 367 1847 421 suspectum
1871 374 1976 406 esse
1999 374 2092 407 non

195 472 198 473 γ
231 433 371 472 osset.

197 440 228 485 p
252 490 318 534 Ad
342 492 524 534 tertium
549 487 816 543 dicendum,
840 487 967 544 quod
987 487 1088 544 ipsa
1107 485 1309 531 turbatio
1324 486 1574 532 subsecuta
1593 499 1652 532 ex
1672 486 1911 531 nativitate
1929 486 2093 532 Christi

197 550 489 596 manifestata
511 549 803 608 congruebat
821 549 983 593 Christi
1002 548 1246 592 nativitati.
1268 548 1418 593 Primo
1435 549 1641 606 quidem,
1657 549 1767 605 quia
1783 561 1864 605 per
1883 549 1969 592 hoc
1990 561 2093 593 ma-

197 612 444 658 nifestatur
458 613 664 659 coelestis
682 612 844 656 Christi
862 611 1093 667 dignitas3
1133 610 1258 655 unde
1290 611 1536 667 Gregorius
1574 612 1683 656 dicit
1711 611 1776 664 (in
1809 610 1954 662 hom„
1988 624 2014 652 x
2044 610 2092 654 in

197 677 394 733 Evang.,
411 675 459 720 in
481 675 648 732 princ.)
671 689 682 717 ε
715 673 856 717 «Coeli
877 684 986 729 rege
1005 678 1129 728 nato,
1152 685 1236 717 rex
1256 678 1389 717 terrae
1405 673 1620 718 turbatus
1635 678 1723 730 est,
1747 672 1857 730 quia
1877 672 2094 718 nimirum

197 742 382 783 terrena
415 737 610 782 altitudo
637 735 955 789 confunditur,
974 738 1083 778 cum
1105 734 1332 779 celsitudo
1357 735 1560 782 coelestis
1575 736 1830 792 aperitur.»
1865 735 2090 790 Secundo,

198 799 308 856 quia
326 812 410 856 per
429 802 517 844 hoc
535 797 826 854 figurabatur
844 795 1088 852 judiciaria
1109 796 1274 840 Christi
1289 802 1520 852 potestas,
1536 798 1662 841 unde
1678 797 1966 852 Augustinus
1983 797 2095 842 dicit

198 861 264 913 (in
284 862 487 918 quodam
509 873 651 905 serm.
673 859 833 916 Epiph.
854 861 909 903 30
931 858 990 903 de
1008 861 1162 915 Temp.
1202 858 1427 915 aliquant.
1459 859 1487 902 a
1505 860 1672 916 princ.)
1693 872 1705 903 ε
1743 859 1887 912 «Quid
1910 859 1997 902 erit
2014 859 2094 903 tri-

199 922 344 967 bunal
362 923 636 980 judicantis,
672 921 861 978 quando
884 920 1111 976 superbos
1130 932 1266 977 reges
1300 921 1535 965 cunabula
1557 920 1793 966 terrebant
1824 920 2048 965 infantis?
2069 939 2090 960 ι»

198 986 363 1041 Tertio,
380 986 489 1043 quia
510 997 594 1042 per
616 984 704 1029 hoc
726 983 1014 1040 figurabatur
1037 983 1232 1041 deJ'ectio
1253 984 1384 1040 regni
1408 983 1579 1028 diaboli
1606 999 1617 1028 ε
1643 984 1767 1040 quia,
1793 989 1846 1028 ut
1868 985 1957 1027 Leo
1976 995 2096 1039 papa

200 1046 313 1092 dicit
330 1047 395 1100 (in
428 1058 645 1091 sermone
677 1046 902 1102 Epiphan.
933 1045 1104 1101 implic.
1130 1058 1272 1090 serm.
1291 1049 1336 1100 5,
1356 1058 1459 1103 cap.
1484 1049 1512 1090 2
1536 1047 1561 1089 a
1585 1045 1751 1102 princ.,
1783 1045 1866 1090 sed
1884 1057 2092 1102 express.

200 1112 370 1154 Auctor
397 1111 531 1166 Oper.
544 1109 748 1165 imperf„
766 1108 894 1152 hom.
915 1111 958 1161 2,
978 1114 1086 1152 ante
1101 1108 1244 1162 med.)
1264 1123 1275 1151 :
1294 1111 1423 1152 «Non
1445 1109 1627 1152 tantum
1648 1108 1849 1153 Herodes
1869 1108 1915 1151 in
1932 1113 2096 1152 semet-

202 1169 303 1228 ipso
341 1170 632 1228 turbabatur,
672 1174 899 1227 quantum
928 1171 1143 1215 diabolus
1165 1171 1213 1214 in
1252 1172 1442 1215 Herode.
1478 1171 1680 1215 Herodes
1713 1171 1838 1214 enim
1860 1175 2095 1215 terrenum

201 1231 437 1278 hominem
454 1232 729 1289 aestimabat,
749 1233 832 1277 sed
853 1233 1067 1278 diabolus
1083 1237 1226 1277 Deum
1241 1233 1577 1289 cognoscebar,
1597 1238 1643 1277 et
1665 1239 1859 1289 uterque
1878 1232 2006 1287 regni
2022 1233 2092 1276 sui

200 1306 520 1341 successorem
539 1296 743 1350 timebat,
760 1295 974 1339 diabolus
983 1295 1238 1350 coelestem,
1252 1295 1335 1340 sed
1345 1295 1544 1340 Herodes
1553 1300 1807 1350 terrenum,
1823 1313 1841 1331 n
1862 1294 2095 1350 superflue

202 1362 375 1415 tamen,
400 1359 510 1415 quia
524 1358 731 1402 Christus
748 1370 841 1401 non
866 1363 1060 1411 venerat
1082 1369 1280 1414 regnum
1311 1358 1358 1401 in
1385 1363 1506 1401 terra
1521 1356 1707 1402 habere.
1727 1356 1854 1401 Unde
1871 1359 1959 1401 Leo
1976 1369 2095 1413 papa

202 1420 313 1465 dicit
337 1423 494 1474 (serm.
515 1424 543 1465 4
564 1420 623 1465 de
640 1419 802 1476 Epipb.
823 1431 925 1474 cap.
941 1421 987 1474 2,
1002 1418 1063 1463 ad
1076 1419 1194 1474 fin.),
1214 1419 1378 1463 Herodi
1398 1419 1629 1476 loquens:
1654 1420 1782 1463 «Non
1805 1418 1927 1474 capit
1941 1419 2096 1463 Chris-

203 1486 302 1527 tum
325 1482 455 1539 regia
476 1487 579 1537 tua;
606 1493 689 1525 nec
715 1480 877 1525 mundi
901 1481 1124 1525 Dominus
1156 1481 1396 1537 potestatis
1429 1485 1520 1525 tuae
1552 1481 1721 1537 sceptri
1742 1484 1814 1524 est
1849 1486 2097 1525 contentus

202 1544 448 1602 angustiis.
467 1563 488 1583 n
512 1542 641 1596 Quod
659 1547 815 1587 autem
834 1542 976 1586 Judaei
996 1542 1321 1598 turbabantur,
1344 1542 1424 1599 qui
1442 1547 1600 1587 tamen
1623 1542 1771 1597 magis
1786 1542 1988 1598 gaudere
2010 1543 2096 1587 de·-

202 1607 415 1661 buerant,
439 1610 522 1650 aut
550 1605 638 1649 hoc
654 1610 743 1659 est,
761 1605 887 1661 quia,
909 1610 961 1649 ut
984 1605 1341 1662 chrysostomus
1362 1605 1498 1659 (alius
1519 1606 1695 1659 auctor)
1715 1603 1824 1648 dicit
1838 1605 1977 1657 (hom.
1999 1607 2026 1649 2
2048 1605 2096 1648 in

203 1671 284 1726 Op.
311 1668 511 1725 imperf.,
535 1673 644 1712 ante
666 1667 823 1724 med.),
844 1667 935 1712 «de
951 1668 1158 1712 adventu
1171 1667 1286 1723 Justi
1312 1680 1406 1711 non
1436 1672 1650 1723 poterant
1668 1667 1872 1723 gaudere
1890 1667 2056 1723 iniqui,
2072 1685 2092 1708 n

203 1736 284 1776 aut
296 1731 506 1776 volentes
526 1731 681 1774 favere
701 1730 883 1787 Herodi,
900 1742 1039 1786 quem
1066 1730 1290 1774 timebant
1310 1744 1321 1774 ι
1348 1730 1549 1786 populus
1569 1729 1694 1773 enim
1715 1729 1821 1785 plus
1835 1729 1963 1785 Justo
1975 1730 2097 1774 favet
2166 1745 2170 1748 ¹

203 1792 270 1838 eis
289 1806 408 1850 quos
425 1792 639 1838 crudeles
657 1792 870 1836 sustinet.
888 1792 1017 1844 Quod
1029 1798 1183 1836 autem
1199 1791 1329 1848 pueri
1351 1792 1410 1834 ab
1429 1791 1604 1835 Herode
1620 1796 1732 1835 sunt
1746 1790 1990 1845 interfecti,
2002 1804 2096 1836 non

201 1856 344 1900 cessit
363 1856 409 1899 in
426 1867 588 1899 eorum
604 1854 949 1907 detrimentum,
971 1853 1053 1898 sed
1076 1854 1123 1897 in
1143 1866 1304 1898 eorum
1319 1854 1597 1910 profectum:
1613 1853 1724 1898 dicit
1739 1852 1864 1897 enim
1882 1854 2097 1910 Augusti-

202 1930 293 1962 nus
313 1918 378 1971 (in
401 1929 540 1961 serm.
565 1917 768 1973 quodam
801 1917 860 1961 de
894 1916 1054 1972 Epiph.
1077 1916 1156 1972 qui
1180 1922 1252 1960 est
1272 1918 1327 1960 66
1351 1918 1411 1960 De
1434 1915 1644 1968 diversis,
1670 1927 1771 1972 cap.
1793 1918 1836 1971 3,
1875 1914 1922 1959 in
1953 1916 2055 1971 fin.)
2081 1931 2093 1962 ε

206 1998 225 2017 u
240 1979 369 2024 Absit
391 1984 443 2023 ut
478 1978 537 2023 ad
555 1978 822 2023 liberandos
845 1979 1058 2022 homines
1072 1978 1280 2022 Christus
1296 1977 1492 2022 veniens
1514 1977 1573 2022 de
1597 1977 1783 2021 illorum
1810 1977 1999 2034 praemio
2016 1979 2096 2035 qui

203 2054 287 2099 pro
309 2055 365 2087 eo
390 2041 776 2098 interficerentur,
798 2041 913 2085 nihil
936 2040 1101 2097 egerit,
1126 2040 1207 2097 qui
1226 2040 1439 2097 pendens
1458 2039 1507 2084 in
1529 2040 1658 2097 ligno
1676 2052 1760 2096 pro
1779 2039 1848 2084 eis
1877 2039 1905 2083 a
1926 2041 2096 2097 quibus

204 2104 566 2149 interficiebatur
585 2103 734 2148 oravit
754 2106 831 2158 (1).
843 2122 864 2142 ι·

204 2182 552 2224 ARTICULUS
581 2182 664 2223 111.
697 2203 752 2212 —
774 2193 907 2222 tri-num
933 2192 1022 2222 suu·
1045 2191 1361 2222 conveniremini
1391 2191 1540 2221 macri
1559 2191 1640 2220 mm
1660 2190 1807 2227 Qunws
1825 2191 1900 2221 sss'r
1932 2191 2096 2223 cumsri

885 2255 1104 2284 numus
1126 2254 1420 2284 mmrsss'mm.

259 2312 326 2357 Ad
346 2312 533 2357 tertium
557 2311 625 2356 sic
646 2311 926 2368 proceditur.
954 2314 994 2355 1.
1029 2311 1219 2355 Videtur
1241 2309 1365 2366 quod
1387 2322 1478 2354 non
1500 2309 1592 2353 sint
1614 2307 1945 2353 convenienter
1963 2309 2096 2354 electi

204 2375 270 2420 illi
294 2373 476 2431 'quibus
508 2378 580 2418 est
614 2373 776 2417 Christi
805 2373 1020 2416 nativitas
1043 2373 1352 2417 manifestata.
1378 2372 1600 2416 Dominus
1634 2371 1758 2416 enim
1795 2372 1960 2425 (Matth.
1988 2386 2030 2426 x,
2053 2374 2096 2427 5)

205 2437 444 2482 mandavit
461 2435 724 2491 discipulis:
751 2439 804 2478 In
820 2438 941 2478 viam
958 2437 1158 2490 pennum
1189 2447 1242 2476 ne
1257 2435 1460 2477 abieritis
1485 2449 1500 2474 .-
1523 2439 1576 2477 ut
1595 2433 1771 2478 scilicet
1794 2432 1922 2488 prius
1945 2433 2097 2478 mani-

204 2499 452 2544 festaretur
464 2501 485 2541 J
491 2497 634 2542 udaeis
653 2495 793 2553 quam
815 2496 1082 2552 gentilibus.
1109 2498 1224 2550 Ergo
1243 2495 1425 2540 videtur
1445 2494 1569 2552 quod
1592 2494 1737 2539 multo
1753 2494 1909 2539 minus
1928 2495 1955 2538 a
1970 2496 2096 2551 prin-

205 2560 325 2617 cipio
346 2559 487 2604 fuerit
509 2559 757 2603 revelanda
775 2558 939 2603 Christi
959 2558 1172 2602 nativitas
1188 2557 1455 2614 gentilibus,
1472 2557 1553 2614 qui
1571 2557 1630 2601 ab
1652 2557 1835 2602 Oriente
1853 2562 2094 2614 venerant,

206 2627 257 2667 ut
275 2622 469 2666 habetur
494 2621 662 2675 (Matth.
687 2623 747 2675 n).

260 2687 303 2729 2.
336 2687 576 2738 Praeterea,
602 2682 912 2727 manifestatio
935 2683 1105 2727 divinae
1127 2682 1332 2727 veritatis
1355 2681 1586 2740 praecipue
1623 2680 1761 2726 debet
1795 2681 1892 2725 fieri
1935 2681 1994 2726 ad
2017 2681 2094 2727 Dei

205 2746 394 2795 amicos,
420 2746 679 2790 secundum
704 2744 818 2788 illud
838 2744 952 2798 (Job,
976 2758 1119 2799 xxxvr,
1149 2746 1219 2799 33)
1243 2760 1253 2788 ε
1285 2746 1539 2787 Annuntiat
1561 2744 1618 2786 de
1639 2756 1694 2785 ea
1711 2745 1856 2786 amico
1888 2756 1983 2785 suo.
2010 2743 2095 2788 Sed

204 2809 327 2866 magi
351 2808 570 2853 videntur
588 2819 692 2852 esse
715 2807 791 2851 Dei
810 2807 985 2852 inimici
1006 2822 1018 2852 ι
1041 2807 1209 2852 dicitur
1231 2807 1524 2860 enim(Levit.
1543 2819 1627 2862 xix,
1653 2809 1725 2860 31)
1751 2821 1761 2849 z
1783 2809 1883 2848 Non
1901 2806 2095 2849 decline-

205 2875 263 2915 tis
285 2872 351 2914 ad
374 2884 548 2927 maqos,
570 2883 652 2913 nec
681 2870 738 2912 ab
771 2870 931 2913 ariolis
966 2870 1141 2926 aliquid
1167 2872 1467 2913 sciscitemini.
1485 2870 1581 2913 Non
1607 2880 1719 2924 ergo
1747 2867 1907 2912 debuit
1934 2868 2094 2914 Christi

205 2933 422 2977 nativitas
444 2931 595 2987 magis
624 2931 924 2976 manifestari.

259 2997 302 3039 3.
335 2997 571 3049 Praeterea,
611 2994 817 3037 Christus
854 2999 1048 3038 venerat
1080 2998 1227 3038 totum
1261 2994 1492 3038 mundum
1528 2992 1556 3037 a
1593 2998 1820 3050 potestate
1843 2993 2012 3038 diaboli
2037 2993 2094 3038 ti-

204 3055 403 3100 berare:
443 3057 569 3101 unde
610 3057 780 3100 dicitur
817 3056 1018 3110 (Malach.
1060 3070 1091 3110 1,
1125 3060 1167 3111 2)
1203 3069 1216 3101 τ
1254 3057 1324 3099 Ab
1361 3060 1465 3100 ortu
1497 3057 1606 3099 solis
1636 3070 1772 3112 usque
1803 3058 1867 3099 ad
1889 3069 2093 3099 occasum

202 3131 417 3174 maynum
444 3122 509 3161 est
543 3132 701 3161 nomen
725 3132 870 3161 meum
893 3122 942 3161 in
964 3120 1185 3174 qentszus.
1223 3121 1321 3163 Non
1367 3130 1478 3174 ergo
1518 3119 1669 3163 solum
1707 3119 1752 3162 in
1791 3118 1974 3163 Oriente
2010 3129 2093 3175 po-

203 3179 304 3284 sitfis
326 3179 486 3248 debuit
509 3179 810 3235 manifestari,
833 3180 915 3224 sed
937 3181 1076 3225 etiam
1105 3180 1279 3237 ubique
1304 3187 1529 3224 terrarum
1553 3179 1713 3224 debuit
1746 3179 1979 3236 aliquibus
2001 3191 2091 3223 ma-

204 3253 250 3284 n1
272 3246 425 3284 estarl.

257 3305 300 3345 4.
336 3304 574 3357 Praeterea,
598 3302 753 3345 omnia
777 3308 1067 3347 sacramenta
1102 3303 1272 3347 veteris
1305 3303 1420 3358 legis
1458 3308 1589 3346 erant
1618 3302 1777 3346 Christi
1804 3292 1968 3357 fig'ura.
2004 3299 2088 3345 Sed

204 3368 494 3406 sacramenta
513 3363 684 3407 veteris
700 3362 815 3418 legis
830 3364 1222 3419 dispensabantur
1241 3378 1322 3421 per
1341 3364 1648 3408 ministerium
1664 3363 1956 3408 sacerdotum
1969 3362 2088 3417 lega-

243 3477 286 3519 (4)
303 3478 448 3513 Ecclesia
465 3490 585 3512 eorum
605 3477 817 3512 festivitatem
835 3479 982 3513 celebrat
1001 3485 1034 3513 et
1055 3492 1110 3513 eos
1136 3485 1293 3521 tanquam
1315 3486 1479 3520 martyres
1495 3484 1688 3513 veneratur.
