2170 3808
238 211 319 254 ⁸32
789 208 989 261 Quns'r.
1021 208 1169 265 axin,
1199 211 1318 254 aar.
1351 212 1403 255 iv
1428 212 1495 256 ET
1523 213 1572 256 v.

287 292 354 337 Ad
383 294 567 336 tertium
588 289 855 346 dicendum,
880 290 1022 348 quod,
1043 291 1166 337 sicut
1186 291 1361 337 dictum
1390 297 1462 338 est
1481 293 1548 350 (in
1563 305 1689 351 corp.
1694 296 1724 350 ),
1746 294 1990 342 character
2005 299 2125 344 ordi

237 357 374 398 natur
393 353 452 398 ad
474 364 529 397 ea
551 364 659 409 quae
679 357 792 397 sunt
806 352 954 398 divini
977 353 1151 410 cultae,
1170 353 1250 411 qui
1271 366 1351 411 qu
1338 355 1460 400 dem
1490 359 1562 402 est
1582 356 1798 414 quaedam
1817 357 1924 403 fidei
1947 363 2124 415 protes-

232 414 346 458 tatio
377 425 460 470 per
478 413 705 458 exteriora
730 414 880 471 signa.
913 417 966 460 Et
1003 414 1108 460 ideo
1126 419 1308 472 oportet
1331 415 1455 474 quod
1474 417 1712 463 character
1734 418 1794 464 sit
1829 419 1877 463 in
1897 420 2124 478 cognitiva

235 475 440 532 potentia
464 475 648 529 animae,
675 476 721 519 in
744 489 837 534 qua
856 481 928 522 est
949 477 1081 522 fides.

314 545 660 589 ARTICULUS
700 548 759 590 V.
792 570 846 577 —-
875 558 1014 590 ιττιιυιι
1043 558 1287 590 einamma
1315 559 1424 590 insn-
1463 560 1600 590 annm
1630 561 1943 592 mnnmmmrnn
1971 548 2049 606 (1).

475 614 525 649 De
540 614 593 649 his
614 615 898 655 etiamSent.1v
919 614 1000 651 dist.
1016 616 1048 657 4.
1068 618 1185 657 quaest.
1205 624 1231 658 1,
1251 618 1317 650 art.
1332 615 1366 656 5.
1382 615 1579 657 quaestinnc.
1599 625 1648 657 Π
1663 621 1699 651 et
1714 617 1811 652 Rom.
1828 625 1889 652 vn.
2168 657 2170 662 ¹

287 666 355 712 Ad
391 667 609 725 quintum
629 668 697 714 sic
717 668 999 726 proceditur.
1025 673 1067 714 1.
1090 669 1277 714 Videtur
1309 668 1433 726 quod
1452 670 1689 716 character
1707 684 1802 716 non
1829 671 1941 717 insit
1959 671 2128 718 animae

234 727 557 776 indelebiliter.
582 732 764 785 Quanto
785 731 912 776 enim
946 731 1135 789 aliquod
1166 731 1384 776 accidens
1413 735 1485 777 est
1504 733 1774 791 perfectius,
1796 734 1927 779 tanto
1947 730 2128 780 firmius

233 790 442 838 inhaeret.
465 793 554 839 Sed
569 794 716 851 gratia
731 797 803 838 est
820 792 1066 851 perfectior
1082 793 1224 851 quam
1244 794 1494 852 character,
1514 794 1624 852 quia
1644 796 1881 842 character
1892 796 2129 842 ordinatur

234 854 293 899 ad
309 853 524 912 gratiam,
539 854 661 900 sicut
683 855 743 901 ad
762 855 1031 899 ulteriorem
1049 855 1192 900 finem
1212 857 1298 911 (2);
1327 855 1476 913 gratia
1491 861 1648 902 autem
1675 858 1901 904 amittitur
1921 869 2005 915 per
2023 870 2129 915 pec-
2162 855 2164 857 ’

234 922 407 978 catum.
423 919 542 974 Ergo
559 916 709 962 multo
731 917 883 973 magis
901 918 1158 963 character.
2166 923 2170 940 ³

290 981 333 1023 2.
353 981 594 1036 Praeterea,
612 991 697 1037 per
713 980 1030 1025 characterem
1060 979 1229 1037 aliquis
1247 979 1496 1036 deputatur
1514 979 1671 1025 divino
1693 980 1854 1038 cultui,
1878 979 2001 1027 sicut
2030 980 2131 1027 dic-
2168 982 2170 986 ’

238 1045 337 1085 tum
359 1045 431 1086 est
459 1043 562 1097 (art.
598 1054 739 1099 praec.
778 1046 825 1088 et
857 1046 943 1087 art.
976 1045 999 1087 1
1034 1046 1078 1087 et
1099 1044 1127 1085 2
1147 1041 1243 1099 huj.
1265 1043 1468 1098 quaest.).
1489 1040 1579 1087 Sed
1599 1041 1787 1100 aliquia
1809 1042 1940 1088 cultu
1972 1041 2132 1088 divino
2162 1042 2170 1086 ξ

236 1107 481 1149 transeunt
498 1104 558 1150 ad
571 1103 857 1150 contrarium
890 1103 1068 1150 cultum
1089 1116 1171 1161 per
1187 1104 1440 1161 apostasim
1462 1103 1489 1148 a
1508 1103 1617 1150 fide.
1640 1106 1759 1161 Ergo
1780 1105 1964 1151 videtur
2005 1105 2132 1163 quod
2164 1098 2170 1170 ‘2

237 1166 352 1211 tales
375 1166 591 1212 amittant
608 1167 923 1212 characterem
942 1167 1345 1212 sacramentalem.
2168 1198 2170 1203 .

290 1231 331 1273 3.
352 1231 595 1286 Praeterea,
608 1235 822 1275 cessante
841 1230 950 1286 fine,
964 1242 1149 1275 cessare
1162 1229 1300 1274 debet
1315 1229 1455 1275 etiam
1477 1229 1526 1275 id
1538 1228 1664 1287 quod
1679 1233 1752 1274 est
1765 1229 1824 1276 ad
1846 1229 2132 1287 finem3alio-
2166 1247 2167 1253 ¹

235 1291 350 1348 quin
371 1292 546 1337 frustra
567 1298 852 1350 remaneret,
875 1293 995 1338 sicut
1012 1297 1118 1350 post
1134 1292 1526 1337 resurrectionem
1543 1304 1637 1337 non
1663 1292 1748 1338 erit
1763 1292 2129 1352 matrimonium,

236 1352 346 1410 quia
362 1353 566 1399 cessabit
588 1355 842 1413 generatio,
867 1354 925 1399 ad
948 1366 1091 1412 quam
1129 1354 1372 1399 ordinatur
1396 1354 1761 1399 matrimonium.
1787 1355 1946 1400 Cultus
1975 1360 2133 1399 autem

236 1416 453 1471 exterior,
483 1416 543 1461 ad
563 1428 705 1474 quem
739 1417 979 1462 character
1009 1416 1266 1471 ordinatur,
1293 1428 1386 1460 non
1419 1416 1678 1461 remanebit
1717 1416 1766 1461 in
1784 1417 1950 1474 patria,
1968 1416 2015 1461 in
2039 1428 2134 1474 qua

236 1478 351 1523 nihil
369 1483 534 1536 agetur
554 1478 603 1524 in
634 1479 801 1536 figura,
826 1479 909 1524 sed
931 1482 1079 1523 totum
1099 1479 1147 1522 in
1172 1478 1297 1523 nuda
1317 1479 1524 1523 veritate.
1549 1481 1670 1535 Ergo
1705 1479 1941 1524 character
1974 1491 2134 1524 sacrar-
2168 1522 2170 1526 ,

234 1541 451 1586 mentalis
477 1553 573 1585 non
596 1546 759 1586 manet
787 1541 836 1585 in
865 1545 1144 1598 perpetuum
1181 1540 1229 1584 in
1267 1540 1438 1595 anima,
1470 1547 1517 1585 et
1550 1540 1612 1584 ita
1632 1553 1727 1584 non
1761 1539 1883 1586 inest
1903 1541 2134 1588 indelebi-

233 1602 352 1648 liter.

290 1665 379 1710 Sed
414 1667 575 1709 contra
609 1672 681 1710 est
715 1663 842 1722 quod
876 1663 1165 1720 Augustinus
1198 1663 1310 1709 dicit
1341 1665 1526 1718 (Contra
1557 1664 1938 1722 parmenianum,
1966 1664 2049 1710 lib.
2084 1678 2131 1723 11,

234 1740 338 1786 cap.
361 1730 434 1786 13,
461 1727 488 1772 a
510 1727 682 1783 med.):
703 1745 725 1767 «
742 1730 842 1773 Non
874 1728 1032 1773 minus
1062 1729 1241 1773 haerent
1263 1732 1556 1773 sacramenta
1578 1727 1849 1785 christiana,
1867 1728 2011 1786 quam
2028 1740 2134 1774 cor-

233 1790 410 1850 poralis
431 1795 544 1836 nota
564 1789 757 1836 militiae.
776 1810 797 1830 »
825 1790 912 1835 Sed
936 1791 1176 1835 character
1209 1790 1421 1835 militaris
1450 1803 1545 1835 non
1578 1791 1817 1849 repetitur,
1843 1791 1928 1837 sed
1945 1791 2134 1849 agnitus

233 1853 520 1911 approbatur
552 1852 602 1898 in
635 1865 692 1898 eo
715 1853 797 1910 qui
819 1852 1006 1898 veniam
1028 1857 1235 1898 meretur
1267 1853 1325 1897 ab
1349 1853 1626 1910 imperatore
1648 1857 1755 1911 post
1782 1853 1983 1911 culpam.
2015 1855 2133 1911 Ergo

234 1928 322 1961 nec
344 1916 585 1962 character
605 1916 963 1961 sacramentalis
988 1915 1131 1961 deleri
1155 1919 1325 1972 potest.

280 1985 575 2026 CONCLUSIO.
591 2007 639 2013 -
658 1984 764 2026 cnm
780 1983 984 2025 character
999 1984 1052 2023 sit
1098 1983 1264 2024 uaedam
1280 1984 1322 2023 in
1345 1982 1536 2023 fidelibus
1552 1984 1862 2025 sacramentalis
1875 1983 2134 2037 participatio

232 2040 446 2083 sacerdotii
467 2040 635 2090 Christi,
656 2052 815 2081 necesse
832 2045 891 2080 est
906 2049 1003 2079 eum
1022 1995 1297 2080 ingelebiliter
1312 2039 1460 2079 animae
1478 2039 1622 2080 inesse.

290 2104 567 2162 Respondeo
582 2104 834 2149 dicendum
853 2103 994 2160 quod,
1019 2103 1141 2148 sicut
1158 2103 1335 2148 dictum
1351 2108 1421 2148 est
1436 2104 1539 2158 (art.
1559 2105 1586 2148 3
1605 2103 1703 2161 huj.
1721 2106 1924 2160 quaest.),
1945 2104 2134 2150 charac-

236 2172 306 2214 ter
325 2165 680 2214 sacramentalis
701 2171 773 2212 est
796 2167 1011 2222 quaedam
1044 2166 1336 2223 participatio
1371 2165 1618 2211 sacerdotii
1637 2166 1803 2211 Christi
1834 2166 1884 2211 in
1915 2165 2134 2212 fidelibus

235 2231 355 2288 ejus,
374 2235 428 2275 ut
455 2230 634 2275 scilicet
655 2229 777 2274 sicut
802 2229 1012 2273 Christus
1034 2229 1175 2273 habet
1216 2229 1402 2285 plenam
1438 2228 1691 2286 spiritualis
1708 2228 1954 2274 sacerdotii
1983 2235 2134 2287 potes·
2162 2272 2168 2283 ,,

237 2297 395 2347 tatem,
422 2292 486 2337 ita
516 2291 679 2337 fideles
705 2291 811 2348 eJus
839 2291 882 2336 ei
902 2291 1256 2348 configuremur
1279 2290 1326 2335 in
1350 2291 1440 2335 hoc
1461 2290 1588 2348 qued
1617 2290 1898 2349 participant
1927 2291 2133 2349 aliquam
2160 2287 2164 2292 ’

235 2354 524 2412 spiritualem
544 2356 822 2410 potestatem
843 2358 1058 2409 respectu
1081 2357 1483 2398 sacramentorum
1511 2356 1559 2398 et
1588 2365 1752 2398 eorum
1773 2365 1879 2410 quae
1899 2354 2133 2412 pertinent
2168 2398 2170 2402 Α

235 2417 294 2462 ad
318 2415 529 2462 divinum
559 2415 754 2460 cultum.
791 2417 844 2458 Et
871 2420 1061 2471 propter
1084 2415 1172 2458 hoc
1206 2415 1343 2460 etiam
1366 2414 1547 2460 Christo
1582 2427 1678 2459 non
1712 2416 1931 2472 competit
1961 2415 2133 2462 habere
2158 2432 2170 2467 «ε

234 2479 567 2533 characterem,
589 2477 674 2522 sed
704 2481 913 2534 potestas
941 2476 1189 2522 sacerdotii
1224 2478 1329 2534 ejus
1364 2481 1663 2533 comparatur
1701 2477 1761 2522 ad
1797 2477 2130 2536 characterem,

233 2540 356 2586 sicut
390 2539 437 2586 id
472 2538 600 2597 quod
636 2543 707 2583 est
735 2537 927 2594 plenum
953 2541 1001 2583 et
1019 2538 1295 2595 perfectum,
1322 2538 1380 2583 ad
1401 2537 1603 2594 aliquam
1624 2538 1696 2582 sul
1714 2537 2130 2595 participationem.
2167 2535 2170 2568 ³

233 2600 550 2648 Sacerdotium
580 2605 737 2646 autem
769 2599 936 2645 Christi
971 2604 1045 2645 est
1078 2605 1334 2656 aeternum,
1364 2599 1623 2645 secundum
1655 2599 1771 2645 illud
1791 2600 1926 2655 (Psal.
1951 2614 2037 2659 (ιιι,
2057 2602 2129 2659 4)=.

236 2668 300 2710 Pu
321 2678 368 2710 es
385 2664 599 2709 sacerdos
627 2666 676 2707 in
708 2666 924 2707 aeternum
952 2664 1198 2707 secundam
1225 2664 1430 2707 ordinem
1457 2661 1802 2707 Melchisedech.
1835 2665 1888 2708 Et
1917 2662 2026 2709 inde
2061 2668 2132 2710 est

233 2727 359 2785 quod
388 2725 543 2771 omnis
574 2725 878 2771 sanctificatio
912 2737 1017 2782 quae
1053 2725 1104 2770 fit
1127 2738 1209 2782 per
1240 2725 1550 2770 sacerdotium
1579 2724 1698 2782 eJUS,
1729 2729 1801 2770 est
1819 2730 2057 2783 perpetua,
2080 2728 2135 2773 re

232 2788 506 2835 consecrata
533 2791 767 2832 manente.
786 2787 915 2840 Quod
932 2791 1057 2845 patet
1079 2787 1219 2833 etiam
1236 2788 1283 2832 in
1306 2787 1448 2832 rebus
1467 2787 1763 2844 inanimatis;
1789 2800 1898 2832 nam
1915 2788 2130 2834 Ecclesiae

233 2853 307 2898 vel
327 2851 486 2897 altaris
506 2855 665 2896 manet
694 2850 985 2895 consecratio
1010 2863 1212 2908 semper,
1232 2850 1322 2895 nisi
1351 2850 1636 2895 destruatur.
1668 2852 1780 2895 Ciim
1812 2850 1954 2908 igitur
1976 2851 2130 2896 anima
2162 2868 2163 2871 ¹

233 2915 293 2960 sit
308 2913 574 2972 subJectum
591 2912 874 2958 characteris
889 2912 1149 2958 secundum
1169 2912 1499 2957 intellectivam
1515 2916 1711 2970 partem,
1728 2911 1776 2956 in
1791 2924 1886 2970 qua
1904 2917 1976 2958 est
1994 2911 2126 2971 fides,

231 2981 286 3021 ut
313 2976 490 3022 dictum
520 2979 591 3021 est
625 2977 727 3029 (art.
757 2987 897 3032 praec.
936 2974 994 3021 ad
1022 2977 1082 3032 3),
1122 2975 1422 3020 manifestum
1455 2981 1527 3020 est
1557 2974 1685 3032 quod
1719 2974 1838 3020 sicut
1864 2974 2127 3022 intellectus

233 3044 485 3096 perpetuus
498 3040 635 3083 estet
653 3036 1035 3094 incorruptibilis,
1060 3037 1125 3083 ita
1146 3038 1384 3082 character
1404 3036 1710 3082 indelebiliter
1720 3041 1878 3082 manet
1890 3037 1939 3082 in
1954 3037 2124 3084 anima.
2158 3035 2163 3076 J

286 3102 352 3146 Ad
370 3104 573 3157 primum
592 3111 704 3156 ergo
721 3099 987 3157 dicendum,
1010 3099 1134 3157 quod
1147 3100 1281 3144 aliter
1298 3105 1370 3145 est
1391 3099 1438 3144 in
1455 3100 1612 3144 anima
1628 3098 1792 3157 gratia,
1813 3103 1859 3144 et
1877 3100 2008 3146 aliter
2023 3101 2126 3146 cha·

276 3224 318 3266 (A)
348 3224 397 3258 De
425 3223 491 3257 tide
521 3228 569 3258 est
595 3224 828 3259 characterem
856 3225 1135 3260 sacramentalem
1262 3226 1391 3268 (2lNon
1411 3225 1632 3260 intrinsecum
1662 3232 1773 3261 tamen
1792 3224 1870 3267 sibi,
1893 3225 1950 3260 aad
1966 3226 2126 3262 extrinse-

232 3284 301 3309 eese
322 3271 540 3307 indelebilem
562 3272 635 3307 :St
649 3274 733 3317 quia
757 3273 941 3308 dixerit...
966 3283 1044 3308 non
1074 3275 1136 3309 im·
1222 3286 1299 3309 cum
1319 3275 1470 3318 tantiim;
1495 3275 1574 3315 quia
1593 3273 1769 3309 character
1793 3285 1856 3315 per
1871 3285 1906 3309 se
1922 3273 2124 3317 intrinseca,

231 3322 349 3366 primi
356 3321 608 3356 characterem
617 3321 659 3355 in
672 3321 812 3360 anima,
827 3321 894 3355 hoc
911 3323 974 3360 est,
988 3322 1138 3363 sianum
1222 3322 1390 3363 proxime,
1417 3321 1610 3357 immediate
1629 3322 1807 3357 ordinatur
1826 3321 1868 3356 ad
1892 3334 1930 3357 ea
1948 3334 2022 3364 quae
2047 3325 2125 3358 sunt

233 3369 416 3414 quoddam
444 3368 649 3412 spirituale
678 3372 711 3404 et
728 3369 950 3410 indelebile,
976 3370 1075 3405 unde
1094 3381 1137 3404 ea
1222 3370 1330 3404 divini
1350 3370 1460 3405 cultas
1483 3369 1692 3411 exequendam
1715 3383 1754 3405 ex
1772 3370 1989 3411 consequenti
2011 3374 2124 3405 autem

232 3419 370 3452 iter-art·
396 3427 472 3452 non
502 3420 681 3462 possunh·
710 3418 909 3454 anathema
941 3419 1003 3454 sit.
1020 3418 1134 3460 (Cnnc.
1222 3417 1265 3452 ad
1290 3418 1451 3458 gratiam,
1470 3417 1580 3452 utilia
1601 3417 1692 3450 recte
1711 3417 1795 3451 fiant
1816 3429 1824 3450 ε
1845 3417 1998 3458 quamvis
2010 3420 2124 3456 tamen

231 3465 328 3500 '1'rid.
345 3477 423 3500 sess.
441 3473 503 3508 vn,
523 3477 597 3501 can.
618 3463 667 3508 9.)
1223 3466 1331 3507 gratia
1352 3466 1398 3501 sit
1417 3464 1558 3500 effectus
1576 3464 1797 3507 principalior
1820 3466 1920 3506 quam
1937 3465 2122 3501 character.
