2170 3808
757 231 956 283 QUAEST.
986 231 1128 286 xxlx,
1156 230 1276 274 ART.
1307 231 1358 274 11.
1384 222 1386 225 ’
1921 228 2003 271 245

117 315 240 374 quod
277 314 484 360 nondum
517 311 692 369 nuptiis
724 311 969 357 celebratis
982 348 994 366 ,
1033 310 1243 356 nondum
1277 317 1402 356 esset
1434 322 1599 356 verum
1629 307 2000 365 matrimonium3

42 406 43 409 κ
117 376 368 433 praesertim
396 376 503 420 cum
525 379 630 432 post
654 373 1002 418 matrimonium
1028 376 1319 417 contractum
1339 384 1434 417 non
1457 372 1594 417 liceat
1621 369 1758 415 alicui
1782 380 2002 426 sponsam

114 436 356 482 dimittere.

168 497 256 543 Sed
276 500 437 543 contra
458 500 529 541 est
557 494 682 552 quod
699 495 988 550 Augustinus
1008 493 1119 540 dicit
1137 497 1214 549 (De
1235 505 1472 539 consensu
1480 492 1899 548 Evangelistarum‚
1918 490 2000 536 lib.

112 571 161 617 ιι,
182 572 284 619 cap.
304 563 348 613 1,
367 563 475 603 ante
492 556 633 611 med.)
651 571 662 599 :
687 576 708 595 «ι
733 559 832 608 Νοη
848 561 948 602 erat
961 556 1031 601 fas
1049 560 1103 601 ut
1122 555 1291 612 ¹Ioseph
1307 554 1368 600 ob
1382 555 1472 599 hoc
1488 555 1516 598 a
1534 555 1753 611 conjugio
1767 552 1916 599 Mariae
1933 565 2002 598 se-

113 620 370 677 parandum
385 617 677 674 Evangelista
698 624 898 675 putaret,
918 617 1044 675 quod
1062 629 1156 662 non
1176 628 1235 661 ex
1252 616 1355 673 ejus
1374 615 1642 671 concubitu,
1664 616 1746 661 sed
1766 616 1897 672 virgo
1918 627 2003 672 pe-

112 682 230 740 perit
240 681 480 727 Christum.
494 682 586 723 Hoc
598 679 723 723 enim
734 679 947 737 exemplo
961 677 1206 735 magnifice
1216 677 1481 722 insinuatur
1491 676 1707 721 fidelibus
1722 676 2001 735 conjugatis,

112 744 250 789 etiam
264 744 445 788 servata
462 741 560 798 pari
579 753 815 786 consensu
837 740 1137 797 continentia,
1169 751 1306 796 posse
1327 750 1602 797 permanere
1621 739 1870 796 vocarique
1888 750 2003 784 con-

109 803 307 862 jugium,
327 815 423 848 non
441 802 668 860 permixto
683 803 888 859 corporis
906 814 1038 857 sexu,
1065 820 1084 840 »
1105 806 1195 846 etc.

158 871 441 915 CONCLUSIO.
459 893 506 901 -
530 871 640 911 Inter
655 871 811 911 Christi
829 875 1005 911 matrem
1025 874 1064 910 et
1091 869 1240 921 ,ioseph
1273 869 1355 908 fuit
1376 879 1521 909 verum
1539 871 1579 907 et
1605 867 1842 917 legitimum
1863 867 2004 907 matri-

110 926 318 977 monium,
341 937 423 967 non
449 924 616 976 quidem
635 924 749 977 quod
767 924 1046 965 consenserint
1066 924 1112 963 in
1127 922 1319 974 copulam
1341 922 1546 962 carnalem
1563 921 1805 973 simpliciter
1820 933 1892 961 seu
1907 931 2002 962 con·

109 982 326 1031 cubitum,
357 992 428 1021 seu
449 980 659 1032 quantum
693 980 746 1020 ad
770 990 1021 1021 consensum
1046 982 1205 1019 mutuae
1237 977 1447 1018 fidelitatis
1475 980 1515 1017 et
1539 977 1760 1017 educandae
1785 977 1911 1028 prolis
1934 974 1999 1016 de-

109 1035 259 1077 bitum.

164 1091 433 1149 Respondeo
457 1090 705 1135 dicendum
727 1089 854 1147 quod
871 1088 1218 1134 matrimonium
1236 1088 1336 1132 sive
1358 1087 1631 1143 conjugium
1650 1087 1822 1132 dicitur
1839 1099 2002 1135 verum

107 1164 169 1197 ex
193 1153 281 1198 hoc
302 1152 429 1211 quod
449 1163 584 1198 suam
604 1151 936 1209 perfectionem
966 1150 1168 1207 attingit.
1190 1149 1370 1206 Duplex
1391 1154 1463 1194 est
1490 1154 1649 1194 autem
1669 1149 1735 1194 rei
1766 1149 1998 1206 perfecti0‚

109 1214 258 1268 prima
277 1219 323 1259 et
351 1213 587 1259 secunda:
615 1213 765 1270 prima
789 1212 978 1269 quidem
1003 1211 1071 1255 rei
1093 1210 1313 1268 perfectio
1335 1210 1547 1255 consistit
1565 1211 1613 1255 in
1636 1211 1738 1267 ipsa
1760 1212 1924 1267 forma,
1946 1223 2000 1259 ex

107 1286 201 1330 qua
223 1276 424 1332 speciem
450 1274 661 1330 sortitur-3
695 1273 900 1319 secunda
923 1273 1034 1317 vero
1062 1272 1286 1330 perfectio
1308 1272 1523 1316 consistit
1544 1272 1592 1316 In
1625 1272 1892 1329 operatione
1917 1274 2000 1330 rei,

71 1368 74 1371 ι
108 1347 190 1392 per
216 1350 357 1394 quam
387 1349 461 1382 res
481 1336 743 1393 aliqualiter
770 1348 910 1380 suum
938 1335 1080 1379 finem
1109 1334 1309 1391 attingit.
1341 1336 1503 1378 Forma
1535 1338 1692 1379 autem
1722 1334 2002 1380 matrimonii

107 1398 318 1442 consistit
345 1398 392 1443 in
411 1398 613 1455 quadam
634 1397 902 1443 indivisibili
931 1397 1259 1453 conjunctione
1286 1396 1565 1450 animorum,
1592 1408 1676 1452 per
1704 1407 1847 1453 quam
1877 1408 2004 1441 unus

106 1459 358 1515 conjugum
375 1459 712 1505 indivisibiliter
734 1458 866 1504 alteri
893 1458 1033 1503 fidem
1063 1470 1250 1503 servare
1275 1461 1475 1502 tenetur.
1508 1458 1632 1503 Finis
1662 1463 1818 1502 autem
1847 1461 1999 1502 matri-

109 1521 251 1565 monii
271 1526 342 1566 est
367 1522 521 1578 proles
546 1521 814 1578 generanda
834 1525 880 1566 et
901 1520 1175 1565 educanda:
1204 1519 1264 1564 ad
1286 1531 1486 1577 quorum
1511 1520 1716 1575 primum
1735 1519 2014 1575 pervenitur.

110 1594 190 1638 per
207 1583 505 1628 concubitum
529 1587 585 1639 (i)
605 1583 923 1640 conJ‘ugalem3
946 1583 1006 1627 ad
1025 1582 1287 1628 secundum
1302 1594 1385 1639 per
1399 1582 1489 1626 alia
1503 1594 1644 1638 opera
1662 1582 1749 1625 viri
1764 1586 1810 1626 et
1823 1582 2001 1637 uxoris,

108 1643 277 1699 quihus
303 1645 391 1689 sibi
413 1645 610 1690 invicem
638 1645 962 1702 obsequuntur
987 1645 1047 1689 ad
1068 1644 1246 1701 prolem
1266 1644 1577 1688 nutriendam.
1602 1670 1654 1674 -
1678 1644 1751 1688 Sic
1772 1644 1913 1700 igitur
1932 1645 2004 1690 di-

110 1706 308 1750 cendum
338 1712 409 1752 est
434 1706 558 1764 quod
582 1708 808 1764 quantum
828 1706 888 1752 ad
912 1706 1110 1763 primam
1138 1705 1487 1763 perfectionem,
1519 1705 1711 1749 omnino
1733 1718 1897 1750 verum
1917 1707 2004 1752 fuit

112 1767 451 1812 matrimonium
467 1768 665 1824 Virginis
684 1768 846 1813 matris
870 1768 950 1813 Dei
975 1774 1022 1813 et
1038 1769 1223 1825 loseph,
1245 1768 1355 1824 quia
1375 1773 1570 1825 uterque
1593 1767 1831 1812 consensit
1850 1768 1899 1812 in
1923 1782 2004 1813 co-

86 1859 88 1861 >
112 1827 267 1883 pulam
296 1829 610 1886 conJ‘ugalem2
646 1842 741 1875 non
765 1834 921 1875 autem
944 1831 1164 1887 expresse
1191 1831 1239 1875 in
1259 1831 1475 1887 copulam
1504 1831 1757 1886 carnalem,
1794 1830 1886 1875 nisi
1914 1834 2003 1876 sub

42 1910 44 1915 ·
111 1891 387 1947 conditione.
407 1892 447 1936 si
462 1895 553 1936 Deo
569 1892 770 1948 placeret
794 1894 867 1947 (2).
887 1892 1016 1936 Unde
1036 1897 1082 1937 et
1100 1893 1295 1949 angelus
1311 1899 1447 1937 vocat
1464 1894 1647 1936 Mariam
1668 1893 1916 1948 coniugem
1930 1895 2004 1937 Jo-

110 1953 239 2008 Seph‚
261 1953 421 1998 dicens
439 1953 497 1997 ad
515 1954 684 2010 loseph
696 1955 862 2008 (Matth.
882 1968 912 2010 ι,
930 1956 999 2008 20)
1018 1967 1028 1997 z
1046 1955 1152 1998 Noli
1164 1959 1322 1998 timere
1338 1959 1543 2011 accipere
1558 1959 1758 1998 Mariam
1772 1958 2003 2012 conJ‘uqem

109 2016 263 2057 tuam.-
282 2014 408 2071 quod
426 2027 666 2072 exponens
684 2015 972 2072 Augustinus
995 2018 1072 2070 (De
1087 2016 1262 2072 nuptiis
1285 2021 1330 2061 et
1348 2017 1615 2071 concupisc.
1637 2015 1718 2060 lib.
1742 2029 1773 2075 ι,
1791 2029 1892 2072 cap.
1910 2019 1954 2072 2,
1977 2019 2003 2060 ii

111 2074 274 2130 princ.)
289 2076 426 2120 dicit:
455 2093 476 2114 «ι
500 2076 678 2133 Conjux
699 2081 892 2121 vocatur
911 2089 969 2122 ex
987 2077 1137 2134 prima
1152 2078 1524 2134 desponsationis
1543 2077 1649 2134 fide,
1667 2089 1807 2134 quam
1828 2090 2004 2123 concu-

110 2134 207 2179 bitu
231 2148 318 2180 nec
339 2143 636 2195 cognoverat,
658 2150 746 2182 nec
763 2139 915 2182 fuerat
926 2140 1216 2195 cogniturus.
1240 2157 1260 2178 2>
1282 2141 1514 2192 Quantum
1538 2138 1648 2182 vero
1671 2138 1729 2183 ad
1748 2139 2003 2184 secundam

109 2197 450 2255 perfectionem,
472 2210 578 2255 quae
599 2204 668 2244 est
687 2211 769 2255 per
790 2205 946 2243 actum
968 2200 1265 2258 matrimonii,
1287 2201 1327 2244 si
1346 2201 1433 2244 hoc
1451 2200 1678 2244 referatur
1695 2200 1753 2244 ad
1769 2200 2002 2245 carnalem

109 2260 422 2318 concubitum,
444 2273 527 2317 per
550 2272 689 2317 quem
711 2261 866 2318 proles
889 2267 1152 2319 generatur,
1178 2275 1273 2307 non
1290 2263 1379 2307 fuit
1392 2262 1508 2307 illud
1526 2262 1874 2307 matrimonium
1890 2276 2002 2308 coii-

109 2324 405 2367 summatum.
432 2322 561 2368 Unde
575 2322 844 2368 Ambrosius
862 2324 972 2368 dicit
994 2325 1152 2381 (super
1169 2328 1278 2370 Luc.
1300 2338 1402 2382 cap.
1418 2329 1462 2381 1,
1483 2337 1588 2381 sup.
1610 2324 1756 2369 illud:
1779 2329 1835 2369 In
1854 2338 2003 2370 mense

109 2384 248 2438 sexto)
272 2398 287 2425 .·
320 2401 341 2422 α
364 2386 462 2428 Non
491 2388 536 2429 te
556 2391 740 2429 moveat
766 2385 891 2442 quod
919 2386 1186 2443 frequenter
1207 2387 1390 2431 Mariam
1424 2387 1657 2443 Scriptura
1674 2392 1809 2431 vocat
1837 2388 2002 2445 conju-

108 2456 239 2500 gem:
265 2458 358 2490 non
373 2446 498 2491 enim
511 2445 788 2503 virginitatis
811 2448 1002 2504 ereptio7
1017 2448 1099 2492 sed
1115 2448 1321 2505 conJ‘ugii
1339 2448 1612 2505 testificant),
1638 2448 1906 2505 nuptiarum
1923 2461 2003 2495 ce-

109 2506 360 2552 lebratione
382 2507 658 2553 declaratur.
681 2526 702 2546 »
724 2534 776 2540 —
798 2509 963 2554 Habuit
986 2515 1147 2564 tamen
1165 2510 1281 2555 illud
1303 2511 1652 2555 matrimonium
1673 2512 1813 2555 etiam
1830 2524 2002 2556 secun-

109 2569 215 2613 dam
237 2570 565 2625 perfectionem
590 2571 818 2627 quantum
847 2571 907 2616 ad
937 2572 1080 2628 prolis
1102 2572 1427 2617 educationem
1451 2574 1531 2628 (3).
1560 2573 1687 2617 Unde
1715 2575 2002 2629 Augustinus

110 2629 218 2674 dicit
234 2633 309 2683 (De
330 2637 458 2686 nupt.
482 2635 527 2675 et
540 2632 804 2688 concupisc.
832 2632 909 2676 lib.
936 2647 966 2687 1,
988 2646 1090 2689 cap.
1120 2637 1162 2687 2,
1191 2634 1239 2677 in
1258 2633 1386 2689 fin.):
1411 2651 1432 2672 α
1457 2637 1603 2679 Omne
1626 2635 1893 2691 nuptiarum
1919 2636 2001 2682 ho-

111 2702 223 2734 num
244 2690 484 2746 impletum
498 2691 632 2736 estin
651 2692 739 2736 illis
762 2694 1032 2749 parentibus
1048 2692 1234 2751 Christi3
1254 2695 1424 2751 proles,
1445 2695 1561 2741 fides
1580 2701 1626 2741 et
1640 2702 2001 2742 sacramentum.

111 2752 286 2796 Prolem
317 2753 642 2809 cognoscimus
662 2754 815 2811 ipsum
838 2756 1081 2800 Dominum
1106 2759 1284 2811 Jesum3
1315 2757 1471 2812 fidem,
1492 2758 1601 2814 quia
1622 2758 1804 2803 nullum
1823 2759 2001 2803 adulte-

113 2813 230 2856 rium
225 2846 252 2916 f,
266 2819 622 2871 sacramentum,
638 2815 748 2871 quia
763 2815 944 2860 nullum
963 2816 1237 2873 divortium3
1262 2817 1391 2862 solus
1407 2818 1471 2862 ibi
1487 2819 1709 2875 nuptialis
1725 2822 2001 2866 concubitus

114 2883 203 2916 non
245 2873 325 2917 uit.
351 2892 371 2912 »

165 2935 449 3004 Ati-primiani.
471 2947 581 2992 ergo
611 2937 874 2996 dicendum,
895 2938 1021 2997 quod
1048 2940 1357 2997 Hieronymus
1378 2941 1544 2998 accipit
1566 2942 1786 2987 maritum
1807 2944 1867 2988 ab
1893 2953 1999 2990 actu

113 3000 390 3039 matrimonii
409 2999 727 3043 consummati.

165 3056 238 3162 {dt
250 3057 490 3100 secundum
515 3056 778 3114 dicendum,
794 3061 920 3117 quod
941 3063 1130 3119 nuptias
1146 3063 1456 3119 Hieronymus
1467 3070 1603 3109 vocat
1618 3065 1872 3122 nuptialem
1884 3078 1970 3113 con
1980 3096 1995 3101 -

113 3130 170 3162 cu
204 3131 216 3161 i
239 3130 333 3161 um.

156 3212 194 3250 Η)
211 3213 262 3246 lta
279 3213 355 3247 Mss.
374 3216 407 3246 et
422 3212 551 3254 antiqui
567 3212 648 3246 editi
661 3212 887 3255 libri‚quibus
902 3219 1008 3251 conci·
1132 3219 1177 3260 (5)
1202 3219 1292 3252 idem
1319 3219 1423 3254 etiam
1449 3220 1489 3254 de
1516 3220 1611 3262 prole
1631 3222 1767 3263 probari
1790 3227 1919 3264 potest.
1945 3223 1997 3257 ait

113 3265 198 3293 nunt
213 3259 293 3293 edit.
309 3260 423 3294 Putav.
434 3259 552 3293 Gai-cia
564 3285 572 3297 .
587 3259 762 3300 Theologi,
778 3261 905 3296 Nicolai
919 3290 927 3303 ,
940 3273 1009 3307 per
1091 3265 1234 3307 Sylvius,
1252 3267 1331 3308 quia
1350 3265 1407 3300 illa
1423 3276 1583 3310 concepta
1601 3277 1636 3303 et
1667 3270 1780 3309 genita
1799 3275 1850 3305 est
1877 3269 1914 3304 in
1932 3270 1995 3304 isto

112 3317 333 3342 consensum.
1091 3312 1311 3346 matrimonio
1326 3312 1450 3355 absque
1471 3314 1539 3349 ulla
1554 3320 1625 3355 ejus
1640 3317 1767 3357 injuria
1779 3343 1787 3356 ,
1804 3323 1842 3350 ut
1857 3323 1991 3356 propte-

151 3353 195 3397 (2)
215 3353 251 3388 ld
265 3360 314 3388 est
340 3354 405 3388 nisi
435 3355 521 3389 Deus
534 3356 747 3389 contrarium
772 3355 840 3390 illis
861 3357 1006 3400 juberet,
1090 3370 1149 3394 rea
1171 3360 1356 3400 pertineret
1373 3361 1473 3395 etiam
1490 3363 1529 3395 ad
1548 3364 1683 3404 Joseph.
1711 3370 1871 3405 tanquam
1889 3373 1990 3398 miii-z-

113 3402 221 3443 prima
240 3402 330 3436 enini
349 3408 509 3437 creaturae
529 3403 638 3437 virtus
658 3409 706 3438 est
732 3403 894 3443 subjectio
916 3404 1008 3441 illius
1091 3411 1176 3449 tum,
1192 3411 1268 3448 iure
1287 3409 1413 3444 vinculi
1431 3411 1628 3451 coniugalis.

111 3449 152 3483 ed
170 3450 274 3483 Deum
293 3462 300 3482 ε
318 3449 401 3485 Non
416 3450 582 3492 sicuteqo
599 3451 691 3490 volo,
707 3451 768 3487 sed
784 3452 880 3486 sicut
892 3455 944 3487 tu.
