2170 3808
202 273 259 316 26
797 269 992 322 QUAEsT.
1026 268 1078 322 11,
1107 268 1225 310 ART.
1255 269 1308 311 v1
1336 268 1400 310 ET
1429 255 1515 310 v'11.

206 356 445 409 sumptum
480 352 590 397 dicit
608 351 869 408 Scriptura3
904 349 988 394 sed
1005 353 1242 405 ,tanquam
1270 348 1415 392 Deum
1445 346 1555 391 vere
1588 345 1912 400 humanatum,
1942 345 1990 390 id
2011 350 2094 404 est,

205 414 442 459 hominem
467 414 656 458 factum.
673 416 986 457 Damascenus
1004 414 1160 454 autem
1182 409 1340 466 posuit
1356 412 1573 453 naturam
1587 407 1842 451 humanam
1856 406 1905 450 in
1924 407 2098 453 Christo

205 487 309 520 esse
333 474 452 520 sicut
473 476 836 519 instrumentum
850 473 909 518 ad
926 472 1154 517 unitatem
1172 469 1438 530 hypostasis
1466 469 1721 527 pertinens.

205 539 550 582 ARTICULUS
589 539 691 581 vll.
723 559 780 568 —
814 549 949 579 uranu
992 548 1087 579 uiuo
1129 547 1304 577 Nix-ruma
1342 545 1491 576 mvuw
1532 546 1584 576 ΕΤ
1617 544 1794 575 unumne
1833 543 1898 574 sn·
1935 542 2099 580 motui>

1050 610 1256 640 CREATUM.

206 667 255 703 De
277 667 331 703 his
354 667 458 703 etiam
483 666 586 707 infra,
602 671 667 702 art.
683 668 704 702 8
721 678 813 708 corp·
832 669 867 702 et
884 667 979 703 Sent.
1005 674 1058 706 ιιι,
1075 665 1155 700 dist.
1177 665 1210 704 2.
1230 668 1347 706 quaest.
1365 672 1405 704 11,
1424 666 1490 698 art.
1512 664 1546 705 2,
1563 668 1597 698 et
1620 663 1697 697 dist.
1722 663 1756 703 5.
1784 666 1899 703 quaest.
1929 670 1954 702 1,
1971 665 2038 696 art.
2063 660 2098 703 4,

458 720 573 758 quaest.
593 724 619 757 Ι,
636 718 671 750 et
684 715 761 750 dist.
776 716 809 754 7.
827 718 945 757 quaest.
962 722 1002 755 ΙΙ,
1021 713 1138 755 art.2,
1153 719 1186 746 et
1199 714 1296 748 Cont,
1314 718 1405 753 gent.
1420 711 1482 747 lib.
1499 720 1547 753 lv,
1568 723 1641 754 cap,
1655 713 1698 747 59
1725 716 1759 747 et
1774 712 1829 745 M.

259 770 327 815 Ad
350 770 600 826 septimum
623 769 689 814 sic
725 768 1004 826 proceditur.
1042 771 1083 812 1.
1121 767 1311 811 Videtur
1334 765 1460 823 quod
1489 766 1604 811 unio
1638 769 1818 810 naturae
1851 763 2024 808 divinae
2050 768 2099 809 et

204 832 421 876 humanae
440 844 535 875 non
558 832 618 875 sit
640 830 1058 887 aliquidcreatum.
1085 828 1204 873 Nihil
1223 828 1350 872 enirn
1381 832 1592 873 creatum
1615 828 1663 871 in
1692 831 1784 871 Deo
1805 830 1958 883 potest
1976 837 2096 881 esse3

205 893 316 951 quia
331 892 556 950 quidquid
578 897 646 937 est
665 891 711 936 in
729 895 835 948 Deo,
856 895 976 936 Deus
998 895 1085 935 est.
1107 890 1193 935 Sed
1217 890 1332 934 unio
1354 893 1424 934 est
1446 889 1495 933 in
1517 893 1625 945 Deo,
1647 889 1758 947 quia
1776 888 1875 944 ipse
1894 891 2013 932 Deus
2027 892 2099 932 est

207 953 422 1000 humanae
443 960 620 998 naturae
642 953 819 998 unitus.
844 956 962 1009 Ergo
984 952 1168 997 videtur
1189 951 1316 1008 quod
1336 950 1449 995 unio
1471 963 1565 995 non
1586 951 1646 995 sit
1665 950 1839 1007 aliquid
1870 953 2095 993 creatum.

260 1020 304 1061 2.
326 1019 565 1074 Praeterea,
589 1013 697 1060 finis
730 1022 803 1061 est
832 1015 1128 1072 potissimum
1152 1014 1199 1058 in
1223 1025 1525 1071 unoquoque.
1563 1013 1651 1058 Sed
1679 1013 1787 1058 finis
1810 1012 1999 1057 unionis
2029 1015 2100 1057 est

206 1077 361 1123 divina
379 1079 645 1135 hypostasis
667 1077 765 1123 sive
780 1090 994 1135 persona,
1017 1077 1077 1122 ad
1099 1088 1240 1134 quam
1262 1078 1507 1121 terminata
1535 1079 1606 1120 est
1627 1076 1756 1120 unio.
1779 1074 2098 1135 Ergoqvidetur

205 1139 330 1196 quod
341 1139 608 1197 hujusmodi
619 1139 732 1184 unio
739 1139 942 1183 maxime
950 1139 1118 1183 debeat
1125 1138 1323 1196 J'udicari
1335 1138 1595 1183 secundum
1607 1137 1920 1182 conditionem
1931 1135 2100 1180 divinae

205 1201 470 1258 hypostasis
490 1214 598 1259 quae
617 1212 713 1246 non
742 1205 814 1246 est
837 1200 1013 1257 aliquid
1038 1203 1264 1245 creatum.
1292 1203 1410 1256 Ergo
1435 1211 1525 1245 nec
1549 1200 1652 1256 ipsa
1678 1198 1791 1243 unio
1812 1202 1886 1243 est
1914 1196 2091 1255 aliquid

206 1267 430 1306 creatum.

260 1326 301 1368 3.
334 1327 571 1382 Praeterea,
598 1342 621 1364 α
653 1327 842 1381 propter
872 1323 997 1380 quod
1028 1323 1415 1380 unumquodque,
1440 1327 1485 1368 et
1510 1322 1626 1368 illud
1657 1322 1823 1378 magis,
1854 1340 1875 1361 »
1902 1327 1955 1366 ut
1987 1321 2098 1367 dicit

207 1385 509 1442 Philosophus
540 1389 729 1441 (Poster.
754 1385 834 1429 lib.
853 1398 884 1440 1,
907 1389 1017 1430 text.
1039 1387 1100 1439 5).
1128 1385 1217 1429 Sed
1238 1385 1376 1429 homo
1399 1385 1487 1430 dici
1496 1390 1568 1429 tur
1591 1396 1695 1429 esse
1711 1387 1892 1429 creator
1910 1386 2099 1440 propter

203 1447 440 1492 unionem.
459 1451 577 1504 Ergo
590 1446 739 1492 multo
755 1447 906 1503 magis
921 1447 1022 1504 ipsa
1036 1447 1149 1491 unio
1168 1459 1263 1491 non
1286 1452 1359 1491 est
1376 1446 1551 1505 aliquid
1563 1450 1788 1504 creatum,
1802 1445 1887 1491 sed
1900 1449 2097 1491 creator.

262 1509 347 1554 Sed
375 1515 551 1566 contra,
579 1521 718 1554 omne
744 1509 869 1566 quod
891 1509 1050 1565 incipit
1069 1521 1173 1553 esse
1191 1521 1248 1555 ex
1271 1512 1496 1566 tempore,
1518 1513 1591 1553 est
1616 1513 1840 1552 creatum.
1868 1507 1957 1552 Sed
1981 1506 2094 1552 unio

204 1567 283 1612 illa
302 1569 359 1613 ab
379 1575 551 1614 aeterno
575 1583 668 1615 non
685 1570 789 1623 fuit,
815 1569 898 1619 sed
917 1570 1090 1626 incepit
1108 1581 1213 1614 esse
1231 1581 1291 1614 ex
1310 1574 1519 1627 tempore
1536 1571 1609 1625 (1).
1633 1572 1754 1626 Ergo
1775 1569 1890 1614 unio
1918 1572 1989 1614 est
2010 1568 2097 1612 ali-

205 1631 316 1687 quid
335 1638 558 1676 creatum.

254 1699 544 1741 CONCLUSIO.
570 1721 620 1729 —-
644 1698 749 1739 Cum
771 1700 873 1739 unio
891 1699 1047 1739 divinae
1076 1703 1117 1740 et
1142 1699 1339 1741 humanae
1370 1704 1528 1740 naturae
1548 1701 1604 1740 sit
1632 1699 1799 1749 relatio,
1822 1710 1916 1751 quae
1944 1699 2026 1738 Deo
2049 1708 2097 1740 ex

205 1754 434 1794 mutatIone
449 1758 643 1796 creatura!
655 1754 863 1804 convenit,
889 1765 1048 1795 necesse
1061 1758 1124 1796 est
1140 1766 1233 1795 eam
1252 1755 1413 1807 aliquid
1430 1759 1611 1796 creatum
1631 1765 1728 1795 esse.

259 1818 532 1873 Respondeo
555 1817 805 1863 dicendum
830 1817 953 1874 quod
976 1817 1089 1862 unio
1108 1817 1167 1863 de
1185 1830 1277 1875 qua
1300 1818 1550 1875 loquimur,
1583 1821 1655 1863 est
1681 1816 1843 1862 relatio
1866 1815 2094 1873 quaedam,

205 1889 310 1935 quae
335 1880 656 1924 consideratur
683 1879 805 1924 inter
835 1879 1042 1924 divinam
1070 1884 1303 1936 naturam,
1328 1885 1374 1924 et
1397 1881 1671 1936 humanam,
1692 1877 1954 1923 secundum
1972 1877 2099 1936 quod

205 1942 490 1985 conveniunt
504 1942 551 1985 in
570 1954 663 1986 una
681 1953 880 1997 persona
898 1941 992 1985 Filii
1011 1941 1105 1986 Dei.
1123 1941 1249 1986 Sicut
1262 1947 1418 1986 autem
1435 1941 1482 1986 in
1499 1942 1648 2000 prima
1675 1946 1808 1998 parte
1833 1941 2009 1986 dictum
2028 1943 2100 1987 est

207 2003 387 2058 (quaest.
409 2016 499 2059 x1n‚
521 2007 605 2046 art.
631 2005 692 2056 7),
715 2003 869 2047 omnis
885 2002 1047 2047 relatio
1070 2015 1176 2059 quae
1197 2003 1517 2047 consideratur
1534 2003 1656 2047 inter
1683 2006 1827 2047 Deum
1844 2005 1891 2046 et
1913 2005 2100 2046 creatu-

204 2074 320 2121 ram,
347 2064 532 2107 realiter
556 2064 745 2120 quidem
771 2068 843 2108 est
874 2064 923 2108 in
952 2069 1180 2119 creatura,
1215 2075 1300 2121 per
1328 2064 1465 2121 quus
1486 2063 1791 2108 mutationem
1812 2062 1918 2107 talis
1938 2063 2100 2108 relatio

203 2124 474 2179 innascitur3
493 2138 586 2168 non
611 2131 766 2169 autem
783 2130 854 2170 est
872 2126 1055 2170 realiter
1074 2126 1121 2168 in
1141 2128 1248 2179 Deo,
1266 2126 1347 2171 sed
1365 2125 1626 2170 secundum
1647 2125 1875 2168 rationem
1893 2128 2097 2182 tantum3

205 2186 316 2241 quia
340 2198 433 2229 non
457 2186 714 2230 innascitur
745 2187 1003 2231 secundum
1037 2187 1345 2231 mutationem
1374 2187 1469 2231 Dei.
1505 2187 1578 2231 Sic
1610 2199 1724 2243 ergo
1753 2187 2003 2231 dicendum
2026 2192 2100 2232 est

205 2247 330 2304 quod
362 2248 458 2291 haec
476 2248 589 2292 unio
622 2248 680 2292 de
713 2260 807 2304 qua
826 2248 1077 2305 loquimur,
1108 2260 1201 2291 non
1222 2252 1294 2292 est
1314 2249 1362 2292 in
1385 2251 1477 2292 Deo
1501 2247 1700 2308 realiter,
1726 2249 1809 2293 sed
1838 2248 2099 2294 secundum

204 2308 429 2352 rationem
455 2312 657 2364 tantum3
680 2308 728 2352 in
761 2310 963 2353 humana
1001 2314 1155 2353 autem
1187 2314 1370 2366 natura,
1398 2322 1505 2366 quae
1530 2314 1744 2355 creatura
1766 2310 1983 2367 quaedam
2008 2315 2096 2367 est,

205 2370 390 2415 realiter
406 2374 492 2414 est.
525 2373 576 2414 Et
603 2370 706 2415 ideo
725 2376 907 2427 oportet
925 2371 1077 2415 dicere
1095 2371 1220 2427 quod
1243 2371 1303 2415 sit
1320 2372 1542 2428 quiddam
1565 2377 1790 2417 creatum.

260 2431 327 2476 Ad
346 2435 544 2487 primum
574 2444 685 2488 ergo
703 2432 969 2488 dicendum,
990 2433 1115 2489 quod
1133 2433 1234 2477 haec
1256 2434 1367 2478 unio
1392 2445 1485 2478 non
1510 2439 1582 2479 est
1599 2435 1647 2478 in
1668 2437 1761 2479 Deo
1780 2434 1981 2490 realiter,
2013 2436 2094 2482 sed

206 2493 464 2538 secundum
478 2493 705 2537 rationem
720 2498 927 2538 tantum:
942 2494 1108 2539 dicitur
1119 2494 1245 2540 enim
1259 2497 1380 2541 Deus
1394 2496 1556 2541 unitus
1566 2501 1792 2542 creaturae
1804 2508 1863 2541 ex
1874 2496 1963 2541 hoc
1974 2496 2097 2554 qued

206 2559 417 2598 creatura
431 2559 501 2598 est
519 2555 702 2599 realiter
721 2555 854 2600 unita
872 2556 963 2600 Deo
985 2555 1163 2612 absque
1179 2556 1283 2614 ejus
1300 2558 1559 2602 mutatione
1575 2560 1652 2614 (2).

259 2615 327 2660 Ad
346 2617 594 2659 secundum
611 2616 877 2673 dicendum,
898 2617 1025 2674 quod
1043 2618 1162 2662 ratio
1177 2618 1428 2674 relationis,
1451 2620 1572 2664 sicut
1590 2624 1638 2664 et
1666 2623 1839 2680 motUS,
1865 2620 2100 2678 dependet

206 2689 264 2721 ex
285 2677 378 2721 fine
405 2677 480 2721 vel
503 2677 717 2735 termin03
737 2678 819 2723 sed
841 2690 947 2724 esse
970 2678 1074 2735 eJus
1098 2679 1327 2736 dependet
1344 2680 1374 2724 a
1396 2681 1711 2738 subjecto..Et
1728 2680 1838 2738 quia
1860 2682 1974 2726 unio
1992 2682 2100 2727 talis

206 2750 302 2783 non
321 2738 461 2783 habet
480 2751 584 2784 esse
603 2740 727 2785 reale
749 2740 840 2785 nisi
862 2741 910 2784 in
935 2745 1103 2784 natura
1120 2746 1292 2797 creata,
1316 2745 1370 2787 ut
1385 2742 1561 2788 dictum
1579 2747 1651 2788 est
1672 2743 1734 2798 (in
1752 2745 1915 2800 corp.)‚
1931 2755 2097 2789 conse-

206 2812 358 2857 quens
375 2807 447 2845 est
464 2800 590 2857 quod
610 2801 779 2847 habeat
795 2814 900 2847 esse
918 2807 1142 2847 creatum.

260 2862 327 2907 Ad
355 2864 536 2905 tertium
570 2862 835 2921 dicendum,
863 2864 988 2920 quod
1021 2864 1161 2908 homo
1180 2863 1348 2909 dicitur
1375 2869 1570 2921 creator,
1595 2869 1643 2910 et
1663 2869 1736 2910 est
1768 2868 1889 2910 Deus
1909 2871 2100 2923 propter

207 2925 443 2981 unionem,
461 2925 738 2981 inquantum
760 2926 1035 2971 terminatur
1052 2927 1112 2971 ad
1125 2926 1410 2984 hypostasim
1431 2927 1649 2984 divinam3
1667 2940 1760 2972 non
1780 2933 1936 2975 tamen
1947 2928 2100 2986 sequi·

206 2988 284 3030 tur
297 2986 422 3042 quod
443 2986 545 3043 ipsa
559 2986 672 3031 unio
689 2987 749 3031 sit
768 2995 949 3031 creator
962 2987 1037 3032 vel
1051 2991 1197 3033 Deus:
1217 2988 1326 3044 quia
1345 2988 1468 3046 quod
1482 2989 1657 3046 aliquid
1675 2989 1854 3034 dicatur
1872 2994 2096 3046 creatum,

206 3047 294 3092 hoc
315 3049 465 3103 magis
480 3048 670 3104 respicit
693 3060 797 3094 esse
812 3049 1034 3105 ipsius-(3)
1056 3049 1195 3106 quam
1211 3051 1455 3095 rationem.

246 3185 290 3227 (t)
313 3184 489 3226 Siquidem
515 3183 687 3225 Christus.
719 3185 810 3219 Deus
837 3188 874 3220 et
900 3185 1024 3228 homo,
1044 3198 1113 3220 non
1198 3186 1235 3220 in
1253 3197 1292 3221 eo
1312 3185 1400 3220 nihil
1427 3187 1506 3223 novi
1529 3187 1664 3222 accedat
1680 3213 1689 3230 ,
1705 3189 1744 3221 ut
1768 3187 2010 3224 animadvertit
2027 3188 2099 3231 syl-

207 3233 256 3268 ita
274 3231 340 3267 fuit
362 3231 402 3266 ab
419 3236 557 3266 oeterno.
1197 3235 1283 3269 vius.

247 3280 293 3321 (2)
315 3279 426 3314 Simili
452 3279 523 3314 fere
544 3279 643 3314 modo
661 3279 744 3313 dixit
762 3281 798 3315 S.
812 3281 938 3315 Doctor
961 3281 1000 3322 (I.
1022 3286 1112 3322 part.
1238 3281 1282 3324 (5)
1299 3282 1377 3317 Esse
1394 3286 1508 3318 autem
1525 3282 1661 3317 unionis
1679 3281 1828 3317 relativa
1844 3286 1894 3316 est
1909 3283 1928 3316 h
1945 3282 2097 3325 subjecte

206 3334 400 3370 quaest.x11‚
422 3333 484 3361 art.
500 3327 534 3369 7)
554 3327 660 3362 Deum
678 3339 744 3362 esse
757 3326 895 3362 realiter
913 3329 1109 3371 Dominum,
1195 3330 1284 3370 quod
1311 3335 1358 3364 est
1383 3334 1550 3366 creatum.
1571 3341 1641 3365 non
1666 3331 1685 3364 31
1714 3330 1860 3366 termino
1885 3331 1944 3372 qui
1966 3334 2018 3366 est
2040 3331 2093 3367 in·

206 3387 245 3410 ex
264 3376 346 3412 reali
362 3375 567 3414 subjectione
589 3381 742 3411 creatura
767 3376 808 3410 ad
833 3376 958 3418 ipsum,
977 3377 1109 3413 etiamsi
1195 3382 1336 3414 creatus.
