2170 3808
235 211 323 256 διο
890 207 1091 259 QuAEsr.
1122 208 1207 264 Lx,
1231 209 1350 252 ART.
1382 210 1482 253 v111.

236 291 411 351 quibus
431 289 642 337 consistit
662 288 813 334 forma
828 293 1241 334 sacramentorum.
1257 292 1355 334 Non
1373 291 1498 336 enim
1512 291 1707 336 minoris
1721 295 1833 336 sunt
1848 293 2139 342 necessitatis

237 353 505 412 huJusmodi
528 351 671 397 verba
688 351 1044 397 sacramentalia
1066 352 1206 410 quam
1236 352 1379 397 verba
1401 365 1546 399 sacrae
1565 354 1828 411 scripturae.
1870 354 1958 399 Sed
1980 354 2139 403 verbis

237 428 384 469 sacrae
406 414 652 472 scripturae
673 413 788 459 nihil
802 413 911 459 licet
925 414 1097 460 addere
1118 414 1193 459 vel
1217 414 1457 461 minuere:
1475 415 1643 461 dicitur
1666 415 1790 460 enim
1808 417 1957 471 (Deut.
1981 429 2042 474 xv,
2065 420 2135 472 2).

238 481 340 523 Non
358 477 542 522 addetis
563 478 629 522 ad
647 476 829 521 verbum
852 478 975 534 quod
1009 477 1128 520 vobis
1152 476 1326 534 loquor,
1346 490 1428 520 nec
1447 479 1663 533 auferetis
1699 478 1757 522 ab
1793 491 1870 521 eo
1852 511 1866 535 ‚
1899 481 1948 523 et
1982 478 2137 536 (Apoc.

238 539 325 585 ult.
346 541 452 595 18):
481 541 717 584 contestor
738 542 862 583 omni
879 540 1087 584 audienti
1106 540 1240 583 verba
1252 539 1505 596 prophetiae
1526 540 1631 584 libri
1649 541 1811 597 hujus,·
1821 541 1862 583 si
1880 542 1979 596 quis
1993 554 2140 599 appo-

241 604 382 646 suerit
399 601 466 646 ad
494 601 604 657 haec,
624 605 820 659 apponet
836 614 974 658 super
997 614 1098 646 eum
1126 606 1243 645 Deus
1257 601 1424 658 plaqas
1445 604 1641 658 scriptas
1669 605 1718 646 in
1746 602 1862 646 libro
1888 603 2006 659 teto,-
2024 606 2071 647 εἰ
2099 605 2140 648 si

236 665 339 718 quis
357 665 641 720 diminuerit,
666 665 845 718 auferet
862 667 983 708 Deus
1000 668 1188 722 partem
1205 665 1299 720 ejzcs
1324 666 1380 708 de
1401 663 1515 706 libro
1533 668 1653 709 vitae.
1675 667 1794 722 Ergo
1809 663 1994 710 videtur
2014 664 2139 724 quod

239 737 394 782 neque
414 725 463 770 in
491 725 641 770 forma
668 731 1069 770 sacramentorum
1094 725 1231 771 liceat
1245 724 1422 782 ahquid
1433 716 1610 771 ‘addere
1631 726 1707 771 vel
1726 724 1956 772 minuere.

292 790 335 832 2.
373 789 616 846 Praeterea,
635 787 778 833 verba
808 799 861 832 se
882 786 1086 832 habent
1075 800 1124 832 ιιι
1143 787 1451 833 sacramentis
1464 799 1547 844 per
1559 787 1752 834 modum
1771 787 1949 844 f01mae‚
1965 792 2019 833 ut
2040 787 2142 833 dic-

237 853 338 894 tum
361 853 433 895 est
453 851 554 904 (art.
579 851 756 907 praec).
784 848 871 895 Sed
900 848 948 894 in
980 849 1143 894 formis
1164 849 1382 906 quaelibet
1413 848 1585 895 additio
1609 849 1685 895 vel
1716 847 1972 895 subtractio
1992 848 2142 895 variat

238 910 460 968 speciem,
481 910 603 957 sicut
641 915 688 956 et
723 909 773 955 in
805 909 1031 968 numeris,
1053 915 1106 956 ut
1128 911 1299 957 dicitur
1319 910 1527 968 (Metaph.
1561 910 1640 956 lib.
1665 924 1758 966 vm,
1779 915 1893 956 text.
1913 912 2001 965 10).
2021 912 2141 967 Ergo

237 972 422 1018 videtur
443 972 571 1032 quod
590 972 630 1017 si
655 971 833 1030 aliquid
856 973 1056 1019 addatur
1070 972 1147 1018 vel
1166 972 1467 1018 subtrahatur
1484 971 1512 1017 a.
1548 971 1697 1018 forma
1724 973 2022 1030 sacramenti,
2046 985 2138 1018 non

236 1034 325 1079 erit
347 1034 471 1079 idem
493 1040 856 1080 sacramentum.

293 1097 336 1140 3.
360 1098 602 1152 Praeterea,
617 1096 739 1140 sicut
759 1096 819 1141 ad
837 1096 1035 1141 formam
1055 1096 1335 1142 sacramenti
1355 1094 1609 1154 requiritur
1628 1095 1962 1141 determinatus
1979 1107 2142 1141 nume-

238 1169 321 1203 rus
343 1158 615 1216 dictionum,
639 1159 704 1203 ita
723 1159 863 1204 etiam
889 1159 1141 1217 requiritur
1160 1158 1496 1205 determinatus
1517 1157 1632 1204 ordo
1649 1158 1914 1215 verborum,
1936 1162 1982 1204 et
2003 1158 2142 1204 etiam

238 1219 463 1265 orationis
483 1220 783 1266 continuitas.
813 1220 859 1266 si
883 1234 994 1278 ergo
1013 1221 1185 1267 additio
1203 1221 1278 1266 vel
1302 1219 1557 1266 subtractio
1577 1233 1673 1265 non
1699 1220 1850 1266 aufert
1865 1220 2142 1265 sacramenti

238 1281 498 1338 veritatem,
517 1282 705 1328 videtur
722 1283 847 1341 quod
867 1284 967 1341 pari
988 1283 1166 1328 ratione
1186 1295 1276 1328 nec
1299 1281 1601 1340 transpositio
1618 1281 1871 1327 verborum
1897 1286 1978 1327 aut
2000 1283 2143 1327 etiam

239 1342 532 1401 interpolatio
549 1345 960 1402 pronuntiationis.

297 1405 385 1451 Sed
413 1410 577 1451 contra
598 1412 670 1453 est
692 1407 818 1465 quod
847 1408 895 1452 in
924 1407 1086 1454 formis
1106 1410 1507 1453 sacramentorum
1530 1407 1747 1464 quaedam
1779 1411 2080 1465 apponuntur
2115 1406 2143 1451 a

240 1466 540 1525 quibusdam,
562 1481 667 1526 quae
684 1469 744 1513 ab
762 1469 866 1515 aliis
887 1482 982 1514 non
1001 1475 1319 1527 apponuntur,
1348 1469 1470 1514 sicut
1490 1469 1637 1514 Latini
1668 1468 1901 1525 baptizant
1935 1469 2023 1514 sub
2055 1468 2143 1514 hac

239 1528 390 1573 forma
411 1543 423 1574 ε
451 1546 471 1566 «
498 1531 594 1586 Ego
616 1535 663 1575 te
687 1530 870 1588 baptizo
902 1531 951 1575 in
990 1532 1179 1577 nomine
1213 1530 1376 1587 Patris,
1400 1534 1447 1576 et
1468 1530 1586 1587 Filii,
1609 1533 1656 1575 et
1688 1529 1885 1586 Spiritus
1919 1529 2094 1586 sancti;
2120 1546 2142 1567 u

240 1588 381 1634 Graeci
404 1594 562 1635 autem
607 1590 697 1636 sub
734 1591 824 1637 ista
845 1607 858 1636 ε
887 1609 908 1631 α
929 1593 1187 1650 Baptizetur
1229 1604 1396 1637 servus
1436 1590 1603 1637 Christi
1645 1594 1706 1637 Ν.
1746 1590 1794 1636 in
1840 1591 2031 1637 nomine
2061 1592 2144 1636 Pa-

242 1650 342 1708 triS,
369 1655 458 1697 etc.
482 1671 503 1692 »
526 1655 581 1697 Et
600 1657 757 1699 tamen
780 1654 969 1712 utrique
991 1667 1155 1700 verum
1178 1654 1428 1699 conferunt
1445 1656 1807 1700 sacramentum.
1830 1655 1950 1711 Ergo
1982 1652 2032 1698 in
2052 1650 2146 1699 for-

239 1713 330 1759 mis
344 1720 746 1761 sacramentorum
767 1717 876 1763 licet
894 1717 1071 1774 aliquid
1091 1718 1263 1763 addere
1282 1717 1357 1762 vel
1374 1717 1601 1762 minuere.

285 1782 578 1825 CONCLUSIO.
593 1806 643 1813 —
659 1785 795 1826 Verbis
806 1786 851 1825 in
866 1786 1018 1838 quibus
1033 1789 1383 1826 sacramentorum
1396 1786 1530 1825 forma
1547 1781 1752 1835 consistit,
1767 1783 1914 1826 addere
1922 1785 2147 1838 quiequam

238 1841 313 1878 aut
329 1838 539 1879 detrahere
554 1850 637 1879 non
656 1840 764 1890 licet,
778 1852 862 1893 quo
878 1852 998 1881 verus
1012 1852 1156 1881 eorum
1176 1852 1322 1881 sensus
1336 1843 1640 1892 corrumpatur.

296 1902 570 1959 Respondeo
592 1902 844 1948 dicendum
863 1903 990 1961 quod
1009 1903 1133 1948 circa
1165 1915 1330 1948 omnes
1351 1903 1466 1948 istas
1488 1903 1774 1948 mutationes
1807 1915 1912 1960 quae
1945 1907 2147 1962 possunt

241 1962 289 2008 in
325 1962 488 2009 formis
522 1971 924 2010 sacramentorum
961 1965 1247 2021 contingere,
1269 1965 1362 2010 duo
1398 1964 1618 2010 videntur
1642 1976 1747 2010 esse
1768 1964 2141 2012 consideranda:

242 2037 391 2070 unum
414 2026 605 2084 quidem
628 2040 687 2072 ex
706 2034 837 2084 parte
856 2028 897 2085 ej
905 2040 962 2073 us
981 2028 1061 2085 qui
1075 2028 1252 2086 profert
1270 2027 1430 2084 verba,
1447 2028 1584 2086 cujus
1602 2027 1800 2073 intentio
1820 2028 2073 2085 requiritur
2086 2028 2148 2076 ad

240 2092 607 2145 sacramentum,
627 2093 681 2134 ut
703 2090 824 2134 infra
842 2090 1023 2135 dicetur
1039 2092 1221 2148 (quaest.
1245 2103 1360 2148 mv,
1385 2094 1471 2134 art.
1494 2092 1554 2145 8).
1576 2091 1630 2134 Et
1651 2089 1756 2135 ideo
1777 2089 1818 2135 si
1832 2089 2044 2136 intendat
2065 2102 2148 2148 per

242 2149 509 2206 huiusmodi
545 2150 830 2197 additionem
850 2152 926 2197 vel
948 2152 1306 2197 diminutionem
1327 2152 1472 2197 alium
1497 2152 1637 2198 ritum
1660 2151 1899 2209 inducere,
1928 2153 2007 2210 qui
2051 2165 2146 2198 non

242 2211 302 2256 sit
327 2212 386 2255 ab
413 2213 620 2258 Ecclesia
652 2220 870 2270 receptus
902 2217 978 2270 (1),
1013 2227 1109 2259 non
1131 2215 1317 2260 videtur
1339 2212 1501 2271 perfici
1532 2217 1896 2272 sacramentum,
1919 2213 2030 2272 quia
2052 2227 2147 2260 non

243 2273 425 2318 videtur
446 2275 572 2331 quod
598 2275 812 2321 intendat
833 2276 986 2322 facere
1010 2277 1056 2321 id
1080 2277 1206 2334 quod
1228 2277 1336 2321 facit
1356 2276 1575 2322 Ecclesia.
1598 2275 1735 2321 Aliud
1763 2281 1921 2322 tamen
1944 2279 2016 2321 est
2036 2288 2147 2321 con·

242 2334 545 2381 siderandum
560 2350 617 2382 ex
637 2343 769 2394 parte
786 2339 1143 2394 signifi-cationis
1158 2340 1425 2384 verborum.
1449 2341 1562 2383 Cilm
1581 2338 1705 2384 enim
1731 2338 1877 2384 verba
1898 2345 2148 2396 operentur

242 2396 291 2440 in
321 2400 645 2456 sacramentis,
674 2401 903 2457 quantum
938 2402 997 2446 ad
1027 2414 1220 2446 sensum
1245 2413 1386 2458 quem
1411 2400 1604 2456 faciunt,
1628 2405 1680 2445 ut
1707 2413 1851 2458 supra
1877 2401 2055 2446 dictum
2077 2406 2149 2448 est

242 2460 345 2514 (art.
370 2473 509 2517 praec.
525 2462 583 2506 ad
603 2466 644 2517 1,
666 2468 712 2507 et
733 2463 793 2508 ad
811 2465 870 2520 3),
896 2468 1079 2519 oportet
1100 2464 1397 2509 considerare
1414 2467 1572 2508 utrum
1587 2475 1672 2519 per
1683 2463 1823 2507 talem
1840 2463 2148 2510 mutationem

243 2521 432 2567 tollatur
449 2522 637 2568 debitus
653 2536 825 2570 sensus
838 2525 1107 2582 verborum,
1132 2527 1242 2583 quia
1274 2525 1315 2570 si
1354 2525 1440 2580 sic,
1456 2525 1758 2569 manifestum
1779 2529 1852 2570 est
1877 2525 2002 2583 quOd
2024 2527 2148 2571 tolli-

243 2587 319 2627 tur
333 2584 506 2629 veritas
529 2588 827 2631 sacramenti.
848 2611 904 2619 -
926 2588 1218 2632 Manifestum
1252 2592 1323 2632 est
1353 2590 1510 2631 autem
1544 2586 1670 2643 quod
1691 2586 1731 2631 si
1754 2586 2045 2632 diminuatur
2066 2589 2148 2633 ali·

244 2645 357 2702 quid
376 2659 540 2692 eorum
569 2660 676 2705 quae
698 2654 810 2694 sunt
829 2649 888 2695 de
908 2650 1170 2695 substantia
1198 2651 1360 2694 formae
1377 2648 1742 2706 sacramentalis,
1770 2649 1946 2694 tollitur
1963 2650 2147 2697 debitus

244 2722 414 2755 sensus
436 2710 716 2767 verborum3
751 2715 799 2757 et
828 2711 934 2757 ideo
970 2725 1065 2757 non
1094 2712 1327 2770 perficitur
1365 2715 1727 2757 sacramentum.
1763 2710 1892 2757 Unde
1924 2712 2147 2771 Didymus

244 2771 355 2817 dicit
383 2774 461 2828 (De
485 2772 657 2829 Spiritu
674 2777 854 2830 sancto,
872 2774 952 2819 lib.
968 2775 1189 2832 11,parum
1213 2775 1240 2818 a
1261 2774 1408 2831 princ.
1429 2773 1548 2818 inter
1571 2785 1647 2830 op.
1671 2772 1906 2829 Hieron.):
1933 2792 1953 2812 «
1980 2774 2146 2831 Siquis

244 2833 309 2880 ita
324 2834 561 2892 baptizare
584 2840 798 2892 conetur,
813 2840 868 2882 ut
885 2849 1033 2882 unum
1054 2837 1112 2883 de
1123 2837 1356 2894 praedictis
1374 2836 1645 2881 nomInibus
1662 2836 1984 2894 praetermittat
2005 2837 2147 2892 (scili-

245 2901 318 2942 cet
335 2897 497 2953 Patris,
518 2901 566 2942 et
585 2897 702 2955 Filii,
724 2902 772 2944 et
791 2899 987 2956 Spiritus
1007 2900 1191 2957 sancti),
1212 2900 1314 2944 sine
1334 2899 1618 2956 perfectione
1656 2898 1921 2956 baptizabit.
1948 2917 1970 2939 υ
1997 2899 2040 2944 Si
2064 2911 2146 2944 au-

247 2962 342 3004 tem
363 2958 667 3004 subtrahatur
685 2959 860 3018 aliquid
882 2962 1007 3019 quod
1032 2975 1126 3006 non
1150 2962 1210 3007 sit
1228 2962 1286 3007 de
1300 2961 1560 3006 substantia
1580 2962 1757 3020 formae,
1778 2961 1884 3007 talis
1902 2961 2146 3007 diminutio

246 3033 341 3066 non
373 3022 491 3067 tollit
511 3022 722 3068 debitum
746 3036 940 3070 sensum
963 3026 1230 3083 verborum,
1256 3030 1302 3070 et
1331 3038 1413 3082 per
1438 3037 1735 3082 consequens
1757 3036 1846 3070 nec
1867 3023 2145 3070 sacramenti

246 3084 579 3141 perfectionem
600 3086 756 3132 :sicut
796 3088 844 3132 in
879 3088 1029 3134 forma
1057 3089 1371 3146 Eucharistiae,
1394 3100 1501 3146 quae
1518 3091 1591 3134 est
1618 3101 1629 3131 z
1653 3091 1749 3131 Hoc
1765 3091 1833 3131 est
1850 3091 1969 3131 enim
1986 3100 2146 3145 corpus

247 3159 420 3202 meum;
444 3148 495 3205 ly
517 3151 636 3193 enim
653 3148 892 3195 sublatum
927 3163 1022 3197 non
1058 3152 1173 3197 tollit
1203 3152 1412 3197 debitum
1446 3162 1640 3197 sensum
1665 3149 1942 3208 verborum3
1974 3154 2022 3195 et
2042 3149 2144 3195 ideo

247 3220 341 3254 non
359 3208 552 3266 impedit
571 3212 904 3268 perfectionem
919 3215 1217 3271 sacramenti,
1233 3213 1448 3271 quamvis
1470 3213 1618 3271 possit
1632 3212 1902 3269 contingere
1925 3211 2048 3269 quod
2067 3211 2145 3256 ille

248 3271 329 3329 qui
350 3273 675 3330 praetermittit,
696 3281 856 3330 peccet
886 3289 944 3322 ex
970 3277 1255 3335 negligentia
1290 3277 1361 3321 vel
1392 3280 1678 3333 contempta.
1712 3275 1840 3320 Circa
1862 3275 2143 3320 additionem

249 3375 364 3410 rianio
379 3379 498 3417 autem
514 3386 561 3411 eoe
571 3377 645 3419 fine
655 3380 696 3411 ut
714 3378 922 3421 plurimum
940 3390 1016 3415 non
1034 3386 1151 3416 mutat
1237 3393 1303 3421 guu
1307 3393 1340 3415 m
1374 3393 1414 3422 pr
1399 3380 1525 3415 raeisert
1514 3393 1561 3414 im
1591 3379 1793 3415 attendenda
1822 3384 1871 3414 est
1901 3378 2024 3413 iintent
2028 3390 2047 3412 ο
2079 3377 2143 3412 mi·

249 3423 568 3467 twnificationem.
1274 3430 1338 3465 stri
1355 3441 1394 3464 ex
1413 3441 1478 3471 qua
1493 3441 1590 3464 sensu
1580 3440 1609 3463 is
1626 3428 1794 3464 formaein
1814 3428 1867 3463 his
1881 3428 2025 3462 circums
2011 3431 2083 3461 suta
2089 3430 2144 3461 tiis

288 3472 335 3514 (l)
359 3470 401 3507 In
420 3473 607 3508 mutatione
634 3485 708 3515 quae
730 3473 829 3510 reddi
833 3481 847 3509 t
870 3487 1006 3510 sensum
1033 3476 1149 3511 ambi-
1236 3478 1425 3521 dependere
1440 3490 1482 3520 po
1464 3480 1561 3513 0.test
