2170 3808
221 297 306 338 1182
792 293 991 345 QUAEST.
1022 293 1128 347 XIX,
1156 294 1277 336 ART.
1307 293 1361 336 111
1390 295 1455 337 ET
1483 296 1553 339 tv.

226 380 316 419 teni
340 374 492 419 omnis
526 373 745 430 perfectio
765 379 811 418 et
842 373 1057 418 nobilitas
1078 373 1255 418 Christo
1287 378 1360 420 est
1387 375 1699 432 attribuenda,
1722 388 2014 432 consequens
2043 383 2114 424 est

222 438 347 494 quod
366 439 466 493 ipse
486 449 568 492 per
587 436 803 480 meritum
823 437 1038 481 habuerit
1056 436 1171 481 illud
1195 437 1318 493 quod
1354 437 1431 482 alii
1460 451 1544 494 per
1565 438 1781 483 meritum
1800 438 1972 483 habent
1991 452 2004 482 ε
2024 439 2121 485 nisi

221 501 280 544 sit
303 499 393 543 tale
410 499 538 555 quid,
556 498 692 554 cujus
715 499 920 543 carentia
944 499 1093 555 magis
1111 498 1324 554 dignitati
1350 499 1512 544 Christi
1538 506 1585 544 et
1605 500 1875 557 perfectioni
1897 500 2112 557 praejudi-

220 566 293 605 cet
313 561 455 617 quam
475 573 558 617 per
582 560 800 605 meritum
828 565 1077 606 accrescat.
1114 561 1242 605 Unde
1268 573 1355 605 nec
1383 562 1596 618 gratiam,
1631 574 1717 607 nec
1741 561 2000 618 scientiam,
2029 575 2114 608 nec

218 622 553 667 beatitudinem
577 623 762 678 animae,
785 635 872 667 nec
890 623 1181 668 Div1nitatem
1205 622 1376 667 meruit
1397 633 1409 666 z
1435 623 1545 679 quia
1564 625 1672 668 cum
1694 623 1912 668 meritum
1935 636 2026 668 non
2054 624 2114 670 sit

220 684 309 728 nisi
339 685 442 740 eJus
463 684 589 741 quod
613 685 824 729 nondum
853 684 1068 743 habetur,
1087 690 1322 742 oporteret
1353 685 1481 742 qued
1502 686 1709 730 Christus
1740 685 1991 743 aliquando
2012 685 2120 732 istis

219 746 468 802 caruisset3
487 747 659 804 quibus
675 759 833 792 carere
855 747 1006 803 magis
1026 746 1244 792 diminuit
1267 747 1542 803 dignitatem
1567 747 1747 804 Christi,
1768 747 1911 805 quam
1943 753 2114 804 augeat

218 809 456 854 meritum.
477 810 564 854 Sed
589 809 736 867 gloria
754 810 978 866 corporis,
1001 809 1075 854 vel
1096 809 1135 854 si
1165 809 1278 866 quid
1300 808 1427 854 aliud
1455 810 1723 867 hujusmodi
1744 814 1832 867 est,
1855 809 2013 855 minus
2042 815 2115 856 est

219 871 361 927 quam
377 871 580 927 dignitas
602 871 829 927 merendi,
846 884 952 929 quae
966 872 1166 928 pertinet
1190 871 1248 916 ad
1269 871 1488 916 virtutem
1509 872 1730 916 caritatis.
1750 873 1804 917 Et
1826 872 1931 916 ideo
1953 872 2113 917 dicen-

218 931 330 976 dum
352 939 424 977 est
445 934 569 990 quod
594 933 800 978 Christus
823 933 1017 990 gloriam
1033 934 1258 990 corporis,
1271 939 1318 978 et
1330 946 1504 991 eaquae
1519 934 1751 991 pertinent
1765 934 1823 978 ad
1839 934 2112 980 exteriorem

218 994 258 1050 ej
267 1008 323 1038 us
346 995 690 1052 excellentiam,
715 996 836 1040 sicut
854 1002 926 1041 est
948 996 1177 1052 ascensio„
1201 996 1438 1041 veneratio
1460 1001 1506 1041 et
1525 997 1616 1040 alia
1640 996 1923 1053 huiusmodi,
1953 996 2116 1043 habuit

218 1069 300 1114 per
315 1058 549 1101 meritum.
573 1061 626 1102 Et
648 1058 716 1102 sic
734 1063 860 1115 patet
878 1059 1001 1117 quod
1028 1058 1201 1116 aliquid
1224 1059 1310 1103 sibi
1331 1059 1497 1104 mereri
1515 1059 1667 1116 potuit
1682 1061 1756 1114 (1).

272 1119 337 1163 Ad
370 1123 568 1179 primum
602 1133 716 1177 ergo
748 1121 1016 1180 dicendum,
1051 1121 1176 1178 quod
1210 1121 1382 1171 fruitio,
1424 1133 1530 1178 quae
1565 1126 1639 1166 est
1672 1127 1805 1167 actus
1848 1120 2113 1179 charitatiS,

216 1180 418 1236 pertinet
438 1183 495 1226 ad
515 1182 709 1239 gloriam
730 1184 912 1240 animae,
937 1196 1079 1240 quam
1102 1184 1311 1228 Christus
1329 1196 1423 1227 non
1443 1183 1628 1228 meruit.
1650 1185 1703 1228 Et
1717 1183 1821 1228 ideo
1842 1182 1881 1227 si
1904 1195 1986 1240 per
2005 1182 2126 1227 cha-.

218 1241 401 1287 ritatem
424 1243 601 1301 aliquid
623 1245 810 1302 meruit,
838 1257 932 1289 non
953 1246 1166 1302 sequitur
1189 1245 1312 1301 quod
1334 1245 1458 1289 idem
1478 1244 1538 1289 sit
1555 1245 1774 1289 meritum
1791 1249 1837 1290 et
1854 1244 2110 1302 praemium.

216 1305 306 1348 Nec
324 1309 474 1350 tamen
501 1319 582 1362 per
605 1307 877 1352 charitatem
895 1307 1082 1363 meruit,
1104 1307 1384 1365 inquantum
1409 1312 1509 1352 erat
1530 1307 1732 1352 charitas
1751 1307 2114 1364 comprehenso-

216 1365 297 1422 ris,
314 1366 395 1411 sed
412 1367 691 1425 inquantum
715 1374 815 1413 erat
838 1369 1041 1413 viatoris.
1060 1372 1174 1414 Nam
1194 1369 1293 1426 ipse
1310 1369 1395 1413 fuit
1413 1369 1553 1414 simul
1574 1368 1724 1413 viator
1741 1375 1790 1414 et
1807 1370 2113 1425 comprehen-

217 1434 378 1487 sor,ut
398 1443 541 1486 supra
560 1432 771 1476 habitum
791 1437 863 1477 est
880 1434 1064 1488 (quaest.
1085 1446 1159 1488 xv,
1183 1438 1271 1478 art.
1292 1434 1380 1489 10).
1404 1435 1459 1477 Et
1487 1432 1607 1488 ideo,
1634 1431 1745 1490 quia
1771 1444 1900 1476 nunc
1923 1444 2018 1476 non
2044 1437 2123 1487 est¹

215 1489 380 1545 viator,
408 1504 500 1535 non
521 1493 653 1538 estin
673 1498 798 1538 statu
817 1494 1027 1538 merendi
1049 1495 1121 1548 (2).

269 1553 336 1598 Ad
365 1557 611 1598 secundum
636 1555 906 1615 dicendum,
936 1555 1059 1612 quod
1083 1554 1275 1609 Christo,
1299 1555 1559 1600 secundum
1583 1555 1708 1612 quod
1733 1559 1806 1599 est
1825 1558 1947 1600 Deus
1967 1559 2015 1599 et
2036 1554 2112 1601 Dei

215 1614 355 1660 Filius
379 1627 461 1672 per
484 1621 719 1674 naturam,
745 1618 940 1663 debetur
968 1618 1116 1674 gloria
1153 1618 1328 1674 divina,
1365 1624 1413 1662 et
1440 1618 1700 1663 dominium
1729 1617 1955 1673 omnium,
1992 1617 2113 1663 sicut

214 1677 366 1732 primo
381 1682 428 1722 et
451 1691 672 1735 supremo
697 1679 905 1725 domino.
925 1680 1233 1725 Nihilominus
1255 1685 1410 1724 tamen
1433 1680 1630 1725 debetur
1647 1679 1689 1725 ei
1711 1679 1858 1736 gloria
1885 1679 2008 1724 sicut
2026 1680 2113 1725 ho-

213 1739 326 1783 mini
346 1740 507 1798 beat03
530 1754 673 1798 quam
693 1743 924 1800 quantum
944 1743 1005 1788 ad
1024 1743 1201 1800 aliquid
1223 1743 1385 1787 debuit
1404 1743 1576 1788 habere
1592 1742 1694 1787 sine
1708 1742 1891 1800 merito,
1908 1747 1955 1787 et
1968 1754 2112 1799 quan-

214 1803 312 1845 tum
331 1802 391 1847 ad
413 1803 591 1860 aliquid
606 1816 715 1848 cum
732 1804 914 1859 merito,
935 1810 988 1849 ut
1007 1817 1065 1849 ex
1086 1817 1228 1861 supra
1252 1804 1387 1849 dictis
1400 1804 1601 1861 patet(in
1620 1815 1748 1861 corp.
1764 1806 1886 1858 art.).

268 1863 332 1908 Ad
366 1868 549 1909 tertium
586 1866 854 1919 dicendum,
885 1866 1012 1924 quod
1049 1866 1360 1911 redundantia
1383 1867 1543 1922 gloriae
1575 1878 1634 1911 ex
1664 1865 1819 1910 anima
1847 1865 1908 1910 ad
1943 1878 2112 1923 corpus

213 1929 284 1970 est
309 1938 366 1970 ex
390 1927 548 1971 divina
578 1927 889 1983 ordinatione.5
915 1928 1177 1972 secundum
1207 1928 1562 1983 congruentiam
1584 1927 1897 1971 humanorum
1923 1927 2112 1973 merito-

212 1998 346 2043 rum;
370 1993 422 2032 ut
442 1988 620 2034 scilicet
648 1989 771 2033 sicut
792 1990 932 2033 homo
955 1996 1161 2033 meretur
1182 2001 1266 2046 per
1288 1994 1444 2034 actum
1477 1989 1662 2044 animae,
1692 2000 1832 2045 quem
1854 1993 2043 2033 exercet
2062 1989 2109 2034 in

212 2060 421 2106 corpore,
444 2051 507 2094 ita
526 2050 668 2096 etiam
688 2055 1016 2104 remuneretur
1036 2063 1121 2108 per
1137 2050 1331 2107 gloriam
1355 2051 1524 2095 animae
1549 2050 1889 2096 redundantem
1917 2050 1976 2095 ad
2005 2062 2110 2095 cor-

212 2122 316 2167 pus.
338 2114 391 2156 Et
421 2117 613 2170 propter
634 2114 724 2158 hoc
745 2126 839 2158 non
868 2114 1022 2158 solum
1046 2114 1194 2170 gloria
1229 2115 1413 2168 animae,
1445 2114 1529 2159 sed
1564 2114 1702 2157 etiam
1734 2113 1882 2168 gloria
1905 2113 2111 2170 corporis

211 2172 333 2217 cadit
360 2174 448 2218 sub
473 2175 656 2227 merito,
681 2175 942 2221 secundum
973 2176 1090 2222 illud
1111 2177 1253 2230 (Rom.
1278 2190 1371 2234 viu,
1387 2179 1430 2229 2)
1455 2191 1466 2220 z
1495 2175 1752 2228 Vivificabit
1770 2174 1987 2218 mortalia
2007 2188 2109 2219 cor-

209 2248 325 2291 pora
349 2241 509 2280 nostra
522 2242 714 2294 propter
729 2239 1064 2282 inhabitantem
1086 2242 1309 2295 Spiritum
1335 2240 1430 2294 ejvs
1452 2241 1501 2281 in
1523 2237 1665 2280 nobi-5.
1689 2239 1742 2280 Et
1767 2236 1830 2280 ita
1858 2237 2007 2293 potuit
2033 2250 2108 2282 ca-

211 2297 321 2342 dere
343 2298 431 2343 sub
454 2300 619 2344 merito
642 2300 825 2344 Christi.
2122 2347 2125 2353 ,

266 2359 332 2404 Ad
351 2365 566 2416 quartum
586 2361 855 2418 dicendum,
879 2362 1006 2419 quod
1019 2361 1332 2406 manifestatio
1347 2361 1634 2407 excellentiae
1647 2360 1812 2406 Christi
1828 2359 2027 2418 pertinet
2045 2361 2106 2407 ad

151 2466 153 2468 .
212 2421 387 2467 bonum
403 2423 506 2479 eJus
529 2424 786 2468 secundum
812 2437 918 2469 esse
941 2424 1067 2481 quod
1088 2423 1227 2469 habet
1246 2425 1293 2469 in
1315 2424 1478 2469 notitia
1497 2424 1722 2480 aliorum3
1746 2423 1961 2480 quamvis
1978 2423 2108 2480 prin-

211 2484 406 2540 cipalius
425 2485 654 2541 pertineat
673 2487 731 2531 ad
748 2487 925 2531 bonum
947 2499 1109 2532 eorum
1137 2487 1216 2543 qui
1240 2499 1347 2531 eum
1377 2492 1687 2543 cognoscunt,
1713 2485 1976 2531 secundum
2005 2499 2109 2533 esse

211 2547 335 2603 quod
355 2547 528 2592 hahent
551 2549 598 2592 in
617 2549 784 2605 seipsis
809 2551 823 2603 (
828 2551 872 2604 3)
889 2563 902 2593 ε
929 2549 1015 2594 sed
1028 2548 1167 2593 etiam
1182 2550 1270 2593 hoc
1288 2549 1444 2606 ipsum
1466 2549 1667 2594 refertur
1684 2548 1743 2594 ad
1762 2549 2009 2605 Christum,
2033 2549 2101 2594 in-

211 2614 440 2665 quantum
463 2615 575 2654 sunt
595 2610 806 2655 membra
821 2612 942 2669 ejus.

378 2681 722 2725 ARTICULUS
749 2683 828 2724 IV.
859 2705 916 2713 —
944 2695 1080 2725 uranu
1104 2694 1300 2725 camsi-us
1321 2695 1426 2725 Auis
1446 2695 1600 2724 itanum
1632 2694 1840 2724 roi-nemi·
1858 2683 1931 2735 (4).

211 2748 261 2783 De
278 2747 333 2784 his
357 2749 459 2784 etium
487 2749 590 2791 infra,
610 2755 725 2792 quaest.
745 2758 867 2793 xum,
895 2754 962 2786 art.
992 2750 1008 2786 Ι
1028 2763 1121 2793 corp.
1138 2756 1173 2786 et
1199 2757 1264 2785 art.
1285 2751 1318 2794 6,
1334 2756 1370 2786 et
1391 2756 1507 2792 quaest.
1526 2758 1617 2790 xux,
1634 2756 1701 2784 art.
1733 2751 1746 2783 4
1776 2762 1868 2790 corp.
1893 2754 1926 2783 et
1944 2751 2037 2784 Sent.
2065 2760 2104 2793 ιι,

253 2796 329 2833 dist.
349 2796 404 2838 20,
428 2802 543 2839 quaest.
568 2807 607 2881 1¹17,
625 2803 690 2833 art.
704 2799 726 2833 5
753 2798 796 2833 nd
815 2799 848 2839 5,
865 2801 900 2833 et
921 2807 976 2840 ιιι,
994 2799 1073 2834 dist.
1102 2800 1153 2842 ¹8,
1177 2804 1245 2835 art.
1261 2798 1294 2841 6,
1313 2803 1349 2834 et
1381 2800 1428 2835 De
1456 2811 1528 2834 ver.
1540 2805 1657 2840 quaest.
1685 2805 1781 2838 xxvt,
1806 2803 1872 2833 art.
1891 2798 1912 2832 6
1931 2798 1973 2832 ad
1989 2799 2044 2841 20,
2071 2804 2105 2834 et

251 2850 365 2887 quaest.
387 2853 482 2887 xxlx,
497 2850 562 2880 art.
605 2872 614 2881 .

263 2907 330 2953 Ad
353 2913 572 2965 quartum
609 2907 676 2953 sic
699 2908 981 2965 proceditur.
1002 2912 1044 2954 1.
1070 2909 1258 2954 Videtur
1281 2909 1407 2967 quod
1437 2908 1646 2954 Christus
1678 2906 1781 2952 aliis
1807 2906 1974 2952 mereri
2011 2921 2118 2964 nonv

210 2971 426 3025 potuerit.
448 2971 622 3016 Dicitur
635 2972 763 3015 enim
788 2971 964 3024 (Ezech.
992 2985 1116 3030 xvui,
1136 2974 1181 3028 4)
1201 2987 1212 3016 2
1237 2975 1408 3016 Anima
1422 2983 1519 3029 quae
1538 2973 1809 3028 peccaverit,
1829 2972 1930 3027 ipsa
1947 2973 2102 3015 morie-

210 3035 303 3078 tur.
324 3035 444 3089 Ergo
459 3033 557 3090 pari
579 3034 758 3078 ratione
781 3033 939 3078 anima
958 3046 1065 3090 quae
1081 3037 1303 3092 meretur,
1320 3033 1422 3092 ipsa
1445 3032 1837 3079 remunerabitur.
1861 3034 1962 3077 Non
1991 3044 2103 3090 ergo

208 3098 279 3138 est
295 3095 517 3150 possibile
533 3095 660 3153 quod
681 3097 890 3141 Christus
912 3095 1018 3141 aliis
1036 3096 1274 3142 meruerit.

251 3217 296 3259 (l)
311 3218 407 3261 Quod
418 3223 468 3254 est
486 3224 602 3253 eontra
622 3219 812 3263 Calvinum,
830 3221 889 3263 qui
908 3225 946 3256 ut
963 3233 1112 3256 amorem
1241 3222 1284 3263 (5)
1299 3221 1444 3256 Maxime
1468 3220 1496 3255 si
1519 3220 1667 3262 perfecta
1687 3219 1880 3260 cognitione
1898 3232 1971 3261 quae
1990 3220 2084 3255 chari

209 3266 335 3301 Christi
360 3278 439 3306 erga
461 3279 522 3301 nos
547 3267 654 3308 magis
671 3268 871 3311 extolleret,
892 3269 1114 3311 reprehendit
1198 3270 1261 3304 tati
1278 3274 1455 3309 conjuncta
1469 3269 1524 3303 sit.

208 3314 423 3349 scholasticos
447 3314 539 3356 quod
563 3315 744 3351 docuerint
764 3317 935 3352 Christum
960 3317 1023 3352 sibi
1050 3317 1114 3352 ali·
1240 3318 1284 3360 (ἦ)
1309 3318 1358 3352 De
1386 3317 1454 3352 fide
1471 3321 1521 3352 est
1547 3316 1720 3352 Christum
1749 3316 1826 3351 aliis
1853 3316 2032 3358 meruisse,
2061 3321 2097 3350 ut

208 3362 287 3403 quid
305 3362 482 3398 meruisse.
1200 3372 1293 3407 patet
1318 3379 1358 3401 ex
1386 3365 1440 3400 his
1467 3364 1581 3400 verbis
1618 3377 1713 3399 conc.
1743 3365 1901 3400 Trident.
1931 3365 2020 3406 (sess,
2047 3373 2097 3406 vl,
2120 3387 2123 3391 -

250 3410 469 3451 (2)'1‘heologi
487 3412 716 3446 communiter
733 3412 857 3448 docent
877 3426 954 3448 cum
971 3415 1006 3448 S.
1026 3414 1114 3449 Tho-
1199 3426 1270 3455 cap.
1291 3414 1324 3455 7)
1354 3426 1363 3448 ε
1395 3413 1520 3448 Causa
1554 3416 1677 3448 aulem
1698 3414 1892 3448 meritoria
1919 3413 2097 3447 Dominus

209 3470 262 3491 ma
279 3458 451 3493 Christum
466 3470 529 3493 nec
546 3460 692 3499 gratiam
717 3460 944 3503 habitualem,
962 3473 1024 3497 nec
1043 3462 1113 3502 glo·
1198 3463 1333 3498 Noster
1357 3462 1465 3498 Iesus
1497 3461 1667 3496 Christus
1689 3463 1754 3505 qui
1771 3464 1841 3495 sua
1865 3461 2096 3495 sanctiss-ima

207 3506 295 3540 riam
311 3506 519 3542 essentialem
539 3507 606 3542 sibi
624 3508 802 3543 meruisse.
1198 3511 1374 3553 passione
1399 3510 1444 3544 de
1467 3509 1568 3552 liano
1593 3510 1715 3545 crucis
1743 3509 1846 3544 nobis
1863 3509 2101 3553 justificatio--

1197 3568 1279 3592 nem
1293 3560 1443 3594 meruit.
