2170 3808
43 10 47 12 ,
94 0 152 19 ⁸.AEAE
165 0 167 2 “

791 229 989 281 QUAEST.
1020 229 1156 288 LVIII,
1186 229 1301 273 ART.
1331 230 1400 273 ΙΙΙ.
1641 241 1643 244 ·
1964 231 2045 273 489

156 315 218 357 De
236 310 466 371 symbolo,
483 310 563 354 lib.
584 322 629 366 11,
650 321 753 366 cap.
770 313 813 366 7,
837 310 865 353 a
879 310 1076 367 princ.):
1103 328 1123 348 α
1141 312 1290 367 Ipsam
1314 311 1550 356 dexteram
1580 309 1823 366 intelligite
1843 314 2042 367 potesta-

156 378 250 419 tem
281 385 421 432 quam
447 371 624 429 accepit
654 370 731 416 ille
751 371 890 416 homo
922 376 1168 428 susceptus
1196 373 1358 429 01300,
1383 377 1436 417 01
1462 371 1620 418 veniat
1641 372 2042 431 Judicaturus,qui

155 435 286 494 prius
305 438 495 480 venerat
513 433 812 490 Judicandus.
834 453 854 473 »

202 502 542 543 CONCLUSIO.-
559 500 763 550 Christus,
780 501 1008 541 secundum
1021 500 1132 553 quod
1147 501 1270 549 Deus,
1286 500 1419 540 sedere
1436 500 1589 540 dicitur
1604 501 1658 541 ad
1673 501 1879 544 dexteram
1898 501 2041 552 Patris,

156 560 275 610 prout
289 569 415 598 unam
440 569 534 599 00111
561 557 632 596 1110
655 560 847 596 naturam
869 555 1005 606 habet,
1026 556 1255 596 secundum
1273 555 1382 605 quod
1401 556 1524 595 homo
1546 560 1700 605 autem,
1724 557 1833 598 sedet
1854 558 1906 598 ad
1930 557 2042 598 illius

156 613 377 663 dexteram,
395 615 442 652 ut
461 613 584 652 homo
601 612 794 652 divinum
823 610 991 652 denotat
1010 612 1281 663 suppositum,
1310 612 1452 651 eodem
1469 611 1643 662 dignum
1659 613 1813 653 honore
1832 614 1875 652 in
1898 616 2042 653 natura

156 670 382 718 assumpta,
397 669 437 707 et
453 666 496 706 in
514 666 740 717 potioribus
756 666 874 706 bonis
888 666 1022 706 Patris
1042 667 1329 706 constitutum.

209 728 478 785 Respondeo
501 729 750 774 dicendum
774 727 915 785 quod,
937 727 1057 772 sicut
1091 727 1267 772 dictum
1306 732 1378 773 est
1400 729 1500 779 (art.
1525 730 1696 784 praec.)‚
1722 729 1907 772 nomine
1933 729 2042 773 dex-

156 794 265 836 terae
285 790 431 835 Patris
458 790 730 846 intelligitur
743 791 818 835 vel
840 791 940 847 ipsa
957 789 1103 847 gloria
1122 789 1302 834 deitatis
1333 788 1497 846 ipsius,
1515 789 1591 834 vel
1612 789 1848 834 beatitudo
1871 795 2042 836 aeterna

156 851 273 909 eJus,
293 852 368 897 vel
382 857 584 909 potestas
599 851 844 910 Judiciaria
865 856 912 897 et
929 851 1112 909 regalis.
1136 853 1238 895 Haec
1249 856 1404 895 autem
1426 851 1690 908 praepositio
1709 851 1774 894 ad
1795 852 2042 908 quemdam

155 923 393 958 accessum
427 913 486 958 ad
531 913 767 958 dexteram
800 912 1037 969 designat3
1067 912 1117 956 10
1153 924 1248 969 quo
1283 912 1553 968 designatur
1581 911 1901 957 convenientia
1934 925 2042 958 cum

156 973 355 1032 quadam
376 974 684 1032 distinctione,
705 979 758 1019 ut
779 987 921 1032 supra
943 975 1119 1020 dictum
1136 979 1207 1019 est
1225 976 1327 1030 (art.
1350 976 1522 1031 praec.).
1543 975 1672 1028 Quod
1691 975 1880 1031 quidem
1891 978 2042 1031 potest

156 1048 259 1082 esse
290 1036 528 1093 tripliciter
548 1052 558 1081 :
587 1049 681 1081 uno
710 1037 863 1093 modo,
888 1040 942 1082 ut
962 1037 1023 1081 sit
1047 1036 1374 1082 convenientia
1393 1035 1440 1079 in
1462 1041 1642 1092 natura,
1664 1042 1710 1081 et
1736 1035 1972 1081 distinctio
1993 1036 2042 1080 10

155 1108 380 1154 persona3
405 1101 451 1142 et
482 1098 550 1142 sic
580 1097 804 1154 Christus,
825 1096 1085 1142 secundum
1107 1096 1232 1153 quod
1259 1097 1398 1140 Filius
1427 1096 1522 1155 Dei,
1550 1097 1682 1142 sedet
1712 1097 1771 1142 ad
1803 1096 2042 1142 dexteram

154 1158 315 1216 Patris,
334 1158 445 1216 quia
459 1159 600 1204 habet
613 1158 822 1204 eamdem
841 1162 1058 1202 naturam
1076 1169 1183 1202 cum
1199 1160 1357 1213 Patre3
1380 1158 1506 1203 unde
1526 1158 1745 1214 praedicta
1758 1158 2044 1204 conveniunt

155 1220 461 1266 essentialiter
480 1220 605 1275 Filio,
630 1218 750 1263 sicut
767 1223 814 1263 et
833 1218 954 1263 Patri
972 1235 986 1275 ς
1007 1222 1055 1263 01
1076 1219 1165 1262 hoc
1187 1223 1260 1262 est
1277 1230 1382 1263 esse
1403 1218 1451 1261 in
1478 1218 1742 1275 aequalitate
1762 1219 1923 1263 Patris
1943 1219 2043 1264 Alio

154 1282 294 1327 modo
313 1282 571 1328 secundum
594 1280 790 1336 gratiam
809 1279 1013 1336 unionis,
1038 1292 1144 1337 quae
1160 1280 1378 1337 importat
1392 1280 1418 1324 0
1450 1292 1677 1325 converso
1697 1280 2043 1326 distinctionem

111 1335 117 1340 ’
153 1346 334 1388 naturae
356 1346 404 1388 et
431 1342 660 1387 unitatem
680 1354 908 1399 personae.
929 1344 984 1387 Et
1003 1342 1261 1387 secundum
1280 1342 1369 1386 hoc
1389 1342 1611 1399 Christus,
1635 1342 1893 1386 secundum
1916 1343 2043 1400 qued

151 1402 307 1460 hom0,
325 1407 411 1449 -001
439 1403 580 1448 Filius
603 1402 697 1459 Dei,
726 1407 773 1448 et
797 1415 880 1460 per
902 1415 1198 1461 consequens
1220 1403 1389 1448 sedens
1418 1403 1478 1448 ad
1500 1403 1738 1449 dexteram
1772 1404 1943 1461 PatriS,
1978 1404 2042 1450 ita

153 1470 308 1510 tamen
328 1464 454 1523 quod
473 1465 520 1522 ly
538 1465 783 1508 secundum
803 1465 923 1521 quod
943 1478 1036 1509 non
1056 1465 1270 1522 designet
1291 1464 1604 1509 conditionem
1623 1469 1817 1517 naturae,
1835 1465 1917 1510 sed
1936 1465 2040 1510 uni-

154 1530 296 1573 tatem
323 1527 566 1584 suppositi,
604 1530 658 1572 01
689 1539 830 1583 supra
863 1527 1039 1572 dictum
1070 1531 1140 1573 est
1175 1530 1357 1583 (quaest.
1382 1540 1468 1583 xv1,
1500 1532 1585 1571 art.
1611 1530 1695 1582 10).
1720 1527 1867 1571 Tertio
1901 1528 2041 1573 modo

153 1592 304 1646 potest
340 1589 590 1646 praedictus
622 1600 840 1632 accessus
877 1588 1069 1645 intelligi
1109 1589 1368 1633 secundum
1392 1588 1587 1645 gratiam
1611 1588 1910 1645 habitualem,
1935 1602 2041 1646 quae

154 1650 462 1696 abundantior
480 1655 551 1695 est
584 1650 634 1694 in
670 1650 849 1694 Christo
880 1662 978 1707 prae
1011 1650 1230 1695 omnibus
1261 1651 1363 1694 aliis
1396 1650 1635 1706 creaturis,
1660 1650 1893 1695 intantum
1915 1651 2042 1708 quod

153 1713 255 1771 ipsa
270 1717 438 1758 natura
453 1712 720 1757 1101000010
743 1711 920 1756 Christo
937 1717 1009 1757 est
1022 1712 1200 1758 beatior
1214 1712 1393 1757 caeteris
1406 1712 1646 1769 creaturis,
1668 1717 1713 1757 et
1727 1725 1869 1769 super
1877 1724 2041 1758 omnes

153 1774 268 1819 alias
299 1779 536 1820 creaturas
558 1774 739 1818 habens
759 1774 935 1830 regiam
954 1778 1002 1820 et
1024 1774 1321 1831 J‘udiciariam
1354 1778 1649 1831 potestatem.
1670 1797 1727 1807 —
1749 1775 1821 1818 Sic
1842 1774 1983 1831 igitur
1999 1776 2040 1820 si

152 1837 202 1895 ly
213 1838 458 1882 secundam
476 1837 595 1893 quod
617 1836 828 1892 designet
850 1836 1161 1882 conditionem
1179 1841 1370 1892 naturae,
1393 1837 1616 1892 Christus,
1629 1835 1898 1899 0000011010
1915 1836 2041 1893 quod

152 1900 288 1956 DeuS,
312 1899 444 1945 sedet
472 1898 532 1943 ad
563 1898 803 1944 dexteram
833 1898 995 1956 Patris,
1018 1899 1066 1944 id
1091 1903 1179 1955 est,
1203 1899 1251 1943 10
1281 1898 1545 1955 aequalitate
1574 1898 1746 1954 Patris3
1779 1898 2040 1943 secundum

153 1965 308 2005 autem
330 1959 457 2019 quod
476 1960 630 2016 hom0,
653 1959 784 2004 sedet
805 1959 865 2005 ad
879 1959 1118 2005 dexteram
1141 1960 1301 2016 Patria,
1324 1960 1368 2005 id
1393 1965 1478 2015 est,
1501 1960 1550 2003 in
1570 1959 1707 2003 bonis
1727 1960 1934 2016 paternis
1952 1973 2040 2016 po-

151 2021 347 2066 tioribus
367 2033 464 2080 prae
472 2021 650 2066 caeteris
665 2021 905 2078 creaturis,
930 2021 979 2066 id
995 2026 1080 2079 est,
1095 2022 1143 2066 in
1162 2021 1327 2079 maJori
1346 2020 1646 2077 beatitudine,
1662 2025 1708 2064 et
1723 2021 1901 2066 habens
1910 2021 2040 2078 ,iudi-

152 2082 340 2128 ciariam
385 2087 661 2140 potestatem
705 2085 779 2138 (1).
816 2083 860 2127 Si
895 2084 1007 2129 vero
1036 2083 1086 2141 ly
1118 2084 1362 2128 secundam
1403 2083 1523 2137 quod
1562 2082 1776 2138 designet
1812 2082 2039 2129 unitatem

153 2144 394 2202 suppositi,
423 2144 491 2189 sic
528 2144 664 2188 etiam
702 2144 962 2189 secundum
996 2144 1121 2202 quod
1154 2146 1309 2199 homo,
1344 2143 1476 2187 sedet
1511 2143 1572 2188 ad
1606 2144 1845 2188 dexteram
1875 2145 2035 2202 Patris,

153 2206 412 2251 secundum
442 2206 754 2262 aequalitatem
780 2207 986 2263 honoris,
1007 2206 1285 2263 inquantum
1309 2205 1486 2249 scilic-et
1510 2205 1673 2249 eodem
1699 2206 1874 2250 honore
1894 2218 2039 2251 vene-

153 2279 312 2312 ramur
348 2267 504 2324 ipsum
538 2268 703 2312 Filium
744 2268 822 2313 Dei
862 2280 969 2313 cum
1008 2272 1176 2312 natura
1209 2272 1462 2322 assumpta,
1497 2270 1551 2310 ut
1580 2279 1723 2323 supra
1758 2267 1933 2312 dictum
1969 2273 2039 2313 est

155 2331 170 2384 (
236 2334 334 2375 aest.
357 2342 455 2385 xxv,
471 2333 558 2374 art.
578 2331 636 2384 1).

170 2340 273 2436 qu
288 2394 489 2448 primum
514 2402 625 2447 ergo
654 2390 918 2447 dicendum,
940 2390 1066 2447 qued
1086 2389 1355 2435 humanitas
1387 2388 1551 2433 Christi
1581 2390 1841 2435 secundum
1873 2391 2038 2436 condi-

155 2452 302 2497 tiones
321 2464 419 2497 suae
447 2457 627 2496 naturae
652 2464 747 2495 non
778 2452 918 2496 habet
945 2451 1139 2508 gloriam
1159 2451 1233 2496 vel
1251 2451 1475 2495 honorem
1494 2450 1692 2507 deitatis,
1719 2463 1860 2508 quam
1879 2456 2035 2497 tamen

151 2513 292 2560 habet
307 2514 484 2559 ratione
502 2526 713 2572 personae
746 2513 822 2559 cui
845 2514 1021 2559 unitur.
1045 2514 1173 2559 Unde
1192 2513 1364 2558 ibidem
1381 2515 1693 2557 Damascenus
1715 2512 1875 2559 subdit
1899 2528 1909 2556 ι
1940 2533 1959 2551 «
1986 2517 2035 2559 ln

152 2587 260 2634 qua,
282 2595 303 2616 ι»
321 2576 494 2622 scilicet
508 2576 654 2632 gloria
674 2576 878 2634 deitatis,
906 2594 929 2616 κ
946 2577 1025 2621 Dei
1044 2576 1184 2621 Filius
1203 2576 1408 2620 existens
1428 2578 1536 2619 ante
1557 2575 1742 2631 saecula,
1763 2579 1817 2620 ut
1835 2578 1969 2632 Deus,
1991 2581 2037 2621 et

152 2637 271 2683 Patri
287 2638 712 2695 consubstantialis,
733 2638 865 2685 sedet
877 2638 1224 2696 conglorificata
1240 2649 1380 2682 carne
1401 2636 1533 2694 eJ'us3
1555 2637 1773 2682 adoratur
1799 2637 1925 2682 enim
1943 2640 2037 2682 una

153 2699 422 2746 adoratione
439 2713 547 2746 cum
570 2714 709 2746 carne
725 2714 810 2746 sua
828 2700 888 2746 ab
911 2701 1038 2747 omni
1060 2706 1289 2746 creatura.
1311 2719 1332 2740 n

207 2761 275 2807 Ad
293 2762 534 2806 secundum
554 2762 818 2820 dicendum,
839 2763 965 2821 quod
986 2763 1210 2819 Christus,
1233 2760 1492 2807 secundum
1515 2759 1640 2817 quod
1671 2760 1827 2816 homo,
1855 2759 2036 2818 subjec-

153 2825 231 2867 tus
250 2826 323 2868 est
352 2822 487 2879 Patri,
510 2828 648 2880 prout
673 2823 722 2881 ly
739 2826 985 2868 secundam
1018 2826 1139 2881 quod
1172 2824 1385 2879 designat
1414 2821 1726 2867 conditionem
1748 2826 1927 2867 naturae
1953 2835 1967 2868 :
1990 2827 2036 2868 et

154 2884 410 2930 secundum
430 2885 520 2929 hoc
538 2897 631 2929 non
642 2886 911 2942 competitei
927 2887 1088 2932 sedere
1107 2887 1162 2931 ad
1179 2886 1416 2931 dexteram
1431 2885 1591 2941 Patris,
1614 2884 1872 2929 secundum
1893 2884 2036 2930 ratio-

154 2957 263 2992 nem
278 2946 568 3004 aequalitatis,
594 2948 851 2992 secundum
871 2949 996 3006 qued
1021 2956 1092 2992 est
1108 2949 1261 2993 homo.
1289 2948 1359 2992 Sic
1379 2951 1534 2991 autem
1552 2946 1770 3002 competit
1798 2945 1841 2990 ei
1872 2947 2034 2992 sedere

154 3007 213 3053 ad
243 3007 480 3053 dexteram
515 3008 675 3063 Patris,
696 3009 953 3055 secundum
975 3010 1099 3067 qued
1129 3022 1211 3067 per
1227 3009 1316 3053 1100
1338 3009 1610 3063 designatur
1632 3007 1904 3052 excellentia
1927 3008 2035 3053 bea-

153 3067 378 3123 titudinis,
397 3073 443 3114 et
458 3068 702 3126 Judiciaria
724 3074 928 3126 potestas
947 3084 1089 3128 super
1107 3083 1294 3115 omnem
1313 3075 1588 3114 creaturam.

207 3130 274 3176 Ad
293 3133 476 3175 tertium
498 3131 756 3184 dicendum,
789 3132 913 3189 quod
940 3146 1044 3179 esse
1071 3134 1118 3177 in
1156 3132 1412 3190 aequalitate
1443 3131 1588 3176 Patris
1622 3143 1717 3176 non
1754 3131 1953 3187 pertinet
1976 3132 2034 3176 ad

152 3203 300 3249 ipsam
319 3196 533 3238 naturam
554 3194 807 3237 humanam
831 3194 1010 3251 Christi,
1035 3195 1117 3240 sed
1140 3196 1291 3239 solum
1321 3195 1379 3239 ad
1409 3205 1656 3251 personam
1686 3198 2029 3249 assumentem3

153 3254 236 3300 sed
257 3266 362 3299 esse
389 3254 438 3299 in
455 3255 710 3312 potioribus
729 3255 864 3300 bonis
879 3257 972 3313 Dei,
998 3258 1254 3302 secundum
1275 3257 1402 3314 quod
1420 3257 1638 3312 importat
1652 3268 1897 3301 excessum
1917 3255 2032 3298 alia-

153 3328 258 3361 rum
277 3320 607 3373 creaturarum,
630 3317 847 3362 convenit
860 3317 999 3362 etiam
1016 3319 1104 3375 ipsi
1124 3325 1302 3364 naturae
1321 3325 1587 3375 assumptae.

196 3418 240 3460 (1)
261 3417 357 3452 Unde
383 3418 419 3452 in
437 3418 518 3453 festo
538 3420 748 3455 Ascensionis
771 3421 788 3454 0
812 3420 983 3455 sacerdote
1014 3421 1049 3454 in
1136 3425 1209 3455 tam
1224 3421 1293 3455 sibi
1317 3421 1538 3464 fragilitatis
1559 3422 1699 3453 nostrae
1720 3419 1965 3453 substantiam
1989 3418 2032 3453 in

171 3477 247 3500 acro
270 3466 377 3502 missae
398 3478 524 3502 canone
550 3466 676 3502 dicitur
695 3468 845 3503 :Filius
873 3467 942 3498 Dei
963 3465 1052 3499 unj—
1133 3467 1258 3508 aleria
1278 3469 1407 3503 Patris
1423 3469 1577 3503 deaeaeera
1593 3467 1801 3502 collocasse.
