2170 3808
159 248 242 290 1⁶20
828 242 1026 294 QUAEST.
1056 242 1171 296 XIII,
1202 241 1321 284 ART.
1356 243 1389 284 1.

187 329 531 370 ARTICULUS
548 329 585 369 1.
602 350 655 357 -—
683 339 821 368 ornum
847 337 971 367 mim
995 336 1156 367 cnmsri
1175 336 1380 366 afflui-:mr
1403 335 1733 366 omnmo‘rmrmt
1756 335 2028 368 sinnicii-m.

161 395 209 430 De
224 395 279 429 his
291 395 393 429 etiam
405 386 506 434 infra,
521 398 589 429 art.
605 394 627 428 5
641 393 742 433 hujus
758 397 875 434 quaest.
895 398 929 427 et
944 396 1061 434 quaest.
1085 400 1164 434 xm,
1189 391 1279 426 arm
1297 391 1352 434 ad,
1368 395 1402 426 et
1418 393 1512 427 Sent.
1534 402 1568 433 1,
1593 392 1673 426 dist.
1690 392 1735 432 ,5,
1752 396 1869 433 quaest.
1887 400 1900 426 1
1916 419 1925 433 .
1941 396 2006 428 art.
2023 393 2056 437 2,

720 446 838 483 quaest.
859 449 899 483 11,
916 447 950 475 et
964 449 1018 481 11¹,
1040 440 1118 474 dist.
1132 440 1188 481 Μ,
1204 443 1321 480 quaest.
1340 447 1364 479 1,
1384 444 1451 474 art.
1462 441 1497 476 4.

215 501 278 548 Ad
303 503 505 559 primum
530 502 599 547 sic
613 503 898 559 proceditur.
923 506 966 547 1.
988 502 1177 547 Videtur
1198 499 1323 557 qued
1357 501 1511 545 anima
1530 500 1694 545 Christi
1714 500 1929 546 habuerit
1956 513 2059 546 om·-

159 564 480 620 nipotentiam.
502 564 615 609 Dicit
630 565 754 610 enim
775 565 1046 610 Ambrosius
1064 576 1206 620 super
1225 567 1333 608 Luc.
1354 563 1568 617 (habetur
1583 564 1630 607 in
1651 563 1798 607 Gloss.
1815 563 1935 619 ord„
1952 576 2056 621 sup.

155 625 273 671 «illud
294 629 401 670 Luc.
425 641 438 671 1
460 643 471 671 ι
493 631 580 671 Hic
598 630 686 671 erit
709 629 942 684 maqnus):
969 626 1257 670 «Potentiam
1277 637 1418 682 quam
1439 626 1517 670 Dei
1537 626 1676 670 Filius
1692 625 1964 670 naturaliter
1974 626 2059 670 ha·
2130 639 2131 642 ¹

159 687 254 744 bet,
285 690 423 733 homo
454 694 554 734 erat
572 702 630 735 ex
651 694 859 746 tempore
888 693 1182 746 accepturus.
1215 707 1236 727 »
1264 687 1352 732 Sed
1377 688 1463 732 hoc
1490 688 1722 745 praecipue
1753 688 1936 732 videtur
1955 700 2059 733 esse

161 751 421 795 secundum
444 752 667 808 animam,
689 765 795 809 quae
813 756 885 796 est
902 751 1052 807 potior
1070 763 1180 807 pars
1209 749 1428 794 hominis.
1453 751 1565 794 Csim
1592 762 1705 807 ergo
1727 750 1869 795 Filius
1897 749 1976 795 Dei
1998 750 2060 795 ab

159 817 338 857 aeterno
361 814 749 871 omnipotentiam
770 813 984 858 habuerit
1000 847 1013 872 ,
1038 813 1223 857 videtur
1241 811 1370 869 quod
1398 813 1551 857 anima
1576 813 1742 858 Christi
1764 824 1823 856 ex
1851 816 2060 869 tempore
2112 812 2127 863 J

159 875 550 931 omnipotentiam
572 876 817 933 acceperit.
2131 911 2133 915 Α

215 940 258 981 ⁶2.
288 940 528 995 Praeterea,
546 938 668 983 sicut
687 938 893 995 potentia
909 938 983 983 Dei
1003 943 1076 982 est
1095 937 1292 993 infinita,
1317 937 1383 982 ita
1405 938 1543 983 etiam
1561 943 1606 983 et
1621 938 1723 994 ers
1739 937 1947 982 scientia.
1971 938 2059 982 Sed
2108 962 2110 964 ·

160 1000 316 1043 anima
335 1000 498 1044 Christi
514 1001 654 1046 habet
674 1001 1019 1058 quodammodo
1042 1000 1285 1045 scientiam
1306 999 1516 1044 omnium
1536 1013 1641 1057 quae
1663 1001 1751 1045 scit
1774 1001 1896 1044 Deus
1913 1002 1989 1055 (1),
2004 1005 2058 1044 ut

160 1073 303 1117 supra
321 1062 497 1106 dictum
518 1068 589 1107 est
612 1065 792 1119 (quaest.
813 1076 865 1119 x,
885 1066 971 1107 art.
997 1063 1057 1117 2).
1077 1064 1196 1117 Ergo
1215 1061 1354 1105 etiam
1374 1061 1514 1106 habet
1543 1061 1750 1106 omnium
1775 1061 2053 1118 potentiam;

160 1123 288 1167 etita
305 1129 376 1168 est
396 1125 708 1181 omnipotens.

216 1187 258 1229 3.
292 1187 533 1243 Praeterea,
565 1186 721 1231 anima
749 1187 915 1231 Christi
946 1186 1086 1232 habet
1117 1197 1303 1231 omnem
1340 1185 1600 1231 scientiam.
1638 1186 1727 1231 Sed
1758 1184 2058 1230 scientiarum

160 1246 374 1303 quaedam
399 1253 472 1292 est
503 1249 724 1307 practica,
745 1249 961 1306 quaedam
984 1249 1286 1306 speculativa.
1310 1251 1430 1303 Ergo
1450 1249 1592 1293 habet
1620 1260 1782 1293 eorum
1811 1260 1917 1305 quae
1941 1247 2056 1303 scit,

160 1308 403 1353 scientiam
429 1310 706 1367 practicam3
732 1316 785 1356 ut
812 1311 988 1356 scilicet
1022 1310 1140 1355 sciat
1169 1310 1322 1355 facere
1351 1323 1407 1355 ea
1434 1322 1540 1367 quae
1566 1311 1674 1367 scit3
1707 1315 1753 1355 et
1783 1310 1850 1355 sic
1878 1309 2057 1354 videtur

160 1369 283 1427 quod
308 1372 465 1416 omnia
483 1372 637 1417 facere
653 1373 816 1430 possit.

216 1433 303 1478 Sed
327 1437 502 1490 contra,
528 1434 642 1480 illud
660 1435 785 1491 quod
801 1439 874 1480 est
891 1436 1132 1492 proprium
1147 1434 1240 1491 Del,
1258 1447 1353 1479 non
1371 1439 1524 1492 potest
1542 1435 1681 1480 alicui
1703 1440 1928 1480 creaturae
1942 1445 2058 1478 con-

159 1496 336 1540 venire.
365 1497 454 1540 Sed
472 1497 712 1554 proprium
737 1502 809 1543 est
828 1499 906 1543 Dei
937 1510 1040 1543 esse
1064 1497 1450 1555 omnipotentem,
1478 1498 1741 1543 secundum
1763 1498 1878 1542 illud
1897 1496 2056 1551 (Exod-

159 1571 233 1614 xv,
253 1560 293 1612 2)
313 1573 325 1602 :
348 1561 442 1602 Iste
466 1563 588 1603 Deus
617 1573 765 1618 meus,
791 1564 835 1604 et
864 1560 1128 1617 ylorz‘ficabo
1161 1573 1262 1603 eum
1274 1575 1293 1617 ,·
1315 1565 1363 1606 et
1379 1564 1542 1617 postea
1569 1560 1789 1605 subditur
1808 1574 1820 1605 :
1843 1563 2058 1615 Omnipo-

158 1623 256 1663 tens
274 1633 437 1665 nomen
460 1624 574 1678 ejus.
599 1623 718 1679 Ergo
737 1622 894 1667 anima
917 1622 1111 1679 Christi,
1132 1625 1241 1667 cum
1274 1622 1335 1667 sit
1362 1628 1594 1682 creatura,
1622 1635 1717 1667 non
1739 1621 1881 1667 habet
1907 1621 2057 1666 omni-
2119 1627 2125 1630 “

159 1683 433 1737 potentiam.

207 1758 497 1798 CONCLUSIO.
521 1781 569 1787 -
594 1758 696 1799 Cum
711 1758 852 1799 anima
867 1758 1021 1799 Christi
1038 1759 1093 1799 sit
1108 1771 1200 1811 pars
1214 1759 1410 1800 humanae
1435 1764 1608 1810 naturae,
1623 1759 1878 1812 impossibile
1889 1761 1950 1799 est
1966 1770 2056 1799 eam

158 1815 457 1867 omnipotentia
475 1826 560 1855 esse
582 1816 810 1867 praeditam.

215 1878 487 1934 Respondeo
505 1878 757 1923 dicendum
770 1879 910 1936 quod,
932 1881 1055 1924 sicut
1073 1893 1215 1938 supra
1228 1881 1403 1927 dictum
1421 1885 1494 1926 est
1509 1882 1692 1937 (quaest.
1717 1893 1763 1936 u,
1784 1883 1871 1924 art.
1887 1883 1908 1924 1
1932 1883 1978 1924 et
1991 1882 2054 1936 2),

158 1939 207 1983 in
237 1939 462 1997 mysterio
481 1940 821 1985 Incarnationis
848 1941 910 1985 ita
933 1942 1063 1996 {facta
1091 1948 1163 1987 est
1183 1943 1296 1987 unio
1325 1943 1371 1986 in
1402 1955 1632 2000 persona,
1657 1942 1782 1999 quod
1805 1948 1961 1986 tamen
1982 1955 2056 1987 re-

158 2002 333 2045 mansit
363 2001 598 2046 distinctio
631 2007 933 2061 naturarum,
969 2006 1171 2061 utraque
1208 2005 1384 2050 scilicet
1413 2008 1582 2049 natura
1603 2005 1831 2049 retinente
1852 2005 1901 2049 id
1929 2005 2057 2061 quod

159 2063 247 2108 sibi
270 2068 342 2108 est
362 2065 619 2121 proprium.
650 2065 859 2110 Potentia
880 2071 1036 2111 autem
1071 2068 1222 2111 activa
1245 2068 1496 2124 cujuslibet
1523 2068 1586 2111 rei
1621 2067 1833 2123 sequitur
1855 2067 2055 2111 formam

159 2125 323 2183 ipsius,
348 2138 455 2183 quae
476 2132 548 2171 est
580 2127 863 2184 principium
883 2129 1053 2185 agendi
1075 2131 1146 2184 (2).
1181 2132 1345 2174 Forma
1368 2137 1524 2173 autem
1555 2129 1631 2174 vel
1660 2136 1732 2173 est
1759 2129 1861 2185 ipsa
1888 2136 2055 2174 natura

159 2188 243 2245 rei7
269 2188 391 2232 sicut
421 2188 470 2232 in
501 2187 821 2246 simplicibus3
846 2191 922 2234 vel
945 2196 1016 2235 est
1038 2191 1331 2236 constituens
1356 2192 1504 2248 ipsam
1543 2191 1610 2236 rei
1640 2196 1875 2246 naturam,
1909 2191 1955 2235 in
1982 2193 2055 2238 his

159 2251 336 2295 scilicet
365 2263 472 2307 quae
504 2256 618 2295 sunt
645 2252 903 2308 composita
925 2265 984 2297 ex
1007 2254 1202 2297 materia
1224 2259 1271 2298 et
1302 2255 1469 2298 forma.
1494 2254 1624 2298 Unde
1654 2254 1950 2298 manifestum
1982 2262 2054 2300 est

160 2311 286 2368 quod
318 2311 526 2368 potentia
559 2312 711 2356 activa
740 2313 992 2369 cujuslibet
1022 2315 1088 2359 rei
1120 2315 1423 2373 consequitur
1451 2322 1666 2360 naturam
1697 2316 1861 2372 ipsius.
1895 2317 1951 2360 Et
1972 2330 2056 2374 per

158 2374 286 2418 hunc
308 2374 500 2418 modum
522 2375 860 2430 omnipotentia
891 2382 1247 2434 consequenter.
1264 2390 1315 2422 se
1337 2378 1477 2423 habet
1496 2379 1554 2422 ad
1577 2377 1784 2422 divinam
1818 2384 2051 2424 naturam-

161 2435 274 2489 Quia
288 2435 411 2479 enim
432 2439 601 2480 natura
618 2434 775 2480 divina
790 2441 862 2481 est
879 2437 1033 2493 ipsum
1053 2450 1159 2483 esse
1180 2440 1258 2484 Dei
1279 2439 1749 2496 incircumscriptum,
1766 2444 1821 2484 ut
1834 2444 1957 2496 patet
1971 2453 2055 2497 per

158 2497 431 2554 Dionysium
452 2499 529 2551 (De
548 2497 644 2542 div.
668 2510 799 2542 nom.
821 2511 924 2556 cap.
947 2504 991 2555 5,
1016 2499 1124 2545 lect.
1147 2505 1190 2556 1,
1214 2502 1339 2546 circa
1360 2502 1519 2558 med.)‚
1551 2501 1660 2547 inde
1677 2506 1748 2546 est
1765 2501 1891 2559 quod
1915 2502 2055 2548 habet

158 2559 414 2616 potentiam
433 2558 633 2603 activam
656 2566 873 2616 respectu
895 2573 969 2605 om
977 2562 1106 2607 nium
1126 2576 1232 2621 quae
1249 2569 1449 2621 possunt
1471 2564 1642 2609 habere
1659 2564 1887 2608 rationem
1904 2563 2050 2608 entis:

159 2623 285 2677 quod
307 2626 379 2666 est
402 2622 572 2666 habere
595 2621 979 2678 omnipotentiam
1002 2638 1013 2666 ε
1035 2624 1157 2669 sicut
1187 2629 1234 2670 et
1268 2626 1487 2683 quaelibet
1511 2626 1600 2670 alia
1622 2638 1698 2671 res
1730 2626 1869 2671 habet
1889 2631 2053 2682 poten-

159 2684 271 2728 tiam
296 2684 493 2727 activam
518 2689 732 2740 respectu
759 2696 920 2728 eorum
952 2685 1011 2730 ad
1032 2699 1137 2742 quae
1167 2699 1219 2732 se
1245 2688 1456 2733 extendit
1482 2688 1703 2745 perfectio
1727 2700 1826 2732 suae
1847 2693 2050 2743 naturae,

158 2746 280 2790 sicut
301 2745 503 2790 calidum
523 2745 583 2790 ad
603 2744 987 2792 calefaciendum.
1006 2749 1118 2792 Ctim
1145 2750 1288 2805 igitur
1309 2751 1465 2794 anima
1488 2750 1654 2794 Christi
1674 2748 1735 2795 sit
1751 2762 1862 2807 pars
1885 2750 2053 2795 huma-

158 2822 234 2853 nae
247 2813 442 2866 naturae,
466 2807 757 2864 impossibile
781 2812 852 2852 est
878 2810 1006 2866 quod
1025 2812 1411 2869 omnipotentiam
1433 2813 1618 2858 habeat.

211 2871 279 2917 Ad
298 2874 496 2928 primum
518 2883 630 2927 ergo
660 2871 926 2928 dicendum,
948 2874 1074 2930 quod
1100 2875 1239 2920 homo
1261 2877 1441 2934 accepit
1459 2888 1518 2921 ex
1536 2880 1744 2932 tempore
1762 2875 2054 2933 omnipoten-

161 2935 286 2990 tiam3
309 2946 450 2991 quam
476 2933 617 2978 Filius
648 2933 724 2977 Dei
755 2933 920 2978 hahuit
942 2935 1003 2979 ab
1026 2940 1201 2982 aeterno
1219 2951 1303 2995 per
1323 2939 1471 2996 ipsam
1497 2938 1721 2982 unionem
1741 2950 1972 2995 personae3
1993 2950 2053 2984 ex

158 3007 251 3052 qua
277 2995 449 3039 factum
482 3002 571 3053 est,
590 2999 644 3038 ut
677 2995 799 3039 sicut
831 2996 971 3041 homo
994 2997 1326 3055 diciturneus,
1355 3001 1420 3045 ita
1448 2999 1630 3046 dicatur
1655 3000 2052 3056 omnipotense(3);

157 3069 250 3101 non
275 3057 407 3113 quasi
428 3057 488 3101 sit
506 3056 595 3100 alia
614 3057 953 3113 omnipotentia
975 3058 1178 3106 hominis
1197 3063 1339 3118 quam
1362 3063 1459 3107 Filii
1478 3062 1574 3119 Dei,
1592 3061 1713 3107 sicut
1732 3074 1819 3107 nec
1840 3061 1930 3105 alia
1948 3061 2055 3106 Dei-

158 3124 252 3171 tasz
272 3119 356 3163 sed
375 3119 430 3163 eo
453 3119 580 3175 quod
602 3122 675 3163 est
696 3132 790 3163 una
808 3132 1009 3176 persona
1027 3122 1104 3167 Dei
1128 3128 1174 3168 et
1191 3125 1410 3170 hominis.

197 3257 239 3297 (4)
258 3255 428 3298 Ωΰθῦῒὺῐῐὶ
451 3255 490 3288 ³1¹
515 3266 551 3288 0³
577 3267 651 3296 (1¹1ae
676 3255 738 3290 ⁵032
764 3257 854 3291 Deus
867 3269 927 3298 Der
951 3257 1059 3293 scien·
1145 3262 1226 3305 agit,
1240 3275 1299 3298 seu
1314 3263 1403 3305 quod
1419 3263 1514 3298 elicit
1528 3263 1708 3303 actionem,
1724 3261 1781 3295 sed
1801 3261 1908 3296 forma
1930 3260 1965 3295 id
1982 3272 2054 3301 quot

156 3305 239 3338 tiam
253 3302 403 3343 visionis,
422 3314 491 3336 non
510 3306 622 3336 autem
640 3315 713 3344 quae
731 3304 794 3339 scit
809 3317 871 3345 per
883 3306 1061 3341 scientiam
1145 3311 1226 3349 agit,

155 3350 318 3392 Shuplicis
342 3349 596 3390 Ῐῑῐῐθῐὶῖἕθῐὶῑὶθθ,
619 3355 659 3384 ut
676 3350 790 3385 Videre
807 3357 854 3385 est
877 3352 1005 3394 (quaest.
1024 3363 1060 3394 X,
1187 3360 1231 3400 (5)
1251 3359 1392 3394 Ratione
1420 3356 1737 3392 communicationis
1764 3356 1985 3395 idiomatum,
2013 3356 2048 3390 id

155 3407 219 3434 art-
234 3399 279 3437 2)·
1144 3408 1234 3448 quod
1262 3408 1303 3441 ad
1322 3412 1501 3448 utramque
1529 3410 1684 3440 naturam
1710 3404 1860 3445 pertinet
1879 3404 2048 3445 supposito

157 3494 162 3500 ·
193 3445 468 3523 (SssQI'rissciDiUJn
493 3456 564 3488 (1Ήο
589 3446 820 3493 ίθΠῐὺΠῐ,,ῐ1οΠ
844 3449 940 3496 quod
955 3465 963 3494 3
981 3449 1061 3490 (luia
1147 3455 1325 3496 tribuitur,
1344 3459 1379 3489 et
1400 3455 1480 3489 inde
1504 3453 1544 3488 fit
1563 3459 1602 3487 ut
1627 3453 1778 3487 Christus
1804 3454 1893 3487 recte
1911 3455 2049 3488 vocetur

155 3500 190 3523 m
216 3488 367 3524 1V1duum
384 3488 522 3529 quidem
542 3487 595 3523 vel
618 3494 831 3530 supposntum
847 3496 897 3523 est
915 3490 951 3524 id
970 3491 1062 3532 quod
1146 3503 1369 3539 omniuotens·
