2170 3808
204 238 259 280 32
787 235 988 288 QUAEST.
1021 235 1077 290 ΙΙ,
1109 236 1226 278 ART.
1260 235 1314 278 XI
1341 235 1407 278 ET
1434 235 1522 279 xli.

205 316 488 361 carnationis
532 316 807 373 mysterium
850 320 922 360 est
968 315 1248 372 principium
1293 314 1501 360 merendi
1521 329 1534 371 ς
1570 314 1682 372 quia
1723 314 1779 358 de
1816 314 2105 375 plenitudine

208 379 382 423 Christi
396 391 545 421 omnes
560 380 830 434 accepimus,
856 382 909 421 ut
930 376 1099 421 dicitur
1118 379 1261 432 (Joan.
1286 391 1315 433 1,
1341 379 1426 431 16).

260 440 326 485 Ad
349 442 532 483 tertium
562 439 828 494 dicendum,
857 438 983 494 quod
1009 437 1144 482 beata
1163 438 1298 494 Virgo
1320 437 1488 482 dicitur
1509 437 1738 482 meruisse
1757 440 1940 492 portare
1954 435 2106 480 Domi-

207 515 319 547 num
347 501 574 553 omnium,
597 514 691 545 non
711 501 821 558 quia
843 501 1014 545 meruit
1035 501 1190 557 ipsum
1213 499 1473 553 incarnari,
1497 499 1581 544 sed
1601 499 1713 556 quia
1729 497 1901 543 meruit
1923 510 1981 542 ex
1998 509 2108 553 gra·

206 565 270 611 tia
288 565 374 610 sibi
401 565 507 609 data
530 564 662 608 illum
684 563 898 622 puritatis
921 569 968 608 et
990 563 1249 608 sanctitatis
1278 562 1493 619 gradum,
1523 566 1576 607 ut
1596 561 1804 619 congrue
1823 565 1982 618 posset
2002 571 2107 606 esse

205 633 355 673 mater
373 626 451 671 Dei
479 627 555 682 (1).

205 698 551 741 ARTICULUS
572 698 678 739 ΧΠ.
700 720 754 727 -
780 709 916 739 uranu
946 706 1093 738 GRATIA
1123 707 1289 737 unionis
1308 706 1455 736 rusmr
1476 705 1623 736 nomm
1651 704 1828 736 cumsro
1858 691 2105 736 NATunAms'

205 765 254 800 De
271 765 325 801 his
338 766 440 799 etiam
453 764 556 807 infra,
572 770 688 807 quaest.
700 772 763 807 vn,
777 771 844 800 art.
858 764 902 799 45
918 763 960 798 ad
973 763 1006 805 2,
1026 766 1062 797 et
1075 767 1197 844 qutist2.
1207 770 1325 804 xxxiv,
1336 765 1400 797 art.
1415 761 1438 796 5
1452 760 1494 796 ad
1503 760 1538 803 2.
1550 764 1586 796 et
1594 761 1688 796 Sent.
1701 769 1754 801 111,
1770 760 1849 795 dist.
1864 761 1899 803 4,
1915 765 2033 803 quast.
2050 768 2103 802 m.

1086 821 1124 844 ar
1144 837 1152 845 .
1199 836 1208 845 .

258 874 324 920 Ad
345 875 672 921 duodecimum
691 873 759 917 sic
777 872 1057 929 proceditur.
1073 875 1117 916 1.
1136 870 1324 916 Videtur
1336 869 1462 926 quod
1480 869 1629 927 gratia
1647 869 1837 914 unionis
1856 881 1952 913 non
1966 869 2105 916 fuerit

205 937 379 982 homini
400 938 575 982 Christo
596 934 837 980 naturalis.
862 934 977 979 Unio
997 934 1124 979 enim
1145 931 1483 977 incarnationis
1505 944 1600 976 non
1625 935 1699 976 est
1711 931 1834 976 facta
1848 931 1897 975 in
1917 937 2103 988 natura,

204 999 351 1044 sedin
373 1012 589 1057 persona,
613 1004 667 1042 ut
686 997 861 1042 dictum
883 1002 955 1042 est
971 998 1073 1052 (art.
1099 999 1126 1040 Ξ
1154 994 1253 1053 huj.
1278 996 1480 1052 quaest).
1506 994 1594 1039 Sed
1622 993 1994 1050 unumquodque
2020 993 2104 1039 de-

206 1061 474 1106 nominatur
493 1061 521 1105 a
550 1059 763 1105 termino.
786 1062 906 1115 Ergo
939 1058 1088 1114 gratia
1119 1057 1198 1101 illa
1220 1056 1372 1111 magis
1391 1055 1530 1101 debet
1556 1055 1646 1101 dici
1682 1055 1939 1112 personalis
1961 1056 2102 1114 quam

204 1122 444 1168 naturalis.
768 1139 774 1148 ·

258 1187 303 1229 2.
334 1186 573 1242 Praeterea,
597 1183 746 1241 gratia
766 1182 987 1227 dividitur
1008 1186 1172 1226 contra
1199 1185 1415 1225 naturam
1437 1196 1449 1225 ε
1474 1179 1597 1225 sicut
1626 1179 1844 1236 gratuita,
1867 1192 1973 1237 quae
1994 1185 2105 1225 sunt

204 1247 232 1292 a
249 1251 358 1305 Deo,
380 1248 734 1305 distinguuntur
754 1251 915 1291 contra
938 1245 1182 1301 naturalia,
1205 1257 1311 1302 quae
1327 1247 1439 1289 sunt
1460 1243 1488 1288 a
1511 1243 1739 1301 principio
1758 1243 2011 1288 intrinseco
2023 1246 2100 1297 (2).

205 1309 293 1355 Sed
315 1322 476 1355 eorum
500 1322 604 1366 quae
627 1323 682 1354 ex
713 1308 925 1365 opposito
955 1307 1244 1366 dividuntur,
1264 1318 1415 1351 unum
1443 1318 1539 1350 non
1559 1305 1887 1351 denominatur
1907 1305 1967 1350 ab
1994 1305 2101 1350 alio.

202 1373 322 1427 Ergo
336 1372 485 1427 gratia
502 1371 666 1416 Christi
685 1383 778 1415 non
800 1374 871 1415 est
893 1369 934 1414 ei
958 1368 1199 1413 naturalis.

259 1437 302 1478 3.
335 1435 575 1488 Praeterea,
603 1431 816 1477 naturale
844 1431 1014 1476 dicitur
1036 1431 1163 1488 quod
1187 1435 1260 1475 est
1281 1429 1544 1475 secundum
1577 1434 1809 1474 naturam.
1845 1429 1933 1475 Sed
1955 1429 2103 1486 gratia

203 1494 393 1539 unionis
426 1507 520 1539 non
545 1500 616 1539 est
643 1493 868 1538 naturalis
894 1493 1071 1538 Christo
1104 1492 1365 1538 secundum
1403 1496 1618 1536 naturam
1657 1491 1880 1549 divinam,
1905 1492 2014 1549 quia
2035 1492 2103 1537 sic

203 1556 472 1601 conveniret
489 1557 627 1601 etiam
647 1556 748 1600 aliis
765 1555 1006 1612 personis;
1031 1567 1116 1599 nee
1137 1555 1278 1600 etiam
1298 1554 1525 1599 naturalis
1543 1558 1615 1598 est
1634 1553 1674 1598 ei
1689 1553 1947 1599 secundum
1966 1558 2103 1599 natu-

202 1630 302 1662 ram
323 1619 595 1675 humanam,
616 1618 726 1676 quia
745 1617 813 1663 sic
827 1617 1099 1662 conveniret
1116 1617 1335 1663 omnibus
1354 1616 1639 1673 hominibUS,
1658 1617 1735 1673 qui
1761 1621 1872 1661 sunt
1890 1616 2101 1673 ejusdem

202 1685 380 1724 naturae
395 1692 503 1724 cum
523 1680 640 1737 ipso.
666 1679 811 1737 Igitur
823 1679 1007 1725 videtur
1023 1679 1150 1737 quod
1169 1679 1299 1724 nullo
1317 1680 1457 1725 modo
1477 1678 1625 1737 gratia
1639 1678 1829 1724 unionis
1847 1678 1907 1724 sit
1925 1678 2102 1724 Christo

202 1742 446 1787 naturalis.

259 1803 347 1848 Sed
387 1807 545 1847 contra
575 1808 646 1848 est
675 1803 802 1860 quod
829 1803 1120 1859 Augustinus
1144 1803 1255 1849 dicit
1276 1803 1475 1858 (Enchir.
1508 1815 1611 1860 cap.
1634 1805 1706 1857 40)
1731 1816 1743 1847 :
1773 1805 1860 1847 «ln
1882 1803 2102 1848 humanae

201 1871 380 1909 naturae
405 1866 699 1922 susceptione
717 1865 767 1910 fit
791 1865 1135 1923 quodammodo
1158 1865 1261 1922 ipsa
1285 1866 1433 1922 gratia
1452 1864 1518 1909 illi
1543 1864 1722 1909 homini
1747 1864 1988 1922 naturalis,
2010 1865 2102 1922 qua

201 1926 381 1971 nullum
406 1927 554 1983 possit
577 1927 820 1972 admittere
839 1932 1101 1984 peccatum.
1130 1945 1150 1964 υ

248 1994 541 2035 CONCLUSIO.
564 2017 613 2024 -
635 1995 740 2035 cum
770 1994 955 2034 humana
980 1996 1023 2034 in
1054 1994 1217 2034 Christo
1240 1999 1390 2035 natura
1411 1995 1435 2034 ὲ
1464 1994 1665 2045 principio
1683 1994 1959 2045 conceptionis
1977 1994 2103 2036 fuerit

200 2049 352 2088 divinae
376 2061 555 2101 personae
584 2050 729 2099 unita,
752 2050 973 2101 animaque
994 2050 1082 2102 ejus
1114 2050 1315 2090 habituali
1347 2051 1480 2101 gratia
1511 2048 1688 2101 repleta3
1714 2061 1797 2089 non
1827 2049 1908 2089 fuit
1938 2050 1983 2089 in
2011 2050 2102 2101 ipso

201 2105 263 2144 vel
288 2105 481 2154 unionis,
500 2105 564 2144 vel
585 2105 812 2144 habitualis
831 2106 962 2155 gratia
993 2106 1220 2153 naturalis,
1244 2106 1363 2156 quasi
1389 2116 1438 2145 ex
1467 2104 1663 2144 humanae
1695 2108 1854 2144 naturae
1885 2105 2101 2156 principiis

199 2162 359 2206 exorta;
381 2160 448 2199 sed
472 2163 646 2211 utraque
665 2161 797 2210 gratia
816 2161 875 2200 sic
893 2160 939 2198 in
959 2160 1032 2200 illo
1048 2159 1252 2200 naturalis
1271 2160 1397 2200 fuisse
1419 2159 1587 2208 dicitur,
1608 2159 1719 2210 quod
1734 2160 1758 2200 a
1777 2164 1925 2200 natura
1943 2160 2099 2210 divina;

198 2218 239 2253 et
257 2213 309 2253 ab
328 2214 440 2253 illius
462 2215 680 2254 nativitate
698 2215 740 2253 in
762 2226 809 2254 eo
831 2214 968 2254 fuerit,

253 2276 524 2331 Respondeo
559 2276 808 2321 dicendum
843 2276 996 2332 quod,
1029 2276 1291 2320 secundum
1325 2276 1655 2332 Philosophum
1688 2277 1908 2333 (Metaph.
1938 2277 2020 2322 lib.
2053 2292 2098 2334 v,

200 2343 308 2383 text.
336 2340 397 2393 5),
423 2343 590 2382 natura
614 2351 709 2382 uno
742 2338 882 2383 modo
904 2338 1072 2382 dicitur
1102 2338 1200 2394 ipsa
1230 2337 1470 2392 nativitas,
1496 2338 1586 2382 alio
1613 2338 1753 2383 modo
1782 2338 1987 2384 essentia
2012 2340 2097 2385 rei.

198 2399 327 2445 Unde
352 2399 562 2444 naturale
590 2405 742 2456 potest
763 2399 937 2456 aliquid
960 2398 1049 2444 dici
1078 2399 1325 2456 dupliciter
1346 2414 1357 2441 ι
1382 2412 1479 2444 uno
1501 2400 1640 2445 modo
1663 2400 1787 2458 quod
1814 2407 1886 2445 est
1916 2405 2098 2447 tantum

197 2473 257 2506 ex
288 2461 525 2518 principiis
550 2461 877 2506 essentialibus
898 2462 987 2516 rei,
1015 2461 1136 2506 sicut
1166 2462 1262 2518 igni
1297 2462 1509 2507 naturale
1537 2467 1608 2506 est
1631 2466 1818 2507 sursum
1847 2463 1982 2519 ferri3
2007 2464 2098 2510 alio

197 2523 336 2568 modo
360 2523 529 2567 dicitur
550 2535 655 2568 esse
683 2523 857 2568 homini
883 2524 1094 2567 naturale
1114 2524 1240 2580 quod
1266 2524 1325 2568 ab
1349 2524 1448 2580 ipsa
1470 2524 1707 2569 nativitate
1733 2525 1895 2581 habet3
1925 2538 2098 2571 secun-

198 2585 310 2630 dum
333 2585 447 2630 illud
468 2586 649 2642 (Ephes.
671 2599 722 2643 11,
743 2586 784 2640 3)
800 2599 812 2630 ε
826 2589 1024 2629 Eramus
1045 2588 1215 2629 natura
1236 2586 1322 2641 filii
1344 2589 1442 2643 irae,
1466 2593 1512 2631 et
1534 2589 1653 2645 (Sap.
1675 2601 1757 2643 xii,
1781 2591 1851 2642 10)
1867 2591 2097 2644 :Nequam

197 2651 262 2690 est
283 2650 410 2689 natio
433 2660 587 2690 eorum
611 2651 655 2690 et
680 2647 908 2690 naturalis
926 2648 1110 2691 malitia
1130 2651 1332 2703 ipsorum
1359 2650 1429 2703 (3).
1451 2648 1602 2693 Gratia
1626 2649 1766 2706 igitur
1785 2649 1972 2706 Christi,
1995 2650 2097 2696 sive

196 2707 402 2763 unionis,
427 2708 525 2753 sive
547 2708 812 2766 habitualis,
833 2721 928 2752 non
957 2713 1110 2765 potest
1131 2709 1220 2754 dici
1249 2710 1490 2767 naturalis,
1512 2711 1647 2768 quasi
1670 2716 1860 2765 causata
1881 2724 1939 2756 ex
1963 2712 2096 2768 prin—

196 2770 327 2828 cipiis
347 2773 564 2816 humanae
580 2776 757 2816 naturae
778 2771 825 2815 in
847 2771 1045 2827 Christ03
1067 2772 1282 2828 quamvis
1298 2773 1446 2829 possit
1460 2773 1549 2818 dici
1569 2773 1810 2832 naturalis,
1829 2774 1963 2831 quasi
1983 2787 2094 2832 pro-

195 2833 391 2878 veniens
418 2834 465 2878 in
489 2839 704 2879 naturam
729 2835 982 2879 humanam
1004 2835 1191 2892 Christi,
1214 2842 1435 2881 causante
1457 2836 1615 2880 divina
1638 2839 1806 2881 natura
1830 2836 1993 2893 ipsius.
2017 2838 2095 2883 Di-

196 2895 316 2939 citur
328 2900 486 2940 autem
505 2896 730 2940 naturalis
744 2901 942 2953 utraque
958 2896 1105 2954 gratia
1125 2896 1173 2940 in
1190 2897 1381 2954 Christo,
1399 2898 1678 2955 inquantum
1695 2910 1799 2942 eam
1814 2898 1841 2943 a
1856 2899 2094 2945 nativitate

195 2956 382 3013 habuit3
408 2958 516 3015 quia
546 2958 605 3003 ab
634 2958 764 3003 initio
788 2959 1106 3015 conceptionis
1134 2959 1233 3020 fuit,
1254 2966 1420 3004 natura
1447 2960 1655 3005 humana
1682 2961 1852 3006 divinae
1883 2974 2095 3018 personae

195 3018 350 3074 unita,
374 3024 419 3063 et
441 3020 597 3065 anima
617 3021 722 3078 eJus
742 3021 831 3065 fuit
851 3033 1047 3067 munere
1069 3022 1228 3079 gratiae
1250 3023 1440 3079 repleta.

235 3142 280 3183 (4)
294 3141 410 3195 ’Beata
436 3142 542 3183 virgo
557 3169 566 3184 ,
588 3143 638 3178 ait
663 3156 796 3186 qnoque
815 3147 849 3180 S.
869 3146 994 3180 Doctor
1008 3173 1016 3186 ,
1029 3158 1097 3180 non
1227 3145 1270 3186 (2)
1293 3146 1368 3180 Νοη
1389 3147 1470 3188 quin
1486 3150 1590 3181 etiam
1603 3148 1622 3182 a
1639 3147 1709 3182 Deo
1723 3148 1791 3182 sint
1804 3148 1822 3181 a
1837 3159 1904 3188 quo
1922 3151 1972 3182 est
1991 3159 2088 3183 moro

194 3195 319 3224 meruit
341 3189 630 3231 incarnationem,
653 3191 710 3225 sed
737 3192 908 3234 supposita
935 3194 1096 3228 incarna·
1184 3194 1272 3234 quod
1291 3200 1352 3233 est,
1371 3194 1429 3228 sed
1452 3194 1530 3236 quia
1545 3207 1583 3229 ex
1598 3200 1727 3230 naturoe
1743 3193 1858 3229 debito
1874 3194 1915 3229 ab
1932 3206 1973 3230 eo
1990 3199 2091 3237 sunt,

193 3236 298 3275 tione,
318 3237 445 3271 meruit
463 3237 550 3278 quod
567 3250 627 3279 per
650 3250 723 3273 eam
739 3238 856 3283 fieret,
872 3253 938 3274 non
958 3241 1098 3282 quidem
1184 3242 1340 3276 cumsine
1354 3242 1423 3276 illis
1437 3250 1557 3277 natura
1569 3255 1639 3278 esse
1656 3255 1723 3277 non
1738 3242 1860 3285 possin
1874 3244 1930 3278 sed
1945 3256 1984 3278 ex
1996 3255 2091 3279 moro

177 3283 317 3318 ‘merito
342 3284 512 3326 condigni,
533 3285 590 3319 sed
607 3285 731 3320 merito
746 3288 887 3327 congrui
914 3289 1021 3330 (Sent.
1045 3298 1097 3331 ιιι,
1183 3290 1396 3332 beneplacito
1412 3291 1561 3332 gratuita
1579 3291 1780 3332 procedunt.

192 3332 271 3368 dist.
286 3333 319 3373 A,
337 3339 455 3374 quaest.
475 3342 527 3371 ιιι,
547 3338 612 3368 art.
630 3335 643 3367 4
669 3334 709 3368 ad
727 3334 769 3375 6).
792 3336 836 3369 Ea
856 3335 897 3370 de
917 3349 953 3371 re
968 3338 1095 3372 confer:
1225 3338 1270 3380 (5)
1288 3339 1358 3373 Hoc
1378 3345 1426 3372 est
1446 3338 1571 3378 innata,
1589 3338 1658 3373 sive
1679 3338 1720 3373 ab
1746 3338 1847 3374 initio
1866 3338 1939 3380 ipso
1967 3340 2090 3375 nativi-

192 3380 278 3420 Aug.
295 3380 356 3420 (De
369 3385 494 3421 peccat.
512 3382 627 3416 merit.
639 3388 672 3415 et
686 3381 798 3416 remis.
819 3382 880 3418 lib.
895 3393 933 3425 Π,
948 3396 1018 3424 cap.
1030 3385 1096 3427 214),
1183 3387 1260 3420 tatis
1282 3387 1329 3420 eis
1345 3387 1492 3426 impacta
1509 3392 1544 3420 et
1563 3386 1681 3424 indita.
1702 3399 1768 3421 non
1790 3399 1829 3421 ex
1849 3393 1979 3422 naturae
1995 3387 2090 3429 prin-

190 3426 287 3462 Rier.
301 3428 412 3470 (epist.
429 3437 486 3463 xx!
502 3429 542 3462 ad
559 3430 739 3471 Eustach.),
756 3431 855 3472 Greg.
881 3432 973 3474 (Reg.
991 3432 1051 3467 lib.
1069 3442 1095 3475 1,
1182 3435 1279 3475 cipiis
1297 3446 1357 3476 per
1371 3447 1404 3468 sc
1425 3434 1644 3469 consideratis
1661 3434 1782 3470 fluens.

191 3485 263 3515 cap.
283 3475 328 3516 l),
345 3476 418 3510 Pet.
435 3477 591 3511 Damian.
616 3479 702 3515 (sesa
721 3487 746 3512 11
764 3479 810 3512 De
829 3480 1015 3521 assumpt)
