2170 3808
206 283 261 325 28
786 274 982 328 QUAEST.
1005 274 1059 330 11,
1090 274 1207 319 ΛΒΤ.
1237 274 1326 319 vm
1351 274 1418 318 ΕΤ
1443 274 1513 320 IX.

209 373 258 406 se
280 360 453 406 habent
473 361 532 405 ad
555 359 824 414 terminum,
842 358 924 403 sed
941 358 1263 416 diversimode,
1280 357 1402 403 sicut
1420 357 1596 403 dictum
1612 361 1683 402 est
1701 357 1765 412 (in
1781 367 1908 413 corp.
1925 357 2085 413 artic.)-

261 422 327 467 Ad
354 423 596 465 secundum
622 420 888 477 dicendum,
914 420 1037 476 qued
1070 420 1239 464 uniens
1274 423 1321 464 et
1353 431 1599 464 assumens
1627 431 1721 463 non
1756 418 1948 462 omnino
1982 423 2092 467 sunt

207 484 343 529 idem.
375 486 488 527 Nam
522 482 676 527 omnis
706 495 904 539 persona
933 494 1180 526 assumens
1209 486 1279 526 est
1303 482 1489 536 unienS,
1514 493 1605 525 non
1633 486 1787 524 autem
1808 479 1833 523 ὲ
1852 492 2091 526 converso.

205 549 316 590 Nam
340 557 538 602 persona
560 545 705 588 Patris
728 543 880 588 univit
908 549 1123 588 naturam
1153 544 1407 587 humanam
1438 542 1567 599 Filio,
1593 555 1688 587 non
1719 546 1874 586 autem
1908 542 2022 599 sibi3
2048 548 2094 588 et

205 607 310 652 ideo
329 606 497 651 dicitur
516 606 702 662 uniens,
723 617 816 650 non
837 617 1098 661 assumens,
1119 605 1252 661 quasi
1267 605 1326 650 ad
1340 616 1391 649 se
1406 616 1597 649 sumens
1611 606 1697 660 (1);
1720 615 1920 660 persona
1935 608 2093 650 autem

203 669 316 723 Filii,
337 681 440 725 quae
473 669 559 713 sibi
587 670 839 713 humanam
864 673 1077 712 naturam
1099 666 1266 724 univit,
1291 671 1363 712 est
1389 666 1558 711 uniens
1587 671 1632 711 et
1654 677 1918 711 assumens.
1942 668 1995 710 Et
2026 666 2093 711 si-

204 729 373 775 militer
396 743 489 775 non
510 736 582 776 est
611 731 733 776 idem
759 730 944 775 unitum
973 734 1021 774 et
1050 734 1372 785 assumptum:
1399 740 1506 772 nam
1535 728 1692 773 divina
1726 733 1892 772 natura
1926 728 2093 773 dicitur

203 793 335 836 unita
357 799 404 837 et
423 806 514 838 non
540 797 796 850 assumpta.

259 855 327 900 Ad
352 859 535 899 tertium
553 855 819 912 dicendum,
841 853 966 911 quod
986 853 1244 910 assumptio
1264 852 1554 909 determinat,
1575 852 1651 897 cui
1670 852 1792 897 facta
1810 857 1882 897 est
1901 852 2092 909 copula-

208 915 270 959 tio
287 928 347 961 ex
368 923 498 973 parte
524 916 820 973 assumentis,
842 916 1120 972 inquantum
1144 914 1398 971 assumptio
1423 914 1604 970 dicitur,
1630 916 1765 972 quasi
1797 915 1856 960 ad
1884 926 1936 959 se
1960 926 2092 959 sum-

205 977 327 1035 p·tio;
350 979 431 1022 sed
456 979 710 1025 incarnatio
739 983 785 1024 et
814 978 1083 1023 humanatio
1115 990 1173 1023 ex
1205 982 1336 1033 parte
1369 976 1618 1034 assumpti,
1641 977 1767 1034 quod
1791 981 1864 1020 est
1889 989 1996 1021 caro
2016 976 2092 1021 vel

206 1043 373 1083 natura
392 1041 613 1086 humana.
646 1045 699 1086 Et
730 1041 835 1086 ideo
858 1041 1116 1097 assumptio
1136 1039 1288 1085 differt
1309 1039 1487 1084 ratione
1512 1043 1557 1083 et
1580 1038 1639 1082 ab
1658 1039 1850 1097 unione,
1871 1043 1917 1083 et
1935 1038 1994 1083 ab
2016 1038 2089 1083 in-

205 1102 475 1147 carnatione
498 1115 582 1147 seu
603 1103 952 1148 humanatione.

308 1166 656 1210 ARTICULUS
685 1168 769 1210 lx.
799 1189 852 1196 —-
887 1178 1022 1208 uranu
1052 1176 1147 1207 uruo
1177 1177 1342 1207 numum
1373 1175 1623 1206 nummum
1653 1174 1694 1204 m
1723 1174 1898 1205 cmusro
1927 1174 1994 1206 sn·

916 1239 1074 1270 mxnu
1102 1238 1285 1270 umorum
1303 1225 1376 1281 (2).

323 1295 373 1330 De
391 1295 444 1330 his
457 1296 559 1331 etiam
574 1297 737 1338 Sent.111‚
752 1295 832 1331 dist.
846 1296 881 1338 5,
898 1299 1014 1338 quaest.
1032 1303 1055 1335 ι,
1073 1297 1138 1330 art.
1153 1295 1186 1336 4,
1221 1298 1338 1336 quoest.
1356 1302 1389 1335 1,
1409 1296 1445 1328 et
1461 1294 1557 1329 Cont.
1575 1295 1664 1334 gent.
1680 1292 1743 1326 lib.
1760 1300 1810 1333 lv,
1825 1304 1896 1334 cap.
1915 1291 1970 1327 ⁴1.

259 1350 326 1395 Ad
349 1363 526 1396 nonum
548 1352 615 1396 sic
631 1351 913 1409 proceditur.
938 1355 980 1395 1.
1002 1350 1190 1395 Videtur
1212 1349 1338 1406 quod
1366 1348 1480 1393 unio
1510 1348 1710 1393 duarum
1744 1351 2016 1391 naturarum
2040 1346 2088 1392 in

205 1412 381 1457 Christo
402 1425 496 1456 non
521 1413 580 1458 sit
600 1413 801 1457 maxima
820 1412 1066 1457 unionum.
1097 1411 1285 1456 Unitum
1308 1410 1434 1455 enim
1455 1410 1609 1455 deficit
1630 1410 1677 1453 in
1702 1409 1877 1454 ratione
1896 1409 2090 1454 unitatis

205 1473 264 1517 ab
285 1486 340 1518 eo
358 1475 482 1531 quod
502 1480 573 1519 est
591 1487 763 1531 unum,
782 1474 838 1519 eo
858 1473 981 1531 quod
1004 1474 1188 1518 unitum
1211 1473 1378 1518 dicitur
1397 1484 1481 1529 per
1504 1472 1918 1529 participationem,
1941 1483 2089 1515 unum

205 1538 360 1579 autem
380 1548 463 1591 per
480 1537 746 1581 essentiam.
771 1535 855 1580 Sed
878 1535 926 1579 in
949 1535 1091 1580 rebus
1118 1535 1285 1579 creatis
1313 1534 1488 1591 aliquid
1511 1533 1680 1578 dicitur
1700 1533 1969 1590 simpliciter
1986 1545 2090 1578 esse

203 1608 380 1653 unum3
402 1599 522 1642 sicut
547 1597 778 1655 praecipue
800 1603 924 1655 patet
944 1598 1001 1643 de
1024 1598 1202 1642 unitate
1221 1597 1339 1654 ipsa,
1364 1608 1470 1653 quae
1490 1600 1562 1641 est
1583 1595 1862 1653 principium
1889 1595 2088 1641 numeri.

202 1657 322 1713 Ergo
335 1659 601 1715 hujusmodi
621 1660 734 1704 unio
752 1658 811 1704 de
831 1671 923 1715 qua
940 1658 1191 1715 loquimur,
1216 1670 1311 1702 non
1330 1658 1554 1714 importat
1574 1657 1824 1701 maximam
1844 1655 2086 1701 unitatem.

259 1725 302 1767 2.
332 1722 577 1777 Praeterea,
603 1720 779 1778 quanto
803 1734 859 1765 ea
881 1732 986 1777 quae
1007 1720 1254 1778 uniuntur,
1282 1720 1436 1776 magis
1463 1719 1662 1776 distant,
1681 1719 1809 1764 tanto
1839 1718 1992 1763 minor
2019 1722 2089 1763 est

203 1780 331 1825 unio.
347 1782 434 1826 Sed
450 1794 504 1826 ea
518 1795 623 1839 quae
642 1782 902 1828 secundum
922 1782 1042 1826 hanc
1061 1781 1283 1826 unionem
1299 1781 1544 1836 uniuntur,
1565 1780 1767 1825 maxime
1785 1780 1975 1835 distant,
1997 1779 2090 1823 sci-

202 1841 312 1888 licet
334 1850 500 1889 natura
522 1845 677 1890 divina
698 1850 745 1890 et
765 1845 993 1898 humana;
1015 1844 1187 1889 distant
1203 1843 1330 1888 enim
1347 1843 1396 1888 in
1411 1842 1663 1887 infinitum.
1681 1845 1801 1899 Ergo
1820 1841 2086 1898 huiusmodi

202 1909 275 1949 est
292 1906 484 1950 minima
503 1907 630 1952 unio.

258 1969 300 2012 3.
332 1970 571 2025 Praeterea,
590 1982 675 2026 per
693 1968 915 2014 unionem
934 1968 986 2013 fit
999 1967 1172 2025 aliquid
1191 1979 1358 2012 unum.
1376 1967 1464 2012 Sed
1478 1979 1538 2012 ex
1551 1967 1726 2012 unione
1745 1966 1913 2011 animae
1931 1971 1978 2011 et
1992 1978 2089 2012 cor-,

201 2029 328 2084 poris
346 2029 391 2073 in
415 2030 550 2075 nohis
569 2030 620 2075 fit
642 2030 817 2087 aliquid
838 2042 987 2074 unum
1009 2030 1055 2073 in
1077 2041 1277 2086 persona
1296 2032 1343 2074 et
1366 2032 1553 2085 natura3
1571 2041 1629 2073 ex
1644 2029 1820 2073 unione
1840 2033 1998 2072 autem
2019 2028 2088 2073 di-

200 2091 324 2135 vinae
340 2097 385 2136 et
404 2093 621 2138 humanae
644 2098 824 2138 naturae
843 2093 894 2137 fit
915 2092 1090 2149 aliquid
1111 2104 1261 2136 unum
1285 2091 1435 2136 solum
1463 2091 1511 2134 in
1540 2103 1756 2147 persona.
1788 2092 1908 2146 Ergo
1939 2089 2089 2147 maj0r

202 2157 274 2197 est
291 2153 402 2198 unio
425 2154 592 2199 animae
615 2154 673 2199 ad
697 2167 883 2211 corpus,
898 2155 1039 2211 quam
1056 2154 1222 2198 divinae
1241 2157 1421 2197 naturae
1437 2152 1496 2196 ad
1510 2152 1763 2196 humanam
1782 2167 1792 2195 :
1817 2151 1943 2196 etsie
1956 2152 2084 2209 unio,

201 2212 260 2258 de
281 2227 375 2271 qua
396 2215 647 2272 loquimur,
673 2228 767 2259 non
789 2216 1007 2271 importat
1028 2216 1278 2259 maximam
1302 2214 1539 2258 unitatem.

258 2275 346 2321 Sed
368 2280 527 2320 contra
550 2281 621 2321 est
641 2277 765 2333 quod
787 2277 1074 2333 Augustinus
1095 2275 1207 2320 dicit
1229 2278 1307 2329 (De
1332 2275 1565 2330 Trinitate‚
1591 2274 1672 2319 lib.
1703 2288 1733 2331 1,
1757 2286 1860 2330 cap.
1881 2277 1953 2331 10,
1978 2278 2086 2320 ante

201 2337 361 2394 med),
386 2355 405 2375 v
427 2338 552 2394 quod
573 2339 711 2382 homo
730 2339 885 2396 potius
911 2344 982 2383 est
1010 2339 1058 2382 in
1087 2338 1199 2382 Filio
1222 2338 1297 2382 Dei
1330 2337 1471 2394 quam
1503 2337 1644 2382 Filius
1665 2337 1713 2381 in
1737 2339 1883 2381 Patre.
1903 2355 1924 2376 »
1946 2337 2086 2382 Filius

200 2404 355 2444 autem
378 2407 450 2445 est
470 2400 518 2444 in
541 2403 672 2445 Patre
692 2412 775 2457 per
793 2401 1018 2445 unitatem
1037 2400 1271 2457 essentiae,
1290 2401 1428 2444 homo
1443 2399 1555 2444 vero
1570 2404 1642 2444 est
1655 2399 1705 2443 in
1719 2399 1830 2443 Filio
1850 2411 1931 2456 per
1947 2399 2086 2444 unio-

199 2473 309 2506 nem
330 2462 676 2507 incarnationis.
701 2465 820 2518 Ergo
842 2463 990 2519 maJ‘or
1011 2469 1083 2507 est
1101 2463 1213 2507 unio
1236 2461 1570 2506 incarnationis
1585 2460 1724 2519 quam
1743 2461 1900 2506 unitas
1918 2461 2085 2507 divinae

200 2523 436 2576 essentiae,
466 2535 569 2579 quae
599 2528 752 2568 tamen
783 2527 856 2568 est
883 2525 1086 2568 maxima
1110 2524 1366 2579 unionum;
1392 2526 1438 2569 et
1463 2522 1531 2567 sic
1552 2535 1635 2580 per
1657 2535 1953 2580 consequens
1973 2524 2084 2568 unio

199 2583 531 2628 incarnationis
551 2585 767 2641 importat
786 2585 1037 2630 maximam
1059 2585 1302 2631 unitatem.

247 2653 540 2693 CONCLUSIO.
566 2675 612 2683 —-
637 2653 812 2693 Tametsi
841 2665 889 2694 ex
917 2657 1030 2705 parte
1044 2656 1286 2693 naturarum
1303 2665 1394 2705 quae
1415 2652 1640 2703 uniuntur,
1655 2653 1756 2694 unio
1772 2653 1925 2694 divinae
1942 2658 1981 2694 et
2005 2654 2083 2694 hu-

198 2718 334 2747 manae
352 2710 510 2747 naturae
527 2707 709 2748 maxima
726 2719 809 2748 non
830 2708 903 2758 sit;
920 2711 1099 2748 attamen
1116 2720 1162 2748 ea
1181 2709 1366 2748 maxima
1380 2713 1440 2749 est
1457 2720 1504 2748 ex
1523 2713 1635 2760 parte
1654 2709 1806 2749 divinae
1826 2720 2020 2760 personae,
2040 2709 2080 2749 in

198 2773 281 2813 qua
298 2763 517 2803 uniuntur.

252 2824 527 2882 Respondeo
549 2824 798 2870 dicendum
823 2825 947 2882 quod
974 2826 1086 2870 unio
1108 2826 1327 2882 importat
1348 2825 1726 2882 conjunctionem
1750 2825 2011 2882 aliquorum
2033 2828 2080 2873 in

199 2885 355 2942 aliquo
373 2899 486 2931 uno.
505 2889 658 2932 Potest
676 2898 787 2943 ergo
805 2887 917 2931 unio
939 2887 1269 2932 incarnationis
1288 2886 1531 2943 dupliciter
1550 2887 1694 2944 accipi
1717 2902 1727 2931 :
1757 2900 1852 2931 uno
1870 2888 2009 2934 modo
2025 2902 2082 2935 ex

197 2952 327 3003 parte
349 2960 510 2993 eorum
534 2961 638 3006 quae
661 2948 1034 3006 conjunguntur,
1061 2950 1152 2999 alio
1173 2949 1311 2994 modo
1339 2961 1396 2993 ex
1423 2953 1551 3005 parte
1577 2949 1679 3006 ejus
1703 2949 1750 2992 in
1774 2961 1866 3005 quo
1888 2950 2082 3007 conjun-

197 3014 388 3065 guntur.
409 3014 462 3055 Et
485 3023 543 3055 ex
563 3012 650 3056 hac
670 3016 803 3069 parte
822 3012 1092 3068 huJusmodi
1115 3013 1229 3057 unio
1248 3010 1388 3057 habet
1410 3011 1804 3069 praeeminentiam
1826 3012 1948 3056 inter
1969 3013 2082 3060 alias

197 3070 417 3128 uniones3
443 3084 551 3116 nam
572 3074 728 3118 unitas
750 3085 963 3130 personae
992 3074 1182 3128 divinae,
1213 3073 1261 3117 in
1292 3085 1385 3130 qua
1414 3072 1643 3118 uniuntur
1665 3075 1769 3118 duae
1792 3078 1987 3131 naturae,
2011 3080 2081 3121 est

194 3134 422 3190 maxima,
449 3147 542 3178 non
563 3141 718 3181 autem
740 3136 880 3181 habet
910 3136 1309 3194 praeeminentiam
1338 3148 1397 3180 ex
1425 3141 1554 3192 parte
1580 3149 1742 3182 eorum
1759 3139 1817 3193 (3)
1841 3149 1946 3194 quae
1967 3151 2081 3182 con-

188 3194 469 3252 Junguntur.

235 3285 280 3327 (Ι)
297 3285 384 3320 Hinc
400 3285 486 3320 dixit
508 3285 689 3320 concilium
715 3286 916 3321 Toletanum
935 3299 942 3321 ε
971 3289 1097 3323 lncar-
1180 3289 1261 3323 vero
1282 3287 1514 3323 consideretur
1538 3299 1578 3322 ex
1594 3292 1691 3329 parte
1708 3291 1780 3328 ejus
1797 3287 1833 3322 in
1859 3299 1925 3328 quo
1943 3292 2081 3329 conjun-

193 3334 382 3367 nationem
408 3334 520 3375 hujus
541 3334 571 3366 F
574 3334 636 3367 ilii
654 3334 722 3369 Dei
743 3337 818 3368 tota
841 3336 991 3370 trinitas
1015 3346 1095 3378 ope·
1180 3340 1319 3379 guntur,
1340 3341 1389 3371 est
1408 3336 1501 3371 inter
1522 3341 1651 3370 creatas
1666 3336 1808 3371 uniones
1823 3336 1981 3371 maxima.

192 3383 282 3415 rata
295 3391 366 3415 esse
386 3381 612 3416 credenda...
631 3382 730 3416 solus
747 3385 867 3417 tamem
882 3383 1003 3417 Filius
1021 3384 1095 3425 for·
1219 3384 1262 3426 (3)
1293 3383 1379 3419 Nam
1402 3388 1552 3420 extrema
1578 3395 1650 3425 quae
1676 3389 1926 3425 conjunguntur
1948 3383 2081 3420 infinite

192 3437 289 3461 mam
301 3429 396 3462 servi
409 3429 550 3470 accepit
562 3430 604 3463 in
615 3429 881 3472 sinyularitate
890 3440 1070 3473 personoe.
1179 3431 1306 3466 distant
1324 3432 1365 3467 ab
1388 3433 1535 3466 invicem
1548 3459 1556 3471 ,
1577 3431 1744 3473 siquidem
1766 3445 1873 3467 unum
1897 3436 1949 3467 est
1966 3432 2080 3467 infini-

234 3475 276 3516 (2)
300 3475 386 3510 Unio
405 3475 612 3517 hypostatica
631 3477 657 3510 si
678 3477 909 3511 consideretur
934 3489 971 3511 ex
997 3483 1090 3520 parte
1178 3482 1263 3520 tum,
1280 3480 1425 3514 aiterum
1440 3480 1520 3514 vero
1538 3478 1686 3512 finitum.

193 3533 289 3556 arum
307 3534 380 3564 quae
403 3527 676 3565 conjunguntur,
697 3536 765 3558 non
791 3528 840 3558 est
868 3526 1037 3568 maximin
1062 3526 1090 3560 si
