2170 3808
195 231 251 273 56
883 226 1084 280 QcAEs'r.
1120 226 1168 281 ξ’,
1197 226 1317 270 Am.
1336 224 1412 270 ffl.

197 309 365 356 dicitur
385 323 494 357 caro
515 311 709 366 factum,
735 309 791 355 eo
811 308 938 367 qued
960 307 1087 354 sitin
1110 318 1299 352 carnem
1323 318 1622 365 conversum,
1651 305 1741 352 ‘sed
1775 307 1886 364 quia
1906 316 2092 354 carnem

197 373 468 431 assumpsit.
491 374 591 418 Non
610 383 725 429 ergo
745 370 930 417 videtur
944 369 1258 427 assumpsisse
1279 368 1500 414 animam.

250 436 295 481 2.
321 437 560 492 Praeterea,
585 434 740 479 anima
762 433 1027 480 necessaria
1047 437 1119 478 est
1150 431 1350 489 corpori,
1369 430 1430 476 ad
1449 431 1539 476 hoc
1558 430 1684 489 quod
1704 442 1789 488 per
1805 441 1911 476 eam
1941 430 2093 476 vivifi-

194 499 342 542 cetur.
363 496 452 542 Sed
473 496 534 542 ad
570 496 660 542 hoc
692 509 789 542 non
823 496 913 542 fuit
946 493 1212 541 necessaria
1244 492 1428 551 corpori
1460 492 1642 550 Christi,
1663 497 1719 538 ut
1743 491 1930 538 videtur
1948 492 2095 551 :quia

192 556 348 614 ipsum
369 557 570 603 Verbum
592 558 671 603 Dei
693 563 766 604 est
788 558 846 605 de
865 570 959 615 quo
974 556 1144 602 dicitur
1163 555 1298 610 (Psal.
1319 568 1447 611 xxxv,
1463 556 1533 610 10)
1556 557 1794 611 :Domina
1820 556 2012 612 apud-te
2030 559 2096 598 est

192 621 294 672 sons
321 623 439 666 vitae.
464 621 759 678 Superfluum
782 632 894 678 ergo
912 620 1078 665 fuisset
1097 618 1303 663 animam
1324 617 1507 674 adesse,
1531 616 1680 663 Verbo
1701 620 1950 674 praesente.
1972 619 2095 662 Deus

192 683 351 727 autem
382 686 430 728 et
460 687 628 729 natura
656 683 774 728 nihil
806 683 981 727 frustra
1018 680 1222 738 faciunt,
1255 684 1310 726 ut
1351 679 1492 725 etiam
1526 679 1832 736 Philosophus
1860 677 1971 724 dicit
2007 680 2022 730 ί
2032 679 2095 724 De

192 743 328 801 coe10,
347 745 430 791 lib.
449 761 480 805 1,
503 750 617 792 text.
636 750 710 803 32,
734 751 780 791 et
806 745 886 791 lib.
910 759 955 803 11,
974 750 1090 790 text.
1123 747 1211 799 59).
1241 746 1363 801 Ergo
1384 742 1571 789 vid-etur
1588 742 1715 801 qued
1732 743 1872 788 Filius
1894 741 1974 787 Dei
1995 742 2094 786 ani-

191 817 317 851 mam
334 819 429 853 non
451 807 775 865 assumpserit.

246 869 290 913 3.
311 870 554 924 Praeterea,
573 881 633 915 ex
648 869 823 914 unione
843 867 1012 912 animae
1033 865 1093 911 ad
1115 878 1288 923 eorpus
1302 863 1600 910 constituitur
1617 869 1785 910 natura
1808 864 2090 921 communis,
2144 876 2149 882 ·

192 942 300 987 quae
323 935 395 976 est
418 932 601 988 species
618 932 840 975 humana.
862 948 883 969 «
907 932 958 974 In
978 928 1171 974 Domino
1186 932 1346 972 autem
1361 929 1472 972 Jesu
1484 926 1666 972 Christo
1688 940 1784 972 non
1801 931 2094 972 estcommu-

194 1004 302 1036 nem
325 993 530 1050 speciem
563 994 791 1050 accipere,
828 1011 845 1031 ι»
869 995 924 1037 ut
958 995 1276 1036 Damascenus
1312 988 1425 1034 dicit
1444 989 1585 1042 (Orth.
1606 989 1687 1035 fid.
1718 989 1800 1035 lib.
1820 989 2020 1047 1n,'cap.
2047 991 2091 1045 3,

191 1054 316 1100 circa
338 1055 499 1110 med).
521 1058 620 1100 Non
643 1056 786 1113 igitur
809 1054 1065 1112 assumpsit
1088 1054 1312 1098 animam.

246 1117 334 1163 Sed
349 1122 513 1162 contra
530 1118 740 1175 estquod
752 1117 1042 1175 Augustinus
1051 1116 1238 1170 dicit(in
1253 1114 1336 1160 lib.
1349 1117 1413 1160 De
1424 1126 1576 1172 agone
1591 1113 1863 1171 chrIStiano,
1875 1127 1979 1172 cap.
1998 1117 2092 1171 21):

195 1197 214 1216 «
238 1182 338 1224 Non
351 1192 439 1225 eos
464 1180 711 1225 audiamus
727 1179 807 1237 qui
826 1179 980 1224 solum
994 1178 1256 1223 humanum
1278 1188 1449 1234 corpus
1473 1176 1636 1222 dicunt
1650 1188 1761 1222 vesse
1780 1181 2050 1234 susceptum
2066 1176 2094 1220 a

193 1240 338 1286 Verbo
373 1242 479 1298 Dei,
513 1247 558 1287 et
582 1242 650 1287 sic
683 1242 882 1287 audiunt
900 1241 1026 1298 quod
1059 1241 1235 1286 dietum
1270 1244 1373 1285 est:
1400 1240 1594 1283 Verbum
1611 1252 1720 1283 caro
1738 1242 1914 1293 sactum
1931 1243 2014 1292 est,
2040 1244 2094 1284 ut

191 1306 367 1358 negent
398 1302 533 1347 illum
555 1303 793 1348 hominem
825 1303 897 1347 vel
926 1303 1148 1358 animam,
1183 1301 1259 1347 vel
1288 1299 1464 1359 aliquid
1502 1301 1707 1346 hominls
1736 1300 1973 1358 habuisse,
2001 1301 2090 1345 nisi

194 1376 385 1409 earnem
409 1365 575 1409 solam.
592 1383 613 1402 u

235 1431 525 1473 CONCLUSIO.
548 1454 598 1460 -
622 1431 736 1472 Sicut
753 1431 941 1471 Christus
962 1441 1103 1471 veram
1124 1441 1306 1479 carnem,
1327 1429 1389 1470 ita
1403 1431 1444 1470 et
1466 1422 1654 1469 animam
1672 1428 1925 1481 assumpsit,
1939 1432 1991 1470 ut
2007 1430 2094 1470 ani-

190 1497 257 1525 ma
278 1486 405 1538 primi
430 1486 612 1536 parentis
633 1486 737 1525 vitio
766 1485 974 1533 sauciata,
994 1497 1064 1537 per
1084 1484 1241 1525 Filium
1270 1485 1366 1534 Dei,
1389 1483 1465 1536 qui
1487 1483 1686 1524 humanae
1714 1487 1873 1524 naturae
1900 1484 2093 1525 sanandae

189 1542 333 1591 gratia,
353 1541 399 1580 in
421 1540 632 1581 mundum
651 1543 832 1591 venerat,
852 1545 1076 1582 curaretur.

242 1603 515 1661 Respondeo
540 1603 792 1649 dicendum
812 1604 953 1661 qued,
972 1604 1093 1649 sicut
1106 1603 1219 1649 dicit
1238 1602 1528 1660 Augustinus
1543 1603 1591 1647 in
1612 1602 1731 1648 libro
1752 1606 1816 1648 De
1833 1603 2092 1649 haeresibus

190 1666 373 1720 (haeresi
413 1668 468 1712 69
505 1670 552 1711 et
582 1669 669 1722 55),
692 1666 850 1723 opinio
870 1666 958 1711 fuit
978 1666 1129 1724 prime
1161 1665 1350 1723 quidem
1378 1666 1485 1722 Arii,
1519 1670 1574 1711 ’et
1611 1670 1776 1723 postea
1799 1666 2089 1723 Apollinaris,

187 1727 312 1784 quod
330 1727 473 1773 Filius
491 1727 573 1772 Dei
595 1728 745 1773 solam
764 1740 953 1773 carnem
984 1727 1240 1785 assumpsit
1266 1727 1447 1785 absque
1471 1727 1646 1783 anima,
1674 1727 1949 1785 ponentium
1967 1729 2093 1786 quod

188 1790 390 1835 Verbum
412 1790 554 1835 fuerit
577 1790 708 1834 carni
724 1790 827 1835 loco
852 1790 1021 1835 animae
1042 1792 1119 1844 (1).
1139 1792 1205 1834 Ex
1247 1802 1341 1847 quo
1378 1790 1662 1846 sequebatur
1685 1789 1812 1846 qued
1841 1789 1890 1834 in
1915 1789 2094 1836 Christo

187 1865 278 1896 non
321 1853 495 1897 fuerint
526 1853 630 1897 duae
663 1857 858 1906 naturae,
891 1853 974 1897 sed
1002 1864 1100 1896 una
1124 1851 1330 1908 tantum3
1351 1863 1411 1896 ex
1434 1852 1591 1895 anima
1611 1851 1738 1895 enim
1762 1855 1809 1896 et
1827 1864 1969 1897 carne
1996 1865 2094 1898 una

186 1917 355 1959 natura
372 1915 579 1959 humana
599 1914 915 1959 constituitur.
938 1914 1024 1959 Sed
1048 1915 1147 1959 haec
1167 1913 1336 1971 positio
1358 1918 1484 1959 stare
1501 1924 1596 1958 non
1619 1917 1772 1970 potest
1788 1916 2091 1973 proptertria.

185 1976 336 2021 Primo
351 1976 557 2034 quidem,
578 1976 688 2033 quia
703 1981 934 2033 repugnat
949 1975 1211 2020 auctoritati
1227 1975 1490 2033 scripturae,
1508 1975 1556 2020 in
1574 1987 1667 2032 qua
1688 1976 1912 2022 Dominus
1930 1979 1989 2022 de
2004 1989 2093 2022 sua

185 2038 340 2083 anima
357 2039 468 2084 facit
490 2039 779 2084 mentionem
804 2039 973 2092 (Matth.
991 2052 1106 2094 xxv1,
1123 2040 1195 2093 38)
1218 2053 1230 2083 :
1252 2041 1416 2083 Tristis
1449 2041 1515 2082 est
1548 2041 1707 2082 anima
1739 2051 1842 2082 mea
1865 2052 2004 2095 usque
2026 2042 2093 2086 ad

185 2104 406 2156 mortem3
429 2104 476 2145 et
497 2102 642 2155 (Joan.
663 2115 706 2155 x,
731 2103 803 2156 18)
824 2116 835 2145 :
857 2103 1131 2144 potestatem
1149 2100 1291 2143 habeo
1304 2099 1504 2157 ponendi
1517 2102 1723 2143 animam
1737 2113 1900 2145 meam.
1923 2101 2011 2146 Sed
2031 2102 2091 2148 ad

185 2163 272 2207 hoo
294 2163 610 2219 respondebat
642 2161 936 2220 Apollinaris,
967 2162 1094 2219 quod
1118 2163 1167 2206 in
1190 2161 1264 2206 his
1286 2161 1443 2206 verbis
1476 2161 1633 2206 anima
1658 2162 1974 2219 metaphorice
2007 2175 2093 2209 su-

187 2223 330 2268 mitur
347 2238 359 2265 :
376 2236 460 2280 per
478 2235 621 2281 quem
635 2223 828 2268 modum
850 2224 899 2268 in
921 2225 1064 2269 veteri
1093 2226 1390 2268 Testamento
1410 2223 1487 2268 Dei
1520 2222 1678 2267 anima
1699 2232 2092 2271 commemoratur

186 2287 289 2340 (Isa.
325 2299 356 2340 1,
379 2287 449 2341 14)
471 2300 482 2328 :
506 2286 742 2330 calendas
775 2289 951 2330 vestras
974 2290 1018 2330 et
1053 2287 1365 2330 solemnitates
1389 2290 1565 2329 vestras
1594 2286 1743 2330 odivit
1774 2290 1933 2332 anima
1970 2301 2087 2334 mea.

188 2347 292 2402 Sed,
316 2347 440 2393 sicut
469 2348 580 2393 dicit
597 2348 889 2404 Augustinus
910 2351 1099 2403 (Quaest.
1122 2347 1202 2393 lib.
1224 2361 1397 2404 Lxxxm,
1422 2352 1591 2404 quaest.
1619 2349 1692 2405 80,
1711 2347 1740 2392 a
1760 2349 1922 2407 med),
1940 2353 2090 2396 Evan-

185 2409 362 2466 gelistae
388 2409 438 2454 in
464 2410 734 2466 evangelica
764 2411 1029 2455 narratione
1053 2414 1246 2455 narrant
1267 2409 1393 2467 qued
1428 2409 1626 2454 miratus
1648 2414 1720 2456 est
1748 2413 1900 2469 Jesus,
1924 2416 1973 2458 et
1994 2412 2091 2458 ira-

186 2476 287 2527 tUS‚
330 2474 377 2516 et
407 2471 711 2516 contristatus
730 2504 744 2527 ,
788 2477 836 2517 et
881 2472 1007 2529 quod
1055 2472 1220 2516 esuriit
1262 2473 1335 2527 (2).
1380 2475 1490 2526 Quae
1528 2471 1718 2528 quidem
1757 2472 1823 2519 ita
1872 2473 2090 2521 demons-

190 2536 316 2577 trant
338 2545 447 2577 eum
481 2545 643 2578 veram
671 2534 877 2578 animam
901 2533 1139 2592 habuisse,
1159 2534 1281 2579 sicut
1298 2545 1357 2579 ex
1378 2534 1470 2579 hoc
1483 2534 1610 2591 qued
1625 2534 1843 2584 comedit,
1862 2539 1910 2581 et
1922 2536 2091 2584 dormi-

184 2593 267 2651 vit,
286 2599 333 2639 et
350 2594 574 2652 fatigatus
595 2599 684 2654 est,
701 2596 1048 2642 demonstratur
1059 2607 1169 2640 eum
1190 2595 1414 2641 hahuisse
1430 2607 1596 2640 verum
1611 2608 1785 2655 corpus
1799 2596 2087 2658 humanum3

183 2656 391 2714 alioquin
413 2657 452 2701 si
475 2657 574 2702 haec
595 2657 657 2702 ad
675 2658 996 2715 metaphoram
1018 2658 1301 2715 referantur,
1329 2661 1438 2703 cum
1455 2657 1625 2703 similia
1644 2658 1865 2716 legantur
1879 2659 1928 2705 in
1942 2666 2090 2713 veteri

183 2720 473 2763 Testamento
500 2718 557 2763 de
585 2721 695 2774 De0,
724 2719 892 2777 peribit
912 2719 1030 2764 fides
1053 2719 1337 2777 evangelicae
1366 2718 1668 2766 narrationis
1705 2720 1843 2766 Aliud
1863 2721 1990 2767 enim
2017 2729 2090 2770 est

185 2779 310 2837 quod
337 2779 604 2836 prophetice
627 2780 872 2825 nuntiatur
902 2780 951 2824 in
972 2780 1154 2837 figuris,
1187 2781 1316 2827 aliud
1336 2780 1466 2839 quod
1495 2780 1758 2827 secundum
1785 2795 1945 2829 rerum
1977 2796 2089 2841 pro-

183 2841 426 2898 prietatem
449 2841 508 2886 ab
533 2842 842 2900 Evangelistis
866 2843 1087 2888 historice
1107 2843 1341 2888 scribitur.
1363 2843 1596 2901 Secunde,
1623 2843 1817 2902 derogat
1835 2845 2087 2903 praedictus

184 2915 313 2949 error
331 2903 521 2949 utilitati
540 2905 892 2963 incarnationiS,
907 2916 1012 2963 quae
1029 2910 1100 2951 est
1117 2906 1330 2952 liberatio
1349 2905 1568 2952 hominis,
1595 2907 1653 2951 Ut
1679 2907 1806 2952 enim
1832 2920 2088 2966 argumen-

186 2968 309 3009 tatur
325 2965 615 3022 Augustinus
629 2966 727 3022 (lib.
741 2969 908 3012 Contra
921 2967 1229 3028 Felicianum,
1241 2979 1344 3025 cap.
1358 2969 1413 3014 13
1432 2967 1632 3023 a·med.):
1647 2985 1669 3007 α
1684 2967 1729 3012 Si
1744 2970 1936 3028 accepta
1947 2982 2088 3017 carne

182 3025 324 3072 Filius
342 3027 421 3072 Dei
438 3028 642 3073 animam
658 3029 816 3075 omisit
836 3046 847 3074 :
866 3034 947 3075 aut
967 3029 1208 3075 innoxiam
1227 3029 1400 3085 scienS,
1420 3029 1664 3075 medicinae
1682 3029 1972 3087 indigentem
1993 3045 2087 3078 non

187 3089 402 3146 eredidit,
419 3095 501 3135 aut
513 3090 540 3134 a
551 3104 602 3136 se
611 3092 812 3137 alienam
821 3097 1012 3153 putans,
1021 3092 1356 3150 redemptionis
1366 3090 1595 3139 beneficio
1607 3106 1701 3138 non
1714 3093 1906 3139 donavit
1916 3109 1929 3151 ς
1940 3100 2022 3141 aut
2029 3109 2087 3142 ex

186 3150 593 3210 totoinsanabilem
597 3152 833 3211 judicans,
847 3167 1012 3199 curare
1023 3153 1255 3212 nequivit3
1268 3159 1350 3199 aut
1361 3160 1415 3199 ut
1422 3154 1581 3209 vilem,
1595 3159 1756 3212 etquae
1766 3154 1906 3201 nullis
1920 3157 2086 3204 usibus

187 3215 292 3269 apta
312 3212 566 3268 videretur,
580 3214 765 3271 abjecit.
783 3218 955 3261 Horum
976 3216 1071 3262 duo
1083 3215 1422 3274 blasphemiam
1437 3216 1691 3274 important
1712 3215 1762 3260 in
1780 3219 1941 3262 Deum.
1964 3220 2086 3270 Quo-

226 3335 270 3378 (1)
299 3336 389 3371 Hinc
416 3336 501 3371 dixit
525 3336 707 3371 concilium
726 3337 960 3374 Florentinum
986 3354 994 3374 :
1017 3341 1094 3375 Sa-
1220 3340 1264 3384 (2)
1291 3340 1388 3384 Qued
1414 3341 1520 3376 iratus
1544 3340 1682 3382 quidem
1701 3339 1744 3375 sit
1766 3340 1900 3382 (Matth.
1918 3350 2005 3383 vm,
2028 3343 2082 3386 48,

187 3388 376 3420 rrosancea
395 3384 564 3419 Ecclesia
579 3386 1016 3423 anachematizatArium
1029 3390 1095 3433 qui
1178 3389 1282 3424 Marc.
1315 3397 1363 3431 vl,
1394 3390 1428 3431 6,
1459 3390 1538 3425 Luc.
1565 3397 1627 3428 vn,
1660 3389 1716 3432 9);
1749 3390 1836 3430 qued
1867 3390 2084 3425 contristatus

183 3441 354 3468 asserens
369 3443 502 3476 corpus
513 3433 716 3476 exvirqirae
728 3438 955 3478 assumptam
967 3438 1094 3471 anima
1178 3437 1310 3477 (Matth.
1339 3445 1435 3477 xxvi,
1457 3437 1512 3479 57,
1534 3438 1638 3471 Marc.
1657 3445 1709 3479 ιιι,
1732 3439 1784 3479 5)3
1815 3437 1903 3478 quod
1933 3437 2083 3473 esuriens

184 3480 486 3519 caminam-olunt
507 3480 584 3516 loco
604 3483 738 3516 animoe
773 3482 891 3517 fuisse
909 3483 1090 3519 deitatem.
1176 3485 1284 3520 fuerit
1297 3485 1430 3528 (Matth.
1451 3492 1497 3526 lv,
1516 3485 1549 3526 2,
1570 3485 1674 3521 Marc.
1691 3493 1740 3527 xl,
1757 3485 1811 3526 12,
1831 3486 1910 3520 Luc.
1925 3494 1974 3527 lv,
1989 3486 2035 3529 2).
