2170 3808
101 233 179 277 ,090
625 230 825 283 QUAEST.
856 230 994 286 xm,
1027 229 1144 272 ART.
1175 229 1246 272 vn
1269 228 1334 272 ΕΤ
1348 224 1464 274 vm.

99 314 223 371 quod
247 314 421 371 patitur
437 313 464 356 a
488 325 574 357 suo
593 311 790 368 objecto,
809 311 931 356 sicut
950 311 990 355 si
1011 310 1142 355 visus
1163 310 1365 367 patiatur
1386 324 1445 356 ex
1465 310 1868 368 superabundanti
1883 309 1998 355 visi-

104 375 179 420 bili
207 391 220 419 t
245 376 334 419 alio
356 374 496 418 modo
520 373 677 430 aliqua
700 373 906 430 potentia
929 372 1103 429 patitur
1121 371 1337 429 passione
1359 372 1573 430 subjecti,
1594 386 1738 430 super
1772 384 1866 429 quo
1890 372 1995 416 fun-

104 437 250 489 datur,
276 437 396 480 sicut
415 436 544 480 visus
561 435 735 492 patitur
753 435 958 492 patiente
984 446 1128 479 sensu
1155 436 1308 478 tactus
1329 433 1376 477 in
1391 436 1543 491 ocule,
1564 448 1705 492 super
1723 446 1864 492 quem
1885 433 1994 478 fun-

103 499 237 544 datur
269 498 414 554 visus,
431 498 542 555 puta
567 499 672 542 cum
702 498 868 542 oculus
885 496 1109 554 pungitur
1135 496 1370 540 autetiam
1388 496 1747 554 distemperatur
1766 508 1850 554 per
1871 494 1997 539 calo-

104 572 217 604 rem.
232 584 288 592 --
307 560 378 604 Sic
396 559 538 616 igi-tur
552 559 804 604 dicendum
815 563 888 603 est
902 557 1026 614 quod
1048 557 1087 601 si
1103 557 1422 613 inteliigamus
1440 563 1584 603 totam
1601 559 1807 603 animam
1820 556 1998 601 ratione

103 633 199 666 suae
223 622 454 678 essentiae,
475 622 542 666 sic
565 622 869 666 manifestum
887 624 960 665 est
981 622 1122 664 totam
1139 619 1343 663 animam
1358 620 1521 665 Christi
1536 633 1722 677 passam
1745 631 1863 665 esse.
1884 621 1994 663 Nam

104 687 200 727 tota
220 684 425 728 essentia
444 683 613 727 animae
634 682 939 739 conjungitur
955 681 1153 739 corpori,
1173 681 1238 725 ita
1257 681 1382 737 quod
1396 686 1492 726 tota
1513 682 1645 727 estin
1669 687 1766 727 toto
1781 685 1828 725 et
1842 684 1937 724 tota
1948 679 1996 723 in

103 745 308 801 qualibet
327 749 461 803 parte
478 745 598 802 eJus.
618 747 672 788 Et
690 743 811 801 ideo,
833 755 1026 800 corpore
1045 742 1250 800 patiente
1272 747 1317 787 et
1335 743 1558 800 disposito
1577 744 1636 789 ad
1658 742 1996 801 separationem

101 806 163 851 ab
183 807 354 862 anima,
390 811 484 852 tota
507 807 659 851 anima
678 806 956 863 patiebatur.
982 805 1026 850 Si
1054 805 1166 850 vero
1186 805 1504 862 intelligamus
1526 811 1671 851 totam
1694 806 1901 850 animam
1928 817 1997 851 se-

102 871 309 914 cundum
325 882 490 914 omnes
510 869 741 926 potentias
765 868 884 926 ejtls,
904 868 971 912 sic
992 867 1229 925 loquendo
1240 867 1296 913 de
1312 868 1609 926 passionibus
1623 867 1821 926 propriis
1838 871 1997 924 poten-

103 930 288 988 tiarum,
312 932 575 989 patiebatur
596 931 784 988 quidem
807 930 1065 975 secundum
1081 943 1249 975 omnes
1266 930 1391 976 vires
1412 931 1670 987 inferiores,
1700 929 1810 987 quia
1831 930 1881 974 in
1900 928 2000 974 sin·

103 993 226 1048 guiis
247 993 425 1038 viribus
437 993 736 1037 inflatioribus
748 992 932 1049 animae,
955 1004 1060 1049 quae
1074 992 1197 1037 cIrea
1220 993 1491 1050 temporalia
1505 997 1774 1050 operantur,
1791 989 1999 1036 invenie-

102 1054 240 1099 btztur
262 1055 435 1112 aliquid
470 1055 597 1112 quod
619 1059 718 1099 erat
751 1067 895 1099 causa
922 1054 1095 1099 doloris
1114 1054 1297 1111 Christi,
1331 1055 1453 1099 sicut
1470 1067 1529 1099 ex
1547 1066 1688 1110 supra
1706 1052 1842 1098 dictis
1876 1055 2001 1109 patet

105 1119 205 1170 (art.
228 1120 404 1174 praec.)‚
428 1117 511 1162 sed
531 1117 791 1162 secundum
810 1117 897 1160 boc
913 1116 1125 1172 superior
1143 1116 1260 1160 ratio
1281 1129 1375 1161 non
1401 1115 1662 1173 patiebatur
1679 1115 1728 1159 in
1743 1113 1921 1159 Christo
1941 1123 2001 1158 ex

102 1183 236 1235 parte
255 1179 329 1230 sui
343 1179 530 1237 obJecti,
547 1179 724 1224 scilicet
743 1178 822 1223 Dei
842 1180 915 1234 (1),
937 1178 1017 1236 qui
1041 1190 1135 1223 non
1154 1183 1253 1223 erat
1275 1179 1443 1223 animae
1461 1177 1621 1223 Christi
1648 1188 1789 1221 causa
1811 1172 2001 1231 doloriS,

103 1240 186 1286 sed
201 1241 521 1286 delectationis
550 1246 596 1286 et
620 1241 777 1299 gaudii
797 1257 806 1285 :
827 1241 1087 1286 secundum
1109 1246 1266 1286 autem
1291 1241 1421 1286 illum
1446 1240 1637 1286 modum
1657 1238 1886 1296 passionis
1907 1250 2002 1297 quo

102 1306 239 1358 poten
246 1303 308 1346 tia
322 1303 477 1360 aliqua
492 1302 661 1348 dicitur
675 1302 766 1360 pati
784 1315 842 1346 ex
859 1306 992 1359 parte
1006 1302 1079 1346 sui
1095 1301 1314 1359 subiecti,
1333 1302 1400 1347 sic
1422 1314 1586 1346 omnes
1606 1299 1823 1358 potentiae
1835 1299 2002 1345 animae

102 1364 267 1409 Christi
302 1366 598 1422 patiebantur
624 1380 635 1409 ι
671 1376 837 1409 omnes
861 1364 986 1408 enim
1009 1364 1229 1421 potentiae
1246 1364 1427 1410 ,animae
1448 1364 1716 1409 radicantur
1729 1362 1778 1407 in
1799 1362 2002 1408 essentia

103 1425 222 1483 ejus,
246 1427 307 1472 ad
327 1439 470 1484 quam
491 1427 706 1484 pervenit
721 1425 892 1484 passim
915 1438 1056 1483 passo
1070 1438 1279 1483 corpore,
1303 1426 1441 1483 cujus
1455 1430 1526 1471 est
1547 1429 1696 1470 actus.

158 1488 223 1533 Ad
243 1492 440 1545 primum
471 1500 582 1544 ergo
604 1488 873 1543 dicendum,
910 1487 1037 1544 quod
1064 1487 1173 1532 licet
1198 1487 1477 1544 intellectus,
1501 1485 1764 1531 secundum·
1783 1484 1910 1543 quod
1931 1491 2001 1531 est

103 1551 310 1606 potentia
325 1551 556 1608 quaedam,
572 1563 666 1595 non
687 1550 748 1594 sit
765 1550 974 1606 corporis
989 1554 1139 1602 actus..
1161 1549 1365 1594 essentia
1387 1555 1542 1595 tamen
1562 1548 1730 1592 animae
1748 1551 1821 1592 est
1838 1559 2005 1604 corpo-

104 1612 168 1656 ris
187 1617 322 1658 actus
343 1613 390 1657 in
405 1626 498 1670 qna
531 1613 772 1657 radicatur
785 1612 995 1670 potentia
1015 1611 1313 1668 intellectiva,
1337 1619 1391 1658 ut
1409 1613 1456 1657 in
1478 1611 1627 1669 prima
1643 1614 1775 1668 parte
1794 1609 2003 1656 habitum

104 1678 177 1719 est
191 1676 289 1733 (qu.
307 1689 462 1731 txxvu,
484 1679 572 1719 art.
596 1678 623 1720 6
646 1679 693 1720 et
715 1675 778 1730 8).

158 1736 226 1782 Ad
256 1739 503 1781 secundum
531 1736 798 1792 dicendum,
815 1735 942 1793 quod
953 1726 1039 1780 ‘ilia
1058 1735 1176 1780 ratio
1195 1735 1403 1793 procedit
1427 1735 1486 1780 de
1499 1734 1724 1791 passione
1734 1745 1845 1791 quae
1860 1737 1932 1780 est
1946 1746 2006 1779 ex

105 1802 235 1854 parte
257 1798 430 1855 proprii
453 1798 638 1855 objecti,
662 1797 925 1843 secundum
943 1809 1088 1854 quam
1108 1796 1323 1854 superior
1343 1796 1459 1841 ratio
1480 1796 1531 1840 in
1553 1795 1731 1842 Christo
1742 1807 1884 1854 passa
1911 1807 2006 1841 non

105 1859 207 1906 fuit.

161 1922 229 1968 Ad
249 1926 435 1967 tertium
460 1921 727 1978 dicendum,
747 1921 874 1978 qued
891 1921 1025 1966 dolor
1052 1925 1169 1967 tunc
1188 1921 1363 1967 dieitur
1377 1932 1482 1965 esse
1502 1920 1662 1978 passio
1679 1919 1900 1978 perfecta,
1923 1932 2007 1977 per

106 1996 249 2041 quam
273 1985 428 2029 anima
445 1983 762 2041 perturbatur,
795 1983 987 2040 quando
1004 1983 1162 2040 passio
1183 1981 1420 2028 sensitivae
1443 1983 1589 2040 partis
1608 1981 1828 2040 pertingit
1854 1993 2007 2039 usque

107 2047 169 2091 ad
182 2047 521 2092 immutandam
544 2046 774 2090 rationem
789 2045 818 2089 a
836 2045 1115 2091 rectitudine
1135 2045 1210 2092 sui
1231 2048 1380 2102 actus,
1399 2049 1455 2091 ut
1469 2044 1646 2090 scilicet
1660 2049 1885 2102 sequatur
1898 2057 2004 2101 pas·

107 2109 305 2163 sionem,
325 2114 374 2154 et
391 2123 484 2154 non
501 2108 671 2152 habeat
684 2108 883 2153 liberum
896 2108 1140 2153 arbitrium
1155 2121 1297 2165 super
1318 2119 1437 2153 eam.
1464 2107 1537 2152 Sic
1551 2111 1707 2152 autem
1729 2106 1885 2165 passio
1899 2118 2006 2151 sen-

107 2169 255 2215 sitivae
270 2171 415 2227 partis
434 2184 529 2214 non
553 2170 765 2227 pervenit
788 2170 836 2214 in
860 2170 1038 2215 Christo
1053 2183 1204 2228 usque
1223 2169 1284 2216 ad
1302 2169 1547 2226 rationem,
1563 2168 1719 2214 sed-ex
1742 2172 1874 2226 parte
1895 2167 2006 2213 sub-

103 2231 236 2289 iecti,
257 2233 379 2277 sicut
397 2233 575 2278 dictum
596 2237 669 2277 est
688 2233 751 2287 (in
774 2244 902 2290 corp.
927 2235 1049 2288 am).

163 2295 231 2340 Ad
278 2299 495 2352 quartum
536 2294 788 2340 dicendum
813 2326 826 2347 5
867 2295 996 2351 quod
1036 2294 1302 2340 intellectus
1344 2293 1661 2350 speculativas
1702 2305 1798 2338 non
1855 2297 2009 2350 potest

109 2357 281 2403 habere
327 2357 537 2403 dolorem
570 2357 648 2401 vei·-
684 2356 917 2401 tristitiam
947 2369 1008 2402 ex
1045 2361 1178 2414 parte
1221 2356 1295 2401 sui
1337 2355 1536 2413 obJecti3
1578 2356 1706 2413 quod
1747 2359 1819 2400 est
1853 2368 2009 2399 verum

90 2419 325 2477 ‚absolute
343 2419 710 2476 consideratum,
747 2419 874 2475 quod
895 2423 968 2463 est
986 2418 1208 2475 perfectio
1245 2417 1350 2475 ejus
1372 2431 1386 2471 ;
1408 2422 1562 2475 potest
1583 2422 1742 2463 tamen
1760 2416 1819 2462 ad
1852 2417 2008 2475 ipsum

109 2481 377 2539 pertingere
415 2480 546 2526 dolor
590 2480 665 2525 vel
702 2491 849 2525 causa
882 2478 1058 2524 doloris
1077 2492 1165 2536 per
1201 2478 1395 2523 modum
1429 2478 1528 2535 jam
1565 2478 1741 2523 dictum
1794 2477 1857 2534 (in
1877 2490 2005 2536 corp.

113 2545 234 2599 art.).

110 2615 455 2658 ARTICULUS
466 2615 597 2656 vm.
613 2635 667 2644 -
680 2624 816 2655 uranu
829 2623 934 2655 ‘rum
946 2623 1073 2654 Arum
1090 2622 1306 2654 cumsrrm
1322 2621 1517 2653 missione
1527 2621 1774 2652 rnusnsrun
1786 2622 2010 2653 rnmnonn

943 2685 1077 2716 ΒΕΑΤΑ
1100 2674 1173 2728 (2).
1187 2692 1191 2710 ι

112 2752 163 2787 De
185 2750 238 2786 his
264 2749 367 2786 etiam
388 2752 483 2786 Sent.
509 2758 566 2790 111.
588 2749 667 2785 dist.
686 2750 740 2792 ⁴5,
766 2753 885 2792 quaest.
906 2758 945 2790 11,
972 2752 1039 2783 art.
1055 2749 1089 2790 5,
1109 2751 1226 2790 quaest.
1245 2756 1286 2789 11,
1313 2749 1349 2782 et
1367 2746 1415 2781 De
1434 2758 1508 2782 ver.
1525 2749 1643 2787 quaest.
1663 2754 1700 2787 x,
1722 2749 1788 2781 art.
1812 2746 1837 2781 2
1851 2746 1896 2781 ad
1915 2746 1952 2790 5,
1974 2753 2011 2782 et

236 2803 353 2841 quaest.
372 2807 468 2840 xxvi,
485 2802 550 2833 art.
565 2798 589 2833 9
604 2801 639 2833 et
656 2798 709 2840 to,
732 2796 849 2839 quedl.
866 2806 891 2840 1,
907 2800 1023 2839 quaest.
1051 2805 1090 2838 11,
1116 2799 1183 2832 art.
1201 2795 1223 2830 2
1236 2807 1330 2838 corp.
1350 2801 1384 2829 et
1399 2795 1522 2836 opusc.
1538 2803 1579 2835 11,
1596 2805 1669 2836 cap.
1682 2794 1747 2830 258
1761 2800 1795 2829 et
1808 2795 1884 2830 259.

166 2860 235 2906 Ad
250 2863 467 2905 octavum
484 2860 552 2904 sic
568 2859 846 2916 proceditur.
866 2862 886 2903 1
898 2891 908 2901 .
924 2858 1112 2903 Videtur
1126 2857 1251 2915 quod
1264 2857 1421 2901 anima
1436 2855 1599 2900 Christi
1619 2855 1666 2900 in
1679 2856 1873 2901 articulo
1887 2855 2011 2903 illius

111 2923 344 2982 passionis
367 2935 459 2967 non
483 2927 579 2967 tota
604 2923 834 2967 frueretur
871 2921 1091 2966 fruitione
1113 2920 1265 2966 beata.
1302 2918 1594 2976 Impossibile
1619 2923 1691 2964 est
1721 2918 1847 2964 enim
1872 2919 2011 2964 simul

112 2985 270 3032 dolere
293 2989 339 3030 et
357 2985 577 3041 gaudere,
596 2985 702 3029 cum
723 2984 855 3029 dolor
869 2988 915 3029 et
936 2983 1161 3041 gaudium
1183 2983 1277 3036 sint
1297 2982 1545 3027 contraria.
1572 2981 1659 3026 Sed
1675 2981 1830 3025 anima
1847 2981 2010 3027 Christi

113 3051 210 3092 tota
229 3047 489 3104 patiebatur
515 3047 723 3092 dolorem
747 3047 795 3092 in
815 3052 1022 3103 tempore
1054 3045 1303 3103 passionis,
1335 3048 1389 3090 ut
1411 3056 1554 3102 supra
1582 3043 1792 3088 habitum
1814 3047 1886 3088 est
1907 3045 2010 3098 (art.

113 3111 288 3168 praec.).
314 3111 411 3153 Non
434 3122 544 3166 ergo
565 3114 746 3166 poterat
761 3121 865 3154 esse
885 3113 936 3154 ut
951 3113 1046 3153 tota
1060 3107 1310 3152 frueretur.

171 3174 215 3216 2.
233 3174 474 3226 Praeterea,
494 3172 799 3228 Philosophus
822 3171 935 3216 dicit
966 3169 1125 3225 (Ethic.
1145 3169 1226 3214 lib.
1248 3168 1511 3226 v11,impiic.
1533 3179 1635 3224 cap.
1656 3166 1756 3222 ult.)
1771 3166 1897 3224 quod
1914 3167 2007 3212 tris

156 3296 201 3339 (i)
216 3296 282 3331 Sed
298 3295 490 3338 patiebatur
514 3295 645 3330 ratione
667 3301 883 3337 peccatorum
907 3294 1019 3329 homi·
1146 3293 1189 3335 (2)
1210 3293 1315 3328 Docet
1332 3293 1369 3328 S.
1395 3291 1527 3327 Ductor
1548 3291 1639 3332 quad
1663 3291 1702 3325 in
1717 3291 1871 3334 passione
1887 3290 2011 3326 Christi

116 3357 199 3380 num
216 3357 288 3386 (μοι
303 3343 390 3378 ratio
405 3343 560 3385 superior
586 3343 859 3385 apprehendebat
873 3371 880 3384 ‚
900 3348 939 3378 ut
958 3344 1019 3378 Dei
1104 3346 1175 3377 tota
1183 3342 1384 3384 oJusanima,
1396 3341 1424 3376 si
1435 3339 1613 3376 essentiam
1625 3345 1825 3382 spectemus,
1835 3339 2012 3375 fruebatur

116 3394 263 3434 offensa,
291 3397 325 3427 et
348 3392 428 3428 inde
453 3391 660 3434 sequebatur
688 3392 828 3425 tristitia
853 3404 928 3432 quae
951 3403 1020 3426 non
1107 3390 1331 3431 beatitudine,
1352 3400 1422 3424 non
1436 3393 1506 3422 tota
1524 3392 1654 3424 autem.
1673 3388 1700 3422 si
1721 3388 1900 3431 potentias.

116 3442 223 3476 solum
239 3442 427 3484 appetitum
456 3441 654 3476 sensitivam
670 3467 679 3481 ,
699 3442 818 3475 verum
845 3440 947 3474 etiam
961 3452 1024 3477 vo·

117 3490 282 3526 luntatem
299 3489 483 3526 afficiebat.
