2170 3808
119 257 211 300 524
699 253 899 306 QUAEST.
932 253 1057 309 LXII,
1089 247 1206 296 ART.
1237 253 1270 295 V
1298 253 1364 297 ΕΤ
1392 254 1462 298 v1.

120 348 331 395 ›quorum
351 349 501 382 unum
526 335 730 392 pertinet
755 335 814 380 ad
834 335 1139 392 baptismum,
1164 334 1292 379 aliud
1318 334 1380 381 ad
1413 335 1765 393 Eucharistiam‚
1791 347 1896 393 quae
1925 341 2037 382 sunt

123 398 373 456 *potissima
386 401 694 442 sacramenta.

186 460 253 505 Ad
262 464 467 518 primum
485 470 599 515 ergo
613 458 883 515 dicendum,
903 458 1030 516 quod
1048 477 1067 497 «
1092 458 1310 515 Verbum,
1330 463 1469 517 prout
1482 464 1582 506 erat
1594 460 1644 504 in
1663 459 1892 517 principio
1911 461 2036 518 apud
2093 473 2095 475 ·

123 522 291 577 Deum,
316 517 520 565 vivificat
541 521 740 577 animas,
765 539 786 560 2»
828 520 950 565 sicut
990 532 1135 577 agens
1166 519 1449 577 principale3
1484 533 1591 566 caro
1632 525 1791 566 tamen
1832 520 1954 578 ejus,
1991 526 2037 566 et

124 581 355 641 ,mysteria
373 583 424 627 in
440 594 495 627 ea
513 587 779 641 perpetrata
798 588 1053 641 operantur
1075 582 1492 628 instrumentaliter
1514 583 1574 628 ad
1592 584 1762 628 animae
1783 583 1927 628 vitam
1944 599 1957 640 ε,
1977 583 2037 629 ad

75 667 76 671 =
130 644 273 688 vitam
305 648 463 689 autem
493 646 702 703 corporis
724 657 817 690 non
851 646 1003 689 solum
1035 644 1474 700 instrumentaliter,
1493 645 1577 690 sed
1607 645 1747 690 etiam
1765 657 1849 702 per
1877 656 2037 702 quam-

130 705 239 750 dam
254 706 673 763 exemplaritatem‚
695 711 749 751 ut
770 718 911 762 supra
932 706 1109 751 dictum
1130 710 1203 750 est
1225 709 1406 763 (quaest.
1425 718 1512 763 Lv1,
1531 710 1619 751 art.
1639 710 1660 751 1
1684 707 1743 751 ad
1761 709 1819 761 3).

184 767 251 813 Ad
270 769 516 813 secundum
548 769 815 822 dicendum,
840 767 966 824 quod
999 780 1082 824 per
1119 767 1258 813 iidem
1292 767 1501 813 Christus
1520 767 1699 813 habitat
1726 768 1774 812 in
1800 766 1951 825 nobis,
1984 773 2038 814 ut

131 827 300 874 dicitur
319 830 499 887 (Ephes.
525 832 583 887 v).
608 833 661 875 Et
679 829 783 875 ideo
806 829 954 874 virtus
980 830 1144 874 Christi
1168 831 1411 887 copulatur
1432 830 1568 875 nobis
1597 843 1680 888 per
1706 830 1859 876 fldem.
1885 829 2038 875 Virtus

130 895 289 937 autem
303 892 548 938 remissiva
568 896 868 951 peccatorum
891 891 1081 948 speciali
1095 892 1299 949 quodam
1319 892 1458 937 modo
1473 893 1673 949 pertinet
1693 893 1751 938 ad
1771 892 2035 951 passionem

132 953 280 1011 Ipsius
301 955 484 1001 Christi.
509 957 564 1000 Et
585 955 691 1001 ideo
723 967 807 1011 per
835 951 977 999 fidem
997 955 1233 1011 passionis
1260 955 1364 1012 eius
1401 955 1663 1012 specialiter
1686 955 1900 1000 homines
1925 954 2034 1000 libe·

130 1020 297 1062 rantur
333 1017 361 1062 a
385 1017 609 1077 peccatis,
642 1018 903 1063 secundum
929 1016 1043 1061 illud
1079 1019 1224 1071 (Rom.
1249 1031 1310 1075 ιιι,
1334 1020 1432 1068 2ΰ)ε
1471 1021 1611 1074 Quem
1646 1020 1884 1074 proposuit
1921 1020 2038 1061 Deus

125 1082 477 1136 propitiatorem
494 1093 579 1137 per
606 1081 741 1136 fidem
762 1083 809 1123 in
832 1084 1051 1135 sanquine
1071 1083 1227 1137 ipsius.
1248 1081 1302 1123 Et
1325 1079 1427 1125 ideo
1450 1080 1598 1125 virtus
1618 1084 2036 1135 sacramentorum,

129 1152 237 1198 quae
270 1141 514 1187 ordinatur
557 1142 617 1188 ad
665 1142 870 1188 tollenda
914 1147 1106 1199 peccata
1123 1175 1135 1197 ‚
1183 1142 1417 1198 praecipue
1463 1146 1535 1186 est
1570 1154 1630 1186 ex
1669 1141 1760 1186 fide
1808 1140 2038 1199 passionis

128 1202 296 1248 Christi
315 1205 392 1258 (1).

186 1265 252 1310 Ad
271 1270 457 1311 tertium
484 1265 753 1323 dicendum,
778 1266 902 1324 quod
919 1266 1189 1323 justificatio
1213 1265 1482 1311 attribuitur
1500 1265 1832 1311 resurrectioni
1858 1264 2039 1311 ratione

133 1328 404 1372 ‘terminiad
427 1342 575 1387 quem,
605 1329 686 1386 qui
715 1333 788 1373 est
826 1329 1008 1373 novitas
1030 1329 1139 1372 vitae
1178 1339 1263 1385 per
1304 1328 1534 1385 gratiam3
1572 1327 1843 1373 attribuitur
1879 1331 2038 1372 tamen

132 1391 543 1448 passioniratione
567 1391 753 1438 termini
775 1393 805 1436 ὰ
819 1405 922 1449 qua,
943 1391 1120 1437 scilicet
1137 1395 1365 1449 quantum
1390 1392 1450 1437 ad
1469 1392 1791 1437 dimissionem
1816 1391 1978 1448 culpae.

133 1455 478 1499 ARTICULUS
507 1457 590 1500 Vl.
615 1479 672 1487 —
702 1467 838 1498 orauit
858 1467 1125 1499 SAcaAifflu'rA
1146 1467 1321 1498 varanis
1341 1467 1460 1498 Lucis
1490 1467 1670 1498 summ
1701 1467 1936 1499 causmmr
1961 1457 2037 1510 (2).

133 1523 182 1557 uo
194 1522 248 1558 his
260 1524 364 1559 etiam
383 1523 443 1564 12,
465 1528 584 1565 quaest.
604 1531 683 1566 ciii,
697 1528 762 1558 art.
781 1523 814 1564 2,
832 1527 865 1557 et
880 1527 995 1566 quaest.
1013 1530 1098 1579 cvii,
1119 1527 1186 1558 art.
1204 1524 1218 1557 -Ι
1237 1522 1279 1557 ad
1295 1522 1328 1564 5,
1347 1527 1382 1557 et
1396 1524 1493 1559 Sent.
1509 1531 1559 1567 xv,
1581 1523 1661 1559 dist.
1682 1524 1718 1564 1,
1733 1528 1852 1566 quaest.
1870 1532 1905 1566 ι,
1923 1527 1989 1559 art.
2003 1525 2037 1567 5,

968 1577 1169 1613 quaestnunc.
1185 1580 1208 1606 ι.

187 1626 254 1671 Ad
285 1632 470 1671 sextum
505 1627 573 1670 sic
607 1626 889 1684 proceditur.
926 1629 968 1671 1.
1004 1626 1193 1671 Videtur
1224 1625 1351 1684 quod
1378 1626 1520 1671 etiam
1555 1629 1850 1671 sacramenta
1869 1626 2040 1672 veteris

133 1688 249 1744 legis
277 1689 477 1745 gratiam
500 1694 764 1746 causarent‚
796 1689 923 1746 quia,
955 1689 1078 1734 sicut
1101 1689 1275 1734 dictum
1300 1692 1372 1733 est
1400 1691 1506 1742 (art.
1537 1691 1715 1747 praee),
1749 1694 2040 1734 sacramenta

85 1775 94 1783 -
133 1762 268 1795 novae
288 1751 408 1808 legis
427 1751 603 1797 habent
621 1750 878 1796 efficaciam
899 1764 957 1796 ex
986 1751 1078 1795 fide
1107 1750 1340 1808 passionis
1362 1750 1546 1795 Christi.
1567 1751 1654 1796 Sed
1676 1750 1791 1795 fides
1810 1750 2040 1808 passionis

131 1812 298 1858 Christi
321 1813 411 1859 fuit
424 1813 473 1858 in
492 1814 636 1859 veteri
655 1814 774 1870 lege,
802 1814 924 1859 sicut
949 1818 995 1858 et
1021 1813 1070 1857 in
1101 1825 1223 1858 nova
1244 1827 1255 1857 ε
1282 1814 1510 1857 Habemus
1533 1813 1660 1859 enim
1682 1814 1888 1857 eumdem
1904 1817 2039 1871 spiri—

132 1879 227 1918 tum
248 1877 375 1932 fidei,
412 1881 464 1921 ut
486 1876 686 1922 habetur
717 1879 786 1931 (11.
807 1876 1010 1920 Corinth.
1035 1889 1095 1930 iv,
1134 1878 1222 1930 13).
1263 1875 1391 1921 Sicut
1427 1888 1539 1933 ergo
1578 1879 1872 1922 sacramenta
1905 1888 2040 1921 novae

132 1937 250 1993 legis
274 1938 523 1983 conferunt
543 1940 761 1996 gratiam,
778 1938 841 1983 ita
863 1938 1001 1983 etiam
1023 1942 1318 1983 sacramenta
1339 1938 1508 1983 veteris
1532 1938 1649 1995 legis
1667 1937 1866 1995 gratiam
1887 1939 2040 1983 confe-

133 1999 316 2044 rebant.
2026 2019 2027 2022 ¹

187 2064 230 2106 2.
256 2064 500 2119 Praeterea,
523 2059 831 2107 sanctificatio
861 2075 955 2106 non
993 2062 1045 2107 fit
1085 2062 1176 2107 nisi
1197 2075 1282 2119 per
1300 2063 1512 2120 gratiam,
1540 2063 1626 2108 Sed
1645 2075 1728 2120 per
1747 2067 2039 2108 sacramenta

136 2123 302 2169 veteris
319 2124 438 2182 legis
454 2124 669 2169 homines
687 2124 1104 2169 sanctificabantur
1124 2125 1321 2171 :dicitur
1340 2125 1467 2170 enim
1485 2125 1643 2180 (Levit.
1660 2138 1751 2181 vm,
1764 2127 1835 2179 31)
1860 2138 1874 2170 z
1898 2126 2039 2169 Ciam-

133 2199 218 2243 que
258 2188 591 2241 sanctificasset
610 2189 789 2245 Moyses
826 2189 977 2231 Aaron
1012 2191 1060 2232 et
1096 2187 1216 2232 filios
1239 2188 1343 2246 eJus
1375 2192 1425 2232 in
1457 2191 1618 2232 vestitu
1659 2201 1753 2242 sim,
1793 2190 1882 2232 etc.
1922 2190 2039 2246 Ergo

133 2247 319 2293 videtur
331 2247 456 2306 quod
472 2254 765 2294 sacramenta
778 2249 948 2293 veteris
963 2249 1082 2306 legis
1100 2250 1299 2306 gratiam
1317 2250 1631 2295 conferebant.

189 2313 233 2355 3.
263 2312 506 2367 Praeterea,
531 2309 651 2355 sicut
679 2311 799 2355 Beda
825 2310 934 2356 dicit
952 2310 1000 2355 in
1036 2310 1226 2356 homilia
1244 2312 1620 2357 Circumcisionis
1642 2313 1783 2368 (inter
1805 2313 1955 2368 princ.
1993 2317 2039 2359 et
2082 2325 2084 2327 ’
2158 2312 2161 2314 ’

134 2371 259 2417 med.
285 2377 332 2417 et
354 2377 427 2418 est
444 2373 567 2418 inter
583 2372 708 2416 hom.
735 2373 875 2417 hiem.
901 2373 959 2418 de
986 2374 1099 2430 SS.)‚
1134 2389 1157 2412 ¹«
1179 2374 1303 2419 idem
1343 2375 1593 2419 salutiferae
1630 2374 1885 2420 curationis
1908 2375 2039 2420 auxi-

135 2434 250 2478 lium
273 2433 567 2479 circumcisio
608 2434 656 2478 in
699 2434 803 2491 lege
839 2438 1001 2479 contra
1022 2435 1264 2491 originalis
1303 2437 1482 2494 peccati
1513 2437 1689 2481 vulnus
1708 2437 1891 2494 agebat,
1913 2437 2040 2494 quod

135 2496 399 2554 baptismus
438 2507 577 2553 agere
615 2496 832 2541 revelatae
869 2501 1076 2553 tempore
1115 2498 1278 2553 gratiae
1314 2497 1571 2543 consuevit.
1597 2517 1617 2537 υ
1646 2498 1735 2543 Sed
1777 2497 2039 2556 baptismus

136 2570 264 2603 nunc
278 2558 459 2603 confert
474 2557 689 2615 gratiam.
711 2561 827 2615 Ergo
843 2558 1137 2603 circumcisio
1158 2560 1354 2617 gratiam
1373 2559 1656 2617 conferebat,
1679 2565 1725 2605 et
1742 2560 1842 2617 pari
1860 2561 2039 2606 ratione

136 2619 227 2665 alia
247 2625 542 2666 sacramenta
561 2620 757 2678 legalia3
789 2621 899 2679 quia
924 2621 1044 2666 sicut
1061 2621 1325 2679 baptismus
1348 2626 1428 2668 -est
1452 2621 1600 2680 janua
1638 2627 2040 2669 sacramentorum

137 2681 428 2740 novaelegis,
462 2682 527 2728 ita
564 2687 611 2728 et
650 2683 942 2728 circumcisio
975 2688 1073 2728 erat
1092 2683 1240 2740 janua
1265 2688 1665 2729 sacramentorum
1695 2686 1867 2730 veteris
1888 2684 2035 2742 legis3

136 2748 323 2802 propter
344 2744 471 2801 quod
502 2747 550 2790 et
580 2745 827 2802 Apostolus
849 2744 961 2790 dicit
979 2745 1141 2800 (Galat.
1167 2759 1210 2803 v,
1233 2748 1276 2802 3)
1308 2759 1321 2792 ε
1350 2748 1581 2801 Testificor
1602 2748 1725 2791 omm‘
1760 2746 1933 2792 homini
1952 2751 2039 2792 cir-

136 2806 408 2852 cumcidenti
425 2820 489 2865 se,
510 2810 725 2864 quoniam
743 2809 922 2853 debitor
942 2810 1008 2852 est
1032 2810 1252 2854 universae
1270 2809 1380 2866 leqis
1401 2811 1644 2864 faciendae.

193 2869 281 2915 Sed
305 2872 466 2913 contra
485 2874 558 2915 est
578 2869 706 2927 quod
726 2870 916 2927 (Gal.1v‚
940 2872 983 2925 9)
999 2869 1169 2915 dicitur
1193 2885 1204 2916 ε
1231 2873 1558 2916 convertimini
1579 2872 1746 2916 iterum
1769 2872 1834 2916 ad
1852 2873 2038 2927 infirma

137 2934 182 2975 et
212 2944 353 2989 eqena
377 2932 628 2989 elementa5
648 2933 809 2978 Glossa
837 2932 1009 2989 ordin„
1034 2932 1082 2978 id
1103 2937 1191 2990 est,
1215 2953 1236 2972 «ι
1257 2934 1316 2980 ad
1332 2935 1503 2992 legem,
1525 2947 1630 2992 quae
1650 2934 1819 2981 dicitur
1834 2934 2035 2991 infirma,

138 2991 249 3050 quia
270 2992 475 3050 perfecte
501 3005 597 3037 non
614 2993 858 3050 Justificat.
888 3013 909 3033 υ
932 2994 1020 3040 Sed
1043 2994 1191 3050 gratia
1217 2996 1423 3053 perfecte
1452 2996 1693 3054 justificat.
1728 2998 1848 3053 Ergo
1880 3008 2036 3043 sacra-

138 3058 297 3099 menta
319 3054 492 3101 veteris
515 3054 636 3115 legis
650 3054 850 3112 gratiam
867 3069 962 3101 non
979 3057 1298 3103 conferebant.

187 3122 477 3163 CONCLUSIO.
505 3146 553 3153 —
577 3124 682 3165 Cum
708 3125 889 3165 efficiens
910 3137 1032 3166 causa
1060 3136 1135 3165 suo
1163 3126 1307 3166 effectu
1340 3126 1535 3179 posterior
1557 3138 1643 3167 esse
1669 3130 1846 3179 nequeat
1871 3139 1883 3168 ε
1905 3138 2036 3169 sacra·

138 3181 278 3219 menta
295 3176 397 3228 legis
425 3180 572 3219 veteris
593 3180 743 3221 Christi
776 3181 1006 3233 passionem
1037 3182 1143 3233 (quae
1166 3194 1287 3222 causa
1316 3186 1377 3223 est
1399 3186 1548 3223 nostrae
1572 3181 1895 3236 Justificationis)
1922 3187 2036 3225 ante·

180 3267 226 3310 (1)
246 3265 345 3310 Quod
361 3277 431 3301 non
456 3266 718 3308 intelligendum
743 3275 793 3306 est
809 3270 902 3311 quasi
931 3283 1046 3306 sacra-
1173 3271 1216 3314 (2)
1242 3271 1363 3312 Liquet
1387 3275 1459 3306 tum
1480 3283 1632 3314 corpore,
1663 3275 1734 3306 tum
1757 3282 1796 3305 ex
1821 3283 1970 3314 respons.
1991 3270 2035 3307 ml

139 3318 255 3350 menta
273 3313 436 3349 virtutem
454 3326 549 3350 suam
569 3316 715 3352 habeant
729 3329 767 3353 ex
781 3318 847 3353 fide
862 3319 1045 3359 suscipien-
1129 3325 1342 3362 argumenta,
1362 3320 1553 3355 doctrinam
1577 3320 1677 3360 hujus
1698 3319 1838 3355 articuli
1854 3332 1921 3356 esse
1943 3332 2035 3356 com·

143 3361 232 3396 tium
250 3389 258 3402 ,
275 3361 322 3396 sic
346 3363 438 3396 enim
463 3363 616 3399 valerent
633 3375 681 3399 ex
699 3375 806 3407 opere
829 3368 1044 3410 operantis,
1129 3380 1267 3403 munem
1301 3369 1459 3403 omnibus
1493 3369 1711 3403 sacramentis
1741 3369 1936 3415 veteribus3
1964 3369 2034 3404 sive

144 3421 212 3444 non
229 3411 309 3445 vero
324 3421 372 3446 ex
383 3421 491 3453 opera
503 3416 653 3455 operato
663 3426 675 3452 ;
690 3414 747 3448 sed
761 3414 839 3454 quia
854 3416 960 3453 gratia
976 3427 1044 3450 non
1129 3423 1206 3450 nme
1223 3416 1344 3458 legem,
1359 3415 1429 3451 sive
1448 3416 1484 3450 in
1506 3415 1576 3456 lege
1593 3415 1748 3451 instituta
1766 3416 1904 3452 fuerint.

140 3457 315 3492 confertur
335 3458 458 3493 adultis
469 3464 677 3494 sacramenta
692 3462 937 3503 recipientibus
949 3489 958 3504 ,
978 3463 1044 3498 nisi

140 3505 243 3540 fidem
260 3507 421 3546 passionis
437 3507 563 3542 Christi
579 3508 738 3544 habeant.
