2170 3808
87 193 168 237 456
761 187 958 239 QUAEST.
991 186 1094 238 LIV,
1125 186 1246 228 ART.
1274 186 1308 228 1.

86 284 192 328 quae
225 275 323 317 erat
353 283 455 328 eJus
486 268 694 314 formalis
726 267 963 325 perfectio.
985 266 1115 311 Unde
1137 265 1338 322 oportuit
1373 266 1434 312 ad
1458 267 1546 312 hoc
1581 267 1707 325 quod
1728 269 1853 312 esset
1873 279 1978 312 vera

85 334 251 378 Christi
270 331 562 385 resurrectio,
587 337 642 374 ut
674 329 798 374 idem
819 341 990 386 corpus
1006 328 1172 373 Christi
1192 327 1357 373 iterato
1379 329 1532 375 eidem
1563 331 1729 374 animae
1750 328 1977 376 uniretur.

85 397 139 452 Et
159 395 267 451 quia
286 393 454 438 veritas
473 396 653 436 naturae
684 392 891 447 corporis
912 396 984 436 est
1003 403 1062 435 ex
1079 390 1245 445 forma,
1266 402 1560 448 consequens
1577 398 1649 436 est
1662 390 1788 448 quod
1810 402 1980 446 corpus

85 456 246 502 Christi
271 460 376 511 post
410 453 799 498 resurrectionem
836 459 882 498 et
908 465 1070 498 verum
1100 464 1271 509 corpus
1306 450 1459 510 fuerit,
1483 458 1531 498 et
1556 453 1769 511 eJusdem
1801 456 1981 497 naturae

84 520 216 574 cujus
235 517 386 561 fuerat
399 516 542 572 prius.
562 515 606 559 Si
631 520 785 559 autem
804 516 908 572 eJ'us
930 527 1102 572 corpus
1122 514 1289 559 fuisset
1309 514 1671 572 phantasticum,
1698 526 1792 558 non
1815 512 1979 560 fuisset

86 591 191 625 vera
209 579 506 634 resurrectio,
532 578 615 623 sed
635 590 879 635 apparens.

138 641 206 686 Ad
239 645 439 698 primum
474 653 586 697 ergo
617 640 883 695 dicendum,
908 638 1035 696 quod
1057 650 1226 695 corpus
1259 637 1424 683 Christi
1463 644 1569 696 post
1590 637 1978 685 resurrectionem

84 715 179 749 non
200 716 257 748 ex
270 703 510 756 miraculO,
527 704 610 748 sed
627 716 685 748 ex
700 702 963 747 conditione
978 701 1156 760 gloriae,
1171 700 1293 745 sicut
1312 700 1502 758 quidam
1524 701 1701 756 dicunt,
1723 700 1896 746 clausis
1907 699 1981 756 ja»

82 764 191 810 nuis
203 767 262 821 (1)
281 765 339 810 ad
353 766 607 822 discipulos
627 763 850 815 introivit,
869 762 1010 807 simul
1032 774 1139 807 cum
1159 762 1250 806 alio
1267 774 1460 819 corpore
1478 762 1527 807 in
1543 764 1705 809 eodem
1723 763 1826 807 loco
1852 761 1978 806 exis-

83 831 202 872 tens.
241 827 327 872 Sed
350 828 505 871 utrum
524 827 612 870 hoc
639 825 810 870 habere
833 824 982 881 possit
1000 836 1170 881 corpus
1184 823 1439 880 gloriosum
1456 836 1515 869 ex
1533 825 1686 882 aliqua
1700 823 1978 881 proprietate

83 889 172 934 sibi
207 889 370 947 indita,
413 894 466 934 ut
501 888 643 933 simul
674 900 784 932 cum
817 887 907 931 alio
940 899 1134 943 corpore
1171 887 1219 930 in
1251 886 1415 932 eodem
1454 886 1555 931 loco
1582 888 1765 942 existat,
1785 884 1978 933 inferius

82 951 359 997 discutietur
373 951 438 999 (in
455 950 691 1008 Supplem.
706 954 871 1007 quaest.
897 963 1072 1006 Lxxxm,
1085 953 1171 993 art.
1196 948 1256 1004 4),
1281 948 1360 993 ubi
1380 952 1545 1005 agetur
1563 949 1620 994 de
1638 946 1978 994 resurrectione

81 1013 331 1058 communi.
369 1015 500 1057 Nunc
536 1016 695 1057 autem
727 1011 955 1069 quantum
989 1011 1050 1056 ad
1085 1011 1375 1068 propositum
1414 1011 1601 1067 sufficit,
1625 1009 1874 1055 dicendum
1906 1014 1978 1055 est

82 1075 207 1131 quod
234 1088 328 1120 non
349 1088 405 1121 ex
428 1080 595 1120 natura
627 1075 848 1131 corporis,
873 1074 956 1119 sed
974 1074 1130 1131 potius
1150 1086 1209 1118 ex
1222 1074 1393 1119 virtute
1416 1073 1669 1118 divinitatis
1683 1073 1842 1129 unitae,
1861 1072 1978 1118 illud

81 1148 251 1194 corpus
273 1138 332 1183 ad
352 1138 624 1195 discipulos,
645 1137 751 1182 licet
771 1148 933 1181 verum
953 1142 1093 1192 esset,
1108 1136 1269 1193 Januis
1291 1136 1462 1181 clausis
1490 1135 1710 1180 introivit.
1734 1134 1862 1179 Unde
1880 1139 1974 1179 Au-

82 1199 303 1254 gustinus
335 1200 445 1246 dicit
473 1201 521 1244 in
556 1199 760 1257 quodam
790 1211 1005 1244 sermone
1034 1198 1240 1256 paschali
1266 1198 1514 1255 (colligitur
1543 1210 1601 1242 ex
1631 1208 1771 1242 serm.
1794 1199 1894 1254 159,
1917 1197 1977 1243 de

81 1261 254 1317 Temp.)
282 1262 407 1318 quod
428 1262 618 1319 quidam
653 1261 722 1305 sic
744 1261 984 1318 disputant
1010 1273 1021 1302 ι
1047 1278 1067 1298 «
1090 1260 1132 1305 Si
1159 1272 1328 1317 corpus
1353 1263 1466 1314 erat,
1491 1259 1531 1304 si
1565 1260 1653 1304 hoe
1685 1258 1886 1304 surrexit
1917 1258 1976 1304 de

82 1323 295 1378 sepulcro
317 1324 669 1381 quodpependit
691 1323 894 1380 inligno,
910 1322 1144 1379 quomodo
1162 1335 1245 1379 per
1266 1322 1384 1366 ostia
1406 1321 1565 1367 clausa
1580 1322 1753 1366 intrare
1767 1321 1916 1378 potuit
1928 1325 1970 1366 Ρ»

81 1384 134 1427 Et
152 1386 403 1441 respondet
425 1401 435 1430 :
470 1403 491 1424 «
515 1386 558 1430 Si
587 1384 941 1440 comprehendis
959 1384 1170 1440 modum,
1200 1396 1294 1428 non
1313 1388 1383 1429 est
1397 1383 1701 1438 miraculum,
1722 1382 1804 1428 ubi
1821 1382 1975 1428 deficit

80 1446 213 1502 ratio,
244 1447 306 1492 ibi
343 1452 414 1492 est
446 1446 554 1492 fidei
594 1447 850 1492 aedificatio.
880 1465 902 1487 »
936 1449 989 1490 Et
1007 1449 1169 1503 (Super
1189 1449 1319 1491 Joan.
1343 1450 1476 1491 tract.
1500 1445 1644 1502 121,a
1667 1445 1808 1501 med.)
1831 1445 1973 1491 dicit:

83 1526 103 1548 υ
124 1510 225 1554 Moli
248 1511 469 1567 corporis,
484 1510 565 1554 ubi
587 1510 807 1554 divinitas
821 1514 935 1565 erat,
953 1509 1072 1553 ostia
1092 1509 1253 1554 clausa
1270 1521 1363 1553 non
1381 1508 1660 1553 obstiterunt
1675 1523 1689 1564 ς
1708 1508 1785 1552 ille
1801 1508 1974 1564 quippe

81 1583 177 1616 non
209 1573 277 1617 eis
310 1573 482 1629 apertis
515 1572 691 1617 intrare
725 1572 890 1629 potuit,
924 1583 1018 1628 quo
1045 1575 1267 1616 nascente
1297 1571 1541 1627 virginitas
1567 1569 1729 1615 matris
1755 1570 1975 1615 inviolata

80 1634 352 1689 permansit.
376 1653 397 1673 »
415 1636 468 1678 Et
486 1633 610 1678 idem
634 1633 745 1678 dicit
760 1633 1009 1689 Gregorius
1023 1632 1086 1688 (in
1105 1633 1306 1690 quadam
1330 1632 1489 1678 homil.
1511 1632 1568 1678 de
1589 1637 1752 1677 octava
1771 1633 1971 1690 Paschae,

79 1696 135 1739 26
156 1694 205 1739 in
229 1698 402 1752 Evang.
429 1696 552 1741 circa
570 1696 754 1753 prino).

135 1756 203 1802 Ad
233 1760 478 1802 secundum
501 1757 769 1814 dicendum,
797 1757 940 1815 quod,
974 1757 1097 1803 sicut
1118 1757 1294 1803 dictum
1324 1761 1396 1803 est
1423 1759 1602 1814 (quaest.
1634 1769 1772 1813 praec.
1801 1760 1886 1801 art.
1909 1759 1971 1815 3),

80 1817 287 1865 Christus
307 1820 560 1865 resurrexit
574 1820 634 1865 ad
655 1820 964 1865 immortalem
988 1819 1147 1876 gloriae
1168 1820 1326 1864 vitam.
1352 1822 1457 1864 Haec
1470 1824 1542 1864 est
1555 1824 1712 1864 autem
1733 1818 1972 1876 dispositio

80 1883 285 1939 corporis
309 1883 513 1939 gloriosi,
543 1887 596 1927 ut
625 1883 685 1927 sit
710 1882 965 1940 spirituale,
987 1883 1034 1928 id
1056 1887 1144 1938 est,
1161 1881 1426 1939 subJectum
1443 1882 1640 1939 spiritui,
1659 1886 1712 1926 ut
1727 1881 1972 1938 Apostolus

80 1945 188 1990 dicit
207 1949 254 2000 (Ι.
273 1948 372 1990 Cor.
397 1950 488 1999 xv).
510 1945 578 1990 Ad
597 1946 685 1990 hoc
704 1953 861 1990 autem
881 1945 1006 2002 quod
1020 1944 1080 1989 sit
1095 1945 1285 1989 omnino
1298 1957 1468 2002 corpus
1486 1944 1747 2000 subjectum
1771 1943 1969 2001 spiritui,

79 2008 328 2064 requiritur
362 2008 486 2065 quod
514 2007 668 2052 omnis
703 2007 823 2052 actio
857 2007 1062 2065 corporis
1083 2007 1310 2052 subdatur
1342 2007 1530 2064 spiritus
1559 2006 1801 2051 voluntati.
1842 2006 1973 2060 Quod

80 2076 235 2115 autem
270 2064 445 2127 aliquid
470 2070 698 2124 videatur,
724 2069 775 2114 fit
806 2082 889 2126 per
919 2070 1150 2115 actionem
1168 2070 1364 2114 visibilis
1391 2069 1440 2114 in
1459 2068 1628 2126 visum,
1661 2073 1715 2112 ut
1732 2072 1857 2124 patet
1887 2080 1972 2125 per

79 2133 406 2189 Philosophum
434 2136 510 2188 (De
533 2134 703 2190 anima,
727 2133 807 2177 lib.
836 2147 883 2190 ιι,
910 2137 1022 2178 text.
1055 2135 1108 2177 73
1132 2137 1177 2177 et
1207 2135 1292 2188 74).
1316 2135 1369 2177 Et
1388 2132 1490 2177 ideo
1522 2132 1803 2189 quIcumque
1831 2130 1971 2176 habet

79 2207 249 2253 corpus
271 2196 594 2252 glorificatum,
615 2196 663 2239 in
683 2199 909 2252 potestate
936 2208 1022 2240 sua
1046 2195 1188 2240 habet
1206 2195 1352 2241 videri
1376 2196 1564 2252 quando
1583 2194 1698 2250 vult,
1716 2198 1761 2239 et
1782 2194 1970 2250 quando

79 2269 173 2302 non
192 2258 309 2314 vult,
339 2271 434 2302 non
450 2258 611 2303 videri.
630 2260 723 2302 Hoc
738 2263 895 2302 tamen
924 2257 1087 2303 habuit
1107 2258 1314 2304 Christus
1337 2270 1431 2303 non
1451 2245 1601 2303 solufn
1622 2269 1681 2301 cx
1705 2255 1970 2302 conditione

79 2321 286 2377 corporis
305 2320 509 2377 gloriosi,
531 2320 615 2365 sed
634 2321 774 2365 etiam
793 2333 851 2365 ex
870 2320 1042 2365 virtute
1063 2321 1334 2376 divinitatis,
1359 2333 1442 2376 per
1457 2332 1598 2377 quam
1618 2318 1717 2364 fieri
1737 2322 1887 2374 potest
1919 2324 1970 2364 ut

79 2383 217 2427 etiarn
235 2395 430 2438 corpora.
443 2394 535 2426 non
560 2382 761 2437 gloriosa
775 2382 1052 2427 miraculose
1073 2395 1166 2426 non
1182 2383 1313 2427 videa
1321 2387 1450 2438 ntur,
1469 2383 1588 2437 sieut
1611 2381 1868 2438 praestitum
1882 2381 1969 2426 fuit

78 2446 126 2488 B.
147 2445 476 2489 Bartholomaeo
503 2444 795 2501 miraculose,
815 2450 867 2489 ut
889 2445 927 2488 si
958 2445 1097 2488 vellet
1115 2444 1364 2503 videretur,
1386 2457 1481 2488 non
1503 2449 1657 2488 autem
1676 2443 1911 2488 videretur
1927 2441 1969 2488 si

79 2519 173 2551 non
198 2507 339 2552 vellet
358 2509 432 2561 (2).
459 2507 633 2551 Dicitur
650 2518 763 2563 ergo
778 2507 904 2563 quod
919 2507 1126 2551 Chr1stus
1148 2507 1207 2551 ab
1230 2507 1378 2551 oculis
1393 2506 1728 2563 discipulorum
1759 2506 1965 2561 evanuit,

79 2582 173 2615 non
201 2570 310 2627 quia
336 2574 727 2626 corrumperetur,
751 2575 830 2614 aut
858 2570 1170 2615 resolveretur
1197 2570 1246 2614 in
1266 2570 1421 2627 aliqua
1442 2569 1719 2622 invisibilia:
1744 2569 1828 2614 sed
1858 2569 1968 2626 quia

78 2632 166 2678 sua
185 2633 423 2677 voluntate
443 2632 578 2677 desiit
597 2633 655 2677 ab
675 2633 741 2677 eis
753 2632 915 2690 videri,
930 2632 1005 2678 vel
1022 2644 1078 2677 eo
1099 2636 1346 2690 praesente,
1366 2632 1442 2678 vel
1457 2632 1593 2677 etiam
1615 2644 1671 2677 eo
1688 2631 1968 2677 abscedente

77 2694 296 2739 velociter
317 2706 399 2750 per
421 2695 575 2738 dotem
600 2694 837 2750 agilitatis.

131 2756 406 2818 Adsperttum
428 2756 694 2811 dicendum,
726 2756 868 2814 quod,
890 2755 1012 2801 sicut
1039 2757 1315 2802 Severianus
1332 2756 1443 2802 dicit
1460 2757 1509 2801 in
1531 2769 1744 2802 sermone
1760 2756 1967 2813 paschali

76 2819 138 2876 (id
159 2819 300 2863 habet
340 2821 436 2863 Pet.
458 2819 670 2877 Chrysol.
696 2819 744 2863 in
773 2830 915 2863 serm.
935 2821 1007 2876 82,
1033 2818 1093 2863 ad
1110 2818 1231 2875 fin.),
1256 2835 1279 2858 «
1299 2831 1437 2864 nemo
1469 2822 1599 2876 putet
1625 2819 1852 2864 Christum
1881 2818 1968 2863 sua

76 2881 412 2926 resurreetione
437 2880 509 2925 sui
535 2881 693 2926 vultus
724 2881 927 2937 effigiem
960 2881 1290 2927 commutasse.
1317 2900 1338 2921 »
1363 2881 1491 2935 Quod
1514 2886 1586 2925 est
1612 2880 1966 2936 intelligendum

76 2947 302 3000 quantum
325 2943 386 2988 ad
403 2943 685 2988 lineamenta
719 2944 1063 2999 membrorum,
1086 2945 1196 3001 quia
1222 2944 1337 2989 nihil
1366 2944 1683 2989 inordinatum
1694 2948 1741 2989 et
1761 2944 1967 2988 deforme

76 3005 226 3049 fuerat
244 3005 290 3048 in
326 3018 517 3062 corpore
539 3006 702 3050 Christi
731 3018 815 3063 per
834 3005 1053 3062 Spiritum
1070 3010 1285 3051 sanctum
1314 3011 1555 3064 concepto,
1577 3005 1702 3062 quod
1737 3005 1784 3049 in
1807 3017 1966 3050 resur-

76 3067 279 3112 rectione
301 3068 629 3125 corrigendum
659 3073 798 3113 esset.
820 3068 1006 3124 Accepit
1040 3072 1196 3112 tamen
1218 3068 1267 3112 in
1294 3069 1636 3113 resurrectione
1657 3067 1851 3124 gloriam
1876 3067 1966 3112 cla-

76 3129 246 3185 ritatis3
268 3130 393 3174 unde
417 3130 539 3175 idem
559 3130 731 3176 ibidem
757 3130 943 3175 subdit:
970 3148 989 3167 «
1012 3131 1099 3174 Sed
1118 3135 1325 3175 mutatur
1341 3131 1535 3187 effigies,
1559 3130 1671 3174 dum
1690 3128 1890 3174 efficitur
1907 3142 1966 3173 ex

76 3190 259 3235 mortali
296 3191 596 3247 immortalis3
624 3197 678 3237 ut
709 3194 796 3237 hoc
826 3192 886 3236 sit
913 3191 1218 3249 acquisivisse
1247 3193 1406 3237 vultus
1432 3192 1642 3249 gloriam,
1679 3204 1773 3236 non
1806 3191 1965 3236 vultus

117 3300 163 3343 (l)
180 3300 436 3341 AEquivalenter
455 3301 517 3336 sub
538 3301 590 3336 his
607 3302 722 3338 verbis
744 3314 752 3338 :
775 3303 866 3339 Cam
881 3303 978 3346 sores
1106 3303 1148 3346 (2)
1163 3303 1219 3338 Sic
1235 3303 1270 3338 iu
1289 3303 1428 3345 antiquo
1446 3301 1708 3338 Proedicatorum
1729 3302 1860 3345 rituali,
1875 3303 1964 3345 quod

78 3353 192 3383 essent
211 3349 346 3384 clausoe
361 3351 424 3384 ubi
439 3353 548 3385 erant
561 3350 741 3393 discipuli
753 3352 976 3395 conqreyati,
1067 3362 1159 3386 anno
1197 3351 1293 3393 4254,
1323 3363 1391 3393 quo
1421 3355 1574 3391 tempore
1596 3350 1730 3384 vivebat
1759 3352 1794 3385 S.
1820 3351 1965 3386 Thomu

77 3398 175 3431 venit
193 3398 311 3439 Jesus,
325 3402 379 3433 eto
405 3398 563 3440 Expressa
575 3403 686 3433 autem
706 3411 714 3432 ε
736 3400 977 3442 Υεηίῌαηαὶε
1062 3399 1190 3434 editum
1217 3400 1251 3434 in
1274 3402 1441 3434 conventu
1459 3398 1639 3433 Parisiensi
1660 3398 1695 3432 S.
1720 3398 1836 3434 Jacobi
1857 3410 1962 3435 asser-

77 3445 232 3480 clausis.
1062 3454 1160 3482 vatur
1177 3448 1267 3489 (Haec
1289 3447 1330 3481 ad
1345 3448 1532 3488 marginem
1558 3447 1754 3489 Nicolaius).
