2170 3808
121 229 201 272 108
812 222 1012 275 QUAEsr.
1042 221 1111 277 xi,
1142 221 1258 264 ART.
1289 220 1324 264 1.

122 308 330 353 Christus
354 319 449 351 non
470 302 742 361 cognoverit
774 302 947 346 omnia.
979 303 1082 345 Haec
1105 301 1231 345 enim
1267 300 1460 344 scientia
1491 299 1637 345 indita
1665 305 1736 343 est
1759 298 1935 342 Christo
1958 299 2015 343 ad

124 369 452 427 perfectionem
474 366 709 424 possibilis
733 364 998 409 intellectus
1028 363 1148 420 eJus.
1178 362 1266 406 Sed
1296 361 1560 406 intellectus
1588 360 1823 418 possibilis
1850 360 2018 404 animae

124 433 341 475 humanae
365 441 459 473 non
479 428 661 472 videtur
680 437 785 471 esse
804 425 852 469 in
873 425 1080 481 potentia
1099 424 1158 469 ad
1177 422 1334 468 omnia
1349 422 1635 480 simpliciter,
1648 421 1732 466 sed
1747 421 1902 466 adina
1920 420 2018 464 sola

122 494 245 538 circa
269 504 372 549 quae
400 495 550 547 potest
583 487 740 534 reduci
774 487 821 531 in
847 493 1002 531 actum
1031 499 1115 543 per
1145 485 1431 529 intellectum
1460 488 1676 540 agentem
1701 481 1782 539 qui
1811 488 1880 526 est
1911 494 2019 538 pro—

123 554 275 610 prium
290 552 492 596 activum
513 551 659 608 ipsius
675 565 686 593 z
708 561 813 605 quae
831 549 1021 605 quidem
1042 551 1153 591 sunt
1171 545 1501 602 cognoscibilia
1515 544 1777 590 secundum
1793 544 2017 587 rationem

125 614 400 659 naturalem.
427 615 544 669 Ergo
564 612 825 657 secundum
848 611 969 654 hanc
988 609 1232 654 scientiam
1254 619 1348 652 non
1367 606 1585 663 cognovit
1606 605 1814 650 Christus
1836 617 1891 648 ea
1913 616 2018 661 quae

123 676 384 721 naturalem
406 675 631 719 rationem
656 673 905 717 excedunt.

180 742 222 784 2.
255 741 496 791 Praeterea,
517 737 841 794 phantasmata
863 747 915 778 se
936 733 1111 777 habent
1132 732 1193 777 ad
1216 731 1502 776 intellectum
1523 731 1783 774 humanum
1798 727 1919 772 sicut
1937 740 2017 771 co·

123 802 247 845 lores
270 800 326 845 ad
348 799 517 854 visum,
539 805 592 843 ut
613 797 780 841 dicitur
802 798 877 847 (De
897 795 1070 850 anima,
1089 794 1170 838 lib.
1194 807 1253 847 ιιι,
1277 792 1447 850 implic.
1465 797 1577 837 text.
1599 793 1671 846 18,
1689 793 1738 835 31
1764 792 1910 843 et39).
1930 789 2019 834 Sed

124 875 220 907 non
254 862 454 919 pertinet
483 860 542 905 ad
574 860 903 917 perfectionem
933 857 1094 901 visivae
1126 856 1346 913 potentiae
1375 865 1658 910 cognoscere
1687 865 1742 897 ea
1774 864 1881 909 quae
1907 857 2018 896 sunt

123 925 316 971 omnino
340 924 516 980 absque
539 923 708 966 colore.
737 924 855 977 Ergo
888 932 1039 977 neque
1070 918 1128 963 ad
1162 918 1494 975 perfectionem
1532 915 1795 960 intellectus
1825 913 2016 959 humani

123 988 325 1045 pertinet
338 997 620 1041 cognoscere
640 997 695 1029 ea
716 995 914 1038 quorum
939 995 1033 1026 non
1057 985 1258 1038 possunt
1277 992 1383 1025 esse
1405 980 1747 1036 phantasmata,
1768 977 1889 1021 sicut
1908 979 2019 1021 sunt

124 1048 396 1094 substantiae
412 1052 651 1102 separatae.
669 1048 787 1101 Ergo
802 1049 909 1089 cum
932 1043 1197 1100 huJ‘usmodi
1219 1042 1411 1087 scientia
1427 1041 1567 1086 fuerit
1581 1040 1629 1084 in
1648 1039 1825 1083 Christo
1840 1038 1899 1082 ad
1916 1050 2018 1094 per-

123 1111 369 1156 fectionem
399 1109 568 1152 animae
595 1107 888 1152 intellectivae
917 1106 1088 1163 ipsius:,
1115 1106 1298 1149 videtur
1320 1102 1445 1161 quod
1462 1115 1547 1160 per
1566 1100 1835 1158 huJusmodi
1861 1101 2016 1146 scien-

124 1173 237 1217 tiam
261 1185 355 1221 non
376 1170 647 1226 cognoverit
669 1169 954 1214 substantias
975 1174 1228 1225 separatas.

181 1244 225 1285 3.
255 1243 494 1294 Praeterea‚
514 1237 573 1282 ad
590 1238 921 1295 perfectionem
939 1235 1201 1280 intellectus
1224 1248 1315 1278 non
1337 1234 1538 1291 pertinet
1556 1243 1840 1288 cognoscere
1859 1229 2019 1287 singu-

124 1303 256 1348 laria.
276 1302 461 1346 Videtur
478 1312 589 1356 ergo
614 1299 740 1357 quod
764 1312 845 1356 per
863 1298 1130 1356 hujusmodi
1146 1297 1386 1342 scientiam
1406 1295 1563 1340 anima
1579 1293 1745 1339 Christi
1763 1293 2019 1349 singularia

126 1379 219 1411 non
244 1365 529 1421 cognoverit.

179 1428 262 1472 Sed
289 1431 451 1470 contra
473 1431 544 1470 est
566 1424 691 1482 quod
714 1424 881 1468 dicitur
899 1426 1002 1475 (Isa.
1028 1425 1103 1478 xx),
1129 1422 1252 1479 quod
1281 1422 1473 1478 replebit
1491 1434 1593 1464 eum
1613 1420 1811 1476 §paraus
1835 1432 2019 1474 sapten-

127 1492 200 1534 tiae
215 1494 257 1532 et
281 1488 554 1538 intellectas,
572 1489 767 1530 scientiae
789 1489 832 1527 et
857 1485 1033 1527 consilii
1067 1484 1154 1528 sub
1183 1483 1355 1539 quibus
1384 1481 1846 1538 comprehenduntur
1862 1480 2020 1524 omnia

126 1549 485 1607 cognoscibilia:
512 1560 620 1592 nam
639 1547 700 1592 ad
717 1551 992 1603 sapientiam
1027 1547 1228 1603 pertinet
1256 1545 1460 1600 cognitio
1488 1544 1697 1589 omnium
1724 1542 2017 1596 divinorum3

125 1613 183 1657 ad
212 1612 489 1655 intellectum
515 1616 670 1655 autem
695 1610 896 1665 pertinet
918 1609 1123 1664 cognitio
1145 1608 1357 1652 omnium
1375 1606 1777 1660 immaterialium3
1799 1605 1859 1650 ad
1879 1607 2019 1647 scien-

127 1678 241 1718 tiam
263 1679 418 1718 autem
438 1674 637 1730 pertinet
660 1672 862 1727 cognitio
885 1672 1095 1716 omnium
1115 1671 1496 1726 conclusionum3
1520 1669 1580 1714 ad
1603 1669 1842 1712 consilium
1863 1672 2019 1710 autem
2061 1719 2064 1721 ,

124 1737 327 1793 cognitio
344 1735 554 1779 omnium
581 1734 838 1790 agibilium.
865 1736 984 1790 Ergo
1008 1734 1192 1778 videtur
1211 1732 1337 1789 quod
1357 1732 1564 1775 Christus
1583 1730 1844 1775 secundum
1867 1729 2021 1772 scien·
2043 1739 2064 1747 r

125 1799 238 1843 tiam
255 1797 449 1842 inditam
474 1795 562 1840 sibi
583 1808 664 1852 per
687 1796 906 1851 Spiritum
928 1801 1142 1839 sanctum
1165 1793 1380 1838 babuerit
1401 1793 1612 1837 omnium
1630 1791 1963 1848 cognitionem.

173 1865 466 1905 CONCLUSIO.
489 1886 538 1893 —
559 1863 662 1903 Cum
680 1864 859 1903 decuerit
874 1864 1058 1901 animam
1077 1862 1230 1902 Christi
1252 1861 1376 1901 Verbo
1395 1861 1467 1900 Dei
1488 1861 1665 1908 unitam,
1679 1859 1853 1899 omnino
1874 1858 2021 1908 perfec-

125 1923 212 1960 tam
239 1931 323 1959 esse
353 1930 422 1970 per
450 1918 667 1959 scientiam
693 1918 888 1967 inditam,
919 1917 984 1957 vel
1013 1917 1223 1966 infusam,
1241 1917 1385 1956 omnia
1402 1916 1529 1956 etiam
1556 1913 1778 1954 necessario
1802 1913 2020 1965 cognovit,

124 1976 290 2025 excepta
307 1974 452 2013 divina
472 1973 661 2013 essentia.

181 2037 455 2093 Respondeo
475 2035 725 2080 dicendum
746 2035 888 2094 quod,
913 2035 1035 2080 sicut
1057 2036 1189 2092 prius
1210 2036 1386 2080 dictum
1406 2039 1479 2080 est
1501 2035 1599 2091 (qu.
1624 2048 1682 2089 ix,
1707 2037 1795 2078 art.
1819 2035 1881 2088 1),
1905 2045 2020 2077 con—

124 2100 319 2144 veniens
349 2098 437 2142 fuit
463 2102 516 2141 ut
547 2097 704 2141 anima
733 2097 897 2142 Christi
926 2097 1118 2142 omnino
1146 2102 1268 2142 esset
1289 2097 1493 2154 perfecta
1512 2108 1593 2152 per
1616 2096 1703 2139 hoc
1725 2094 1850 2150 quod
1868 2095 2021 2140 omnis

124 2162 229 2218 eJus
254 2159 565 2216 potentialitas
587 2159 647 2202 sit
667 2159 860 2204 reducta
882 2160 941 2203 ad
959 2164 1132 2203 actum.
1159 2161 1238 2203 Est
1275 2163 1430 2203 autem
1466 2156 1860 2202 considerandum
1895 2157 2022 2212 quod

125 2224 175 2268 in
199 2223 354 2266 anima
377 2222 598 2275 humana,
617 2221 738 2265 sicut
756 2221 804 2264 in
822 2221 1030 2277 qualibet
1048 2225 1277 2275 creatura,
1294 2219 1614 2265 consideratur
1628 2218 1799 2275 duplex
1817 2219 2022 2275 potentia

125 2285 342 2342 passiva:
364 2296 460 2326 una
480 2282 669 2339 quidem
689 2295 773 2339 per
790 2283 1183 2339 comparationem
1203 2282 1261 2327 ad
1281 2294 1428 2338 agens
1447 2281 1686 2335 naturale3
1706 2280 1797 2325 alia
1809 2281 1920 2326 vero
1939 2293 2022 2337 per

123 2345 516 2402 comparationem
537 2343 596 2387 ad
618 2355 764 2399 agens
782 2343 1001 2399 primum,
1022 2344 1148 2400 quod
1167 2349 1320 2400 potest
1335 2343 1591 2399 quamlibet
1606 2346 1866 2387 creaturam
1885 2343 2021 2387 redu-

124 2420 231 2452 cere
254 2407 301 2450 in
325 2412 481 2450 actum
506 2405 709 2460 aliquem
732 2405 940 2450 altiorem
963 2410 1070 2450 actu
1101 2405 1145 2449 in
1177 2418 1317 2462 quem
1353 2406 1590 2450 reducitur
1611 2417 1695 2460 per
1717 2416 1864 2460 agens
1887 2411 2020 2450 natu-

128 2469 256 2513 rale:
282 2472 329 2511 et
350 2469 450 2512 haec
472 2466 715 2511 consuevit
742 2467 898 2511 vocari
930 2468 1138 2523 potentia
1168 2468 1443 2512 obedientiae
1477 2467 1524 2511 in
1558 2472 1788 2511 creatura.
1822 2468 2021 2524 Utraque

125 2534 286 2574 autem
306 2527 512 2586 potentia
527 2527 697 2571 animae
711 2528 874 2572 Christi
894 2529 980 2573 fuit
994 2529 1187 2573 reducta
1203 2529 1251 2572 in
1268 2534 1442 2585 actum,
1461 2528 1721 2573 secundum
1736 2528 1857 2572 hanc
1876 2528 2020 2572 scien-

129 2592 241 2637 tiam
256 2590 479 2636 divinitus
502 2589 710 2634 inditam.
723 2592 776 2633 Et
791 2590 894 2634 ideo
914 2591 1173 2635 secundum
1198 2603 1293 2636 eam
1311 2591 1466 2635 anima
1482 2590 1648 2635 Christi
1669 2589 1818 2646 primo
1831 2591 2019 2647 quidem

125 2654 344 2710 cognovit
363 2664 671 2709 quaecumque
692 2651 751 2696 ab
774 2652 962 2698 homine
993 2655 1212 2709 cognosci
1240 2658 1438 2710 possunt
1465 2666 1547 2710 per
1581 2653 1799 2697 virtutem
1829 2652 2020 2697 luminis

129 2715 392 2761 intellectus
405 2714 602 2770 agentis.
621 2714 742 2758 sicut
754 2721 865 2758 sunt
877 2727 1184 2772 quaecumque
1201 2716 1435 2772 pertinent
1451 2716 1510 2760 ad
1527 2715 1746 2759 scientias
1765 2715 2016 2770 humana-53

128 2776 339 2823 secundo
358 2778 466 2821 vero
486 2789 569 2833 per
588 2777 710 2820 hanc
733 2776 974 2821 scientiam
997 2778 1216 2834 cognovit
1229 2777 1438 2823 Christus
1459 2777 1616 2822 omnia
1634 2776 1711 2821 illa
1725 2788 1830 2833 quae
1848 2789 1931 2832 per
1950 2790 2020 2821 re-

127 2839 404 2884 velationem
424 2837 628 2882 divinam
650 2837 919 2883 hominibus
938 2838 1263 2893 innotescunt3
1285 2839 1383 2884 sive
1401 2839 1663 2896 pertineant
1682 2837 1741 2882 ad
1759 2837 1932 2882 donum
1952 2851 2020 2882 sa·

126 2901 327 2958 pientiae,
348 2902 449 2945 sive
468 2900 528 2944 ad
549 2900 726 2944 donum
749 2901 1018 2957 prophetiae,
1042 2902 1141 2947 sive
1171 2902 1229 2946 ad
1259 2903 1588 2959 quodcumque
1617 2900 1793 2945 donum
1825 2900 2020 2956 Spiritus

128 2962 300 3017 sancti3
329 2962 486 3006 omnia
519 2962 645 3006 enim
676 2961 764 3005 ista
800 2961 1115 3008 abundantius
1146 2970 1193 3018 et
1219 2964 1405 3020 plenius
1429 2961 1844 3018 caeteris-cognovit
1863 2963 2019 3005 anima

126 3023 309 3068 Christi.
333 3026 484 3079 ipsam
506 3028 662 3068 tamen
687 3022 765 3067 Dei
788 3023 1038 3068 essentiam
1062 3037 1146 3082 per
1168 3025 1290 3069 hanc
1313 3025 1555 3069 scientiam
1579 3036 1673 3067 non
1692 3023 1910 3079 cognovit
1929 3026 2015 3078 (i),

129 3084 212 3129 sed
231 3084 381 3128 solum
402 3097 482 3140 per
500 3084 713 3141 primam,
735 3084 793 3129 de
812 3097 905 3141 qua
924 3097 1066 3141 supra
1085 3086 1261 3131 dictum
1280 3092 1351 3131 est
1366 3089 1463 3143 (qu.
1482 3087 1656 3142 praec.).

184 3146 251 3217 ᾼᾱ
270 3149 469 3216 primum
488 3159 598 3202 ergo
620 3147 888 3200 dicendum,
912 3148 1038 3204 quod
1060 3149 1176 3194 ratio
1194 3149 1273 3193 illa
1291 3149 1501 3207 procedit
1518 3149 1576 3194 de
1594 3147 1801 3205 potentia
1820 3147 2017 3192 naturali

130 3219 298 3252 animae
313 3207 621 3265 intellectivae‚
641 3222 746 3266 quae
761 3209 1019 3256 scilicetest
1036 3223 1120 3268 per
1137 3212 1532 3269 comparationem
1550 3211 1609 3255 ad
1627 3221 1772 3266 agens
1794 3209 2018 3265 naturale,

127 3269 255 3327 quod
276 3274 348 3314 est
371 3270 635 3315 intellectus
663 3283 824 3327 agens.

169 3371 216 3413 (i)
230 3372 275 3406 Ex
292 3372 346 3406 his
363 3377 467 3413 patet,
486 3373 534 3407 ait
548 3373 690 3412 Sylvius,
711 3373 883 3408 Christum
904 3376 1032 3409 novisse
1117 3377 1226 3418 (Sent.
1244 3385 1298 3418 ιιι,
1314 3376 1392 3410 dist.
1405 3376 1457 3415 Μ,
1476 3379 1510 3409 et
1527 3375 1574 3408 De
1596 3386 1667 3409 vcr.
1689 3377 1806 3414 quoest.
1823 3382 1876 3411 xx.
1895 3378 1959 3407 art.
1972 3373 2017 3415 (ἢ,

128 3432 243 3455 omncs
255 3421 475 3461 cogitationes
486 3427 519 3455 et
531 3422 708 3455 volitiones
723 3428 1034 3464 quantumcumque
1119 3436 1156 3458 re
1166 3429 1280 3458 tamen
1294 3422 1482 3458 accuratius
1499 3426 1672 3464 perpensa,
1692 3422 1747 3456 hic
1770 3422 1816 3456 ita
1832 3420 1960 3455 asserit.

126 3467 272 3507 {iberam
290 3469 329 3503 de
346 3469 466 3509 quibus
483 3469 562 3503 licet
575 3470 897 3504 contrariesenscrit
915 3476 1035 3505 auctor
