2170 3808
183 164 267 208 284
835 161 1038 214 QUAEST.
1050 161 1231 216 ⁶,XXXV
1259 162 1378 205 ΛΒΤ.
1409 162 1443 204 1.

183 244 409 300 ChristuS,
448 242 706 288 secundum
729 240 856 299 quod
870 241 1028 297 homo,
1060 241 1148 286 fuit
1172 240 1356 297 heatUS,
1389 241 1515 298 quod
1551 243 1624 285 est
1644 251 1750 286 esse
1783 211 2088 297 comprehen-

185 318 355 353 SOI'em.

235 373 530 415 CONCLUSIO.
549 395 596 402 —
613 371 817 421 Christus,
836 371 933 412 cum
946 370 991 410 in
1008 371 1183 411 instanti
1201 381 1288 410 suae
1306 371 1582 423 conceptionis
1597 370 1774 422 gratiam
1792 369 1992 420 acceperit
2006 381 2089 412 non

185 429 238 491 ad
256 439 511 521 mensurang,
532 427 579 522 iii
597 427 738 467 eodem
755 427 929 467 instanti
946 426 1028 467 suit
1043 430 1137 466 actu
1154 424 1478 477 comprehensor,
1498 426 1629 466 Deum
1650 438 1720 478 per
1733 425 1954 466 essentiam
1975 427 2091 467 caete-

185 495 244 524 ris
257 495 278 523 c
297 494 411 522 arius
426 495 468 521 vl
500 494 549 522 en
582 494 619 522 o.

239 545 514 617 Respondeo
547 544 798 591 dicendum
834 543 977 602 quod,
999 544 1120 589 sicut
1140 556 1200 588 ex
1221 541 1359 589 dictis
1376 547 1505 600 patet
1541 545 1645 599 (art.
1680 545 1857 615 praem),
1891 541 2092 588 nonfuit

184 607 471 652 conveniens
491 610 546 652 ut
581 606 820 652 Christus⁸
809 619 857 650 m
880 618 968 651 sua
1002 604 1306 662 conceptione
1342 605 1571 663 acciperet
1591 604 1789 662 gratiam
1806 602 2091 649 habitualem

187 669 369 714 tantum
405 669 584 726 absque
605 673 750 713 actu:
788 668 967 724 accepit
988 667 1111 712 enim
1137 666 1334 725 gratiam
1353 679 1449 711 non
1468 666 1528 713 ad
1563 678 1852 721 mensuram,
1875 669 1931 711 ut
1950 677 2092 723 supra

184 729 396 776 habitum
429 734 502 776 est
537 732 718 787 (quaest.
738 743 814 786 vn,
837 734 924 773 art.
947 731 991 784 9,
1026 732 1081 774 10
1113 731 1270 783 et12).
1296 728 1445 773 Gratia
1478 732 1633 774 autem
1667 727 1876 784 viatoris,
1902 729 2011 772 cum
2032 725 2092 772 sit

185 791 406 837 deficiens
438 791 466 836 a
501 791 650 849 gratia
680 790 1099 849 comprehensoris,
1133 790 1272 835 habet
1306 801 1576 835 mensuram
1611 789 1842 834 minorem
1876 793 2092 845 respectu

185 854 348 909 gratiae
379 851 785 910 comprehensoris
803 853 876 907 (1).
902 852 1031 897 Unde
1054 852 1355 897 manifestum
1380 855 1454 898 est
1483 852 1608 909 qued
1630 851 1872 897 Christus'
1861 863 1911 895 m
1942 850 2093 907 primo

185 913 378 960 instanti
415 926 515 960 suae
550 913 870 971 conceptionis
906 915 1086 971 accepit
1123 927 1219 959 non
1245 913 1398 958 solum
1435 917 1614 959 tantam
1648 913 1846 969 gratiam
1868 917 2093 970 quantam

185 977 603 1034 comprehensores
641 976 839 1032 habent,
878 976 961 1021 sed
1002 977 1143 1021 etiam
1182 975 1403 1021 omnibus
1439 975 1910 1033 comprehensoribus
1947 974 2094 1032 majo·

184 1048 301 1085 rem.
335 1043 390 1086 Et
423 1040 534 1098 quia
566 1040 715 1098 gratia
743 1040 822 1084 illa
845 1052 940 1084 non
975 1040 1065 1085 fuit
1098 1040 1201 1086 sine
1242 1044 1365 1097 acm,
1391 1051 1687 1097 consequens
1721 1044 1794 1085 est
1825 1037 1951 1096 quod
1986 1042 2094 1083 actu

183 1102 323 1147 fuerit
339 1103 719 1161 comprehensor,
741 1102 943 1147 videndo
965 1106 1112 1148 Deum
1150 1116 1234 1160 per
1269 1102 1521 1148 essentiam
1543 1102 1715 1147 clarius
1754 1101 1935 1146 caeteris
1962 1112 2094 1145 crea-

184 1163 319 1208 turis.

239 1225 318 1270 Ad>
347 1227 548 1282 primum
584 1237 697 1283 ergo
735 1225 1013 1283 dicendum,
1047 1226 1200 1284 qued,
1240 1226 1362 1271 sicut
1397 1238 1540 1283 supra
1581 1225 1758 1270 dictum
1797 1229 1872 1270 est
1908 1225 2091 1282 (quaest.

185 1300 271 1346 xix,
307 1292 395 1332 art.
429 1289 491 1344 3),
526 1287 733 1332 Christus
770 1299 866 1332 non
900 1289 1071 1333 meruit
1104 1287 1298 1345 gloriam
1342 1287 1527 1344 animae,
1565 1287 1827 1332 secundum
1858 1297 1999 1344 quam
2025 1285 2094 1332 di—

184 1347 306 1394 citur
337 1348 719 1406 comprehensor,
741 1348 826 1393 sed
846 1348 1042 1405 gloriam
1064 1349 1288 1407 corporiS,
1312 1348 1373 1397 ad
1394 1361 1536 1406 quam
1558 1360 1641 1406 per
1669 1361 1805 1394 suam
1824 1347 2093 1408 passionem

183 1411 411 1468 pervenit.

242 1474 372 1519 Unde
394 1479 520 1530 patet
540 1473 785 1529 responsio
803 1474 863 1518 ad
884 1474 1144 1517 secundum.

240 1535 307 1581 Ad
322 1539 506 1580 tertium
516 1535 785 1593 dicendum,
799 1534 925 1592 quod
937 1536 1160 1591 ChristuS,
1177 1548 1235 1580 ex
1246 1536 1336 1581 hoc
1347 1534 1473 1593 quod
1484 1535 1572 1580 fuit
1585 1538 1708 1581 Deus
1719 1538 1767 1580 et
1780 1535 1938 1590 hom0,
1953 1533 2094 1579 etiam

185 1595 233 1640 in
256 1609 344 1642 sua
365 1597 654 1642 humanitate
675 1597 837 1642 habuit
858 1596 1034 1655 aliquid
1049 1609 1144 1654 prae
1162 1598 1340 1642 caeteris
1359 1597 1601 1657 creaturiS,
1621 1600 1675 1642 ut
1696 1595 1872 1642 scilicet
1889 1595 2046 1642 statim
2066 1594 2095 1640 a

184 1658 416 1717 principio
438 1664 564 1705 esset
583 1659 768 1704 beatus

853 1745 1159 1810 QUAESTIO
1211 1743 1428 1798 XXXV.

469 1852 531 1887 DE
563 1834 848 1888 ΝᾸΤΙἮΤΑἸῈ
882 1852 1088 1900 CHRISTI,
1123 1850 1172 1886 IN
1205 1850 1327 1886 OCTO
1360 1849 1617 1886 ARTICULOS
1649 1850 1818 1887 mvlsA.

235 1940 538 1993 Consequenter
553 1946 644 1994 post
661 1942 814 1983 Chiisti
833 1942 1142 1992 conceptionem
1165 1939 1372 1990 agendum
1388 1942 1450 1979 est
1463 1939 1514 1979 de
1531 1940 1620 1991 ejus
1641 1940 1885 1981 nativitate.
1906 1942 1947 1980 et
1961 1940 2095 1992 primo
2166 1992 2167 1995 Ἴ

184 1995 391 2047 quantum
405 1996 485 2036 ad
475 2008 610 2048 ipsam
628 1997 911 2046 nativitatem;
935 1995 1131 2045 secundo,
1150 1991 1360 2047 quantum
1377 1993 1430 2034 ad
1450 1994 1687 2035 nativitatis
1700 1994 2092 2037 manifestationem.

185 2051 299 2093 Circa
325 2051 510 2103 primum
534 2056 782 2104 quaeruntur
816 2057 947 2093 octo·
982 2057 1018 2091 1⁰
1046 2050 1197 2091 Utrum
1230 2050 1428 2090 nativitas
1452 2051 1507 2090 sit
1536 2054 1695 2090 naturae
1722 2050 1789 2091 vel
1821 2061 2017 2102 personae.
2045 2073 2094 2080 —

186 2113 226 2146 20
242 2106 394 2147 Utrum
410 2108 570 2148 Christo
592 2108 648 2148 sit
661 2107 925 2148 attribuenda
943 2107 1026 2147 alia
1042 2107 1238 2146 nativitas
1252 2108 1398 2157 praeter
1414 2108 1625 2146 aeternam.
1650 2128 1699 2135 -
1715 2111 1755 2146 30
1776 2105 1928 2146 Utrum
1952 2117 2095 2147 secun·

186 2159 287 2201 dum
307 2163 567 2203 nativitatem
587 2162 854 2213 temporalem
873 2164 919 2203 B.
940 2163 1063 2214 Virgo
1081 2162 1134 2201 sit
1150 2164 1281 2200 mater
1295 2160 1398 2212 ejus.
1414 2183 1462 2189 —
1480 2165 1521 2200 4⁰
1538 2160 1689 2201 Utrum
1708 2160 1851 2200 debeat
1864 2160 1948 2201 dici
1965 2164 2095 2202 mater

185 2215 272 2257 Dei.
293 2239 337 2245 —-
359 2223 398 2256 50
417 2218 563 2258 Utrum
583 2217 772 2258 Christus
791 2217 1020 2257 secundum
1044 2216 1145 2256 duas
1173 2215 1392 2255 filiationes
1410 2214 1465 2255 sit
1481 2215 1595 2256 filius
1612 2216 1684 2256 Dei
1701 2217 1833 2256 Patris
1854 2218 1896 2256 et
1909 2216 2095 2268 Virginis

185 2271 344 2311 matris.
366 2293 412 2301 —
429 2279 469 2311 60
484 2273 541 2312 De
554 2272 676 2312 modo
692 2273 938 2312 nativitatis.
955 2294 1004 2300 —
1022 2276 1061 2311 70
1080 2273 1137 2311 De
1152 2269 1254 2310 loco.
1275 2292 1323 2299 -—
1342 2275 1381 2309 80
1397 2271 1453 2310 De
1472 2273 1655 2322 tempore
1676 2270 1926 2310 nativitatis.

356 2336 704 2380 ARTICULUS
727 2338 764 2378 1.
788 2358 845 2366 -
867 2348 1007 2377 Urium
1028 2346 1242 2377 univiras
1261 2346 1325 2377 sn·
1341 2346 1510 2376 NArunAE
1525 2347 1605 2376 vm.
1626 2347 1824 2378 PERSONAE
1849 2335 1925 2388 (2).

797 2404 846 2438 De
859 2403 913 2437 his
931 2403 1034 2437 etiam
1055 2404 1150 2437 Sent.
1166 2410 1220 2443 111,
1238 2402 1313 2437 dist.
1330 2403 1364 2443 8,
1380 2405 1448 2437 art.
1461 2401 1495 2438 2.

239 2464 308 2510 Ad
325 2464 530 2522 primum
552 2464 621 2509 sic
641 2464 923 2521 proceditur.
955 2468 997 2508 1.
1024 2463 1212 2508 Videtur
1241 2462 1367 2520 quod
1389 2463 1607 2508 nativitas
1632 2467 1815 2510 naturae
1845 2466 2094 2513 conveniat

185 2527 338 2586 magis
373 2527 516 2585 quam
544 2539 774 2584 personae
808 2526 924 2571 Dicit
963 2525 1089 2571 enim
1126 2525 1414 2582 Augustinus
1450 2526 1749 2582 (Fulgentius)
1787 2526 1837 2572 in
1873 2528 1992 2574 libro
2030 2533 2093 2576 De

185 2589 277 2636 fide
310 2589 371 2635 ad
390 2592 578 2635 Petrum
599 2592 613 2643 (
632 2602 736 2647 cap.
763 2592 805 2645 2,
830 2602 994 2647 parum
1020 2593 1128 2634 ante
1147 2587 1319 2644 med.)
1307 2622 1319 2633 .
1352 2589 1555 2633 «Natura
1583 2593 1757 2635 aeterna
1776 2595 1916 2649 atque
1935 2591 2093 2637 divina
2115 2618 2119 2621 =

186 2663 281 2698 non
303 2656 462 2709 posset
484 2651 666 2709 concipi
699 2655 745 2696 et
767 2650 897 2696 nasci
928 2663 987 2696 ex
1008 2651 1213 2695 humana
1235 2654 1418 2707 natura,
1439 2649 1530 2695 nisi
1563 2651 1826 2697 secundum
1851 2653 2093 2699 veritatem

185 2713 404 2758 humanae
419 2716 614 2759 naturae.
630 2732 650 2752 »
674 2713 716 2758 Si
736 2713 878 2771 igitur
895 2713 1064 2757 divinae
1081 2716 1258 2756 naturae
1277 2712 1495 2757 convenit
1508 2712 1691 2770 concipi
1707 2718 1754 2759 et
1769 2713 1899 2759 nasci
1913 2715 2093 2761 ratione

185 2774 405 2821 humanoe
423 2780 620 2834 naturae,
639 2775 787 2820 multo
809 2774 962 2832 magis
984 2774 1201 2819 convenit
1215 2774 1434 2819 humanae
1455 2779 1651 2820 naturae.

241 2840 284 2883 2.
316 2840 559 2892 Praeterea,
591 2837 851 2882 secundum
876 2836 1202 2893 Philosophum
1223 2836 1433 2893 (Metaph.
1454 2836 1535 2881 lib.
1571 2851 1614 2894 v,
1646 2841 1759 2883 text.
1787 2841 1846 2895 5),
1883 2857 1904 2878 α
1919 2851 2092 2885 nomen

187 2899 399 2945 natur'ae
382 2913 410 2944 a
431 2899 668 2945 nascendo
681 2904 922 2970 sumptum
941 2904 1029 2945 est.
1042 2918 1061 2938 n
1078 2898 1164 2943 Sed
1183 2897 1587 2943 denominationes
1604 2898 1724 2944 fiunt
1745 2900 2007 2947 secundum
2025 2902 2090 2947 si-

186 2960 465 3008 militudinis
483 2961 874 3006 convenientiam
896 2964 1016 3019 Ergo
1034 2960 1218 3005 videtur
1235 2959 1361 3030 quod
1383 2959 1599 3005 nativitas
1617 2961 1768 3018 magis
1786 2962 2015 3019 pertineat
2031 2963 2090 3008 ad

187 3026 402 3068 naturam
419 3024 562 3080 quam
578 3024 638 3069 ad
660 3036 925 3081 personam.

230 3119 274 3161 (1)
294 3119 389 3161 Quod
407 3119 668 3161 intelligendum
684 3123 732 3156 est
747 3132 816 3155 non
832 3122 872 3156 de
888 3121 994 3162 gratia
1008 3132 1097 3155 com·

186 3165 403 3208 prehensoris
413 3166 591 3208 habituali,
613 3169 689 3203 cum
705 3169 780 3204 fieri
803 3170 906 3211 possit
926 3168 1014 3210 quod
1037 3168 1095 3203 ha-

187 3214 280 3250 bitus
306 3215 423 3256 gratiae
449 3217 494 3249 sit
517 3215 554 3250 in
578 3217 692 3258 aliquo
722 3218 851 3253 viatore
877 3217 1014 3259 aequaiis
1043 3216 1095 3251 vel

187 3263 292 3298 etiam
320 3268 431 3303 major
452 3263 562 3304 quoad
586 3263 828 3305 intensionem,
846 3267 943 3307 quani
962 3265 997 3298 in
1024 3264 1094 3305 qui-

188 3309 329 3345 busdam
345 3310 473 3355 beatis3
494 3311 552 3345 sed
573 3312 757 3347 secundnm
780 3314 870 3355 quod
895 3318 945 3348 est
969 3313 1004 3347 in
1025 3319 1098 3346 icr-

189 3358 285 3392 mino
304 3386 314 3400 ‚
346 3358 416 3395 sive
444 3358 630 3393 secundum
664 3360 755 3400 quod
783 3366 833 3396 cst
865 3362 901 3395 in
931 3360 998 3394 fine
1029 3365 1100 3400 jam

189 3405 313 3448 adepto
328 3411 362 3442 ct
376 3407 603 3442 immobiliter
618 3420 774 3449 possesso,
789 3416 827 3442 ut
845 3409 894 3444 ait
911 3408 1053 3449 sylvius.

1224 3120 1266 3161 (2)
1283 3121 1330 3155 De
1346 3133 1499 3163 persona,
1524 3133 1591 3155 non
1615 3126 1728 3155 autem
1749 3121 1790 3155 de
1813 3125 1935 3156 natura
1962 3121 2088 3157 dicitur

1181 3168 1218 3203 in
1243 3169 1421 3210 symbolo:
1441 3169 1516 3211 Qui
1539 3172 1734 3212 conceptus
1765 3173 1816 3204 est
1845 3174 1877 3202 et
1906 3174 2017 3204 natus
2042 3179 2088 3204 ex

1180 3217 1311 3251 Maria
1345 3218 1506 3260 Vimine,
1525 3220 1559 3251 et
1583 3216 1617 3250 in
1644 3217 1832 3258 Scripturis
1852 3217 1988 3258 (Manli.
2010 3216 2051 3257 11)
2076 3228 2085 3250 z

1182 3266 1272 3300 Cam
1299 3269 1413 3300 natus
1429 3267 1518 3299 esset
1539 3263 1688 3299 Jesus...
1720 3263 1789 3298 Ubi
1808 3268 1859 3300 est
1889 3265 1952 3308 qui
1977 3266 2087 3298 natus

1182 3318 1235 3348 est
1251 3323 1323 3349 rex·
1337 3313 1583 3347 Jadoeorum?
1594 3312 1688 3348 (Luc.
1703 3311 1741 3351 ιι)
1761 3323 1769 3345 :
1787 3312 1912 3347 Natus
1928 3315 1978 3348 est
1989 3311 2087 3346 vobis

1181 3361 1374 3395 Salvator.
1399 3362 1508 3396 (ioan.
1539 3359 1612 3396 xvi)
1637 3372 1646 3394 :
1677 3359 1798 3396 Natus
1827 3364 1882 3395 est
1909 3361 2013 3395 homo
2045 3359 2088 3392 in

1182 3409 1374 3444 mundum.
