2170 3808
8 419 16 550 f
161 526 163 529 ι
497 470 916 568 INDEX
1000 469 1465 568 RERUM

356 700 477 754 QUAE
511 699 565 741 JN
603 698 706 741 Hoc
741 695 906 740 sexto
940 695 1206 739 vowumu
1241 668 1618 740 coNTmENTuR.

366 1075 591 1125 QuAEsrlo
622 1074 656 1114 1.

33 1158 86 1196 De
97 1155 356 1192 convenientia
371 1150 661 1192 incarnationis,
673 1149 714 1183 ἰη
727 1154 795 1183 nex
808 1156 877 1181 ar*-

354 1202 483 1237 ticulos
502 1199 635 1233 divisa.

30 1301 137 1340 Am.
145 1311 176 1340 1.
185 1299 335 1340 Utrum
346 1295 594 1338 conveniens
601 1290 721 1349 fuerit
731 1290 862 1329 Deum

79 1353 300 1394 incarnari.

31 1407 138 1449 Aur.
158 1420 206 1448 ιι.
222 1407 369 1447 Utrum
386 1402 664 1444 necessarium
679 1396 800 1438 suerit
810 1393 862 1435 ad

79 1461 374 1514 reparationem
399 1457 556 1509 generis
573 1453 748 1495 humani
765 1452 860 1491 Ver-

81 1517 181 1556 bum
196 1517 267 1555 Dei
285 1513 506 1559 incarnari.

32 1574 139 1613 Anr.
156 1583 218 1611 ιιι.
237 1570 399 1617 Utrum,
416 1570 450 1607 si
463 1568 587 1606 homo
603 1575 686 1604 non
707 1562 861 1613 peceatr-

79 1629 155 1675 set,
175 1628 281 1665 Deus
299 1625 538 1663 incarnatus
559 1620 714 1659 fuisset.

34 1683 142 1722 Am.
168 1692 226 1720 xv.
252 1681 398 1720 Utrum
423 1674 689 1728 principalius
713 1669 858 1713 Christi

85 1734 315 1776 incarnatio
326 1734 430 1773 facta
445 1731 566 1771 fuerit
573 1730 624 1769 ad
635 1725 861 1768 tollendum

81 1794 292 1843 peccatum
310 1786 508 1838 originale
523 1786 649 1838 quam
667 1781 833 1822 actuale.

34 1847 143 1888 Αιιτ.
152 1845 347 1885 v.Utrum
358 1843 601 1883 conveniens
609 1838 860 1879 fueritDeum

77 1900 288 1941 incarnari
310 1899 362 1938 ab
378 1898 503 1938 initio
520 1893 683 1935 mundi.

39 1955 146 1997 Aur.
160 1966 220 1994 vr.
238 1953 381 1994 Utrum
400 1951 626 1992 incarnatio
637 1945 786 1989 differri
798 1944 863 1985 de-

87 2007 222 2051 buerit
234 2019 365 2060 usque
387 2007 439 2047 ad
462 2007 587 2046 finem
602 2002 764 2045 mundi.

333 2096 558 2145 QUAESTIO
587 2095 637 2136 11.

35 2173 89 2210 Dc
101 2174 207 2210 modo
222 2174 376 2209 unionis
395 2172 501 2207 Verbi
511 2170 716 2212 incarnati,
727 2170 769 2204 in
783 2168 873 2204 duo-

218 2222 334 2257 decim
351 2220 532 2255 articulos
551 2219 686 2253 divisa.

35 2304 141 2346 Aur.
168 2313 197 2343 ι.
216 2302 364 2344 Utrum
389 2302 488 2342 unio
512 2301 632 2342 Verbi
656 2298 858 2340 incarnati

76 2358 131 2400 sit
149 2357 254 2398 faeta
271 2357 315 2396 in
336 2360 498 2397 natura.

37 2415 145 2454 Αιιτ.
166 2424 213 2452 ιι.
238 2412 382 2453 Utrum
401 2411 501 2450 unio
521 2410 641 2451 Verbi
656 2407 859 2449 incarnati

77 2468 132 2508 sit
147 2468 251 2507 faeta
265 2466 308 2505 in
331 2477 514 2518 persona.

30 2524 137 2565 Διιτ.
153 2533 219 2562 ιιι.
235 2521 386 2562 Utrum
406 2520 505 2560 unio
520 2520 638 2560 Verbi
655 2518 858 2558 incarnati

75 2577 181 2617 {acta
191 2576 299 2616 sitin
317 2575 541 2625 supposito,
554 2574 618 2613 vel
631 2573 856 2624 hypostasi.

38 2634 146 2677 Am.
175 2642 234 2671 ιν.
268 2629 416 2670 Utrum
436 2640 602 2680 persona
626 2629 689 2668 vel
712 2628 860 2679 hypos-

78 2685 178 2726 tasis
191 2684 345 2724 Christi
362 2687 452 2734 post
467 2683 789 2723 incarnationem
802 2680 858 2722 sit

73 2739 313 2791 composita.

30 2796 137 2839 Διιτ.
158 2806 201 2834 v.
222 2794 370 2833 Utrum
388 2793 445 2832 sit
468 2793 572 2832 facta
592 2792 731 2844 aliqua
756 2789 856 2832 unio

75 2850 228 2892 auimae
244 2852 284 2888 et
303 2848 481 2899 corporis
503 2848 547 2886 in
568 2847 741 2888 Christo.

33 2907 141 2949 Am.
155 2917 216 2945 vr.
228 2904 375 2943 Utrum
391 2906 538 2942 natura
546 2899 858 2943 humanafuerit

73 2962 195 3001 ‘unita
212 2959 341 2999 Verbo
361 2958 431 2998 Dei
447 2957 758 2997 accidentaliter.

25 3016 134 3056 Αιιτ.
154 3026 231 3054 vn.
251 3013 400 3053 Utrum
415 3013 514 3050 unio
531 3014 688 3050 naturae
702 3010 856 3052 divinae

73 3071 115 3110 et
133 3068 327 3109 humanae
345 3068 399 3107 sit
412 3067 569 3117 aliquid
587 3068 782 3106 creatum.

29 3125 136 3166 Aur.
145 3135 241 3163 vm.
257 3122 405 3162 Utrum
421 3122 522 3160 unio
530 3121 647 3160 Verbi
656 3120 856 3160 incarnati

4 3217 14 3230 ,
77 3178 132 3219 sit
148 3178 257 3218 idem
274 3177 382 3228 quod
399 3176 636 3226 assumptio.

37 3233 143 3274 Ant.
168 3244 228 3272 rx.
251 3231 400 3272 Utrum
418 3231 517 3270 unio
538 3230 715 3270 duarum
737 3232 857 3270 natu-

81 3298 223 3327 rarum
237 3286 282 3326 in
299 3285 458 3326 Christo
471 3286 527 3325 sit
541 3284 722 3325 maxima
739 3284 856 3324 unio-

76 3352 195 3382 num.

12 3398 134 3439 Am.
153 3407 195 3436 x.
223 3395 370 3436 Utrum
385 3396 484 3436 unio
505 3397 681 3436 duarum
696 3399 855 3435 natura-

76 3451 221 3492 rumin
239 3449 399 3491 Christo
407 3452 460 3491 sit
470 3452 570 3490 sacta
583 3463 652 3503 per
663 3451 850 3502 gratiam.

1004 1068 1107 1110 Anr.
1123 1082 1184 1111 xr.
1198 1072 1344 1125 Utrum
1354 1073 1549 1114 unionem
1560 1073 1678 1114 Verbi
1695 1074 1825 1115 incar·

1052 1124 1137 1163 nati
1152 1125 1289 1177 aliqua
1305 1128 1448 1167 merita
1466 1130 1753 1179 praecesserint.
1875 1134 1923 1170 3ο

936 1192 961 1227 2
1001 1178 1105 1219 Amr.
1123 1191 1199 1220 xn.
1218 1182 1364 1222 Utrum
1376 1185 1506 1233 gratia
1523 1185 1691 1224 unionis
1703 1184 1827 1224 fuerit

935 1345 956 1379 2

934 1506 956 1541 3

934 1619 957 1652 6

935 1782 956 1818 8

915 1892 957 1927 10

913 2002 956 2038 12

917 2214 957 2250 ⁴5

911 2356 954 2392 14

909 2466 952 2501 16

910 2576 953 2612 18

906 2742 952 2775 20

905 2850 948 2886 21

905 2960 952 2995 23

905 3072 951 3105 26

906 3180 950 3215 27

903 3345 948 3379 28

903 3457 949 3491 29

1051 1232 1212 1274 homini
1231 1235 1393 1276 Christo
1410 1237 1620 1277 naturalis.
1873 1241 1920 1276 32

1296 1338 1521 1385 QUAESTIO
1547 1340 1614 1379 111.

1001 1401 1052 1436 De
1069 1405 1180 1439 modo
1196 1407 1345 1440 unionis
1368 1417 1415 1441 ex
1433 1410 1538 1448 parte
1552 1418 1718 1450 personoe
1736 1417 1838 1444 asm-

1126 1454 1269 1495 mentis,
1284 1455 1326 1488 in
1339 1457 1416 1488 octo
1430 1455 1608 1489 articulos
1626 1455 1757 1490 divisa.

1002 1518 1105 1558 Aur.
1135 1532 1163 1559 ι.
1193 1522 1340 1560 Utrum
1362 1533 1541 1571 personae
1560 1521 1710 1562 divinae
1730 1535 1826 1563 eon·

1048 1574 1185 1613 veniat
1202 1586 1403 1614 assumere
1423 1579 1612 1614 naturam
1635 1579 1824 1617 creatam.
1875 1582 1921 1617 33

1001 1627 1103 1667 Αιιτ.
1125 1641 1172 1668 ιι.
1190 1629 1337 1669 Utrum
1349 1630 1502 1669 divinae
1516 1634 1670 1669 naturae
1685 1642 1826 1671 conve-

1049 1683 1136 1723 niat
1157 1696 1372 1724 assumere.

1003 1739 1106 1778 Αιιτ.
1130 1751 1194 1779 ιιι.
1211 1740 1372 1788 Utrum,
1390 1739 1589 1780 abstracta
1608 1741 1827 1790 personali-

1049 1797 1134 1835 tate
1153 1806 1222 1845 per
1237 1795 1505 1845 intellectum,
1531 1799 1676 1834 natura
1701 1800 1827 1847 possit

1048 1861 1267 1890 assumere.

1000 1904 1106 1944 Aur.
1132 1917 1190 1944 ιν.
1217 1905 1364 1944 Utrum
1395 1916 1481 1944 una
1509 1916 1678 1955 persona
1700 1907 1824 1955 possit

1052 1961 1141 1999 sine
1149 1960 1232 1999 alia
1245 1964 1435 1999 naturam
1442 1963 1615 2000 creatam
1624 1970 1840 2000 assumere.

1000 2015 1106 2054 Am.
1130 2026 1173 2055 v,
1200 2016 1345 2054 Utrum
1359 2016 1551 2066 quaelibet
1570 2026 1740 2065 persona
1760 2015 1822 2055 di-

1050 2069 1149 2109 vina
1179 2070 1354 2120 potuerit
1381 2070 1610 2109 humanam
1633 2073 1823 2109 naturam

1046 2135 1259 2165 assumere.

999 2179 1104 2218 Anr.
1132 2191 1191 2219 vr.
1223 2180 1370 2219 Utrum
1394 2179 1530 2230 plures
1558 2192 1737 2230 personae
1761 2180 1823 2220 di—

1047 2234 1154 2272 vinae
1175 2234 1331 2285 possint
1357 2246 1560 2274 assumere
1590 2247 1717 2274 unam
1740 2247 1823 2274 nu-

1046 2300 1157 2328 mero
1176 2293 1367 2328 naturam
1391 2289 1632 2329 humanam.

1000 2344 1103 2382 An'r.
1124 2355 1200 2383 vu.
1230 2345 1375 2383 Utrum
1394 2356 1477 2383 una
1499 2357 1666 2396 persona
1683 2346 1825 2385 divina

1049 2398 1176 2448 possit
1200 2409 1403 2438 assumere
1427 2399 1528 2439 duas
1553 2403 1720 2440 naturas
1740 2399 1823 2439 hu-

1044 2463 1209 2493 manas·¹

999 2509 1106 2548 Anr.
1132 2520 1227 2548 vm.
1250 2509 1400 2549 Utrum
1431 2508 1553 2548 fuerit
1579 2509 1712 2560 magis
1730 2521 1824 2549 con-

1045 2561 1215 2600 veniens
1243 2561 1353 2612 quod
1387 2572 1555 2612 persona
1587 2562 1680 2600 Filii
1708 2573 1822 2600 assu·

1042 2619 1171 2655 meret
1211 2615 1440 2655 humanam
1472 2620 1663 2656 naturam
1696 2616 1823 2668 quam

1043 2671 1126 2711 alia
1143 2682 1312 2722 persona
1327 2670 1483 2711 divina.

1298 2759 1524 2807 QUAESTIO
1548 2760 1614 2800 IV.

1002 2831 1054 2866 De
1066 2830 1177 2865 modo
1207 2830 1361 2865 unionis
1391 2840 1437 2864 ex
1466 2831 1575 2873 parte
1598 2830 1744 2863 natura»
1773 2827 1836 2861 hu-

1020 2890 1141 2915 manae
1157 2883 1365 2922 assumptae,
1381 2880 1423 2913 in
1440 2889 1508 2914 seae
1522 2879 1700 2913 articulos
1718 2877 1849 2913 divisa.
1872 2878 1915 2914 44

1880 1455 1922 1468 „-

1880 1467 1923 1490 ω

1873 1691 1920 1726 34

1872 1857 1919 1892 35

1872 1966 1917 2002 37

1872 2131 1918 2166 38

1873 2295 1919 2329 39

1872 2459 1912 2493 41

1870 2674 1917 2709 43

994 2957 1099 2996 Aur.
1123 2967 1154 2995 1.
1174 2954 1321 2994 Utrum
1338 2956 1483 2993 natura
1498 2952 1681 2993 humana
1701 2954 1823 2995 fuerit

1043 3011 1178 3061 magis
1221 3009 1520 3059 assumptibilis
1553 3009 1578 3049 a
1609 3008 1712 3048 Filio
1752 3009 1823 3050 Dei

1042 3066 1168 3117 quam
1187 3065 1325 3115 aliqua
1346 3063 1426 3103 alia
1445 3067 1603 3104 natura.

996 3123 1100 3162 ΑΜ.
1128 3133 1174 3160 ιι.
1199 3120 1346 3160 Utrum
1360 3118 1489 3158 Filius
1510 3117 1581 3158 Dei
1598 3129 1809 3171 assumpse

1043 3177 1096 3215 rit
1111 3186 1338 3227 personam.

996 3233 1100 3271 Aur.
1130 3242 1194 3270 ιιι.
1223 3230 1370 3270 Utrum
1391 3239 1563 3279 persona
1584 3228 1728 3269 divina
1758 3241 1822 3269 as-

1043 3285 1262 3336 sumpserit
1285 3284 1509 3323 hominem.

997 3342 1101 3380 Aur.
1133 3351 1190 3379 ιν.
1218 3339 1360 3379 Utrum
1387 3338 1516 3378 Filius
1540 3339 1611 3378 Dei
1640 3338 1822 3379 debuerit

1042 3406 1249 3434 assumere
1275 3394 1502 3433 humanam
1520 3397 1710 3432 naturam
1732 3393 1820 3432 abs-

1042 3454 1210 3490 tractam
1224 3449 1275 3489 ab
1293 3449 1485 3489 omnibus
1503 3447 1746 3489 individuis.

1871 3072 1917 3107 45

1871 3181 1916 3216 4⁶

1868 3289 1914 3324 47

1869 3453 1915 3489 48
