2170 3808
1939 0 1946 11 ι’
1964 4 1965 8 ¹
1986 0 2001 3 *⁷
2012 0 2029 10 1¹¹
2053 0 2069 10 Ἶ

2155 108 2170 118 ,.

202 216 283 259 950
851 215 1052 266 QUAEST.
1082 214 1208 267 XXX,
1237 216 1358 258 ΛΒΤ.
1389 216 1457 257 ΠΙ.

204 308 300 340 non
319 298 519 352 possunt
535 294 769 351 pertinere
790 293 880 338 nisi
897 293 958 338 ad
977 305 1249 350 corpoream
1270 295 1514 340 visionem.
1537 297 1655 354 Ergo
1676 299 1899 352 corporea
1925 297 2101 345 visione

203 358 403 415 angelus
432 355 721 400 annuntians
739 358 789 399 B.
811 354 985 411 Virgini
999 355 1231 413 apparuit.

249 425 536 468 CONCLUSIO.
561 444 612 453 —
635 425 833 475 Angelus,
853 422 1080 464 invisibilis
1097 423 1170 463 Dei
1195 422 1524 465 incarnationem
1541 424 1816 474 annuntians,
1835 427 1881 465 in
1907 427 2102 477 corporali

202 491 365 532 quoque
385 481 547 520 visione
561 491 755 531 apparere
773 479 929 520 debuit.

257 542 532 599 Respondeo
565 542 817 588 dicendum
842 541 967 598 quod
986 540 1182 597 angelus
1200 539 1488 586 annuntians
1509 541 1725 599 apparuit
1741 541 1878 586 matri
1899 541 1978 587 Dei
1998 555 2103 588 cor-

204 605 345 662 porea
359 603 567 650 visione:
586 608 634 650 et
647 605 737 649 hoc
756 604 1043 649 conveniens
1057 602 1174 648 fuit:
1198 602 1348 660 primo
1368 602 1557 661 quidem
1572 607 1802 661 quantum
1828 604 1887 650 ad
1911 604 1959 650 id
1979 605 2102 663 quod
2162 655 2163 658 ,

202 666 590 712 annuntiabatur.
614 669 812 712 Venerat
829 666 957 711 enim
975 664 1174 722 angelus
1193 665 1475 711 annuntiare
1495 665 1866 712 incarnationem
1889 665 2103 714 invisibi-
2162 687 2163 690 ¹

203 726 262 772 lis
275 727 374 785 Dei,
400 740 486 786 per
507 739 650 785 quam
672 726 871 772 visibilis
887 726 1019 772 fieret
1037 740 1050 771 ε
1069 726 1200 772 unde
1218 725 1360 772 etiam
1385 728 1672 773 conveniens
1695 727 1783 772 fuit
1801 732 1853 772 ut
1880 727 1940 774 ad
1962 728 2104 785 hujus

202 787 270 834 rei
291 789 656 835 declarationem
669 788 917 834 invisibilis
935 793 1162 834 creaturae
1178 788 1377 834 formam
1396 794 1673 847 assumeret,
1689 789 1739 834 in
1759 802 1851 847 qua
1864 790 2103 837 visibiliter
2143 790 2170 848 ,fg

203 857 471 910 appareret3
489 856 597 898 cum
613 851 751 896 etiam
766 862 931 895 omnes
949 850 1265 908 apparitiones
1278 851 1451 896 veteris
1463 850 1742 897 Testamenti
1756 851 1818 897 ad
1829 851 1953 897 hanc
1969 865 2104 911 appa·
2144 859 2170 910 ᾗ

203 913 420 959 ritionem
445 913 835 972 praeordinentur,
869 914 963 970 qua
993 913 1133 957 Filius
1154 912 1233 958 Dei
1256 912 1306 957 in
1339 925 1482 959 carne
1500 914 1731 971 apparuit.
1758 913 1988 972 Secundo,
2016 915 2104 962 fuit
2148 910 2170 931 “

204 987 468 1032 congruum
503 975 717 1033 dignitati
748 975 911 1020 matris
939 974 1035 1032 Dei,
1071 987 1178 1032 quae
1198 987 1298 1023 non
1329 975 1482 1021 solum
1510 977 1560 1020 in
1588 980 1763 1034 mente,
1796 977 1882 1021 sed
1913 976 1963 1022 in
1999 989 2104 1023 cor·-
2154 974 2170 1029 '³5

207 1049 344 1095 poreo
369 1042 536 1083 ventre
559 1042 660 1082 erat
687 1037 767 1083 Dei
805 1037 969 1082 Filium
1004 1041 1276 1095 receptura:
1307 1041 1355 1082 et
1382 1037 1487 1083 ideo
1508 1050 1601 1083 non
1633 1038 1787 1083 solum
1822 1050 1959 1084 mens
1983 1039 2102 1096 eJus,

204 1099 289 1144 sed
319 1100 460 1145 etiam
487 1113 658 1146 sensus
679 1100 889 1157 corporei
910 1104 1046 1145 erant
1062 1100 1242 1145 visione
1268 1100 1480 1158 angelica
1503 1100 1761 1146 refovendi.
1793 1101 1970 1159 Tertio,
1997 1114 2105 1147 con·
2152 1103 2170 1134 Φ

206 1161 329 1218 gruit
370 1163 638 1209 certitudini
674 1163 776 1221 ejus
813 1162 938 1220 quod
974 1163 1355 1208 annuntiabatur.
1394 1166 1455 1207 Ea
1495 1163 1621 1209 enim
1662 1175 1768 1221 quae
1802 1167 1916 1208 sunt
1955 1163 2104 1212 oculis

205 1224 415 1282 subjecta
436 1226 608 1272 certius
635 1225 1032 1283 apprehendimus
1062 1226 1205 1284 quam
1227 1238 1283 1271 ea
1305 1238 1411 1284 quae
1439 1226 1768 1282 imaginamur.
1800 1225 1930 1271 Unde
1957 1226 2104 1285 Chry—

205 1292 442 1333 sostomus
464 1288 576 1333 dicit
597 1290 759 1344 (Super
779 1288 933 1332 Matth.
958 1287 1084 1332 hom.
1108 1301 1166 1344 iv,
1198 1291 1305 1332 ante
1325 1287 1486 1344 med.),
1517 1288 1643 1345 quod
1676 1287 1909 1344 «angelus
1934 1299 2028 1332 non
2054 1287 2104 1332 in
2146 1318 2157 1349 ξ,

204 1349 401 1407 somnis,
434 1350 529 1395 imo
563 1350 804 1395 visibiliter
832 1349 1006 1406 Virgini
1034 1349 1181 1394 astitit
1209 1361 1354 1394 :nam
1389 1350 1500 1407 quia
1535 1361 1758 1407 magnam
1802 1350 1938 1395 valde
1973 1362 2104 1395 reve-
2147 1353 2155 1394 ἑ

204 1410 426 1457 lationem
459 1411 713 1469 accipiebat
746 1411 806 1455 ab
840 1410 1025 1468 angelo,
1060 1411 1229 1468 egebat
1261 1415 1370 1456 ante
1393 1417 1533 1456 tantae
1567 1412 1634 1457 rei
1672 1416 1892 1457 eventum
1927 1412 2105 1458 visione
2148 1415 2157 1447 s

205 1473 403 1518 solemni
418 1476 496 1528 (1).
529 1493 550 1512 »
2148 1473 2170 1509 ’Ἴ

259 1537 326 1581 Ad
356 1540 557 1594 primum
582 1547 693 1592 ergo
716 1534 986 1591 dicendum,
1009 1534 1137 1592 quod
1170 1534 1498 1580 intellectualis
1525 1534 1646 1580 visio
1678 1538 1751 1581 est
1778 1535 1931 1592 potior
1963 1535 2104 1593 quam

206 1597 324 1643 visio
339 1596 612 1654 imaginaria
635 1597 711 1641 vel
729 1596 1000 1653 corporalis,
1024 1596 1063 1640 si
1083 1596 1144 1641 sit
1162 1597 1278 1641 sola.
1299 1597 1385 1641 Sed
1414 1596 1514 1653 ipse
1537 1596 1826 1653 Augustinus
1850 1597 1962 1642 dicit
1976 1599 2103 1655 (Sup.

205 1661 367 1705 Genes.
388 1660 449 1705 ad
468 1660 556 1703 litt.
580 1659 661 1703 lib.
686 1673 758 1711 κη,
776 1671 879 1715 cap.
903 1661 948 1715 9,
969 1658 1093 1704 circa
1109 1659 1270 1715 med),
1292 1659 1418 1716 quod
1443 1658 1744 1704 excellentior
1766 1662 1840 1704 est
1862 1659 2105 1716 prophetia
2149 1674 2170 1716 '4

204 1734 310 1780 quae
324 1721 465 1767 habet
491 1721 633 1766 simul
655 1720 1016 1766 intellectualem
1045 1725 1093 1766 et
1112 1721 1436 1777 imaginariam
1451 1721 1698 1778 visionem,
1724 1720 1866 1779 quam
1897 1721 1977 1766 illa
1998 1733 2105 1779 quae
2151 1726 2170 1735 ·’

204 1784 345 1829 habet
360 1785 555 1830 alteram
574 1784 756 1827 tantum
778 1785 852 1838 (2).
864 1786 914 1827 B.
928 1788 1086 1828 autem
1103 1783 1241 1840 Virgo
1259 1795 1356 1828 non
1376 1782 1526 1828 solum
1544 1783 1750 1841 percepit
1759 1783 1986 1828 visionem
1999 1796 2104 1828 cor·
2163 1783 2166 1789 '

203 1846 427 1904 poralem,
469 1846 554 1891 sed
576 1845 717 1890 etiam
751 1844 1117 1891 intellectualem
1149 1845 1554 1891 illuminatIOnem.
1586 1846 1717 1892 Unde
1740 1845 1849 1891 talis
1877 1845 2104 1903 apparitio
2167 1882 2170 1883 γ

203 1908 403 1953 nobilior
421 1907 524 1953 fuit.
542 1907 724 1953 Fuisset
741 1911 899 1953 tamen
914 1907 1131 1964 nobilior,
1147 1908 1187 1953 si
1202 1908 1357 1965 ipsum
1376 1908 1596 1966 angelum
1610 1908 1913 1954 intellectuali
1925 1908 2104 1954 visione
2162 1963 2163 1966 Ἴ

201 1971 250 2015 in
276 1983 363 2016 sua
381 1969 646 2015 substantia
664 1969 874 2015 vidisset.
894 1970 982 2015 Sed
1010 1970 1100 2014 hoc
1118 1982 1215 2015 non
1237 1970 1497 2027 patiebatur
1521 1975 1672 2053 status
1694 1969 1898 2015 hominis
1915 1969 2103 2015 viatoris

172 2077 177 2080 .
203 2032 330 2091 quod
352 2032 575 2090 angelum
594 2044 678 2089 per
691 2031 940 2077 essentiam
959 2030 2165 2077 videret.

257 2095 326 2141 Ad
359 2096 606 2139 secundum
634 2093 885 2140 dicendum
902 2128 915 2151 ,
951 2093 1076 2152 quod
1108 2094 1380 2152 imaginatio
1414 2099 1487 2141 est
1514 2095 1705 2156 quidem
1733 2094 1868 2139 altior
1897 2094 2104 2152 potentia

204 2157 346 2216 quam
382 2169 554 2203 sensus
584 2156 811 2214 exterior3
843 2157 955 2215 quia
978 2161 1136 2202 tamen
1167 2157 1447 2215 principium
1477 2158 1699 2210 humanae
1722 2156 2002 2214 cognitionis
2034 2161 2104 2202 est
2154 2166 2170 2209 ’ς

204 2231 390 2276 senSUS,
416 2219 521 2264 ideo
545 2217 594 2262 in
617 2230 673 2263 eo
696 2218 910 2264 consistit
928 2218 1136 2263 maxima
1156 2218 1408 2270 certitudo;
1429 2219 1541 2276 quia
1566 2229 1751 2276 semper
1774 2222 1956 2275 oportet
1978 2217 2104 2276 quod
2129 2227 2132 2230 ’

203 2281 433 2339 principia
454 2280 735 2338 cognitionis
758 2280 851 2325 sint
875 2280 1087 2326 certiora.
1116 2284 1172 2326 Et
1195 2281 1299 2326 ideo
1316 2282 1501 2339 Joseph,
1524 2281 1600 2326 cui
1627 2280 1827 2339 angelus
1854 2281 1903 2325 in
1926 2280 2102 2327 somnis

204 2344 436 2402 apparuit,
461 2355 556 2387 non
575 2343 638 2388 ita
658 2342 965 2388 excellentem
984 2343 1321 2400 apparitionem
1341 2343 1504 2389 habuit
1520 2343 1642 2388 sicut
1657 2345 1708 2388 B.
1727 2343 1879 2400 Virgo.

258 2406 327 2451 Ad
348 2408 533 2450 tertium
559 2405 826 2460 dicendum,
853 2405 995 2462 quod,
1027 2406 1150 2450 sicut
1170 2404 1444 2451 Ambrosius
1473 2406 1584 2451 dicit
1613 2407 1772 2462 (super
1793 2408 1901 2450 Luc.
1929 2416 2031 2462 cap.
2056 2407 2101 2462 1,

202 2479 311 2525 sup.
345 2467 493 2513 illud:
522 2468 756 2523 Apparuit
782 2466 857 2510 illi
887 2467 1107 2524 anqelus),
1153 2484 1174 2506 «
1190 2467 1520 2524 perturbamur
1539 2471 1586 2512 et
1609 2467 1636 2511 a
1659 2470 1820 2512 nostro
1847 2466 2104 2512 alienamur

203 2530 374 2575 affectu
393 2529 581 2588 quando
610 2528 969 2587 perstringimur
995 2529 1195 2587 alicujus
1226 2529 1479 2586 superioris
1500 2529 1743 2587 potestatis
1764 2541 2014 2574 occursu.»
2050 2530 2103 2574 Et

202 2593 293 2638 hoc
310 2592 541 2649 contingit
558 2604 655 2636 non
675 2591 828 2637 solum
847 2592 896 2636 in
911 2592 1093 2637 visione
1110 2591 1355 2648 corporali,
1381 2591 1465 2637 sed
1494 2591 1635 2637 etiam
1660 2591 1709 2636 in
1734 2591 1915 2636 visione
1939 2589 2102 2647 imagi-

203 2655 352 2700 naria.
388 2655 518 2700 Unde
538 2655 718 2707 (GeneS.
745 2667 817 2710 xv,
837 2656 910 2709 12)
929 2654 1098 2700 dicitur
1118 2653 1244 2711 quod
1271 2655 1374 2698 ciam
1399 2653 1468 2698 sol
1495 2654 1787 2709 occubuisset,
1811 2665 1947 2709 sopor
1965 2654 2102 2697 irruit

201 2730 339 2775 super
351 2716 605 2774 Abraham,
618 2719 665 2759 et
677 2717 845 2760 horror
858 2729 1053 2774 maynus
1063 2720 1108 2761 et
1121 2716 1376 2760 tenebrosus
1386 2718 1556 2760 invasit
1567 2728 1685 2759 eum.
1700 2714 1820 2758 Talis
1832 2717 1988 2758 tamen
1999 2725 2101 2770 per·
2140 2769 2144 2771 μ

202 2780 407 2826 turbatio
424 2779 629 2825 hominis
644 2792 740 2824 non
758 2783 943 2825 tantum
971 2779 1149 2825 homini
1168 2783 1322 2835 nocet,
1340 2782 1394 2824 ut
1418 2782 1607 2836 propter
1624 2789 1730 2823 eam
1757 2776 1926 2822 debeat
1958 2787 2100 2833 ange·
2151 2777 2154 2779 ’

201 2842 292 2888 lica
310 2842 534 2900 apparitio
553 2841 863 2899 praetermitti.
886 2841 1037 2887 Primo
1059 2842 1263 2899 quidem,
1287 2840 1397 2898 quia
1412 2852 1471 2886 ex
1491 2842 1578 2884 hoc
1599 2839 1702 2897 ipso
1716 2839 1842 2896 qued
1859 2839 2000 2884 homo
2021 2851 2099 2884 su-

201 2917 286 2961 pra
305 2905 513 2962 seipsum
527 2904 753 2960 elevatur,
768 2903 895 2961 quod
923 2904 983 2949 ad
1001 2904 1105 2961 ejus
1127 2904 1325 2961 pertinet
1349 2902 1639 2961 dignitatem,
1659 2913 1768 2959 pars
1788 2900 1892 2959 ejus
1913 2900 2100 2946 inferior

201 2965 486 3024 debilitatur,
507 2978 567 3010 ex
589 2978 683 3023 quo
701 2965 916 3023 provenit
943 2966 1231 3023 perturbatio
1252 2964 1470 3022 praedicta
1495 2979 1508 3008 ς
1533 2963 1658 3008 sicut
1677 2962 1820 3008 etiam
1841 2962 1994 3007 calore
2016 2974 2098 3007 na·

201 3029 338 3073 turali
361 3029 421 3074 ad
444 3029 666 3074 interiora
698 3028 908 3084 reductO,
939 3029 1168 3075 exteriora
1201 3031 1421 3072 tremunt.
1447 3026 1674 3084 Secundo,
1709 3026 1835 3084 quia,
1857 3025 1978 3071 sicut
1998 3025 2097 3070 Ori-

200 3102 347 3148 genes
378 3091 488 3136 dicit
510 3094 674 3149 (Super
700 3094 811 3137 Luc.
836 3092 964 3137 hom.
982 3105 1044 3148 iv,
1068 3091 1118 3136 in
1137 3091 1306 3149 princ.)
1329 3092 1406 3147 (3),
1434 3089 1676 3148 «Angelus
1698 3101 1930 3148 apparens
1947 3087 2096 3134 sciens

240 3230 283 3272 (Ι)
307 3229 360 3263 Ita
386 3230 462 3263 Uss-
490 3232 522 3263 et
553 3230 636 3263 edit·
666 3231 802 3271 passim.
827 3231 903 3271 AL,
923 3242 1002 3266 cum
1030 3230 1104 3265 cod.
1192 3230 1293 3265 landa
1321 3241 1383 3271 per
1411 3228 1658 3265 similitudines
1699 3226 1893 3269 corporales
1931 3226 1992 3267 (ut
2014 3221 2092 3263 22.

199 3279 331 3319 Alcen„
357 3288 443 3311 nam
467 3278 556 3320 quia
577 3288 749 3320 mannam
777 3279 886 3314 valde
907 3279 1106 3315 revelatio-
1192 3290 1282 3320 quaes
1270 3282 1314 3313 st.
1330 3277 1406 3320 m,
1421 3280 1486 3313 art.
1502 3278 1524 3310 2
1537 3276 1579 3310 ad
1595 3277 1609 3309 Ι
1629 3288 1667 3311 ex
1679 3275 1829 3316 professo
1844 3272 2010 3314 explicat)

197 3336 281 3362 nem
299 3325 343 3359 ab
369 3325 500 3367 anyelo
529 3325 745 3366 accipiebat,
768 3325 891 3369 eqebat
914 3330 1026 3361 tantm
1048 3326 1107 3361 rei
1235 3327 1273 3364 ‹5›
1306 3325 1489 3361 Occasione
1520 3323 1693 3358 Zachariae
1722 3322 1838 3364 solius,
1864 3333 1933 3356 non
1965 3319 2081 3356 Marini

199 3376 345 3410 evemus
358 3373 497 3406 visione
513 3372 680 3406 solemni·
1191 3378 1230 3409 ut
1257 3374 1376 3409 homil.
1405 3381 1441 3409 lv
1463 3373 1578 3407 statim
1607 3372 1648 3406 ab
1675 3371 1774 3406 initio
1798 3370 1913 3405 videre
1941 3373 2011 3413 est;
2035 3365 2092 3403 sed

238 3422 284 3463 (2)
300 3420 396 3463 Quod
416 3431 535 3454 verum
550 3424 600 3453 est
614 3420 828 3454 solummodo
843 3420 879 3454 in
902 3433 970 3455 uno
993 3432 1106 3465 sensu,
1192 3421 1334 3464 perinde
1349 3421 1463 3456 ,lariae
1476 3425 1587 3463 potest
1611 3418 1773 3461 applicari
1791 3418 1831 3452 de
1852 3422 1946 3458 cujus
1959 3423 2093 3458 quoque

197 3468 327 3504 scilicet
343 3467 479 3510 quando
500 3467 626 3502 veritas
648 3467 917 3509 supernaturalis
937 3473 988 3503 est
1012 3480 1107 3505 reve·
1191 3469 1389 3504 turbatione
1401 3467 1560 3504 nonnihil
1577 3468 1678 3502 babet
1691 3467 1796 3510 (hom.
1819 3464 1880 3506 vl).
