2170 3808
104 239 189 283 582
654 236 854 286 QUAEST.
886 233 1046 290 LXVII,
1076 236 1196 278 ART.
1229 235 1261 277 V
1297 235 1362 278 ET
1390 235 1460 278 vl.

105 321 323 378 baptizati
338 333 389 365 se
411 319 609 364 invicem
627 317 880 374 baptizent,
905 317 1015 362 dum
1035 317 1165 373 prius
1182 330 1308 362 unus
1327 318 1580 376 baptizaret
1602 318 1762 374 alium,
1785 322 1832 363 et
1850 325 2008 375 postea

106 379 418 439 baptizaretur
447 380 507 424 ab
539 380 722 435 eodem,
744 385 790 424 et
812 383 1183 436 consequeretur
1206 384 1401 436 uterque
1429 393 1522 424 non
1554 380 1707 425 solum
1744 392 2008 424 sacramen-

106 449 224 499 tum,
243 444 326 488 sed
349 443 487 488 etiam
506 454 606 485 rem
639 441 935 486 sacramenti.
962 441 1004 484 Si
1025 441 1136 486 vero
1165 445 1297 485 extra
1319 441 1565 487 articulum
1592 442 1884 486 necessitatis
1910 442 2011 489 ,boc

104 505 251 557 fieret,
271 510 466 561 uterque
482 503 686 560 graviter
700 508 932 560 peccaret,
950 503 1129 548 scilicet
1143 503 1386 560 baptizans
1400 508 1448 548 et
1461 503 1746 561 baptizatus3
1763 509 1810 548 et
1826 516 1909 560 per
1922 504 2012 550 hoc

105 567 409 624 impediretur
426 566 646 623 baptismi
670 566 865 611 effectus
886 569 958 622 (1),
974 566 1082 610 licet
1102 578 1195 610 non
1218 566 1458 610 tolleretur
1474 566 1627 623 ipsum
1645 571 2009 612 sacramentum.

160 629 225 674 Ad
244 633 441 686 primum
462 641 575 684 ergo
603 628 865 687 dicendum,
895 628 1020 685 qued
1046 630 1185 673 homo
1209 627 1452 684 baptizans
1475 629 1662 674 adhibet
1686 628 2012 675 tantummodo

105 690 417 736 ministerium
437 691 670 748 exterius3
692 690 773 735 sed
793 690 1004 735 Christus
1025 697 1095 734 est
1115 690 1193 747 qui
1217 690 1413 734 interius
1431 689 1650 749 baptizat,
1671 691 1750 748 qui
1774 696 1924 747 potest
1944 690 2010 736 uti

104 752 325 797 omnibus
340 752 610 798 hominibus
621 752 679 798 ad
692 753 1026 810 quodcumque
1038 752 1252 797 voluerit.
1271 755 1324 796 Et
1343 752 1446 796 ideo
1465 764 1559 797 non
1580 753 1796 810 baptizati
1813 757 2012 809 possunt

104 812 355 871 baptizare,
380 814 508 871 quia,
532 819 586 860 ut
606 815 822 859 Nicolaus
845 827 968 870 papa
987 814 1114 867 dicit,
1142 814 1406 871 baptismus
1435 825 1530 858 non
1552 820 1625 859 est
1647 815 1832 859 illorum
1848 847 1861 870 ,
1884 814 2012 859 scili-

104 880 180 921 cet
210 876 575 934 baptizantium,
613 876 699 922 sed
727 876 848 933 ejus,
871 876 1050 921 scilicet
1077 876 1242 921 Chr1sti
1270 876 1375 932 (hoc
1408 875 1548 921 habet
1577 888 1788 934 express,
1814 881 2009 933 August.

105 939 273 983 Contra
292 941 505 983 Crescon.
531 938 610 984 lib.
633 952 696 995 ni,
717 952 818 996 cap.
841 942 886 994 6,
909 939 955 982 in
982 939 1106 994 iim).

162 1000 227 1046 Ad
245 1003 490 1045 secundum
509 1001 759 1046 dicendum
772 1035 785 1059 ,
811 1001 937 1058 quod
960 1001 1036 1046 ille
1059 1001 1139 1058 qui
1170 1013 1267 1045 non
1290 1006 1363 1046 est
1382 1000 1661 1058 baptizatUS,
1681 1001 1896 1059 quamvis
1917 1014 2012 1048 non

106 1062 340 1119 pertineat
359 1063 418 1108 ad
437 1062 690 1108 Ecclesiam
716 1076 765 1108 re
785 1064 861 1108 vel
881 1069 1177 1108 sacramento
1202 1065 1277 1119 (2),
1308 1068 1461 1120 potest
1481 1068 1639 1108 tamen
1661 1065 1721 1110 ad
1745 1077 1847 1109 eam
1871 1064 2015 1121 perti-

107 1136 222 1170 nere
241 1126 501 1170 intentione
519 1130 565 1171 et
585 1125 893 1172 similitudine
923 1129 1081 1179 actus,
1113 1126 1396 1182 inquantum
1425 1125 1604 1170 scilicet
1631 1125 1831 1171 intendit
1861 1127 2015 1172 facere

106 1187 234 1244 quod
260 1187 366 1231 facit
388 1187 608 1242 Ecclesia,
633 1193 681 1232 et
703 1188 900 1233 sormam
924 1187 1140 1233 Ecclesiae
1160 1192 1316 1232 servat
1346 1186 1395 1231 in
1419 1187 1720 1244 baptizand03
1743 1193 1791 1233 et
1812 1188 1880 1232 sic
1908 1200 2014 1245 ope-

107 1253 239 1293 ratur
263 1255 315 1293 ut
334 1249 549 1295 minister
569 1250 752 1307 Christi,
773 1250 853 1308 qui
872 1251 1092 1295 virtutem
1112 1262 1248 1295 suam
1265 1263 1360 1295 non
1381 1250 1593 1307 alligavit
1615 1250 1876 1307 baptizatis,
1894 1250 2017 1296 sicut

107 1322 196 1356 nec
217 1311 357 1356 etiam
382 1312 705 1357 sacramentis.
1699 1368 1702 1372 ι

164 1372 230 1418 Ad
251 1377 434 1417 tertium
455 1374 721 1432 dicendum,
739 1372 865 1431 quod
883 1374 972 1419 alia
991 1379 1284 1420 sacramenta
1301 1387 1396 1419 non
1415 1379 1527 1420 sunt
1545 1379 1687 1419 tantae
1707 1375 2014 1432 necessitatis,

108 1432 231 1480 sicut
261 1435 547 1493 baptismus,
586 1442 633 1482 et
654 1437 758 1482 ideo
792 1438 945 1495 magis
978 1436 1251 1482 conceditur
1284 1437 1409 1494 quod
1444 1450 1538 1482 non
1572 1437 1831 1494 baptizatus
1868 1438 2016 1495 possit

106 1495 358 1556 baptizare,
380 1498 520 1555 quam
545 1498 672 1555 quod
691 1499 839 1556 possit
859 1500 950 1544 alia
973 1504 1269 1544 sacramenta
1292 1499 1548 1557 suscipere.

220 1562 570 1604 ARTICULUS
593 1563 674 1604 VI.
695 1585 753 1592 —
773 1574 915 1604 u'rnum
936 1574 1094 1604 PLURES
1116 1573 1289 1605 POSSINT
1313 1574 1435 1605 sium.
1459 1574 1568 1605 uuum
1587 1574 1812 1604 menuae
1825 1563 1904 1615 (3).

146 1622 195 1656 De
209 1621 263 1656 his
279 1622 379 1656 ctiam
398 1623 492 1657 Sent.
507 1631 555 1664 IV,
569 1622 647 1656 dist.
666 1622 700 1663 5,
719 1627 786 1657 art.
799 1623 835 1665 2,
854 1628 972 1665 qnaest.
992 1632 1018 1657 ιι
1034 1622 1076 1656 ad
1090 1623 1123 1663 Ι,
1140 1627 1174 1657 et
1188 1631 1227 1665 ΙΙ,
1245 1622 1323 1657 dist.
1340 1623 1373 1662 6,
1394 1628 1513 1665 quaest.
1532 1631 1571 1663 ιι,
1591 1627 1659 1656 art.
1673 1623 1707 1663 4,
1721 1627 1842 1664 quaest.
1861 1631 1874 1658 1
1890 1621 1933 1657 ad
1945 1622 1980 1658 5-

161 1670 228 1715 Ad
251 1677 435 1715 sextum
465 1670 533 1715 sic
555 1670 839 1727 proceditur.
867 1675 910 1715 1.
937 1671 1128 1716 Videtur
1154 1670 1282 1727 quod
1300 1671 1460 1726 plures
1491 1669 1676 1727 possint
1697 1669 1838 1714 simul
1866 1681 2018 1716 unum

106 1730 358 1788 baptizare.
393 1734 444 1776 In
473 1732 776 1778 multitudine
795 1732 922 1777 enim
956 1733 1223 1778 continetur
1251 1744 1430 1791 unum,
1454 1732 1537 1778 sed
1569 1744 1666 1776 non
1699 1731 2014 1789 convertitur3

104 1793 234 1839 unde
256 1794 440 1839 videtur
465 1794 591 1852 quod
613 1794 843 1853 quidquid
863 1800 1018 1852 potest
1039 1796 1192 1841 facere
1210 1807 1340 1841 unus
1354 1829 1367 1854 ,
1398 1795 1582 1853 possint
1611 1794 1765 1840 facere
1787 1794 1939 1850 multi,
1971 1799 2019 1840 et

107 1865 202 1899 non
226 1856 253 1900 e
279 1869 530 1912 converso,
555 1857 678 1901 sIcut
697 1857 831 1901 multi
856 1858 1048 1901 trahunt
1070 1870 1258 1915 navem,
1279 1868 1422 1915 quam
1440 1868 1568 1902 unus
1587 1857 1772 1901 trahere
1791 1868 1886 1900 non
1905 1868 2018 1914 pos-

106 1921 197 1962 set.
221 1918 310 1963 Sed
331 1931 458 1963 unus
477 1919 617 1962 homo
637 1922 790 1975 potest
813 1918 955 1963 simul
978 1919 1139 1976 plures
1161 1919 1410 1978 baptizare.
1433 1921 1554 1976 Ergo
1574 1922 1623 1964 et
1641 1918 1798 1976 plures
1818 1923 2019 1976 possunt

107 1978 250 2024 Simul
274 1993 420 2024 unum
446 1981 700 2037 baptizare.

163 2045 206 2087 2.
238 2045 480 2099 Praeterea,
502 2043 741 2088 difficilius
766 2044 983 2100 estquod
1002 2056 1152 2088 unum
1177 2056 1327 2102 agens
1350 2048 1461 2100 agat
1482 2043 1529 2088 in
1551 2044 1704 2100 plura,
1727 2042 1869 2101 quam
1893 2042 2019 2101 quod

107 2104 266 2162 plures
291 2111 485 2161 agentes
509 2111 652 2163 agant
683 2105 823 2150 simul
846 2106 893 2150 in
918 2119 1087 2152 unum.
1111 2107 1199 2152 Sed
1226 2119 1354 2151 unus
1386 2107 1527 2150 homo
1555 2110 1709 2163 potest
1743 2105 1883 2150 simul
1910 2106 2019 2163 plu-

107 2179 184 2212 res
206 2167 457 2224 baptizare.
482 2171 602 2225 Ergo
632 2167 780 2213 multo
801 2169 955 2226 magis
974 2170 1136 2227 plures
1169 2174 1369 2227 possunt
1391 2169 1533 2215 simul
1551 2180 1700 2213 unum
1722 2168 1974 2226 baptizare.

164 2239 208 2282 3.
239 2239 480 2294 Praeterea,
511 2237 776 2294 baptismus
807 2243 879 2282 est
909 2244 1255 2283 sacramentum
1284 2238 1506 2283 maximae
1530 2236 1836 2283 necessitatis.
1861 2236 1951 2282 Sed
1967 2237 2017 2282 in

108 2298 266 2356 aliquo
283 2312 398 2344 casu
419 2300 605 2345 videtur
627 2312 732 2345 esse
754 2302 1075 2346 necessarium
1097 2301 1221 2358 quod
1244 2301 1402 2358 plures
1421 2300 1563 2346 simul
1581 2313 1731 2345 unum
1754 2299 2016 2357 baptizent:

108 2361 223 2420 puta
242 2363 281 2406 si
301 2363 471 2420 aliquis
491 2363 717 2419 parvulus
736 2369 860 2409 esset
882 2364 930 2408 in
955 2365 1152 2410 articulo
1173 2365 1352 2422 mortis,
1375 2368 1424 2410 et
1440 2364 1661 2410 adessent
1680 2363 1792 2421 duc,
1817 2375 2019 2420 quorum

109 2424 227 2469 alter
250 2430 376 2470 esset
408 2430 586 2482 mutus,
613 2430 658 2470 et
679 2425 798 2470 alter
825 2427 1047 2471 manibus
1074 2433 1121 2472 et
1148 2427 1352 2472 brachiis
1373 2431 1576 2482 careret3
1604 2432 1716 2470 tunc
1735 2425 1860 2471 enim
1882 2437 2019 2482 opor-

109 2490 229 2532 teret
247 2487 374 2544 quod
396 2487 638 2532 mutilatus
656 2487 799 2531 verba
819 2489 1061 2545 proferret,
1086 2494 1132 2533 et
1160 2493 1320 2533 mutus
1340 2493 1499 2533 actum
1521 2487 1739 2545 baptismi
1762 2491 2016 2533 exerceret.

110 2549 230 2605 Ergo
250 2548 435 2594 videtur
458 2548 584 2606 quod
604 2548 765 2605 plures
786 2550 968 2606 possint
991 2550 1131 2594 simul
1153 2562 1302 2594 unum
1320 2549 1570 2606 baptizare.

167 2610 255 2655 Sed
277 2615 438 2655 contra
459 2616 530 2656 est
558 2611 686 2668 quod
715 2611 860 2656 unius
893 2612 1079 2669 agentis
1101 2617 1172 2657 est
1189 2624 1286 2656 una
1309 2612 1444 2656 actio.
1475 2611 1518 2656 Si
1544 2623 1658 2668 ergo
1684 2610 1843 2667 plures
1869 2622 2020 2655 unum

109 2671 420 2731 baptizarent,
440 2674 625 2719 videtur
644 2673 777 2730 sequi
799 2673 922 2730 quod
945 2679 1104 2719 essent
1121 2675 1281 2732 plures
1299 2674 1536 2732 baptismi,
1558 2673 1684 2730 quod
1702 2678 1775 2718 est
1792 2676 1955 2717 contra
1971 2671 2021 2718 id

110 2736 239 2794 quod
262 2735 430 2781 dicitur
456 2737 637 2792 (Ephes.
660 2750 720 2793 iv,
740 2737 783 2790 5)
811 2750 822 2778 :
853 2739 955 2780 Una
974 2738 1101 2792 fides,
1125 2750 1263 2780 unum
1284 2737 1529 2792 baptisma.

160 2797 456 2838 CONCLUSIO.
474 2819 520 2826 -—
538 2797 715 2836 Possunt
734 2796 874 2849 plures
887 2827 899 2844 ,
920 2797 1147 2838 dummodo
1174 2797 1354 2837 debitam
1371 2796 1559 2836 Ecclesiae
1580 2796 1759 2836 formam
1778 2797 1954 2846 servent,
1981 2796 2024 2836 et

111 2852 403 2904 uterquedicat
412 2851 540 2891 simul
556 2851 661 2902 :Ego
673 2853 712 2890 te
725 2850 890 2902 baptizo
906 2852 950 2891 in
962 2853 1130 2892 nomine
1138 2853 1284 2899 Patris,
1300 2850 1460 2899 etFilii,
1470 2854 1508 2890 et
1520 2851 1700 2902 Spiritus
1716 2850 1861 2899 sancti,
1875 2859 2022 2890 verum

112 2906 309 2959 baptismi
339 2911 643 2947 sacramentum
666 2907 847 2946 conferre
861 2938 870 2953 ,
890 2919 1133 2960 quanquam
1154 2909 1250 2948 cum
1270 2907 1450 2959 graviter
1473 2909 1664 2958 peccent,
1686 2905 1887 2959 puniendi
1906 2907 2020 2946 sunt.

168 2963 443 3019 Respondeo
464 2963 718 3008 dicendum
742 2963 868 3021 quod
894 2970 1243 3009 sacramentum
1261 2963 1483 3020 baptismi
1506 2962 1741 3019 praecipue
1763 2961 1903 3006 habet
1927 2960 2022 3005 vir-

113 3030 261 3071 tutem
281 3039 338 3070 ex
356 3027 523 3081 forma,
548 3037 691 3083 quam
714 3026 962 3082 Apostolus
989 3027 1200 3071 nominat
1219 3027 1400 3070 verbum
1422 3029 1524 3070 vitae
1546 3026 1727 3081 (Ephes.
1753 3027 1815 3079 v).
1840 3026 1892 3068 Et
1916 3023 2021 3069 ideo

111 3088 409 3134 considerare
431 3093 636 3146 oportet,
657 3088 696 3132 si
719 3089 878 3146 plures
905 3090 1046 3134 simul
1076 3102 1226 3134 unum
1247 3089 1512 3146 baptizent,
1536 3090 1629 3145 qua
1651 3088 1800 3132 forma
1830 3098 2021 3132 uteren-

113 3153 205 3195 tur.
231 3151 272 3193 Si
297 3150 421 3193 enim
436 3150 648 3195 dicerent
669 3166 680 3194 ε
706 3154 798 3195 Nos
821 3155 863 3195 te
883 3152 1171 3208 baptizamus
1189 3155 1237 3195 in
1255 3153 1434 3195 nomine
1452 3153 1621 3208 Patris,
1646 3153 1690 3194 et
1709 3150 1839 3205 Filii,
1859 3153 1903 3192 et
1922 3151 2023 3206 Spi-

153 3261 198 3305 (Ι)
217 3260 355 3296 Scilicet
373 3260 481 3300 gratia
498 3260 733 3304 sanctificans;
749 3262 914 3304 utrinque
930 3263 1022 3298 enim
1153 3263 1197 3305 (5)
1219 3263 1283 3297 Hic
1299 3261 1439 3304 quaestio
1460 3263 1510 3297 est
1529 3261 1570 3296 de
1595 3261 1770 3296 validitate
1795 3261 2020 3303 sacramenti3

111 3310 257 3345 mortale
272 3309 362 3343 foret
381 3312 568 3351 peccatum,
596 3309 654 3343 sed
673 3309 901 3345 nihilominus
914 3323 1023 3347 sacra·
1108 3311 1280 3353 siquidem
1304 3315 1437 3347 certum
1456 3314 1506 3346 est
1525 3309 1560 3344 id
1584 3309 1678 3344 licite
1708 3308 1784 3343 fieri
1809 3320 1878 3342 non
1907 3320 2019 3349 posse,

112 3362 267 3393 mentum
284 3362 370 3392 esset
393 3356 545 3390 validum
570 3368 608 3391 aa:
631 3357 776 3397 proinde
790 3358 1022 3394 characterom
1110 3361 1187 3395 cum
1207 3360 1271 3393 hoc
1291 3359 1336 3394 sit
1359 3364 1478 3393 contra
1498 3369 1630 3393 morem
1654 3357 1811 3392 Ecclesiae
1830 3362 1863 3391 et
1885 3356 2021 3392 institu-

113 3405 339 3446 imprimeret.
1111 3408 1239 3443 tionem
1263 3407 1403 3447 Christi,
1419 3406 1492 3448 qui,
1512 3418 1616 3448 quum
1636 3406 1682 3440 sit
1706 3417 1805 3449 unus,
1826 3405 1935 3441 voluit
1959 3413 2022 3446 pet

159 3453 201 3495 2)
229 3454 278 3488 De
299 3452 485 3488 verborum
517 3452 662 3488 istorum
685 3453 935 3495 significatione
970 3454 1022 3488 Cf.
1110 3469 1217 3492 unum
1238 3455 1428 3492 ministrari
1448 3459 1711 3491 sacramentum.

114 3506 229 3545 quaest.
250 3513 352 3544 proec.
369 3505 435 3537 art.
451 3501 484 3537 t.
