2170 3808
231 270 315 315 226
787 270 987 323 QUAEST.
1016 268 1180 326 xxvn,
1209 273 1325 316 ART.
1357 275 1393 317 ll
1420 276 1484 318 ΕΤ
1510 277 1582 320 111.

231 363 366 396 casse
394 351 504 396 dicit
535 363 643 396 eum
677 363 773 396 non
803 357 912 397 ante
943 353 1284 411 formationem,
1314 356 1400 401 sed
1421 361 1673 415 antequam
1705 359 1852 406 exiret
1876 362 1935 407 de
1956 371 2116 410 ventre

233 413 364 485 Quod
382 418 539 484 autem
558 412 829 458 Ambrosius
844 413 970 472 dicit,
991 415 1118 473 quod
1138 416 1303 460 Ioanni
1325 418 1540 475 Baptistae
1556 420 1768 465 nondum
1783 421 1934 468 inerat
1947 399 2135 481 spiritus

230 479 355 530 vitae,
385 478 493 548 611111
510 487 614 546 jam
631 475 824 520 haberet
842 477 1057 534 spiritum
1088 479 1264 535 gratiae,
1287 491 1383 523 non
1405 486 1478 525 est
1499 481 1857 539 intelligendum
1877 487 2134 535 secundum

230 537 356 609 quod
366 541 558 594 sp1r1tus
571 541 678 581 vltae
696 537 867 583 dicitur
879 539 1035 584 anima
1045 540 1304 599 vivificanS,
1322 542 1407 587 sed
1421 546 1679 589 secundum
1688 545 1815 602 quod
1828 547 2021 604 spiritus
2033 549 2135 596 vilae

231 600 401 673 dicltur
411 612 491 645 aer
499 601 704 646 exterius
717 601 987 659 respiratus.
1005 603 1085 649 Vel
1096 608 1249 661 potest
1263 604 1353 649 dici
1369 605 1494 661 quod
1508 607 1716 652 nondum
1730 608 1879 654 inerat
1893 609 1936 656 ei
1947 611 2134 668 spiritus

228 666 353 782 Ege,
388 661 437 708 id
472 668 558 719 est,
599 663 771 721 anima,
810 664 1039 722 quantum
1078 665 1137 710 ad
1171 665 1445 710 manifestas
1475 671 1523 712 et
1554 669 1809 725 completas
1843 672 2134 728 operationes

304 737 395 770 1115.

284 787 353 860 Ad
370 788 612 832 secundum
627 787 897 844 dicendum,
919 787 1044 844 quod
1059 786 1100 832 si
1123 800 1368 846 nunquam
1383 789 1539 835 anima
1558 793 1609 836 B.
1628 792 1826 850 Virginis
1844 793 2009 840 fuisset
2027 807 2148 840 con·-

229 852 357 907 tagio
388 850 630 907 orIginalis
653 849 1115 909 peccatiinquinata,
1137 850 1228 896 hoc
1249 851 1495 909 derogaret
1522 853 1734 911 dignitati
1755 855 1938 915 Christi,
1967 869 2136 903 secun-

229 911 344 987 dum
365 925 506 986 quam
526 916 598 985 est
619 912 898 957 universalis
924 912 1136 957 omnium
1160 914 1383 959 Salvator.
1405 917 1459 960 Et
1485 915 1590 961 ideo
1609 917 1699 961 51111
1719 916 1913 975 Christo,
1939 917 2019 976 qui
2041 919 2136 965 sal-

228 987 333 1048 vari
358 989 453 1021 non
483 976 700 1032 indiguit,
723 980 948 1032 tanquam
973 977 1252 1022 universalis
1274 978 1497 1036 Salvator,
1522 980 1727 1025 maxima
1746 981 1833 1027 suit
1860 984 1909 1027 B.
1939 982 2136 1039 Virginis

229 1046 424 1111 puritas.
447 1041 561 1083 Nam
579 1038 788 1084 Christus
803 1038 932 1083 nullo
947 1039 1087 1084 modo
1104 1040 1336 1084 contraxit
1348 1040 1575 1098 originale
1591 1047 1851 1099 peccatum,
1865 1045 1950 1090 sed
1968 1044 2016 1088 in
2037 1044 2136 1102 ipsa

230 1113 305 1146 sul
329 1101 634 1157 conceptione
651 1101 739 1146 fuit
758 1105 967 1158 sanctus,
991 1102 1252 1147 secundum
1271 1102 1388 1148 illud
1407 1105 1533 1158 (Luc.
1554 1117 1586 1160 1,
1605 1106 1705 1159 35):
1734 1106 1866 1163 Quod
1883 1120 1943 1150 ex
1971 1109 2015 1151 te
2031 1120 2138 1151 nas.

231 1168 361 1208 cetur
377 1168 604 1223 sanctum,
630 1165 867 1209 vocabam
891 1165 1042 1209 Filius
1067 1169 1168 1209 Dei.
1196 1166 1283 1211 Sed
1307 1168 1355 1210 Β.
1378 1166 1516 1224 Virgo
1534 1167 1766 1214 contraxit
1787 1168 1976 1226 quidem
1995 1170 2138 1227 origi-

229 1226 339 1272 nale
360 1231 624 1299 peccatum,
645 1227 727 1273 sed
751 1227 810 1272 ab
826 1239 882 1272 eo
899 1226 987 1271 fuit
1005 1228 1250 1286 mundata,
1268 1233 1522 1286 antequam
1541 1241 1600 1274 ex
1621 1235 1757 1274 utero
1780 1236 2068 1277 nasceretur.
2086 1233 2139 1278 Et

231 1290 322 1334 hoc
340 1295 554 1362 signatur
575 1290 691 1360 (lob,
713 1304 773 1347 111,
799 1292 858 1347 9),
882 1289 963 1334 ubi
993 1289 1050 1335 de
1076 1294 1212 1335 nocte
1232 1290 1474 1347 originalis
1496 1291 1677 1348 peccati
1697 1292 1893 1338 dicitur:
1920 1298 2140 1352 Expectet
2168 1304 2170 1306 ·

234 1355 375 1396 lucem
397 1353 461 1407 (id
488 1356 559 1398 est
582 1353 848 1409 Christum),
879 1356 923 1396 et
950 1366 1040 1395 non
1061 1353 1245 1396 videat:
1280 1353 1390 1410 quia
1412 1353 1540 1396 >nihil
1565 1356 1854 1409 inquinatum
1877 1358 2074 1400 incurrit
2091 1360 2141 1401 in
2164 1340 2170 1370 ·,

228 1416 384 1486 Adam,
408 1419 460 1460 ut
483 1415 651 1460 dicitur
674 1417 794 1472 (Sap.
826 1429 904 1470 vn,
927 1416 1022 1468 affl:
1043 1428 1125 1459 nec
1149 1419 1300 1459 ortum
1319 1419 1547 1473 surqentis
1575 1416 1768 1474 aurorae,
1793 1418 1841 1463 id
1860 1423 1948 1475 est,
1971 1420 2020 1464 B.
2043 1419 2135 1464 Vir-

230 1489 373 1535 ginis,
398 1490 503 1536 quae
522 1478 570 1521 in
590 1490 677 1522 suo
698 1482 805 1521 ortu
824 1477 851 1520 a
867 1481 1060 1534 peccato
1079 1477 1295 1534 originali
1317 1477 1403 1522 fuit
1427 1478 1664 1523 immunis.

296 1543 362 1588 Ad
389 1543 571 1584 tertium
604 1539 871 1594 dicendum,
891 1538 1018 1595 quod
1037 1539 1146 1584 licet
1167 1542 1373 1584 Romana
1389 1539 1592 1586 Ecclesia
1609 1541 1962 1598 conceptionem
1979 1544 2030 1586 Β.
2049 1541 2140 1587 Vir-

233 1604 356 1661 ginis
385 1615 477 1647 non
510 1602 727 1658 celebret,
752 1602 919 1647 tolerat
946 1606 1103 1647 tamen
1128 1602 1519 1648 consuetudinem
1541 1602 1802 1659 aliquarum
1830 1604 2141 1651 Ecclesiamm
2168 1629 2170 1634 .

231 1665 349 1712 illud
363 1665 534 1710 festum
549 1665 901 1709 celebrantium.
920 1666 1050 1709 Unde
1065 1665 1172 1710 talis
1183 1664 1430 1710 celebritas
1446 1677 1540 1709 non
1569 1671 1640 1709 est
1667 1665 1869 1710 totaliter
1883 1666 2139 1723 reproban-

232 1729 294 1775 da
314 1731 391 1784 (1).
406 1732 498 1773 Nec
517 1734 671 1772 tamen
684 1740 767 1784 per
780 1727 872 1777 hoc
891 1727 1015 1785 quod
1033 1727 1208 1773 festum
1223 1727 1545 1784 conceptionis
1566 1727 1844 1780 celebratur,
1860 1728 1997 1773 datur
2010 1728 2139 1775 intel=
2168 1767 2170 1770 ,

232 1792 313 1850 ligi
332 1792 459 1850 quod
482 1792 526 1835 in
549 1803 636 1835 sua
654 1789 959 1846 conceptione
981 1790 1121 1834 fuerit
1138 1794 1326 1846 sancta,
1354 1790 1437 1835 secl
1465 1789 1576 1847 quia
1593 1802 1687 1846 quo
1708 1796 1915 1848 tempore
1938 1792 2138 1838 sanctifi-

233 1859 338 1901 cata
359 1854 499 1899 fuerit
519 1853 776 1910 ignoratur,
809 1852 1072 1898 celebratur
1094 1852 1267 1898 festum
1287 1852 1671 1898 sanctificationis
1689 1853 1793 1909 ejus
1817 1853 1975 1910 potius
2000 1855 2142 1912 quam

233 1916 554 1973 conceptionis
573 1916 621 1960 in
643 1915 716 1961 die
737 1915 1061 1973 conceptionis
1083 1915 1249 1972 ipsius.

289 1980 356 2025 Ad
378 1983 592 2036 quartum
614 1977 882 2034 dicendum,
903 1977 1031 2035 quod
1050 1977 1223 2035 duplex
1241 1981 1314 2023 est
1331 1976 1634 2022 sanctificatio
1652 1992 1663 2021 ε
1683 1990 1780 2022 11113
1795 1977 1986 2035 6111(16111
2003 1978 2142 2024 totius

234 2046 431 2099 naturae,
461 2041 741 2098 inquantum
765 2040 941 2085 scilicet
964 2044 1062 2084 tota
1084 2045 1252 2085 natura
1274 2040 1482 2084 humana
1498 2039 1557 2083 ab
1576 2039 1704 2083 omni
1724 2039 2023 2096 corruptione
2043 2040 2142 2086 cul-
2164 2056 2170 2095 ⁷,

232 2119 305 2164 pae
332 2110 377 2151 et
404 2117 559 2162 poenae
579 2103 823 2160 liberatur,
844 2108 890 2148 et
907 2104 1005 2148 haec
1023 2104 1110 2148 erit
1132 2104 1181 2148 in
1200 2103 1557 2149 resurrectione.
1583 2102 1680 2147 Alia
1707 2103 1820 2148 vero
1838 2107 1912 2148 est
1938 2103 2162 2152 sanctifi-1

232 2169 356 2215 catio
377 2166 656 2225 personalis,
682 2178 789 2223 quae
810 2178 905 2210 non
934 2166 1099 2211 transit
1115 2166 1164 2210 in
1184 2166 1362 2223 prolem
1384 2165 1631 2210 carnaliter
1655 2164 1879 2222 genitam,
1903 2165 2014 2222 quia
2037 2155 2170 2217 talis}

234 2230 539 2277 sanctificatio
558 2241 652 2273 non
672 2229 862 2284 respicit
878 2240 1084 2284 carnem,
1110 2228 1194 2273 sed
1213 2233 1435 2273 mentem.
1458 2229 1512 2271 Et
1526 2226 1632 2271 ideo
1647 2226 1734 2271 etsi
1755 2230 1975 2283 parentes
1993 2219 2170 2279 beatae‘ss

233 2293 432 2348 Virginis
450 2292 565 2336 sueri
573 2295 624 2334 nt
640 2290 852 2335 mundati
871 2290 898 2334 3
912 2294 1103 2346 peccato
1116 2289 1346 2347 originali,
1365 2288 1668 2333 nihilominus
1685 2288 1821 2334 beata
1832 2288 1971 2345 Virgo
1985 2301 2142 2346 pecca·
2166 2290 2168 2295 ’

233 2359 335 2400 tum
360 2353 587 2410 originale
611 2351 858 2409 contraxit,
885 2351 995 2396 cum
1026 2351 1167 2395 fuerit
1185 2355 1409 2408 concepta
1432 2349 1693 2395 secundum
1718 2349 1874 2395 carnis
1895 2351 2163 2408 concupis-³

234 2418 438 2464 centiam
457 2429 514 2461 ex
531 2414 863 2461 commixtione
885 2414 1028 2458 maris
1046 2418 1091 2458 et
1109 2413 1311 2459 feminae.
1334 2413 1450 2458 Dicit
1469 2413 1596 2458 enim
1619 2413 1910 2469 Augustinus
1931 2415 2007 2466 <De
2028 2426 2142 2471 nup-

237 2480 314 2526 tiis
325 2484 373 2525 et
389 2476 787 2535 concup1scentia,
804 2475 885 2520 lib.
905 2490 936 2532 1,
954 2479 1145 2532 cap-12,
1160 2476 1271 2520 circ.
1285 2476 1469 2534 princ.):
1487 2493 1508 2514 «ι
1525 2476 1740 2531 Omnem,
1761 2487 1867 2532 quae
1888 2474 1948 2520 de
1967 2487 2142 2520 concu-

237 2541 336 2588 bitu
360 2540 568 2586 nascitur
582 2574 595 2597 ,
614 2551 806 2585 carnem
824 2549 928 2583 esse
942 2538 1136 2595 peccati.
1163 2557 1183 2577 »
2158 2579 2160 2584 ,

236 2606 581 2650 ARTICULUS
607 2606 693 2648 111.
721 2626 778 2635 —
805 2614 946 2646 urium
970 2615 1051 2644 PER
1070 2613 1460 2645 smerlricmionsu
1482 2613 1633 2643 rui-:mr
1661 2612 1803 2643 BEATAE
1826 2612 1985 2644 vmcim
2011 2613 2154 2646 1161133·

946 2676 1174 2708 mumma
1193 2676 1416 2708 5111111165.

238 2739 287 2778 De
300 2738 472 2775 hisatium
496 2738 592 2772 Sent.
616 2744 672 2778 111,
691 2734 768 2771 dist.
779 2735 815 2775 5,
840 2737 959 2776 quast.
978 2743 1004 2776 1,
1027 2736 1093 2769 art.
1111 2733 1145 2775 2,
1160 2736 1193 2767 et
1209 2732 1293 2768 ibid.
1318 2733 1356 2767 in
1378 2744 1489 2775 expos.
1506 2744 1561 2774 pr.
1573 2736 1663 2775 part.
1681 2733 1762 2766 text.
1782 2734 1815 2766 et
1833 2732 1898 2771 Op.
1920 2739 1961 2773 11,
1977 2743 2051 2774 cap.
2065 2731 2140 2768 ffil.

292 2795 359 2840 Ad
378 2793 567 2840 tertium
586 2792 655 2836 sic
671 2789 953 2848 proceditur.
975 2793 1018 2834 1.
1034 2785 1222 2833 Videtur
1243 2787 1367 2845 quod
1384 2790 1435 2832 Β.
1458 2788 1597 2845 Virgo
1618 2798 1712 2830 non
1734 2786 1877 2830 fuerit
1891 2786 2140 2831 emundata

279 2914 325 2958 (l)
342 2913 419 2950 Haec
434 2911 551 2953 verba,
569 2909 699 2952 legitur
716 2909 753 2943 in
764 2907 923 2950 ‚editione
948 2907 1121 2942 Parmensi
1135 2933 1145 2948 ,

236 2975 314 3001 non
331 2967 383 2999 est
403 2961 568 2997 totaliter
582 2957 835 3001 reprobanda.
851 2961 931 2991 sunt
945 2956 1028 2990 adeo
1045 2954 1146 2998 clara,

236 3018 277 3050 ut
292 3013 438 3048 nesciam
455 3022 523 3053 quo
539 3012 638 3050 pacto
650 3005 829 3041 nonnullis
846 3006 936 3040 visus
949 3005 994 3039 sit
1006 3005 1041 3039 S.
1057 3004 1147 3038 Tho-

236 3073 311 3098 mas
333 3062 370 3097 in
386 3060 451 3095 1166
473 3057 620 3093 articulo
641 3055 804 3090 obsistere
818 3053 1052 3089 Immaculatae
1072 3051 1149 3086 Dei-

235 3123 327 3154 paroe
354 3106 589 3149 Conceptioni.
612 3123 653 3130 ·-
677 3103 749 3139 Etsi
776 3108 890 3138 autem
916 3102 1007 3136 dicat
1034 3101 1091 3136 hic
1112 3100 1147 3136 in

237 3157 409 3201 aliquibus
438 3155 594 3191 Ecclesiis
623 3154 750 3189 festum
785 3151 1022 3194 conceptionis
1046 3150 1149 3185 fuisse

237 3207 461 3247 celebratum,
481 3204 551 3247 ipse
571 3207 683 3239 tamen
699 3215 793 3239 suam
813 3201 1016 3237 sententiam
1040 3199 1150 3234 decla·

236 3257 329 3294 ravit
344 3258 453 3298 (Scnt.
471 3254 533 3288 lib.
553 3262 579 3293 1,
597 3253 675 3288 dist.
695 3253 750 3292 Μ,
767 3256 883 3293 quaest.
900 3259 925 3290 1,
943 3252 1006 3284 art.
1022 3250 1045 3284 5
1062 3248 1150 3288 3115)

237 3307 380 3346 docens,
410 3302 588 3341 Virginem
616 3301 762 3337 Mariam
791 3300 979 3335 immunem
1005 3297 1106 3332 fuisse
1131 3297 1150 3330 a

188 3385 190 3387 .
237 3357 379 3399 peccato
399 3350 559 3392 originali
572 3353 610 3386 ea
629 3349 762 3384 ratione
782 3352 847 3390 qua
864 3347 1028 3382 immunis
1048 3346 1114 3381 suit
1132 3346 1151 3379 ὲ

235 3405 374 3447 peccato
390 3399 513 3434 actuali
532 3412 540 3432 ε
558 3397 650 3439 atqui
668 3398 686 3431 a
701 3399 838 3439 peccato
852 3395 976 3431 actuali
994 3395 1070 3429 ideo
1083 3394 1151 3428 fuit

237 3450 423 3492 immunis,
445 3447 524 3490 quia
549 3446 637 3480 illud
661 3457 836 3486 nunquam
865 3444 1002 3479 admisit
1033 3457 1042 3477 ε
1068 3454 1150 3483 ergo

236 3503 257 3537 a
277 3500 352 3543 pari
380 3495 542 3534 immunis
560 3495 626 3530 fuit
651 3494 670 3529 a
698 3496 833 3535 peccato
861 3491 1040 3532 originali.
1071 3491 1151 3533 quia

235 3549 325 3586 illud
356 3557 531 3589 nunquam
557 3542 720 3579 incurrit.
737 3559 779 3568 -
801 3541 881 3577 Haec
908 3539 1150 3576 animadverti-

1232 2917 1307 2941 mus
1332 2917 1371 2941 eo
1394 2904 1546 2945 consilio,
1572 2908 1611 2938 ut
1634 2906 1746 2944 pateat
1770 2903 1871 2944 quam
1901 2901 2077 2937 immerito
2105 2902 2140 2939 S.
2167 2940 2170 2942 ,

1231 2954 1378 2990 Thomas
1400 2954 1575 2988 sententiae
1589 2951 1672 2986 olim
1696 2951 1857 2985 duntaxat
1870 2950 1935 2992 pie
1949 2949 1992 2985 de
2021 2949 2143 2987 immn-

1232 3003 1341 3037 culata
1357 3003 1394 3036 B.
1413 3002 1461 3037 M.
1480 3001 1524 3036 V.
1541 3000 1781 3042 Conceptione.
1797 2998 1906 3033 veluti
1934 2997 2146 3034 adversarius

1233 3050 1275 3086 ab
1300 3050 1471 3094 aliquibus
1492 3051 1667 3085 traductus
1697 3048 1816 3083 fuerit.
1843 3047 1916 3082 Etsi
1938 3050 2051 3082 autem
2073 3046 2143 3082 hoee

1234 3112 1334 3143 quam
1352 3104 1494 3142 jactant,
1524 3099 1642 3134 fuisset
1671 3097 1819 3139 genuina
1841 3106 1879 3130 ac
1908 3095 2045 3138 propria
2071 3088 2141 3134 esui

1233 3149 1417 3191 sententia,
1437 3148 1525 3183 nihil
1543 3147 1624 3183 inde
1642 3145 1919 3186 concludiposset
1933 3141 2142 3178 contrahant

1235 3197 1439 3237 doctrinam.
1458 3209 1531 3239 61131
1545 3196 1646 3231 modo
1669 3193 1858 3234 dogmatica
1879 3195 1941 3233 est,
1960 3202 1998 3226 36
2013 3191 2055 3225 de
2076 3188 2144 3227 fide

1235 3245 1380 3279 tenenda
1393 3249 1448 3287 ;et
1462 3244 1490 3278 si
1506 3243 1634 3279 nostris
1657 3240 1870 3283 temporibus
1891 3239 2023 3276 viveret
2036 3237 2146 3277 Auze-

1235 3294 1333 3335 licus,
1347 3305 1421 3329 eam
1439 3291 1667 3327 libentissime
1683 3289 1961 3331 amplecteretur,
1977 3283 2035 3327 qui
2051 3285 2140 3320 tanta

1237 3343 1415 3378 devotione
1433 3340 1607 3376 ferebatur
1626 3339 1662 3374 in
1679 3337 1860 3378 Virginem
1879 3333 2141 3372 Sanctissimam.

1236 3392 1361 3434 61116116
1373 3401 1467 3425 snam
1483 3387 1676 3423 doctrinam
1695 3397 1826 3426 sempor
1834 3382 1965 3424 judicio
1980 3386 2015 3416 et
2029 3381 2142 3414 aueto-

1235 3440 1329 3476 ritati
1341 3438 1496 3479 Ecclesia
1509 3440 1641 3472 summa
1655 3433 1871 3472 humilitatis.
1889 3442 1928 3466 ao
1943 3425 2141 3464 obedientia

1236 3487 1334 3524 laude
1351 3485 1510 3527 subjecit.

2107 3580 2131 3587 x
