2170 3808
660 234 858 286 QUAEST.
889 234 940 289 ΙΙ,
971 233 1088 275 ART.
1119 233 1153 275 V
1181 232 1245 275 ET
1272 232 1341 274 Vl.
1893 228 1948 271 ⁹23

63 320 249 379 quidem
271 318 550 372 effectivum,
573 320 619 360 et
639 315 727 359 hoc
748 315 884 359 modo
910 314 1109 358 Verbum
1132 314 1208 358 Dei
1234 317 1306 358 est
1327 309 1608 369 principium
1630 309 1785 354 omnis
1805 308 1944 368 vitae3

64 383 154 427 alio
172 381 310 426 modo
328 384 398 425 est
414 376 589 433 aliquid
619 375 897 432 principium
921 374 1029 418 vitae
1056 373 1325 418 formaliter.
1352 373 1463 416 cum
1489 371 1614 416 enim
1640 389 1660 408 «
1687 370 1846 413 vivere
1871 368 1947 413 vi·-

62 443 279 488 ventibus
301 441 360 486 sit
383 451 503 494 esse,
529 456 550 476 υ
574 442 628 482 ut
645 437 756 482 dicit
776 435 1078 492 Philosophus
1097 437 1175 488 (De
1193 434 1367 490 anima,
1390 433 1472 478 lib.
1495 447 1525 476 11
1540 465 1553 488 ,
1572 436 1686 477 text.
1707 433 1807 486 37),
1827 430 1946 475 sicut

63 502 428 560 unumquodque
449 498 701 544 formaliter
725 502 795 542 est
813 511 895 555 per
923 497 1120 542 formam
1142 507 1294 553 suam,
1317 494 1382 539 ita
1403 506 1575 551 corpus
1604 493 1716 538 vivit
1737 505 1819 549 per
1841 491 1943 535 ani-

62 577 220 611 mam:
244 567 291 609 et
309 565 397 608 hoc
419 561 555 606 modo
577 572 673 604 non
691 560 879 618 ponitur
900 571 1073 616 corpus
1093 557 1250 603 vivere
1271 568 1355 613 per
1375 555 1591 611 Verbum3
1611 556 1738 612 quod
1755 567 1847 599 non
1861 565 1947 610 po-

65 632 156 672 test
173 637 277 673 esse
297 624 502 681 corporis
519 623 684 667 forma.

193 687 535 732 ARTICULUS
562 687 644 728 VI.
673 707 727 716 —-
757 697 892 727 urium
913 694 1071 726 aarum
1094 693 1258 724 numm
1282 692 1430 723 ruam-r
1453 691 1572 721 urim
1595 691 1726 722 veneo
1753 691 1818 721 um

777 755 1132 788 acclamatum
1157 741 1235 797 (1).

64 818 115 854 De
128 818 181 854 his
191 818 290 853 etiam
305 818 392 858 part.
409 816 438 857 1,
458 817 576 857 quest.
595 821 682 854 xvu,
699 815 766 849 art.
782 813 815 855 t.
833 816 869 847 et
883 813 978 847 Sent.
997 819 1049 850 111.
1068 810 1146 845 dist.
1163 811 1197 849 8,
1214 812 1331 851 quoest.
1345 816 1400 850 111,
1418 812 1485 843 art.
1498 807 1533 850 2,
1548 811 1581 842 et
1599 808 1698 842 Cont.
1716 811 1806 846 gent.
1820 806 1868 841 lib
1898 815 1950 848 ιι,

105 877 177 907 cap.
195 865 250 907 57,
263 866 300 900 ill
325 867 359 898 et
369 863 426 904 49.
443 867 478 898 et
496 863 544 898 De
560 862 685 897 unione
699 860 820 901 Verbi,
839 860 936 895 artat
963 871 1057 900 corp.
1074 862 1107 892 et
1121 857 1162 892 ad
1177 858 1232 899 45,
1256 863 1289 892 et
1308 857 1431 897 opusc.
1449 864 1489 896 n,
1509 866 1580 897 cap.
1594 855 1670 897 245,
1687 859 1721 890 et
1737 854 1881 895 Philipp·
1906 864 1947 896 n,

106 913 171 948 col.
184 913 221 948 5.
442 946 445 950 .

120 968 188 1013 Ad
208 971 391 1013 sextum
419 965 486 1010 sic
506 963 788 1021 proceditur.
810 965 854 1007 1.
877 961 1065 1006 Videtur
1085 958 1208 1017 quod
1238 959 1443 1003 humana
1465 961 1632 1002 natura
1659 955 1799 1000 fuerit
1820 960 1949 1000 umta

65 1029 211 1074 Verbo
240 1028 317 1073 Dei
336 1026 696 1072 accidentaliter.
732 1024 846 1069 Dicit
873 1022 997 1068 enim
1026 1021 1271 1078 Apostolus
1294 1019 1501 1076 (Philipp.
1535 1020 1598 1073 u)
1627 1017 1685 1063 de
1705 1017 1817 1062 Filio
1838 1017 1916 1062 Dei
1934 1050 1946 1072 ,

65 1089 191 1148 quod
211 1090 372 1134 habitu
403 1092 609 1132 inventus
644 1092 716 1133 est
737 1089 789 1130 ut
814 1086 960 1130 homo.
995 1083 1082 1128 Sed
1106 1082 1292 1128 habitus
1324 1080 1669 1126 accidentaliter
1697 1078 1885 1123 advenit
1908 1078 1949 1123 ei

65 1152 201 1208 cujus
222 1156 320 1207 est,
345 1151 447 1196 sive
469 1149 720 1206 accipiatur
740 1147 927 1193 habitus
943 1180 956 1201 ,
981 1148 1120 1202 prout
1156 1149 1228 1189 est
1264 1155 1413 1188 unum
1444 1143 1501 1188 de
1536 1142 1694 1187 decem
1725 1140 1949 1198 praedica-

66 1213 252 1268 mentis,
278 1213 376 1257 sive
396 1215 533 1268 prout
554 1216 625 1256 est
645 1209 825 1267 species
847 1207 1098 1265 qualitatis.
1122 1208 1242 1262 Ergo
1262 1206 1468 1250 humana
1498 1208 1663 1248 natura
1685 1202 1949 1248 accidenta-

65 1273 169 1319 liter
185 1273 316 1318 unita
334 1278 405 1318 est
424 1272 535 1317 Filio
555 1272 648 1316 Dei.

121 1337 163 1380 2.
196 1338 438 1392 Praeterea,
457 1345 595 1381 omne
616 1332 742 1390 quod
763 1331 950 1376 advenit
970 1330 1109 1386 alicui
1130 1333 1238 1387 post
1255 1339 1361 1374 esse
1384 1327 1683 1383 completum,
1701 1324 1890 1370 advenit
1907 1326 1950 1370 ei

66 1397 408 1443 accidentaliter
425 1411 436 1439 z
457 1397 546 1440 hoc
560 1396 686 1440 enim
701 1394 901 1439 dicimus
920 1392 1155 1446 accidens,
1175 1390 1301 1448 quod
1315 1393 1470 1447 potest
1483 1394 1529 1434 et
1547 1389 1712 1434 adesse
1727 1392 1773 1433 et
1787 1386 1951 1432 abesse

66 1459 204 1504 alicui
224 1463 391 1516 praeter
411 1456 607 1513 subjecti
626 1455 984 1512 corruptionem.
1009 1453 1095 1499 Sed
1120 1459 1286 1497 natura
1308 1452 1513 1497 humana
1538 1450 1724 1495 advenit
1750 1462 1808 1494 ex
1830 1454 1951 1494 tem-

66 1531 179 1577 pore
199 1520 310 1564 Filio
328 1518 405 1564 Dei
427 1518 615 1563 habenti
634 1528 738 1562 esse
758 1515 1015 1573 perfectum
1034 1514 1092 1559 ab
1117 1518 1308 1560 aeterno.
1328 1514 1449 1570 Ergo
1470 1511 1657 1557 advenit
1674 1511 1716 1556 ei
1736 1509 1951 1555 acciden-

67 1581 237 1626 taliter.

121 1645 165 1688 3.
196 1646 434 1699 Praeterea,
457 1641 684 1699 quidquid
708 1652 803 1685 non
825 1639 1025 1697 pertinet
1043 1638 1104 1684 ad
1131 1643 1345 1683 naturam
1368 1649 1453 1682 seu
1477 1635 1727 1681 essentiam
1754 1634 1951 1692 alicujus

69 1704 153 1759 rei.
173 1709 244 1749 est
261 1704 474 1749 accidens
489 1703 615 1760 eJus3
636 1701 744 1760 quia
758 1713 897 1746 omne
910 1700 1036 1758 quod
1050 1704 1136 1749 est,
1156 1704 1236 1744 aut
1250 1703 1322 1744 est
1340 1698 1599 1743 substantia
1618 1702 1698 1742 aut
1718 1697 1948 1742 accidens.

72 1765 159 1821 Sed
177 1766 380 1810 humana
398 1769 565 1809 natura
586 1775 680 1808 non
704 1764 906 1820 pertinet
929 1762 988 1809 ad
1009 1761 1261 1807 essentiam
1281 1760 1357 1805 vel
1387 1764 1600 1804 naturam
1630 1759 1834 1804 divinam
1853 1757 1952 1803 Filii

32 1883 35 1885 q
71 1826 178 1872 Deie
201 1827 310 1884 quia
331 1839 425 1870 non
449 1833 522 1871 est
546 1825 669 1871 facta
694 1825 806 1870 unio
828 1826 877 1870 in
908 1829 1101 1880 natura,
1131 1828 1348 1879 utsupra
1376 1822 1552 1867 dictum
1575 1825 1646 1867 est
1675 1822 1777 1874 (art.
1804 1824 1825 1865 1
1852 1820 1952 1878 huj.

72 1891 269 1945 quaest.).
293 1890 413 1944 Ergo
450 1890 630 1944 oportet
655 1886 779 1943 quod
814 1890 982 1931 natura
1011 1887 1214 1930 humana
1242 1883 1584 1929 accidentaliter
1614 1882 1725 1926 Filio
1754 1882 1829 1926 Dei
1870 1882 1953 1928 ad-

70 1949 267 1994 venerit.

125 2014 168 2056 4.
199 2013 436 2064 Praeterea,
460 2010 821 2054 instrumentum
849 2008 1193 2053 accidentaliter
1213 2006 1415 2052 advenit.
1448 2005 1535 2051 Sed
1556 2005 1761 2050 humana
1786 2009 1953 2051 natura

71 2071 118 2115 in
138 2070 314 2116 Christo
345 2071 432 2115 fuit
454 2070 713 2114 Divinitatis
740 2070 1101 2114 instrumentum
1130 2083 1141 2112 ε
1174 2068 1284 2113 dicit
1306 2067 1431 2112 enim
1460 2070 1773 2111 Damascenus
1804 2066 1949 2120 (Orth.

71 2132 150 2178 fid.
174 2132 254 2178 lib.
278 2144 340 2188 ιιι,
362 2144 464 2187 cap.
487 2134 565 2185 15,
584 2135 691 2188 post
711 2130 870 2185 med.)‚
892 2129 1018 2187 quod
1037 2147 1057 2168 α
1081 2141 1189 2174 caro
1217 2128 1380 2174 Christi
1399 2128 1759 2173 instrumentum
1781 2127 1951 2172 Divini-

72 2193 178 2238 tatis
194 2193 366 2239 existit.
392 2211 413 2233 n
433 2195 552 2249 Ergo
570 2191 755 2237 videtur
773 2191 898 2249 quod
925 2192 1130 2236 humana
1149 2194 1316 2235 natura
1337 2189 1478 2234 fuerit
1491 2190 1602 2234 Filio
1621 2189 1700 2234 Dei
1723 2189 1855 2234 unita
1874 2201 1950 2235 ac-

71 2254 373 2301 cidentaliter.

127 2316 215 2362 Sed
235 2319 392 2359 contra
411 2315 625 2372 estquod
644 2315 760 2361 illud
785 2315 910 2372 quod
928 2314 1275 2360 accidentaliter
1292 2314 1585 2370 praedicatur,
1610 2325 1703 2359 non
1732 2314 1953 2371 praedicat

72 2377 201 2435 quid,
222 2377 305 2422 sed
323 2380 566 2433 quantum,
583 2377 653 2421 vel
677 2375 831 2433 quale,
854 2376 930 2420 vel
949 2376 1104 2433 aliquo
1126 2375 1215 2419 alio
1234 2375 1372 2420 modo
1391 2387 1442 2420 se
1464 2375 1657 2419 habens.
1680 2374 1722 2418 Si
1746 2386 1857 2430 ergo
1871 2375 1954 2420 hu-

71 2450 211 2483 mana
228 2444 393 2483 natura
414 2437 752 2483 accidentaliter
768 2437 1029 2492 adveniret,
1050 2438 1157 2481 cum
1184 2436 1354 2481 dicitur
1380 2453 1400 2474 α
1427 2436 1635 2481 Christus
1657 2440 1727 2480 est
1744 2436 1899 2494 homo,
1928 2456 1949 2478 ι»

73 2512 167 2545 non
189 2500 514 2557 praedicaretur
535 2499 664 2557 quid,
686 2499 768 2544 sed
788 2499 952 2555 quale,
984 2503 1064 2543 aut
1082 2503 1326 2555 quantum,
1347 2501 1428 2541 aut
1451 2498 1606 2554 aliquo
1630 2497 1720 2542 alio
1742 2498 1879 2542 modo
1902 2511 1953 2544 se

72 2561 266 2618 habenS,
285 2561 409 2618 quod
427 2565 498 2606 est
520 2565 682 2607 contra
699 2560 979 2606 Decretalem
998 2560 1241 2605 Alexandri
1259 2572 1389 2617 papae
1404 2562 1474 2614 ΠΙ,
1494 2559 1690 2605 dicentis
1707 2560 1771 2613 (in
1786 2560 1950 2605 concil.

73 2624 220 2668 Later.
238 2625 281 2675 3.
301 2627 419 2680 part.
438 2622 524 2667 ult.
545 2635 646 2680 cap.
676 2625 755 2679 20,
777 2627 823 2667 et
838 2622 1036 2667 habetur
1052 2634 1154 2677 cap.
1179 2623 1291 2665 Ciam
1310 2622 1521 2664 Christus
1536 2655 1548 2676 ,
1580 2623 1639 2666 De
1671 2621 1917 2676 haereticis)
1938 2635 1950 2666 ε

77 2701 99 2722 ιι
117 2685 229 2728 cum
250 2684 454 2728 Christus
474 2683 535 2728 sit
554 2685 787 2740 perfectus
806 2685 926 2728 Deus
957 2687 1003 2728 et
1024 2683 1256 2740 perfectus
1276 2683 1416 2728 homo
1429 2716 1442 2739 ,
1472 2684 1566 2740 qua
1597 2683 1852 2728 temeritate
1871 2695 1952 2728 au·

76 2743 188 2849 daug
206 2744 394 2801 quidam
426 2744 577 2790 dicere
612 2744 737 2801 quod
770 2745 977 2791 Christus
1012 2744 1271 2789 secundum
1303 2742 1428 2800 quod
1451 2749 1523 2788 est
1551 2744 1720 2800 homo,
1753 2756 1847 2789 non
1883 2748 1952 2789 est

76 2804 155 2860 qni
205 2808 283 2859 (2).
307 2824 329 2845 ιι

123 2871 406 2912 CONCLUSIO.
421 2894 469 2902 -
482 2872 621 2924 Neque
635 2874 861 2914 seeundum
873 2873 1095 2914 essentiam
1108 2871 1173 2913 vel
1194 2875 1387 2912 naturam
1401 2902 1413 2922 ,
1434 2883 1565 2925 neque
1584 2871 1710 2912 eiiam
1727 2871 1954 2913 secundum

76 2924 273 2973 accidens,
295 2924 363 2965 sed
383 2925 516 2966 medio
531 2927 707 2979 quodam
726 2927 847 2968 modo
865 2927 1092 2968 secundum
1110 2926 1417 2966 subsistentiam
1438 2938 1510 2966 seu
1532 2925 1808 2979 hypostasim,
1826 2928 1951 2966 natu-

77 2988 164 3018 ram
186 2977 413 3018 humanam
426 2979 545 3020 verbo
566 2982 638 3021 Dei
657 2982 822 3022 unitam
840 2982 979 3030 fuisse,
999 2981 1175 3022 Ecclesia
1194 2979 1393 3020 catholica
1411 2980 1541 3021 docet.

128 3040 399 3095 Respondeo
416 3040 660 3086 dicendum
691 3043 815 3100 quod
836 3044 895 3089 ad
917 3044 1057 3100 hujus
1084 3041 1356 3099 quaestionis
1382 3042 1669 3088 evidentiam
1699 3042 1944 3089 sciendum

73 3107 148 3146 est
169 3099 293 3158 quod
315 3102 437 3145 circa
459 3102 730 3157 mysterium
752 3104 938 3148 unionis
969 3105 1167 3149 duarum
1197 3108 1472 3147 naturarum
1496 3103 1546 3149 in
1577 3103 1755 3149 Christo
1777 3105 1948 3162 duplex

12 3187 13 3193 κ
74 3162 262 3232 haeresis
280 3163 545 3208 insurrexit.
570 3164 668 3208 Una
685 3165 871 3220 quidem
895 3165 1282 3211 confundentium
1302 3170 1522 3223 naturas3
1544 3165 1666 3211 sicut
1687 3166 1952 3223 Eutychetis

77 3228 122 3268 et
142 3225 360 3281 Dioscori‚
380 3225 460 3281 qui
479 3230 734 3281 posuerunt
757 3226 882 3282 qued
909 3238 969 3272 ex
984 3227 1167 3273 duabus
1187 3227 1367 3271 naturis
1389 3231 1461 3272 est
1479 3228 1731 3273 constituta
1756 3241 1848 3273 una
1870 3240 1950 3272 na·

117 3358 160 3400 (t)
185 3358 370 3399 Respondet
396 3361 431 3393 S.
458 3360 584 3395 Ductor
604 3361 785 3395 humanam
812 3364 967 3397 naturam
1091 3360 1241 3404 (2)Quod
1252 3361 1380 3397 dixerat
1391 3363 1513 3397 Petrus
1523 3362 1786 3403 Lombardusfin
1796 3362 1952 3397 ἰώδεα·

75 3416 143 3439 non
174 3405 276 3440 fuisse
305 3407 435 3441 unitam
461 3408 573 3443 Verbo
603 3408 664 3442 Dei
693 3408 966 3451 accidentaliter,
1052 3414 1136 3444 tent.
1157 3410 1232 3444 dist.
1248 3410 1312 3453 10),
1336 3410 1394 3452 qui
1417 3410 1514 3446 istius
1535 3411 1661 3447 decreti
1683 3410 1807 3445 occasio
1827 3414 1861 3445 et
1878 3420 1948 3444 ma-

76 3462 183 3496 neque
197 3454 431 3498 essentialiter,
449 3455 507 3492 sed
523 3455 802 3492 substantialiter.
1053 3457 1138 3492 teria
1153 3456 1232 3493 fuit.
