2170 3808
801 176 999 229 QUAEST.
1029 176 1166 234 XLIV,
1195 174 1313 218 ART.
1342 172 1411 216 111.
1966 168 2051 213 367

175 262 236 307 sit
255 260 411 304 minus
439 257 580 316 quam
600 256 814 302 remissio
835 260 1155 313 peccatorum,
1177 266 1272 298 non
1303 252 1486 298 videtur
1507 263 1613 297 esse
1635 249 1873 295 sufficiens
1907 258 2050 303 argu-

175 329 386 367 mentum
403 318 528 377 quod
544 318 691 377 possit
705 323 896 375 peccata
913 317 1159 362 dimittere.
1459 368 1462 369 ⁷

231 388 274 430 4.
300 386 545 437 Praeterea,
576 380 801 425 miracula
827 379 991 424 Christi
1017 379 1143 424 facta
1167 381 1280 423 sunt
1306 376 1367 421 ad
1403 374 1799 421 confirmationem
1830 371 2052 417 doctrinae

177 445 324 503 ipsius
345 448 393 490 et
413 441 727 489 testimonium
749 441 1003 486 divinitatis
1024 440 1142 497 ejus,
1163 442 1219 484 ut
1245 450 1389 494 supra
1407 437 1583 482 dictum
1612 441 1682 480 est
1705 437 1887 491 (quaest.
1910 444 2051 490 praec.

179 512 263 552 art.
281 509 341 562 4).
363 505 452 551 Sed
469 503 628 550 nullus
649 503 789 549 debet
805 502 1029 560 impedire
1044 501 1184 546 finem
1206 500 1359 557 operis
1383 498 1472 543 sui.
1491 501 1612 553 Ergo
1632 496 1812 542 videtur
1832 495 2053 564 inconve-

177 568 359 613 nienter
377 566 581 612 Christus
608 564 888 622 quibusdam
921 562 1198 609 miraculose
1219 560 1391 607 curatis
1417 558 1695 615 praecepisse
1711 563 1765 602 ut
1786 555 1961 601 nemini
1979 554 2056 600 di-

179 633 352 685 cerent,
368 633 419 673 ut
438 631 566 684 patet
580 627 748 682 (Matth.
767 640 826 683 1x,
848 630 895 671 et
903 627 1039 670 Marc.
1053 626 1141 678 vm)
1154 625 1228 680 (1),
1241 621 1499 679 praesertim
1517 620 1628 677 quia
1648 618 1932 676 quibusdam
1950 616 2055 663 aliis

179 689 413 736 mandavit
438 693 492 734 ut
512 688 735 733 miracula
760 688 882 733 circa
910 699 962 733 se
984 687 1107 731 facta
1124 684 1443 743 publicarent3
1480 682 1602 728 sicut
1619 682 1768 736 (Marc.
1792 695 1837 738 v,
1856 683 1927 736 19)
1944 678 2056 735 legi-

178 756 254 798 tur
280 750 402 810 quod
430 750 546 796 dixit
569 750 611 795 ei
639 761 780 807 quem
803 749 831 795 a
853 748 1143 796 daemonibus
1173 746 1479 792 liberaverat:
1499 743 1628 786 Vade
1647 745 1697 785 in
1719 742 1900 786 domam
1926 745 2055 786 tuam

178 813 242 857 ad
264 818 377 868 taos,
401 816 446 856 et
461 814 686 855 annuntia
706 815 770 856 eis
790 815 966 867 quanta
984 811 1067 854 tibi
1085 811 1306 853 Dominus
1325 807 1502 863 fecerit.

236 873 321 919 Sed
347 876 507 917 contra
528 877 598 918 est
619 873 745 930 quod
767 873 855 917 dici
863 880 934 916 tur
960 870 1110 927 (Marci
1132 883 1213 927 vn,
1237 871 1308 923 37)
1336 883 1347 912 z
1370 870 1485 910 Bene
1513 867 1667 909 omnia
1685 867 1807 920 fecit,
1828 867 1873 908 et
1891 865 2057 908 surdos

178 937 288 990 fecit
322 936 499 992 audire,
523 939 566 979 et
590 940 737 979 mutos
760 934 896 991 loqui.

225 1003 506 1044 CONCLUSIO.
521 1024 570 1032 -—
583 1003 636 1044 Ut
657 1001 844 1042 Christus
866 1001 1085 1041 hominum
1102 1000 1233 1040 Deum
1246 998 1488 1039 salvatorem
1507 1007 1550 1036 se
1567 1006 1654 1035 esse
1665 995 1905 1044 ostenderet,
1921 993 2060 1035 decuit

179 1060 229 1097 ut
249 1057 350 1097 circa
365 1057 551 1098 homines
567 1057 768 1099 miracula
789 1057 948 1096 faceret.

234 1119 504 1177 Respondeo
526 1119 775 1164 dicendum
798 1118 922 1176 quod
938 1130 994 1162 ea
1021 1128 1127 1174 quae
1151 1120 1263 1161 sunt
1283 1115 1343 1160 ad
1361 1114 1503 1159 finem
1532 1112 1705 1158 debent
1724 1112 1805 1156 fini
1823 1123 1930 1157 esse
1951 1123 2058 1169 pro-

178 1181 452 1237 portionata.
475 1180 683 1236 Christus
701 1183 856 1226 autem
878 1179 938 1224 ad
959 1179 1048 1222 hoc
1068 1176 1116 1221 in
1136 1176 1365 1221 mundum
1385 1179 1578 1219 venerat
1598 1179 1645 1219 et
1666 1173 1878 1227 docebat,
1900 1178 1956 1218 ut
1976 1173 2059 1218 ho·

177 1240 328 1286 mines
347 1241 500 1286 salvos
528 1241 714 1297 faceret,
736 1239 997 1286 secundum
1015 1237 1133 1283 illud
1157 1238 1302 1293 (Joan.
1324 1250 1385 1292 111,
1409 1238 1480 1290 17)
1507 1250 1520 1280 :
1540 1239 1643 1280 Non
1659 1238 1778 1278 enim
1794 1238 1919 1278 misit
1938 1239 2059 1278 Deus

176 1305 344 1346 Filium
362 1315 491 1346 suam
509 1305 559 1345 in
578 1302 795 1346 mnndum
817 1306 869 1345 ut
883 1301 1066 1356 judicet
1087 1300 1320 1354 mundum,
1340 1298 1420 1341 sed
1446 1301 1497 1342 ut
1523 1297 1728 1341 salvetur
1756 1296 1952 1340 mundus
1974 1308 2059 1352 per

175 1365 338 1419 ipsum.
358 1365 413 1407 Et
433 1361 539 1408 ideo
553 1363 837 1408 conveniens
862 1362 949 1407 fuit
967 1366 1020 1406 ut
1040 1361 1247 1406 Christus
1265 1358 1602 1417 particulariter
1622 1358 1836 1403 homines
1854 1357 2060 1402 miracu·-

175 1423 274 1469 lose
294 1424 518 1482 curand0,
538 1425 802 1470 ostenderet
819 1436 872 1469 se
892 1435 999 1471 esse
1014 1422 1326 1468 universalem
1341 1426 1388 1465 et
1402 1419 1687 1478 spiritualem
1711 1418 1951 1464 hominum
1967 1419 2058 1464 sal-

177 1490 400 1531 vatorem.

231 1547 298 1591 Ad
309 1550 508 1603 primum
521 1560 634 1605 ergo
643 1548 909 1604 dicendum,
919 1547 1047 1604 qued
1066 1559 1124 1592 ea
1139 1558 1246 1603 quae
1264 1552 1380 1599 sunt*
1394 1545 1454 1591 ad
1470 1544 1614 1588 finem
1633 1543 1988 1599 distinguuntur
2000 1543 2060 1588 ab

178 1608 278 1665 ipso
295 1609 405 1661 fine.
420 1610 633 1654 Miracula
655 1615 811 1655 autem
832 1610 860 1654 a
879 1609 1057 1654 Christo
1077 1608 1199 1653 facta
1222 1605 1572 1662 ordinabantur,
1594 1604 1715 1650 sicut
1734 1605 1794 1650 ad
1813 1602 1973 1661 finem,
2000 1605 2060 1652 ad

179 1669 414 1716 rationalis
430 1672 577 1727 partis
594 1671 810 1728 salutem,
831 1683 938 1729 quae
958 1670 1170 1715 consistit
1190 1669 1239 1713 in
1257 1669 1498 1725 sapientiae
1516 1667 1824 1711 illustratione
1846 1673 1893 1712 et
1909 1667 2062 1711 homi-

180 1740 294 1774 num
310 1731 653 1788 Justificatione,
669 1743 867 1788 quorum
889 1731 1091 1789 primum
1114 1730 1433 1787 praesupponit
1453 1728 1739 1784 secundum,
1761 1728 1887 1785 quia,
1915 1732 1969 1772 ut
1991 1727 2063 1773 di·
2141 1761 2143 1763 -

181 1790 300 1835 citur
322 1793 443 1849 (Sap.
463 1807 492 1847 1,
511 1796 554 1847 4)
573 1809 587 1837 ε
608 1797 662 1837 In
674 1793 943 1838 malevolam
955 1796 1156 1837 animam
1168 1805 1260 1836 non
1279 1791 1484 1835 introibit
1506 1792 1734 1847 sapientia
1749 1822 1762 1847 ,
1775 1802 1859 1833 nec
1876 1788 2063 1833 liabita-

180 1852 309 1896 bitin
333 1866 517 1910 corpore
538 1854 715 1898 subdito
730 1858 946 1911 peccati&
965 1853 1221 1899 Justificare
1236 1857 1392 1897 autem
1409 1851 1622 1896 homines
1643 1863 1737 1895 non
1760 1850 2063 1895 conveniebat

181 1913 269 1959 nisi
285 1914 353 1959 eis
374 1915 639 1961 volentibus
659 1918 714 1971 (Ξ)
728 1918 838 1962 :hoc
847 1916 972 1961 enim
987 1921 1110 1962 esset
1123 1921 1170 1960 et
1186 1920 1350 1960 contra
1363 1912 1810 1972 rationemjustitiae,
1831 1925 1938 1970 quae
1957 1926 2062 1959 rec-

185 1975 425 2025 titudinem
443 1977 696 2022 voluntatis
715 1978 956 2035 importat,
981 1982 1028 2021 et
1045 1977 1184 2021 etiam
1207 1982 1368 2021 contra
1380 1976 1606 2020 rationem
1629 1976 1848 2019 humanae
1865 1979 2059 2032 naturae,

181 2046 285 2092 quae
306 2036 451 2082 libero
488 2036 678 2082 arbitrio
696 2037 755 2083 ad
778 2038 953 2082 bonum
974 2038 1187 2083 ducenda
1204 2042 1291 2095 est,
1325 2048 1421 2082 non
1456 2040 1615 2081 autem
1639 2047 1723 2093 per
1757 2036 2058 2081 coactionem.

180 2097 386 2143 Christus
403 2110 515 2155 ergo
531 2099 701 2144 virtute
722 2099 881 2144 divina
898 2100 1094 2145 interius
1108 2100 1322 2144 homines
1334 2098 1622 2155 justificavit,
1639 2110 1734 2142 non
1750 2102 1904 2143 tamen
1913 2097 1982 2143 eis
1993 2097 2062 2142 in·

180 2157 287 2202 vitis
307 2172 319 2202 :
339 2171 424 2204 nec
443 2159 532 2204 hoc
552 2160 611 2205 ad
630 2160 854 2205 miracula
874 2161 1089 2218 pertinet,
1099 2160 1184 2206 sed
1193 2159 1253 2205 ad
1265 2159 1595 2204 miraculorum
1607 2158 1765 2203 finem.
1782 2161 1835 2204 Et
1851 2158 2062 2205 similiter

183 2219 322 2263 etiam
349 2221 520 2267 virtute
547 2221 706 2267 divina
736 2222 1026 2279 simplicibus
1061 2222 1303 2278 discipulis
1337 2220 1544 2266 divinam
1569 2219 1844 2276 sapientiam
1865 2220 2058 2277 infudit3

181 2281 304 2326 unde
326 2280 437 2327 dicit
453 2283 522 2328 eis
541 2286 691 2338 (Lucae
706 2298 792 2339 xxi,
809 2287 880 2339 15)
898 2299 913 2329 :
927 2288 1025 2342 qu
1035 2285 1155 2328 dabo
1165 2285 1286 2328 vobis
1301 2298 1352 2328 os
1367 2288 1411 2327 et
1430 2285 1725 2341 sapientiam,
1744 2285 1817 2326 cui
1837 2295 1926 2327 non
1940 2288 2064 2340 pote-

144 2364 146 2366 -
181 2346 290 2386 runt
306 2346 512 2388 resistere
526 2348 571 2388 et
582 2347 893 2389 contradicere
910 2359 1059 2390 omnes
1073 2347 1330 2390 adversarii
1347 2348 1487 2388 vestri
1506 2359 1521 2385 .·
1539 2344 1665 2402 quod
1685 2343 1888 2401 quidem,
1909 2357 2062 2401 quan-

181 2404 277 2448 tum
293 2404 352 2449 ad
373 2405 636 2451 interiorem
655 2406 1058 2464 illuminationem,
1080 2408 1199 2452 inter
1211 2406 1412 2451 visibilia
1424 2405 1647 2451 miracula
1660 2418 1753 2450 non
1773 2411 2060 2453 numeratur.

180 2466 264 2510 sed
278 2465 428 2511 solum
445 2471 672 2526 quantum
687 2468 749 2515 ad
760 2469 1035 2514 exteriorem
1055 2475 1233 2525 actum3
1255 2467 1531 2526 inquantum
1545 2467 1723 2513 scilicet
1737 2466 1960 2513 videbant
1969 2469 2061 2514 ho-

180 2527 349 2582 mines,
368 2540 449 2572 eos
466 2530 546 2585 qui
563 2528 751 2574 fuerant
763 2530 981 2576 illitterati
1003 2536 1049 2576 et
1069 2531 1321 2588 simpliceS,
1353 2537 1446 2574 tam
1474 2529 1709 2586 sapienter
1728 2533 1776 2573 et
1794 2533 2062 2577 constanter

181 2587 327 2644 loqui.
344 2589 470 2635 Unde
480 2590 650 2636 dicitur
662 2593 776 2646 (Act.
787 2606 846 2649 iv,
859 2596 929 2647 13)
943 2608 955 2637 ι
972 2593 1186 2637 Videntes
1198 2592 1343 2637 Judaei
1351 2594 1478 2634 Petri
1488 2593 1790 2634 constantiam
1797 2594 1842 2634 et
1854 2593 2060 2649 Ioannis,

181 2655 409 2707 comperto
424 2651 542 2708 quod
575 2654 777 2699 homines
792 2659 938 2699 essent
965 2658 1061 2698 sine
1079 2655 1260 2709 titteris,
1276 2658 1320 2698 et
1343 2655 1498 2698 idiotae
1518 2654 1594 2710 (3),
1621 2652 1987 2697 admirabantur.
2009 2655 2062 2698 Et

184 2713 340 2755 tamen
361 2710 628 2769 hujusmodi
647 2715 914 2772 spirituales
932 2715 1142 2772 effectUS,
1175 2716 1263 2761 etsi
1295 2715 1324 2759 a
1342 2714 1580 2759 miraculis
1604 2711 1863 2758 v1sibilibus
1896 2713 2060 2759 distin-

186 2775 387 2825 guantur
412 2775 487 2829 (4),
510 2779 622 2818 sunt
648 2779 805 2822 tamen
840 2776 1055 2834 quaedam
1077 2774 1339 2822 testimonia
1365 2774 1587 2820 doctrinae
1614 2779 1661 2819 et
1677 2773 1860 2819 virtutis
1875 2774 2058 2834 Christi,

186 2833 445 2877 secundum
460 2834 577 2881 illud
601 2837 750 2890 (Hebr.
769 2851 816 2895 11,
833 2842 909 2894 4)τ
933 2841 1224 2883 contestante
1253 2842 1349 2881 Deo
1366 2840 1524 2893 siqnis,
1540 2839 1584 2880 et
1598 2838 1831 2893 portentis,
1857 2839 1902 2881 et
1917 2839 2062 2882 variis

188 2895 442 2950 virtutibus,
458 2899 502 2940 et
518 2900 715 2954 Spiritus
733 2903 884 2946 sancti
895 2900 1389 2946 distributionibus.Sed
1405 2903 1562 2944 tamen
1581 2899 1704 2943 circa
1718 2899 1901 2944 animas
1916 2899 2063 2945 homi-

189 2966 319 3026 num,
343 2956 544 3002 maxime
569 2961 794 3015 quantum
814 2962 875 3009 ad
892 2963 1206 3008 immutandas
1222 2961 1463 3007 inferiores
1495 2960 1634 3016 vireS,
1671 2959 1877 3006 Christus
1905 2962 2061 3019 aliqua

186 3017 410 3062 mlracula
425 3018 552 3063 fecit.
575 3020 705 3066 Unde
717 3022 1020 3081 Hieronymus
1040 3036 1182 3081 super
1202 3023 1318 3068 illud
1333 3023 1483 3067 Matth.
1504 3035 1546 3065 ix
1563 3037 1574 3063 :
1592 3024 1788 3078 Sur-qens
1798 3026 1975 3067 secutus
1994 3027 2063 3067 est

187 3089 288 3121 eum
311 3080 410 3132 (seu
434 3092 540 3137 sup.
557 3080 673 3126 illud
695 3096 707 3126 ε
731 3085 844 3128 Cam
873 3089 1104 3142 transiret,
1124 3086 1240 3130 vidit
1266 3087 1505 3139 hominem,
1539 3087 1666 3138 etc.),
1697 3083 1835 3129 dicit:
1862 3085 2062 3141 «Fulgor

231 3194 275 3236 (l)
299 3194 420 3230 Matth.
447 3194 581 3237 quidem
607 3197 745 3232 dicens:
777 3199 900 3235 Videte,
929 3211 976 3234 ne
1000 3201 1082 3244 quis
1208 3202 1391 3242 (5)1di0tae,
1406 3201 1440 3236 id
1458 3206 1508 3236 est
1521 3201 1700 3242 simplices,
1715 3200 1827 3242 rudes,
1840 3200 2003 3243 imperiti,
2021 3212 2060 3236 ex

187 3244 292 3277 sciat.
311 3242 413 3277 Maro.
438 3246 552 3279 autem
574 3255 584 3278 z
605 3245 707 3287 Vide,
728 3250 762 3282 et
771 3248 808 3281 si
821 3247 863 3282 in
882 3247 1000 3283 vicum
1021 3249 1082 3282 in·
1166 3261 1271 3291 graeco
1288 3251 1420 3290 ἰδῐωτης.

187 3290 350 3330 troierit,
364 3292 504 3326 nemim·
519 3291 680 3328 dixeris.
1205 3298 1249 3340 (4)
1267 3298 1316 3332 Cf.
1344 3297 1434 3339 quod
1452 3301 1521 3337 jam
1542 3297 1668 3332 dictum
1698 3302 1748 3333 est
1767 3301 1866 3338 (part.
1889 3297 1917 3338 Ι,
1941 3304 2058 3337 queast-

230 3337 274 3377 ‹2›
288 3338 353 3391 Seu
367 3349 432 3372 non
449 3340 686 3382 conveniebat,
700 3341 777 3376 nisi
794 3344 827 3375 et
849 3342 925 3386 ipsi
947 3343 1080 3378 uellent
1165 3352 1222 3386 cv,
1236 3351 1300 3379 art.
1315 3346 1349 3386 7,
1362 3347 1423 3380 eti
1442 3345 1475 3388 2,
1491 3350 1606 3388 quaest.
1620 3353 1718 3387 cxnl,
1730 3349 1794 3379 art.
1808 3343 1872 3384 40).

187 3388 229 3418 ut
243 3384 305 3418 hoc
320 3384 526 3426 intelligatur
536 3387 572 3421 in
588 3387 732 3422 ablativo
746 3388 913 3423 absoluto.
