2170 3808
745 228 943 279 QUAEST.
973 227 1112 282 XXVI,
1144 227 1261 270 ΛΒΤ.
1293 227 1326 270 1.
1896 229 1975 272 219

147 310 214 356 Ad
234 312 436 367 primum
453 319 568 364 ergo
591 306 857 363 dicendum,
884 306 1010 363 quod
1033 307 1134 351 haec
1156 306 1244 351 fuit
1262 305 1379 350 ratio
1401 305 1648 363 Vigilantii,
1670 305 1806 364 qu’us
1831 307 1974 352 verba

110 372 344 417 ntroducit
364 371 669 427 Hieronymus
698 369 745 412 in
767 369 884 412 libro
899 380 1040 426 quem
1058 372 1222 413 contra
1241 380 1351 413 eum
1371 369 1532 412 scribit
1551 370 1668 425 (cap.
1691 371 1736 424 2,
1761 379 1927 424 parum
1946 368 1975 411 ὲ
2006 390 2008 393 ·

101 434 258 490 princ.)
284 431 507 477 dicentis:
528 430 707 486 «Prope
724 429 865 474 ritum
884 429 1127 487 gentilium
1141 429 1356 474 videmus
1379 429 1469 474 sub
1489 433 1715 486 praetextu
1734 429 1972 483 religionis

98 494 435 540 introductum:
458 491 772 550 pulvisculum
795 491 952 536 nescio
970 490 1111 548 quod,
1134 491 1182 534 in
1201 490 1380 535 modico
1395 491 1583 552 vasculo
1602 491 1802 548 pretioso
1815 491 1971 535 lintea-

96 556 221 602 mine
243 555 592 607 circumdatum‚
613 554 881 599 osculantes
901 553 1109 599 adorant.
1131 571 1151 592 »
1177 554 1345 597 Contra
1370 565 1512 609 quem
1534 553 1842 610 Hieronymus
1865 552 1975 598 dicit

95 618 160 670 (in
178 618 371 675 epistola
387 619 443 662 53
466 615 524 661 ad
544 615 820 672 Riparium):
850 633 870 653 «
885 617 977 659 Nos
998 627 1092 658 non
1112 613 1216 659 dico
1234 618 1499 671 martyrum
1520 614 1759 672 reliquias,
1783 614 1864 659 sed
1891 626 1975 658 nec

94 678 257 734 solem,
278 691 366 724 nec
384 679 561 733 lunam,
584 689 671 722 nec
695 677 888 732 angelos
910 676 1178 732 adoramus,
1204 675 1380 720 scilicet
1402 675 1670 720 adoratione
1690 674 1836 719 latriae
1856 690 1866 719 z
1893 675 1975 719 ho·

94 752 314 785 noramus
333 744 488 784 autem
506 739 726 795 reliquias
743 743 1019 796 martyrum,
1038 742 1092 781 ut
1112 749 1237 792 eum,
1259 736 1394 792 cujus
1412 741 1524 781 sunt
1541 742 1788 793 martyres,
1809 735 1975 781 adore-

93 814 227 847 mus:
250 802 530 847 honoramus
548 812 726 856 servos,
746 804 798 844 ut
820 799 970 843 honor
991 811 1232 843 servorum
1258 798 1486 843 redundet
1500 798 1559 842 ad
1575 797 1838 843 Dominum.
1856 815 1878 835 υ
1901 797 1972 842 Sic

93 874 206 919 ergo
219 863 491 908 honorando
509 861 728 919 reliquias
743 866 1029 916 sanctorum,
1047 873 1141 904 non
1163 859 1412 904 incidimus
1428 860 1478 903 in
1493 871 1695 904 errorem
1715 857 1971 915 gentilium,

93 925 173 982 qui
190 925 365 971 cultum
379 925 527 969 latriae
547 923 742 969 mortuis
763 923 1034 968 hominibus
1058 922 1353 967 exhibebant.

58 991 61 1011 -’
148 987 216 1032 Ad
236 987 474 1031 secundum
497 986 763 1041 dicendum,
800 986 926 1042 quod
948 997 1117 1042 corpus
1147 984 1261 1030 illud
1292 983 1566 1029 insensibile
1599 995 1693 1027 non
1725 981 1973 1027 adoramus

94 1053 282 1105 propter
290 1049 514 1106 seipsum,
534 1048 617 1093 sed
636 1053 822 1104 propter
841 1047 1061 1102 animam,
1088 1058 1193 1103 quae
1211 1045 1355 1091 fuitei
1374 1045 1520 1099 unita,
1535 1057 1642 1103 quae
1661 1056 1788 1089 nunc
1806 1043 1973 1087 fruitur

92 1110 206 1162 Deo;
225 1115 272 1155 et
291 1115 477 1167 propter
498 1113 658 1165 Deum,
675 1109 814 1166 euius
830 1110 1021 1154 fuerunt
1038 1108 1255 1152 ministri.

148 1171 215 1216 Ad
246 1175 429 1216 tertium
453 1171 718 1225 dicendum,
752 1171 878 1227 quod
910 1182 1079 1226 eorpus
1111 1174 1346 1214 mortuum
1375 1168 1571 1225 aliqu'us
1594 1166 1741 1212 sancti
1776 1178 1870 1209 11011
1902 1170 1973 1210 031

93 1231 215 1277 idem
236 1245 430 1278 numero
450 1233 575 1290 quod
590 1232 739 1290 primo
763 1233 865 1285 fuit,
888 1232 1002 1276 dum
1023 1231 1215 1287 viveret,
1241 1234 1430 1288 propter
1461 1229 1773 1275 diversitatem
1794 1227 1969 1283 formae,

92 1306 198 1350 quae
220 1299 292 1340 est
309 1295 486 1350 anima3
510 1299 581 1341 est
616 1299 771 1339 tamen
796 1294 922 1338 idem
944 1293 1186 1338 identitate
1206 1293 1432 1348 materiae‚
1456 1304 1561 1349 quae
1589 1296 1662 1336 est
1682 1291 1848 1335 iterum
1873 1301 1972 1334 suae

93 1355 251 1401 ἴοι-111110
268 1356 482 1402 unienda*
494 1357 570 1412 (1),

763 1482 1070 1547 QUAESTIO
1105 1481 1294 1536 XXVI.

142 1593 205 1630 DE
235 1593 298 1629 Eo
330 1593 455 1637 QUOD
485 1594 714 1631 CHRISTUS
744 1595 987 1630 MEDIATOR
1018 1595 1097 1629 DEI
1127 1594 1190 1629 ET
1224 1593 1444 1628 HOMIN'UM
1477 1591 1690 1639 DICITUR,
1728 1591 1774 1625 ΙΝ
1807 1590 1926 1624 DUOS

800 1656 1059 1692 ARTICULOS
1084 1656 1253 1692 DIVISA.

142 1744 294 1785 Deinde
307 1745 646 1786 considerandum
659 1749 719 1787 est
735 1745 785 1787 de
796 1746 871 1786 hoc
885 1745 997 1797 quod
1011 1744 1163 1785 dicitur
1175 1744 1362 1786 Christus
1375 1742 1448 1783 Dei
1462 1746 1503 1782 et
1518 1741 1737 1782 hominum
1754 1739 1967 1790 mediator,

97 1801 136 1838 et
151 1797 256 1838 circa
280 1798 355 1838 hoc
372 1803 614 1850 quaeruntur
633 1800 742 1841 duo:
771 1805 807 1839 1⁰
833 1801 979 1840 Utrum
996 1811 1082 1839 esse
1102 1798 1367 1839 mediatorem
1388 1798 1460 1837 Dei
1485 1799 1527 1836 et
1552 1797 1787 1843 hommum,
1803 1794 1857 1834 sit
1880 1805 1973 1845 pro-

96 1851 233 1905 prium
254 1853 427 1894 christo.
450 1876 496 1883 —
513 1861 551 1893 2⁰
572 1854 722 1895 Utrum
739 1853 814 1895 hoe
828 1855 1045 1895 conveniat
1061 1854 1099 1894 ei
1113 1853 1340 1895 secundum
1355 1853 1585 1893 humanam
1602 1854 1808 1890 naturam.

150 1917 488 1959 ARTICULUS
508 1918 548 1960 1.
567 1939 622 1949 —
638 1930 774 1960 uranu
803 1929 902 1960 esse
930 1929 1197 1960 MEmATonEM
1225 1929 1295 1959 nm
1323 1929 1375 1959 m·
1402 1928 1590 1959 1101111101(
1617 1927 1682 1958 311·
1710 1925 1915 1955 rnopmmu

889 1990 1068 2021 cums'ro
1094 1980 1170 2031 (2).

96 2043 146 2079 ne
155 2043 210 2079 his
219 2046 324 2080 etiem
338 2045 430 2080 Sent.
441 2054 496 2086 111,
505 2044 584 2080 dist.
595 2046 723 2087 49,111·1.
734 2047 766 2087 5,
779 2050 895 2088 quaest.
911 2054 962 2126 Ιιῖ,
977 2049 1011 2128 ett
1025 2047 1147 2127 (gygeo.
1159 2054 1212 2086 ιιι,
1224 2057 1298 2087 cap.
1309 2045 1365 2086 22.
1379 2048 1415 2081 et
1430 2045 1553 2086 Opuse.
1565 2052 1621 2084 Lx,
1638 2054 1710 2084 cap.
1724 2043 1775 2083 18,
1791 2046 1825 2076 01
1834 2042 1907 2078 Gal.
1917 2051 1972 2084 111,

953 2105 989 2128 ec
1011 2120 1019 2127 .
1098 2105 1132 2127 n.

149 2144 214 2190 Ad
247 2145 452 2201 primum·
477 2145 545 2190 ,sic
576 2146 852 2202 proceditur.
883 2150 925 2191 1.
956 2147 1141 2192 Videtur
1172 2146 1298 2203 quod
1335 2158 1441 2192 esse
1476 2145 1777 2191 mediatorem
1811 2143 1890 2188 Dei
1930 2149 1974 2188 et

95 2205 334 2251 hominum
358 2218 451 2251 non
475 2206 535 2250 sit
555 2207 794 2263 proprium
821 2207 1017 2252 Christo.
1043 2208 1167 2252 Sicut
1186 2208 1310 2252 enim
1333 2208 1566 2263 sacerdos,
1600 2208 1663 2251 ita
1685 2210 1731 2250 et
1751 2203 1973 2261 propheta

96 2267 278 2312 videtur
288 2280 393 2312 esse
405 2267 627 2313 mediator
641 2268 761 2313 inter
774 2272 916 2313 Deum
933 2274 980 2314 et
993 2269 1221 2325 homines,
1239 2270 1496 2315 secundum
1509 2269 1620 2314 illud
1632 2270 1829 2322 (Denter,
1842 2280 1886 2321 v,
1902 2269 1944 2320 5)
1959 2280 1970 2308 :

95 2332 190 2385 qu
214 2329 297 2372 illo
327 2334 523 2386 tempore
547 2332 606 2384 (3)
628 2335 855 2386 sequester
873 2334 960 2390 sui,
987 2336 1031 2375 et
1051 2332 1223 2375 medius
1251 2335 1370 2375 inter
1388 2336 1533 2375 Deum
1556 2335 1598 2375 et
1626 2344 1719 2374 vos.
1753 2329 1837 2374 Sed
1870 2341 1972 2374 esse

97 2391 368 2447 prophetam
389 2396 437 2437 et
453 2392 740 2438 sacerdotem
762 2406 857 2438 non
875 2398 947 2438 est
964 2393 1202 2450 proprium
1221 2394 1416 2438 Christo.
1439 2395 1558 2449 Ergo
1573 2405 1660 2437 nec
1681 2404 1785 2437 esse
1798 2391 1970 2436 media-

98 2456 259 2497 torem.

150 2516 194 2559 2.
225 2516 464 2573 Praeterea,
483 2515 597 2561 illud
616 2516 741 2574 quod
754 2516 973 2562 convenit
994 2516 1174 2572 angelis
1194 2516 1330 2561 bonis
1348 2521 1393 2561 et
1420 2516 1571 2572 malis,
1597 2528 1691 2559 non
1713 2518 1864 2572 potest
1885 2513 1973 2558 diei

97 2587 201 2621 esse
222 2576 458 2633 proprium
480 2578 676 2623 Christo.
709 2579 797 2623 Sed
824 2591 928 2623 esse
954 2579 1160 2624 medium
1180 2578 1300 2623 inter
1324 2582 1467 2623 Deum
1493 2582 1540 2623 et
1571 2577 1783 2622 homines
1801 2587 1974 2620 conve-

97 2635 166 2682 nit
186 2638 367 2694 angelis
396 2638 551 2693 home,
587 2644 641 2685 ut
671 2640 917 2697 Dionysius
946 2641 1055 2685 dicit
1086 2644 1164 2694 (De
1192 2640 1336 2686 divin.
1374 2651 1500 2684 nom.
1531 2651 1635 2695 cap.
1665 2642 1717 2695 4,
1751 2650 1916 2695 parum
1945 2637 1972 2681 a

97 2698 243 2756 princ.
267 2700 371 2745 lect.
392 2703 456 2757 1);
475 2702 694 2746 convenit
721 2702 861 2747 etiam
879 2703 1058 2759 angelis
1094 2702 1256 2757 malis,
1273 2702 1321 2747 id
1352 2706 1441 2756 031,
1465 2700 1781 2754 daemonibus3
1801 2699 1974 2743 habent

98 2759 222 2804 enim
241 2761 452 2817 quaedam
471 2764 736 2807 eommunia
754 2775 862 2808 cum
881 2766 989 2818 Deo,
1008 2763 1185 2808 scilicet
1198 2762 1614 2818 immortalitatem3
1635 2761 1849 2818 quaedam
1867 2771 1972 2804 cum

98 2819 377 2878 hominihus,
390 2823 566 2869 scilicet
585 2824 706 2881 quod
730 2829 843 2870 sunt
861 2825 1017 2869 animo
1037 2825 1225 2881 passivi,
1250 2830 1298 2869 et
1314 2836 1398 2880 per
1415 2835 1711 2880 consequens
1730 2821 1901 2876 miseri,
1924 2824 1975 2866 ut

99 2885 318 2938 patetper
334 2885 641 2940 Augustinum
661 2888 739 2941 (De
754 2887 844 2931 civ,
865 2886 959 2943 Dei,
980 2886 1061 2930 lib.
1081 2900 1135 2944 11,
1150 2898 1253 2942 cap.
1264 2889 1310 2940 8.,
1327 2888 1382 2930 13
1393 2888 1538 2939 0115).
1556 2888 1674 2940 Ergo
1690 2896 1794 2928 esse
1806 2882 1973 2927 media·

99 2946 245 2987 torem
260 2943 338 2987 Dei
357 2949 403 2988 et
424 2945 660 2991 hominum
682 2960 779 2992 non
794 2952 868 2992 est
880 2947 1118 3004 proprium
1134 2947 1329 2991 Christo.

154 3006 196 3049 3.
221 3007 460 3062 Praeterea,
480 3006 540 3050 ad
571 3007 773 3052 officium
808 3009 1078 3054 mediatoris
1106 3009 1307 3065 pertinet
1327 3007 1623 3065 interpellare
1647 3006 1706 3052 ad
1725 3017 1874 3051 unum
1896 3017 1974 3050 eo-

99 3078 204 3111 rum
219 3066 339 3111 inter
360 3079 478 3123 quos
494 3071 568 3111 est
585 3069 822 3126 mediator,
839 3083 923 3127 pro
943 3071 1102 3115 altero.
1121 3070 1210 3115 Sed
1227 3073 1423 3126 Spiritus
1445 3073 1640 3125 sanctus,
1666 3068 1787 3113 sicut
1809 3067 1974 3113 dicitur

139 3203 181 3246 (1)
197 3204 244 3238 Ex
267 3202 424 3238 Patribus
445 3203 494 3238 De
508 3203 601 3238 cult·
624 3203 847 3245 reliquiarum
861 3206 993 3247 legatur
1118 3207 1163 3248 (2)
1181 3207 1231 3241 De
1247 3205 1313 3240 fide
1329 3209 1379 3240 est
1393 3205 1566 3240 Christum
1585 3217 1654 3239 esse
1678 3204 1898 3240 mediatorem
1916 3202 1973 3237 Dei

100 3251 138 3287 S.
164 3251 389 3292 Hieronymus
414 3258 532 3287 contre
561 3252 804 3293 vigilantium.
838 3254 992 3289 Ambros.
1078 3257 1110 3288 et
1124 3250 1972 3294 hominummtpatetexScripturis(1.'1‘im.1135),

97 3298 204 3340 (hom.
231 3299 285 3339 74,
311 3299 376 3340 92),
403 3300 502 3340 Grog.
528 3299 683 3334 NazianZ.
713 3298 808 3339 (orat.
833 3300 878 3341 2),
893 3300 993 3336 Basil.
1119 3301 1162 3342 (5)
1185 3300 1311 3340 Nempe
1331 3299 1389 3334 illo
1424 3303 1574 3341 tempore
1600 3312 1664 3341 quo
1691 3300 1732 3334 de
1755 3298 1866 3334 medio
1887 3296 1974 3336 ignis

99 3349 212 3388 (supra
231 3346 317 3380 Psal.
335 3353 400 3388 cv),
416 3348 551 3386 August.
578 3349 692 3388 (serm.
714 3355 741 3380 11
767 3348 814 3381 De
839 3348 994 3390 sanclis),
1082 3347 1168 3382 Deus
1198 3348 1234 3381 in
1259 3352 1373 3382 monte
1403 3347 1605 3389 loquebatur
1646 3347 1687 3381 ad
1713 3347 1821 3387 legem
1851 3342 1974 3379 Judaeiu

100 3394 252 3428 Damaso.
283 3394 354 3434 (lib.
380 3403 414 3428 1v
447 3396 496 3429 De
524 3394 603 3437 fide,
626 3406 697 3436 cap.
731 3394 796 3435 42),
828 3395 994 3436 Chrysost.
1080 3396 1275 3430 interventu
1313 3395 1437 3437 Moysis
1478 3394 1620 3430 dandam
1638 3419 1649 3436 ,
1682 3398 1721 3429 ut
1751 3390 1971 3435 praemittitur

100 3440 202 3482 (hom.
216 3441 258 3476 85
272 3441 309 3475 in
321 3441 443 3483 Joan.)‚
460 3446 523 3476 ete.
1081 3445 1179 3482 (vers,
1194 3443 1237 3485 4).
