2170 3808
699 216 901 269 QuAEsr.
937 215 1038 270 ΠΧ,
1069 215 1189 258 Anr.
1218 214 1287 258 vl.
1847 210 1933 254 499

55 317 161 352 cum
181 302 361 349 Christo
374 297 640 359 judicaturi,
665 297 923 343 secundum
946 296 1060 341 illud
1080 295 1247 350 (Matth.
1273 308 1343 348 xx,
1362 295 1458 350 31):‘
1479 294 1771 338 Cicmvenerit
1781 290 1932 335 Filius

54 369 247 414 hominis
263 368 310 410 in
323 364 561 420 mqiestate
577 374 677 417 sua,
694 363 737 404 et
754 372 903 403 omnes
919 359 1069 416 anqeli
1086 371 1187 402 cum
1206 371 1271 403 eo.
1292 360 1411 413 Ergo
1427 356 1609 402 videtur
1626 353 1751 413 quod
1773 352 1930 410 angeli·

54 441 147 474 non
167 427 262 473 sint
274 424 515 484 iudicandi
536 423 564 468 a
583 421 778 468 Christo.

26 532 27 538 ,
108 492 152 535 3.
180 491 420 541 Praeterea,
445 484 598 542 angeli
620 488 731 528 sunt
759 485 1021 542 superiores
1045 480 1148 526 aliis
1168 479 1408 525 creaturis.
1436 479 1480 524 Si
1501 491 1614 535 ergo
1635 477 1841 523 Christus
1858 481 1929 522 est

27 550 29 555 ⁴
53 549 193 608 judex
215 562 310 594 non
332 548 483 594 solum
509 545 766 602 hominum,
785 546 868 591 sed
890 545 1028 591 etiam
1049 541 1338 599 angelorum,
1362 540 1462 598 pari
1482 540 1660 585 ratione
1685 539 1770 584 erit
1782 538 1928 596 judex

54 612 261 657 omnium
282 614 622 664 creaturarum;
652 607 778 664 quod
802 607 985 653 videtur
1013 616 1116 650 esse
1141 603 1326 658 falsum,
1357 603 1465 647 cum
1492 602 1580 646 hoc
1604 601 1664 646 sit
1690 601 1930 658 proprium

54 673 352 731 providentiae
370 671 449 717 Dei
467 685 480 716 ε
500 669 627 715 unde
643 669 812 714 dicitur
833 668 951 725 (soh,
981 679 1125 723 xxxiv,
1148 667 1219 721 13)
1238 678 1250 710 z
1273 668 1413 722 Quem
1434 666 1665 707 constituit
1691 663 1834 706 alium
1855 676 1930 707 su-

51 749 135 794 per
155 741 344 792 terram,
373 738 457 778 aut
479 746 613 790 quem
632 735 782 789 posuit
816 745 950 790 super
976 731 1125 775 orbem
1157 741 1285 786 quem
1314 728 1566 784 fabricatus
1585 726 1681 770 est?
1700 728 1798 770 Non
1819 738 1935 782 ergo

56 796 259 844 Christus
276 801 348 842 est
359 795 506 854 judex
519 794 808 852 angelorum.

109 859 196 905 Sed
210 861 369 903 contra
401 861 473 902 est
492 855 618 914 quod
636 855 881 913 Apostolus
911 853 1021 899 dicit
1043 854 1092 908 (1.
1115 854 1217 898 Cor.
1242 865 1301 907 vl,
1320 852 1362 906 3)
1382 865 1393 893 :
1421 854 1495 894 An
1520 851 1696 893 nescitis
1720 851 1930 904 quoniam

54 920 235 978 anyelos
250 918 598 978 judicabimus?
627 917 714 963 Sed
747 916 897 963 sancti
926 928 1018 960 non
1047 914 1326 972 jndicabunt
1343 911 1434 958 nisi
1461 911 1731 957 auctoritate
1750 910 1928 955 Christi.

53 983 171 1039 Ergo
188 982 333 1028 multo
355 981 504 1037 magis
524 981 733 1026 Christus
757 979 898 1024 habet
910 976 1204 1035 judiciariam
1223 978 1500 1033 potestatem
1520 984 1660 1030 super
1677 971 1885 1028 angeloS.

101 1049 384 1091 CONCLUSIO.
408 1071 453 1079 -
477 1049 581 1089 Cilm
602 1059 672 1099 per
688 1046 888 1099 passionis
907 1044 1188 1086 humilitatem
1205 1044 1389 1084 humana
1407 1045 1554 1082 natura
1568 1046 1613 1082 in
1630 1040 1789 1081 Christo
1810 1051 1933 1092 super

53 1101 215 1154 angelos
241 1102 410 1143 exaltari
434 1102 647 1151 meruerit,
665 1100 927 1154 perspicuum
943 1104 1003 1139 est
1023 1098 1250 1151 Judiciariae
1273 1097 1423 1137 Christi
1446 1096 1633 1148 potestati
1657 1095 1821 1145 angelos
1844 1098 1927 1134 tam

52 1156 180 1198 bonos
204 1155 329 1210 quam
357 1158 489 1198 malos
511 1157 711 1209 subjectos
731 1166 830 1205 esse,
850 1166 932 1195 non
952 1153 1075 1194 modo
1094 1153 1249 1193 ratione
1266 1152 1438 1201 divinae,
1457 1151 1603 1191 verum
1631 1151 1756 1190 etiam
1776 1150 1929 1191 ratione

53 1211 246 1253 humanae
264 1216 435 1253 naturae.

107 1274 376 1332 Respondeo
409 1272 656 1320 dicendum
676 1270 800 1328 quod
823 1269 977 1326 angeli
996 1268 1198 1314 subsunt
1217 1267 1476 1325 Judiciariae
1504 1266 1716 1324 potestati
1749 1266 1927 1324 Christi,

52 1347 144 1379 non
175 1335 326 1380 solum
359 1334 587 1393 quantum
613 1332 674 1378 ad
699 1331 903 1377 divinam
931 1335 1173 1388 naturam,
1204 1334 1344 1388 prout
1374 1333 1445 1375 est
1475 1329 1674 1374 Verbum
1706 1329 1816 1385 Dei,
1846 1329 1930 1374 sed

51 1395 189 1441 etiam
217 1396 393 1442 ratione
421 1396 637 1441 humanae
665 1398 860 1440 naturae.
891 1392 1022 1447 Quod
1040 1396 1168 1450 patet
1196 1391 1426 1437 extribus
1450 1404 1463 1435 ε
1483 1391 1631 1447 primo
1660 1389 1848 1447 quidem
1872 1403 1931 1435 ex

51 1457 391 1516 propinquitate
411 1462 589 1503 naturae
611 1460 862 1512 assumptae
886 1455 947 1500 ad
971 1457 1141 1510 Deum3
1172 1454 1299 1512 quia,
1328 1459 1382 1498 ut
1407 1453 1574 1499 dicitur
1593 1452 1744 1507 (Hebr.
1774 1466 1820 1511 n,
1843 1455 1928 1508 16),

50 1520 272 1576 nusquc'zm
307 1519 489 1577 angelos
528 1518 849 1576 apprehendit,
877 1517 958 1562 sed
989 1530 1136 1561 semen
1169 1517 1368 1562 Abrahae
1407 1516 1724 1573 apprehendit.
1754 1516 1808 1559 Et
1827 1514 1931 1560 ideo

52 1581 205 1625 anima
221 1581 382 1626 Christi
405 1580 554 1638 magis
567 1586 638 1625 est
648 1580 823 1637 repleta
838 1579 1009 1624 virtute
1019 1578 1153 1623 Verbi
1171 1578 1263 1635 Dei,
1286 1579 1426 1635 quam
1448 1577 1615 1635 aliquis
1630 1577 1900 1634 angelorum
1917 1591 1928 1620 :

51 1642 177 1687 unde
196 1647 242 1687 et
258 1642 450 1700 angelos
470 1642 717 1700 illuminat,
742 1641 863 1687 sicut
883 1641 1131 1698 Dionysius
1150 1640 1260 1686 dicit
1281 1640 1476 1696 (coelest.
1500 1639 1726 1684 hierarch.
1754 1652 1854 1697 cap.
1886 1643 1933 1696 7,

52 1701 80 1747 a
100 1702 272 1761 med.)‚
294 1704 421 1750 unde
450 1708 496 1749 et
530 1703 588 1750 de
616 1703 685 1749 eis
715 1703 855 1749 habet
880 1703 1108 1760 Judicare.
1139 1702 1348 1748 Secundo
1374 1702 1483 1760 quia
1510 1714 1595 1760 per
1623 1701 1931 1747 humilitatem

50 1764 282 1821 passionis
299 1765 502 1810 humana
524 1769 689 1810 natura
712 1765 761 1809 in
784 1765 959 1809 Christo
981 1763 1149 1808 meruit
1167 1764 1358 1809 exaltari
1373 1776 1514 1821 super
1535 1764 1755 1819 angelos:
1778 1763 1844 1809 ita
1861 1769 1931 1822 ut,

50 1825 171 1872 sicut
190 1826 358 1872 dicitur
377 1826 587 1884 (Philipp.
618 1840 664 1884 11,
689 1829 771 1883 10),
796 1831 846 1870 in
867 1830 1043 1871 nomine
1072 1830 1175 1870 Iesu
1208 1839 1335 1870 omne
1361 1839 1477 1883 qenu
1507 1828 1741 1884 flectatur,
1774 1828 1930 1872 coeles·

51 1888 178 1945 tium,
195 1890 475 1932 terrestrium
492 1891 536 1932 et
550 1891 850 1944 infernorum.
870 1890 923 1933 Et
940 1887 1041 1933 ideo
1052 1888 1257 1933 Christus
1270 1887 1409 1933 habet
1418 1887 1708 1944 ,iudiciariam
1728 1892 1931 1945 potesta-

50 1950 142 1994 tem
161 1948 300 1995 etiam
317 1962 459 2008 super
474 1962 638 1996 omnes
659 1949 851 2008 angelos
873 1956 921 1995 et
948 1948 1099 1995 bonos
1118 1955 1164 1995 et
1188 1949 1360 2006 malos3
1384 1949 1432 1994 in
1452 1950 1587 2007 cujus
1606 1949 1794 2007 signum
1819 1950 1933 1996 dici-

50 2012 128 2055 tur
152 2011 305 2067 (Apoc.
329 2024 402 2068 vn,
437 2013 520 2069 11),
557 2011 681 2068 quod
709 2024 860 2055 omnes
888 2011 1043 2069 anqeii
1072 2011 1256 2055 stabant
1284 2014 1334 2055 in
1358 2014 1552 2055 circuitu
1584 2010 1752 2056 throni.
1785 2012 1931 2057 Tertio

51 2071 228 2118 ratione
257 2084 417 2119 eorum
455 2086 560 2131 quae
588 2073 710 2119 circa
739 2073 949 2119 homines
980 2078 1245 2130 operantur,
1276 2085 1474 2130 quorum
1508 2072 1713 2118 Christus
1743 2074 1930 2130 speciali

51 2132 251 2189 quodam
267 2133 406 2179 modo
427 2139 499 2180 est
516 2140 671 2192 caput.
696 2135 825 2180 Unde
846 2134 1014 2179 dicitur
1031 2135 1180 2189 (Hebr.
1208 2149 1238 2192 ι,
1259 2135 1330 2191 14)
1353 2150 1367 2179 z
1398 2137 1560 2178 Omnes
1578 2138 1685 2178 suni
1706 2135 1929 2180 adminis-

51 2197 237 2239 tratorii
255 2199 458 2253 spiritus,
480 2199 528 2241 in
553 2200 850 2242 ministerium
867 2199 992 2240 missi
1008 2200 1197 2253 propter
1228 2210 1300 2241 eos
1320 2198 1399 2252 qui
1418 2196 1730 2241 haereditatem
1746 2200 1934 2254 capiunt

52 2257 233 2303 salutis,
253 2258 459 2302 Subsunt
481 2262 636 2304 autem
656 2258 830 2316 ,iudicio
856 2257 1017 2302 Christi
1033 2270 1126 2302 uno
1143 2258 1332 2315 quidem
1355 2258 1494 2303 modo
1512 2261 1738 2316 quantum
1756 2258 1816 2304 ad
1832 2259 1931 2306 dis-

52 2318 370 2373 pensationem
389 2331 551 2364 eorum
581 2332 687 2377 quae
715 2332 798 2377 per
816 2319 944 2376 ipsos
965 2323 1193 2376 aguntur,
1228 2331 1333 2377 quae
1357 2320 1546 2377 quidem
1579 2320 1863 2377 dispensatio
1879 2323 1930 2369 fit

51 2378 190 2424 etiam
203 2392 287 2437 per
297 2380 532 2427 hominem
550 2381 797 2438 Christum,
817 2381 894 2426 cui
914 2381 1066 2438 angeli
1075 2380 1657 2439 ministrabant‚utdicitur
1670 2384 1841 2436 (Matth.
1855 2387 1926 2443 ιν),

51 2446 97 2485 et
111 2441 140 2485 a
157 2454 252 2499 quo
273 2442 511 2490 daemones
527 2443 747 2501 petebant
762 2444 872 2489 utin
891 2455 1056 2500 porcos
1067 2442 1375 2501 mitterentur,
1395 2448 1446 2489 ut
1459 2444 1628 2490 dicitur
1637 2445 1806 2499 (Matth.
1822 2451 1926 2503 vin).

52 2503 262 2551 Secundo
280 2505 507 2562 quantum
529 2505 590 2551 ad
618 2505 708 2550 alia
730 2504 1029 2550 accidentalia
1056 2505 1246 2562 praemia
1261 2505 1493 2551 bonorum
1515 2507 1803 2565 angelorum,
1823 2521 1929 2566 quae

51 2569 161 2609 sunt
184 2565 354 2623 gaudia
372 2578 476 2624 quae
493 2566 667 2613 habent
684 2567 743 2613 de
758 2567 906 2612 salute
929 2566 1184 2624 hominum,
1201 2568 1461 2613 secundum
1475 2568 1590 2614 illud
1607 2571 1731 2621 (Luc.
1747 2583 1817 2627 xv,
1837 2573 1926 2627 10):

52 2626 281 2671 Gaudium
302 2629 391 2671 erit
406 2641 559 2672 coram
582 2628 754 2686 anqelis
774 2629 855 2673 Dei
878 2642 1016 2686 super
1042 2642 1131 2673 uno
1150 2633 1392 2686 peccatore
1409 2633 1724 2686 paenitentiam
1746 2635 1927 2688 aperite,-

52 2691 98 2731 et
125 2687 264 2732 etiam
286 2692 514 2745 quantum
537 2690 595 2735 ad
620 2702 783 2748 poenas
816 2690 1127 2735 accidentales
1155 2690 1435 2747 daemonum,
1458 2691 1630 2747 quibus
1654 2696 1928 2749 torquentur

50 2747 126 2793 vel
153 2748 243 2806 hic,
275 2749 351 2794 vel
381 2751 686 2797 recluduntur
719 2752 768 2798 in
801 2752 1008 2808 infern03
1044 2756 1090 2798 et
1112 2753 1200 2797 hoc
1218 2753 1355 2797 etiam
1386 2753 1587 2809 pertinet
1606 2752 1666 2797 ad
1691 2753 1927 2800 hominem

49 2808 294 2874 ¹Christum.
321 2811 450 2856 Unde
475 2813 623 2867 (Marc.
647 2814 760 2869 mv)
783 2812 952 2858 dicitur
970 2812 1095 2870 qued
1114 2813 1295 2859 daemon
1314 2813 1528 2858 clamavit
1548 2826 1561 2858 ι
1584 2816 1705 2871 Quid
1732 2815 1855 2860 nobis
1883 2820 1927 2860 et

53 2869 146 2927 tibi,
175 2873 280 2915 Jesu
310 2872 581 2917 Nazarene?
599 2875 764 2918 venisti
784 2878 890 2919 ante
917 2879 1087 2931 tempus
1107 2875 1167 2929 (1)
1182 2874 1374 2932 perdere
1397 2874 1509 2918 nos?
1529 2874 1677 2920 Tertid
1700 2877 1926 2934 quantum

53 2931 111 2977 ad
133 2931 373 2989 praemium
392 2934 633 2981 essentiale
653 2934 882 2981 bonorum
912 2936 1202 2994 angelorum,
1225 2936 1351 2993 quod
1375 2941 1447 2981 est
1472 2936 1707 2982 beatitudo
1735 2942 1924 2995 aeterna,

52 2998 98 3039 et
111 2995 338 3051 quantum
353 2995 412 3041 ad
429 3008 617 3053 poenam
630 2997 920 3044 essentialem
940 2998 1211 3055 angelorum
1225 2998 1470 3055 malorum,
1491 3011 1594 3056 quae
1609 3004 1680 3044 est
1693 3000 1928 3046 damnatio

53 3059 242 3102 aeterna.
268 3057 355 3102 Sed
384 3057 472 3103 hoc
489 3058 664 3104 factum
683 3064 753 3104 est
771 3072 855 3117 per
879 3061 1126 3115 Christum,
1152 3059 1430 3117 inquantum
1449 3066 1521 3106 est
1550 3062 1749 3107 Verbum
1780 3063 1875 3120 Dei,
1899 3064 1925 3108 a

51 3116 277 3176 principio
297 3119 476 3164 mundi.
1755 3123 1758 3129 '

104 3180 171 3225 Ad
185 3183 386 3237 primum
410 3193 519 3238 ergo
538 3182 802 3239 dicendum,
824 3183 947 3239 qued
971 3184 1087 3228 rat10
1109 3183 1188 3228 illa
1205 3183 1412 3241 procedit
1430 3184 1488 3230 de
1500 3184 1675 3242 judicio
1699 3190 1924 3244 quantum

52 3240 111 3285 ad
130 3241 372 3298 praemium
388 3243 631 3288 essentiale
651 3249 697 3288 et
717 3256 906 3301 poenam
927 3244 1248 3302 principalem.

105 3303 172 3348 Ad
194 3306 434 3348 secundum
465 3305 728 3359 dicendum,
759 3306 902 3363 quod..
939 3306 1060 3351 sicut
1094 3307 1202 3351 dicit
1233 3307 1519 3362 Augustinus
1539 3308 1602 3364 (in
1630 3309 1709 3354 lib.
1730 3313 1793 3354 De
1816 3320 1923 3352 vera

93 3439 138 3483 U)
153 3440 192 3475 In
211 3441 366 3484 Vulgata,
389 3442 481 3478 deest
498 3445 581 3479 ante
599 3448 752 3488 tempus.
