2170 3808
576 125 606 161 l

628 242 820 294 QUAEST.
859 240 971 293 XIII,
1009 241 1127 283 ART.
1159 241 1194 282 11
1222 240 1286 282 ET
1312 241 1380 282 111.
1863 239 1946 282 123

62 331 298 371 creaturas
319 326 366 370 in
386 324 582 369 nihilum
609 322 846 378 redigere3
878 321 956 377 qui
981 321 1117 365 etiam
1141 320 1270 364 solus
1290 332 1370 365 eas
1395 320 1442 363 in
1469 332 1572 364 esse
1595 324 1858 373 conservat,
1883 331 1942 363 ne

63 387 110 432 ii
135 388 330 432 nihilum
352 385 583 431 decidant.
606 383 678 427 Sic
700 396 811 439 ergo
831 382 1080 427 dicendum
1100 386 1171 426 est
1189 381 1312 438 quod
1333 381 1487 425 anima
1508 381 1671 425 Christi
1692 392 1785 423 non
1808 379 1947 424 habet

63 448 442 506 (mnipotentiam
466 451 678 502 respectu
702 444 1037 489 immutationis
1058 447 1393 487 creaturarum.

117 511 182 556 Ad
214 514 411 567 primum
441 521 552 565 ergo
585 506 862 562 dicendum,
894 505 1044 563 qued,
1067 504 1188 549 sicut
1205 503 1513 560 Hieronymus
1551 503 1662 548 dicit
1696 505 1816 561 (sup.
1856 503 1943 549 loc.

64 573 216 617 Matth.
249 572 325 617 cit.
359 571 406 615 in
443 571 574 626 arg),
599 586 617 605 «ι
639 568 701 611 illi
725 573 928 625 potestas
950 566 1058 610 data
1079 570 1150 610 est
1168 565 1246 622 qui
1271 564 1408 622 paulo
1435 571 1539 608 ante
1566 564 1840 618 crucifixus,
1867 565 1946 621 qui

65 635 274 690 sepultus
305 633 352 677 in
387 631 590 685 tumulo,
624 630 702 685 qui
739 636 897 686 postea
932 626 1204 681 resurrexit,
1222 644 1243 664 η
1268 625 1314 670 id
1337 630 1436 681 est,
1461 625 1636 669 Christo
1652 658 1664 680 ,
1688 626 1948 671 secundum

67 695 189 751 quod
214 695 365 738 homo.
389 693 561 738 Dicitur
588 697 743 735 autem
773 690 837 734 illi
865 688 1019 733 omnis
1050 692 1254 744 potestas
1283 686 1407 742 data,
1431 686 1610 730 ratione
1640 687 1842 740 unionis,
1867 700 1949 744 per

66 768 207 813 quam
238 756 405 800 factum
429 759 502 799 est
532 758 584 797 ut
615 753 754 797 homo
787 756 911 797 esset
945 751 1256 806 omnipotens,
1286 753 1338 793 ut
1365 760 1509 805 supra
1541 747 1715 792 dictum
1751 754 1822 793 est
1842 752 1944 801 (art.

66 829 203 874 praec.
227 817 286 862 ad
306 821 366 870 1).
386 819 440 860 Et
462 815 675 873 quamvis
701 815 788 858 hoc
807 819 915 858 ante
939 811 1324 856 resurrectionem
1345 808 1595 854 innotuerit
1617 810 1812 865 angelis,
1843 815 1949 866 post

66 878 445 923 resurrectionem
466 882 621 922 tamen
650 876 850 920 innotuit
863 872 1082 919 omnibus
1097 873 1380 928 hominibu8,
1397 876 1449 916 ut
1463 870 1698 926 Remigius
1716 871 1826 915 dicit
1847 871 1948 924 (ha-

67 939 201 984 betur
232 940 279 983 in
299 941 393 984 Cat.
415 951 514 983 aur.
532 938 628 983 divi
646 938 862 989 Thomae).
894 938 1022 980 Tunc
1036 939 1190 979 autem
1210 934 1427 978 dicuntur
1446 945 1521 977 res
1540 933 1637 977 fieri
1661 933 1846 990 quando
1873 933 1948 976 in-

67 1005 326 1046 notescunt.
356 1002 408 1044 Et
441 1000 542 1045 ideo
572 1004 675 1056 post
693 997 1076 1043 resurrectionem
1105 995 1216 1041 dicit
1228 994 1450 1040 Dominus
1472 993 1561 1038 sibi
1584 994 1739 1039 datam
1761 1006 1945 1038 omnem

66 1067 336 1120 potestatem
359 1061 408 1106 in
431 1061 551 1106 coelo
572 1066 619 1105 et
640 1060 686 1104 in
714 1065 847 1104 terra.

120 1125 184 1170 Ad
215 1125 459 1168 secundum
477 1123 724 1168 dicendum
738 1155 750 1177 ,
767 1121 893 1179 qued
909 1120 1018 1165 licet
1035 1119 1188 1164 omnis
1210 1123 1421 1163 creatura
1443 1118 1502 1162 sit
1526 1117 1762 1162 mutabilis
1781 1118 1840 1161 ab
1859 1117 1946 1166 alia

68 1192 291 1240 creatura,
327 1191 495 1244 praeter
528 1196 799 1242 supremum
837 1183 1085 1240 angelum,
1115 1182 1195 1240 qui
1233 1186 1388 1226 tamen
1422 1185 1573 1238 potest
1605 1180 1687 1224 illu
1740 1180 1855 1224 inari
1888 1181 1947 1225 ab

68 1249 222 1292 anima
242 1248 424 1302 Christi3
451 1260 544 1291 non
573 1255 724 1291 tamen
746 1243 1004 1290 immutatio
1022 1243 1175 1288 omnis
1195 1255 1299 1300 quae
1322 1247 1474 1300 potest
1493 1242 1592 1287 fieri
1620 1242 1743 1286 circa
1765 1247 1948 1286 creatu-

69 1322 184 1369 ram,
201 1314 350 1367 potest
363 1309 461 1354 fieri
474 1308 503 1352 a
524 1312 760 1362 creatura;
788 1307 871 1352 sed
887 1305 1101 1364 quaedam
1117 1305 1463 1349 immutationes
1479 1308 1675 1360 possunt
1693 1303 1789 1348 fieri
1806 1303 1833 1346 a
1849 1303 1947 1346 solo

68 1373 174 1415 De0.
191 1374 501 1428 Quaecumque
515 1374 670 1414 tamen
691 1369 1034 1413 immutationes
1052 1371 1249 1423 possunt
1263 1365 1360 1410 fieri
1381 1377 1463 1422 per
1481 1370 1732 1420 creaturaS,
1754 1372 1949 1421 possunt

69 1431 207 1477 etiam
227 1430 324 1478 fieri
348 1445 430 1490 per
449 1431 652 1475 animam
675 1429 855 1484 Christi,
877 1428 1135 1474 secundum
1159 1427 1285 1484 quod
1306 1433 1377 1472 est
1405 1427 1766 1471 instrumentum
1788 1425 1944 1480 Verbi3

70 1506 164 1538 non
186 1501 340 1539 autem
360 1493 618 1538 secundum
644 1492 878 1549 propriam
905 1497 1119 1535 naturam
1151 1495 1197 1534 et
1224 1489 1465 1543 virtutem3
1490 1489 1600 1545 quia
1622 1488 1833 1544 quaedam
1859 1487 1948 1532 hu-

68 1555 268 1611 iusmodi
298 1554 668 1600 immutationum
693 1566 787 1597 non
810 1552 1042 1610 pertinent
1059 1551 1116 1596 ad
1140 1550 1343 1594 animam
1362 1562 1514 1607 neque
1536 1552 1763 1607 quantum
1787 1549 1847 1594 ad
1871 1561 1948 1593 or·-

72 1616 226 1662 dinem
244 1623 436 1674 naturae,
461 1628 612 1672 neque
632 1615 859 1672 quantum
878 1615 937 1660 ad
961 1614 1171 1659 ordinem
1190 1613 1365 1669 gratiae.

126 1679 192 1723 Ad
212 1682 393 1722 tertium
419 1678 689 1733 dicendum,
716 1677 857 1734 qued,
879 1676 1002 1721 sicut
1034 1676 1209 1721 dictum
1241 1679 1313 1720 est
1345 1674 1390 1718 in
1429 1673 1637 1718 secunda
1669 1677 1800 1729 parte
1826 1674 1879 1726 (2
1896 1676 1946 1725 2,

75 1744 235 1797 quaest.
265 1753 462 1795 ctxxvni,
486 1744 573 1784 art.
610 1742 631 1784 1
657 1739 716 1783 ad
750 1742 813 1794 1),
844 1738 990 1794 gratia
1027 1738 1279 1793 virtutum,
1313 1748 1395 1782 seu
1431 1735 1789 1790 miraculorum,
1813 1735 1950 1780 datur

72 1801 240 1856 animae
258 1801 455 1858 alicuius
469 1801 635 1855 sancti,
652 1813 745 1844 non
759 1805 812 1845 ut
829 1800 1014 1857 propria
1028 1800 1195 1844 virtute
1210 1799 1252 1844 ei
1272 1798 1519 1843 conveniat
1536 1797 1760 1842 miracula
1778 1798 1946 1852 facere,

76 1863 156 1908 sed
177 1867 227 1907 ut
249 1875 330 1919 per
361 1863 576 1907 virtutem
609 1863 814 1907 divinam
843 1862 1109 1918 huJusmodi
1141 1861 1364 1905 miracula
1392 1858 1520 1903 fiant.
1552 1861 1603 1903 Et
1633 1861 1731 1903 haec
1761 1859 1949 1915 quidem

75 1925 221 1981 gratia
249 1924 635 1968 excellentissime
664 1924 770 1968 data
797 1929 869 1968 est
896 1923 1062 1967 animae
1084 1922 1266 1976 Christi,
1287 1927 1338 1966 ut
1363 1922 1540 1966 scilicet
1561 1934 1652 1965 non
1677 1921 1828 1965 solum
1850 1922 1948 1977 ipse

74 1986 294 2030 miracula
316 1986 501 2040 faceret,
522 1985 604 2030 sed
626 1985 765 2030 etiam
787 1989 840 2030 ut
861 1984 983 2029 hanc
1005 1984 1200 2041 gratiam
1223 1983 1269 2027 in
1294 1983 1407 2027 alios
1438 1982 1797 2027 transfunderet.
1824 1983 1950 2027 Unde

74 2047 239 2092 dicitur
258 2046 424 2100 (Matth.
446 2060 487 2102 x,
510 2048 567 2100 1),
586 2045 710 2102 quod
729 2049 979 2090 convocatis
997 2046 1234 2089 duodecim
1252 2045 1505 2101 discipulis,
1523 2044 1650 2088 dedit
1667 2048 1732 2088 eis
1751 2048 1949 2100 potesta-

73 2111 160 2151 tem
178 2109 424 2165 spirituum
443 2109 789 2163 immundorum,
811 2112 864 2151 ut
885 2109 1098 2163 ejicerent
1117 2121 1218 2165 eos,
1244 2111 1289 2150 et
1315 2109 1532 2150 curarent
1559 2119 1733 2149 omnem
1755 2106 1950 2163 lanquo-

74 2184 185 2228 rem‚
209 2174 252 2215 et
276 2184 450 2214 omnem
472 2173 788 2227 infirmitatem
806 2173 880 2226 (1).

75 2248 410 2291 ARTICULUS
437 2249 519 2290 111.
550 2270 604 2277 -
633 2259 767 2290 urium
797 2259 924 2289 imm
953 2259 1114 2291 cums-n
1148 2252 1355 2290 nABussmr
1385 2258 1720 2290 onmrommmn
1744 2258 1949 2290 nesrscru

800 2321 966 2351 PROPml
995 2321 1213 2353 conponis.

127 2377 193 2421 Ad
213 2376 397 2421 tertium
418 2375 487 2420 sic
507 2376 787 2432 proceditur.
809 2379 850 2421 1.
873 2376 1059 2422 Videtur
1077 2376 1202 2433 quod
1216 2376 1372 2420 anima
1392 2374 1556 2420 Christi
1572 2374 1788 2420 habuerit
1803 2378 1950 2421 omni-

75 2437 323 2494 potentiam
352 2443 566 2493 respectu
600 2437 770 2494 proprii
804 2438 1028 2494 corporis.
1063 2438 1178 2483 Dicit
1210 2439 1336 2483 enim
1371 2441 1691 2485 Damascenus
1705 2437 1842 2490 (Orth.
1868 2436 1947 2485 fid.

75 2498 154 2542 lib.
179 2512 238 2553 ιιι,
262 2511 364 2555 cap.
386 2501 457 2553 20,
482 2498 527 2542 in
551 2498 630 2542 fin.
651 2504 697 2543 et
714 2511 817 2555 cap.
841 2501 928 2554 23),
947 2498 1073 2556 qued
1101 2517 1121 2537 «
1139 2498 1294 2543 omnia
1319 2498 1547 2543 naturalia
1569 2498 1758 2543 fuerunt
1775 2499 1950 2544 Christo

75 2559 358 2604 voluntaria:
378 2559 536 2603 volens
554 2559 677 2604 enim
698 2561 905 2615 esurivit,
928 2561 1089 2605 volens
1107 2560 1269 2617 sitivit,
1285 2561 1447 2605 volens
1468 2560 1634 2614 timuit,
1657 2561 1818 2605 volens
1833 2573 1951 2606 mor-

78 2625 181 2666 tuus
202 2627 288 2676 est,
309 2626 395 2665 etc.
417 2640 436 2660 n
466 2621 551 2666 Sed
573 2634 631 2665 ex
652 2622 739 2665 hoc
760 2624 879 2666 Deus
905 2622 1073 2667 dicitur
1091 2623 1403 2679 omnipotenS,
1425 2621 1536 2679 quia
1559 2625 1708 2665 omnia
1733 2635 1950 2679 quaecum-

76 2694 158 2737 que
176 2683 311 2725 voluit
329 2684 452 2736 fecit.
477 2684 594 2738 Ergo
616 2682 798 2727 videtur
815 2683 940 2740 quod
958 2684 1113 2728 anima
1134 2684 1300 2729 Christi
1329 2684 1543 2729 habuerit
1569 2683 1950 2740 omnipotentiam

78 2747 286 2799 respectu
307 2744 582 2788 naturalium
603 2745 920 2801 operationum
947 2746 1120 2803 proprii
1142 2745 1362 2802 corporis.

131 2805 175 2847 2.
206 2805 446 2859 Praeterea,
471 2804 517 2848 in
538 2805 713 2850 Christo
738 2805 825 2850 fuit
856 2807 1106 2864 perfectius
1132 2807 1337 2852 humana
1360 2810 1527 2851 natura
1548 2805 1690 2863 quam
1710 2806 1759 2852 in
1781 2808 1948 2864 Adam,

78 2867 122 2907 in
141 2876 232 2920 quo
253 2865 508 2909 secundum
525 2867 794 2923 originalem
814 2868 1059 2925 Justitiam,
1083 2881 1224 2926 quam
1248 2868 1409 2913 habuit
1431 2868 1478 2912 in
1502 2868 1778 2913 innocentiae
1800 2874 1948 2927 stam,

76 2937 246 2981 corpus
268 2925 467 2971 habebat
484 2929 542 2981 (Ξ)
563 2929 753 2973 omnino
775 2930 1038 2987 subjectum
1068 2931 1252 2986 animae,
1273 2935 1325 2975 ut
1355 2930 1468 2974 nihil
1500 2929 1546 2973 in
1577 2942 1768 2986 corpore
1795 2937 1953 2986 posset

76 2987 283 3030 accidere
299 2991 458 3031 contra
477 2988 643 3034 animae
663 2991 964 3037 voluntatem.
990 2995 1108 3049 Ergo
1122 2992 1270 3038 multo
1284 2991 1434 3047 magis
1450 2991 1603 3035 anima
1619 2991 1782 3036 Christi
1792 2992 1952 3039 habuit

77 3048 455 3104 omnipotentiam
477 3054 688 3106 respectu
711 3052 783 3095 sui
803 3054 1025 3110 corporis.

129 3112 171 3154 3.
204 3112 437 3165 Praeterea,
457 3110 514 3155 ad
529 3111 901 3167 imaginationem
921 3116 1088 3160 animae
1112 3114 1384 3160 naturaliter
1400 3127 1569 3172 corpus
1589 3114 1885 3170 immutatum
1907 3121 1952 3161 et

80 3172 202 3215 tanto
225 3171 388 3229 magis,
410 3173 583 3229 quanto
602 3174 750 3230 magis
776 3176 931 3220 anima
959 3178 1098 3222 fuerit
1125 3177 1255 3222 fortis
1279 3176 1637 3232 imaginationis,
1664 3181 1714 3221 ut
1736 3177 1784 3221 in
1807 3178 1951 3234 priina

78 3237 204 3287 parte
238 3233 446 3279 habitum
482 3239 554 3280 est
583 3237 764 3292 (quaest.
802 3250 940 3295 cxvn,
967 3245 1053 3283 art.
1080 3242 1106 3283 3
1128 3239 1188 3285 ad
1210 3241 1265 3293 3).
1295 3238 1382 3284 Sed
1415 3236 1570 3283 anima
1599 3239 1763 3285 Christi
1791 3239 1951 3283 hahuit

117 3369 159 3410 (1)
178 3370 336 3411 Quamvis
354 3370 438 3404 hanc
454 3376 649 3410 potestatem
677 3373 694 3406 ii
713 3372 826 3407 divina
841 3375 966 3408 virtute
1093 3375 1135 3418 (2)
1153 3375 1323 3418 Numquid
1339 3380 1420 3411 erat
1433 3377 1450 3410 P
1470 3382 1527 3409 aut
1545 3378 1608 3420 qui
1628 3376 1699 3409 ioco
1715 3377 1756 3410 iu
1775 3386 1844 3418 quo
1856 3377 1874 3409 ?

77 3417 206 3450 tantum
236 3418 395 3458 accepisse
425 3417 631 3459 subintelligi
669 3421 797 3461 possint
826 3433 894 3455 non
927 3422 967 3456 ab

77 3463 187 3498 anima
201 3464 338 3500 Christi.
