2170 3808
188 217 272 261 380
751 211 952 264 QUAEST.
976 210 1116 263 xtvt,
1145 210 1264 253 ART.
1294 210 1330 253 11
1356 211 1422 254 ET
1450 211 1518 254 111.

247 296 337 341 Sed
355 297 517 339 contra
549 296 621 338 est
644 291 774 349 quod
798 290 1088 345 Augustinus
1110 289 1222 335 dicit
1255 292 1332 345 (De
1362 290 1485 336 Trin.
1521 290 1602 335 lib.
1628 304 1719 346 xm,
1749 303 1851 349 cap.
1880 293 1952 349 10,
1980 292 2090 338 circ.

188 358 342 415 princ.
346 360 387 412 ):
406 374 426 394 «
448 357 592 400 Istum
603 353 797 399 modum
817 365 911 411 quo
924 366 1011 398 nos
1023 365 1107 411 per
1120 351 1423 398 mediatorem
1440 352 1518 398 Dei
1535 358 1582 398 et
1594 353 1840 398 hominum
1857 353 2093 399 hominem

190 420 419 465 Christum
441 420 601 462 Jesum
617 419 741 462 Deus
762 416 962 461 liberare
976 415 1213 472 dignatur,
1235 415 1491 460 asserimus
1506 415 1702 473 bonum,
1727 419 1775 461 et
1795 414 1966 460 divinae
1981 427 2094 461 con-

190 492 362 538 gruum
384 478 624 538 dignitati;
651 481 812 523 verum
836 476 979 523 etiam
996 476 1301 522 ostendamus
1323 487 1416 521 non
1440 476 1583 522 alium
1608 476 1802 522 modum
1823 476 2093 533 possibilem

190 545 280 588 Deo
299 542 523 597 defuisse,
544 540 683 598 cujus
705 540 925 598 potestati
943 543 1116 585 cuncta
1137 537 1380 596 aequaliter
1396 538 1699 596 subjacent.»

237 610 527 652 CONCLUSIO.
544 630 592 637 -
619 609 868 660 Quanquam
889 607 971 648 alio
989 607 1113 648 modo
1141 607 1271 660 quam
1288 617 1360 659 per
1377 607 1611 659 passionem
1627 605 1806 660 potuerit
1823 607 1933 646 Deus
1948 604 2095 647 huma-

190 676 295 706 num
321 676 450 716 genus
466 663 653 712 liberare,
672 663 887 714 supposita
901 666 1038 702 tamen
1053 662 1198 702 divina
1212 660 1482 713 praescientia,
1505 663 1589 702 fuit
1607 659 1861 714 impossibile
1873 659 1957 701 alio
1969 659 2093 703 modo

189 731 317 773 quam
337 731 406 771 per
426 718 658 771 passionem
674 717 751 757 hoc
770 720 936 757 tantum
950 717 1110 757 bonum
1124 716 1310 756 humano
1323 716 1462 767 generi
1478 716 1676 769 praestari.

246 783 520 840 Respondeo
551 779 804 826 dicendum
836 779 962 837 quod
982 778 1160 837 aliquid
1180 782 1337 836 potest
1357 778 1448 824 dici
1465 779 1688 838 possibile
1705 779 1781 824 vel
1804 776 2092 836 impossibile

190 845 470 902 dupliciter:
493 854 593 888 uno
612 841 753 886 modo
772 840 1046 899 simpliciter
1064 846 1112 886 et
1134 840 1377 896 absolute3
1400 840 1492 885 alio
1512 841 1654 887 modo
1675 854 1735 886 ex
1751 839 2088 899 suppositione.

187 907 247 951 Si
249 906 465 964 ipliciter
474 904 673 962 igituret
684 902 1160 961 absoluteloquendo
1169 902 1393 961 possibile
1405 903 1495 948 fuit
1507 906 1599 948 Deo
1607 903 1844 949 aliomodo
1855 902 2090 948 hominem
2161 907 2170 932 <³

190 967 387 1014 liberare
408 967 551 1025 quam
575 978 659 1023 per
686 965 955 1023 passionem
976 965 1162 1021 Christi,
1178 965 1288 1023 quia
1310 978 1400 1009 non
1418 971 1483 1009 est
1504 966 1778 1023 impossibile
1801 965 1931 1022 apud
1949 969 2090 1009 Deum

188 1043 320 1074 omne
331 1030 512 1074 verbum
531 1030 608 1084 (4),
619 1032 673 1073 ut
691 1028 864 1073 dicitur
879 1030 1006 1082 (Luc.
1020 1043 1051 1084 1,
1071 1031 1161 1084 37).
1179 1029 1267 1074 Sed
1285 1040 1344 1073 ex
1359 1027 1515 1086 aliqua
1527 1028 1846 1086 suppositione
1856 1028 1993 1083 facta,
2003 1027 2092 1073 fuit

188 1090 498 1148 impossihile.
524 1090 641 1143 Quia
661 1089 789 1135 enim
820 1089 1109 1147 impossibile
1140 1095 1214 1135 est
1231 1090 1309 1135 Dei
1328 1089 1671 1148 praescientiam
1695 1089 1791 1135 falli
1810 1097 1858 1136 et
1882 1090 1985 1149 ejus
2005 1103 2091 1135 vo·
2152 1106 2170 1114 ²

187 1152 418 1197 luntatem
439 1165 523 1198 seu
543 1152 899 1208 dispositionem
931 1153 1127 1209 cassari,
1160 1152 1403 1210 supposita
1423 1151 1717 1209 praescientia
1742 1157 1791 1199 et
1807 1152 2089 1211 praeordina·
2151 1157 2170 1214 ζ,

189 1214 314 1260 tione
333 1214 412 1260 Dei
431 1215 489 1261 de
512 1214 733 1272 passione
756 1214 940 1271 Christi,
962 1226 1058 1259 non
1072 1220 1174 1260 erat
1195 1215 1336 1260 simul
1360 1215 1584 1273 possibile
1604 1214 1835 1260 Christum
1855 1227 1950 1260 non
1972 1215 2086 1273 pati,
2147 1218 2159 1275 ζ

187 1276 262 1322 vel
287 1277 524 1322 hominem
549 1277 641 1321 alio
669 1276 810 1322 modo
833 1277 975 1334 quam
998 1289 1084 1335 per
1104 1277 1207 1334 eJus
1233 1276 1503 1335 passionem
1537 1276 1738 1322 liberari.
1761 1279 1816 1321 Et
1834 1281 1910 1321 est
1925 1276 2087 1322 eadem
2145 1296 2147 1298 ·

186 1339 307 1384 ratio
327 1340 386 1384 de
405 1338 630 1384 omnibus
648 1338 720 1384 his
743 1351 850 1396 quae
869 1343 983 1383 sunt
1001 1340 1215 1395 praescita
1232 1344 1280 1384 et
1296 1339 1606 1396 praeordinata
1622 1339 1650 1382 a
1665 1342 1773 1395 Deo,
1800 1343 1855 1384 ut
1871 1339 1919 1383 in
1940 1339 2089 1395 prima

188 1405 320 1459 parte
340 1400 554 1446 habitum
576 1404 648 1446 est
671 1403 852 1457 (quaest.
879 1414 967 1460 x1v,
991 1406 1077 1446 art.
1101 1402 1192 1457 13).

242 1464 312 1509 Ad
341 1466 544 1520 primum
566 1475 679 1519 ergo
700 1463 970 1519 dicendum,
993 1462 1121 1520 quod
1143 1462 1367 1509 Dominus
1386 1463 1450 1508 ibi
1470 1464 1691 1521 loquitur,
1711 1463 1953 1521 supposita
1969 1476 2088 1520 prae-
2142 1463 2170 1525 ζ’.

188 1525 388 1571 scientia
401 1530 448 1570 et
460 1524 854 1582 praeordinatione
871 1525 969 1583 Dei,
987 1525 1247 1570 secundum
1263 1536 1405 1582 quam
1434 1530 1536 1569 erat
1550 1525 1816 1570 ordinatum
1837 1529 1892 1569 ut
1907 1526 2091 1571 fructus

186 1589 407 1633 humanae
426 1586 593 1632 salutis
606 1599 700 1631 non
720 1591 1014 1643 sequeretur,
1032 1587 1121 1631 nisi
1145 1586 1322 1631 Christo
1338 1585 1558 1644 patiente.

238 1652 293 1695 Et
316 1650 530 1696 similiter
544 1648 905 1705 intelligendum
924 1654 997 1693 est
1022 1649 1150 1707 quod
1173 1651 1369 1693 secundo
1385 1649 1618 1706 ‚objicitur
1639 1663 1650 1693 ε
1669 1652 1721 1694 Si
1744 1661 1836 1693 non
1851 1652 1999 1705 potest
2016 1649 2090 1694 hic
2146 1628 2160 1672 η’·

187 1714 318 1757 calix
349 1716 568 1768 transire,
592 1714 684 1755 nisi
705 1711 853 1754 bibam
888 1711 1042 1767 illum,
1076 1711 1255 1757 scilicet
1274 1716 1466 1769 propter
1484 1711 1574 1756 hoc
1603 1710 1728 1768 quod
1761 1715 1812 1755 tu
1834 1709 1898 1755 ita
1933 1711 2088 1769 dispo·
2128 1730 2150 1762 ,r

187 1774 326 1820 suisti
348 1791 360 1819 ε
386 1775 513 1821 unde
530 1773 720 1819 subdit:
742 1776 854 1817 Fiat
872 1774 1085 1818 voluntas
1108 1779 1206 1818 tua.

242 1837 311 1882 Ad
335 1839 520 1881 tertium
542 1834 813 1892 dicendum,
838 1834 966 1892 quod
987 1836 1089 1881 haec
1118 1835 1259 1881 etiam
1283 1834 1465 1894 justitia
1500 1834 1734 1893 dependet
1761 1847 1821 1881 ex
1847 1835 2089 1883 voluntate
2143 1822 2155 1858 ³³

188 1899 364 1954 divina,
388 1899 448 1944 ab
469 1900 679 1943 humano
712 1909 886 1955 genere
913 1898 1280 1943 satisfactionem
1315 1898 1535 1955 exigente
1566 1910 1652 1955 pro
1675 1902 1885 1955 peccato.
1909 1899 2023 1944 Nam
2047 1898 2088 1945 si

186 1961 415 2007 voluisset
432 1961 613 2017 absque
641 1960 770 2004 omni
799 1959 1117 2005 satisfactione
1149 1961 1385 2006 hominem
1410 1958 1440 2004 a
1472 1964 1664 2018 peccato
1688 1960 1903 2016 liberare,
1925 1965 2088 2007 contra

182 2024 415 2081 justitiam
438 2036 535 2068 non
557 2023 763 2068 fecisset.
797 2023 875 2067 llle
898 2022 1024 2067 enim
1053 2023 1200 2081 J‘udex
1231 2035 1325 2067 non
1350 2026 1505 2080 potest
1531 2023 1662 2068 salva
1686 2023 1870 2081 ,iustitia
1899 2024 2086 2080 eulpam

188 2087 292 2132 sine
311 2099 454 2144 poena
476 2085 726 2142 dimittere,
744 2085 824 2142 qui
840 2085 982 2130 habet
1008 2086 1176 2142 punire
1196 2087 1383 2143 culpam
1403 2085 1452 2129 in
1469 2085 1615 2130 alium
1638 2086 1954 2138 commissam,
1975 2085 2087 2143 puta

186 2149 260 2194 vel
297 2149 345 2193 in
380 2149 525 2194 alium
548 2149 805 2205 hominem,
836 2150 911 2193 vel
944 2148 991 2193 in
1023 2153 1170 2194 totam
1203 2148 1560 2206 rempublicam,
1597 2148 1767 2193 sivein
1799 2149 2086 2207 superiorem

188 2211 466 2268 prinoipem.
488 2211 576 2256 Sed
598 2213 723 2255 Deus
743 2223 839 2256 non
858 2211 999 2256 habet
1026 2211 1229 2268 aliquem
1261 2210 1566 2268 superiorem,
1586 2210 1671 2256 sed
1698 2210 1800 2267 ipse
1820 2214 1895 2256 est
1920 2223 2085 2268 supre-

188 2285 319 2318 mum
338 2279 386 2318 et
406 2285 659 2318 commune
676 2273 855 2318 bonum
890 2273 1035 2319 totius
1063 2273 1290 2319 universi.
1313 2275 1368 2319 Et
1398 2272 1502 2319 ideo
1535 2273 1575 2318 si
1599 2272 1804 2318 dimittat
1823 2277 2084 2330 peccatum,

187 2335 315 2393 quod
337 2335 479 2379 habet
497 2334 725 2379 rationem
749 2335 917 2391 culpae,
945 2348 1001 2381 ex
1019 2347 1075 2380 eo
1097 2335 1225 2392 quod
1243 2339 1406 2381 contra
1435 2334 1592 2392 ipsum
1623 2334 1946 2392 committitur,
1968 2334 2087 2381 nulli
2121 2345 2138 2381 :z

2129 2328 2157 2406 *κ’-ζ’
2126 2253 2161 2310 ssssq
2131 1991 2167 2232 ’ὴν-Ἦο-κοῇ
2136 1947 2158 1971 if·-

122 2419 126 2422 >
186 2398 300 2444 facit
316 2397 537 2455 inJ'uriam
556 2412 567 2440 ε
591 2396 713 2442 sicut
731 2398 1020 2455 quicumque
1041 2398 1185 2442 homo
1200 2398 1396 2443 remittit
1412 2398 1638 2443 offensam
1653 2397 1703 2442 in
1717 2409 1769 2443 se
1788 2397 2086 2444 commissam

187 2459 367 2517 absquo
391 2458 722 2515 satisfactione,
745 2458 1109 2503 misericorditer
1131 2464 1179 2503 et
1201 2471 1297 2503 non
1315 2458 1490 2516 injuste
1507 2459 1618 2515 agit.
1645 2461 1698 2504 Et
1718 2459 1823 2505 ideo
1843 2460 1985 2505 David
2002 2459 2084 2504 mi·
2106 2461 2109 2470 “
2141 2463 2154 2471 ”

187 2521 487 2567 sericordiam
510 2525 678 2578 petens
708 2521 892 2566 dicebat
921 2521 1059 2576 (Psal.
1088 2535 1129 2578 L,
1161 2524 1204 2576 6)
1231 2534 1245 2564 ε
1271 2522 1372 2565 Tibi
1401 2521 1490 2565 soli
1525 2525 1743 2578 ραεσαυὶς
1765 2522 1902 2579 quasi
1934 2522 2083 2568 dicata
2102 2519 2138 2572 ΑΨ

191 2601 212 2623 c
237 2587 373 2629 Potes
391 2583 492 2628 sine
508 2582 735 2640 injustitia
753 2583 867 2628 mihi
882 2583 1130 2629 dimittere.
1158 2602 1178 2623 »

242 2646 311 2692 Ad
330 2649 548 2703 quartum
577 2645 827 2691 dicendum
842 2682 853 2699 ‚
878 2646 1005 2703 quod
1022 2646 1141 2691 fides
1161 2646 1384 2704 bumana,
1408 2649 1457 2691 ct
1475 2643 1614 2694 etiam
1638 2645 1884 2703 Scripturae
1901 2647 2085 2704 divinae,

187 2708 361 2766 quibus
379 2705 499 2753 fides
524 2707 789 2762 instruitur,
811 2707 1081 2753 innituntur
1103 2707 1410 2765 praescientiae
1431 2712 1481 2753 et
1497 2707 1877 2764 praeordinationi
1898 2708 2103 2755 divinae„

186 2773 241 2816 Et
261 2770 369 2816 ideo
398 2769 561 2815 eadem
594 2769 713 2814 ratio
735 2774 808 2815 est
829 2770 887 2815 de
905 2769 1186 2815 necessitate
1203 2783 1309 2827 quae
1339 2770 1553 2827 provenit
1571 2782 1631 2815 ex
1658 2770 1982 2828 suppositione
2004 2783 2110 2840 coen.
2162 2790 2164 2804 ι

186 2845 313 2890 rum,
331 2836 378 2877 et
396 2831 454 2877 de
478 2831 756 2876 necessitate
774 2844 881 2889 quae
894 2833 1110 2889 provenit
1127 2844 1188 2877 ex
1209 2831 1502 2890 praescientia
1522 2836 1570 2877 et
1583 2831 1829 2877 voluntate
1851 2832 2029 2879 divina.

189 2896 533 2939 ARTICULUS
548 2896 630 2938 111.
635 2918 691 2925 -
709 2907 848 2938 urnuu
869 2908 1019 2938 runnu·
1033 2907 1197 2944 ,imonis
1212 2907 1346 2939 monus
1369 2906 1765 2939 CONVENiEWmRAD
1784 2878 2104 2953 Lmssmr1ortu{
2169 2871 2170 2905 ἶ

551 2968 709 3000 numm
739 2967 916 3000 censius
947 2969 1057 3006 QUAM
1089 2969 1167 3000 PER
1202 2969 1426 3002 missioni-:u
1456 2967 1620 3001 cumsrl
1648 2957 1722 3012 (2).

187 3025 414 3061 nehisetiam
428 3026 523 3060 Sent.
536 3033 590 3066 11¹,
606 3025 687 3061 dist.
704 3024 759 3067 48,
774 3029 840 3059 art.
850 3026 884 3069 6,
899 3029 1017 3067 quaest.
1033 3033 1074 3060 ιιι
1083 3036 1184 3070 corp.
1201 3029 1236 3059 et
1254 3025 1335 3062 dist.
1347 3026 1401 3068 ⁴0,
1416 3028 1483 3062 art.
1499 3026 1532 3067 4,
1549 3027 1664 3067 quaest.
1679 3034 1721 3067 u,
1730 3029 1767 3061 et
1780 3025 1899 3069 quadi.
1910 3034 1963 3068 lv,
1973 3030 2037 3062 art.
2047 3025 2099 3070 2,
2156 3045 2159 3073 ς

240 3079 309 3126 Ad
328 3080 517 3124 tertium
550 3079 618 3124 sic
646 3079 930 3137 proceditur.
954 3084 998 3126 1.
1033 3079 1223 3125 Videtur
1255 3080 1378 3138 quod
1403 3078 1525 3127 alius
1546 3080 1716 3126 modus
1737 3079 2086 3126 convenientior

186 3141 353 3187 fuisset
375 3141 661 3187 liberationis
687 3143 909 3188 humanae
936 3141 1079 3200 quam
1097 3154 1183 3199 per
1210 3143 1481 3200 passionem
1507 3142 1688 3188 Christi.
1708 3144 1883 3188 Natura
1896 3143 2095 3189 eniminv
2153 3153 2157 3199 ξ

187 3215 275 3249 sua
293 3204 563 3261 operatione
581 3203 790 3248 imitatur
810 3216 930 3273 opus
951 3204 1179 3258 divinum,
1204 3210 1367 3263 utpote
1387 3204 1417 3249 a
1429 3207 1522 3250 Deo
1540 3209 1668 3249 mota
1686 3208 1733 3250 et
1752 3205 1981 3262 regulata.
1998 3203 2092 3250 Sed
2121 3240 2124 3244 Α
2151 3203 2155 3252 ζ

228 3320 273 3364 (Ι)
305 3321 369 3355 Hic
397 3330 465 3363 per
498 3329 602 3353 omne
630 3320 779 3354 verbum
806 3320 956 3361 intelligi
993 3320 1094 3355 debet
1221 3322 1264 3361 (2)
1288 3321 1441 3357 Christus
1457 3320 1528 3363 ipse
1553 3320 1651 3354 nobis
1672 3320 1821 3355 declarat
1835 3333 1897 3363 per
1909 3318 2085 3362 prophetat

187 3380 288 3404 omne
306 3368 395 3402 illud
413 3367 504 3407 quod
525 3366 702 3401 intellectu
719 3368 849 3410 concipi
876 3372 1006 3410 potest,
1025 3369 1093 3404 sive
1179 3369 1311 3403 nullum
1341 3369 1442 3403 alium
1472 3369 1611 3402 modum
1643 3369 1746 3404 fuisse
1773 3368 2085 3404 convenientiorem
2149 3376 2151 3382 ’

187 3416 278 3459 quod
291 3416 597 3450 contradictionem
613 3425 680 3448 non
705 3414 859 3455 implicat
876 3416 938 3457 (Cf.
958 3422 1048 3458 part.
1064 3417 1093 3455 1.
1178 3416 1237 3459 (Is.
1267 3417 1301 3457 v)
1327 3429 1334 3451 τ
1361 3416 1460 3459 Quid
1483 3419 1537 3450 cst
1563 3417 1661 3460 quod
1689 3416 1797 3452 ultra
1826 3416 1937 3455 debui
1961 3415 2082 3457 facere
2148 3415 2150 3417 ’

186 3469 303 3506 quest.
322 3473 401 3505 xxv.
420 3469 486 3498 art.
503 3463 550 3506 ὅ).
1179 3466 1296 3500 vineoe
1309 3475 1396 3500 meoe
1420 3468 1453 3499 et
1471 3476 1547 3499 non
1563 3466 1664 3508 feci?
