2170 3808
586 174 785 226 QUAEST.
815 174 952 226 LXIV,
982 174 1100 215 ART.
1130 173 1183 215 ΙΙΙ
1211 173 1275 215 ET
1304 173 1372 215 lv.
1845 170 1927 214 539

40 258 291 315 quamdam
347 254 728 315 principalitatem
779 259 825 298 et
871 253 1191 298 causalitatem
1238 255 1454 310 respectu
1512 252 1927 295 instrumentorum

40 333 62 365 e
75 320 426 374 xtrinsecorum,
447 317 656 375 quisunt
678 314 876 360 ministri
899 314 1128 369 Ecclesiae,
1148 320 1202 358 ut
1228 326 1288 357 ex
1315 325 1456 369 supra
1476 312 1612 357 dictis
1630 314 1755 368 patet
1782 311 1885 365 (art.
1903 311 1924 355 1

39 382 137 438 luj.
159 382 272 438 qu.).
297 381 350 424 Et
367 378 472 425 ideo
495 378 616 424 sicut
638 377 859 431 Christus,
884 376 1163 433 inquantum
1192 378 1330 430 Deus,
1348 374 1492 418 habet
1522 377 1800 430 potestatem
1818 383 1929 417 auc·

41 441 299 488 tiritatisin
320 439 638 494 sacramentiS,
660 438 724 482 ita
751 439 1030 494 inquantum
1048 437 1187 480 homo
1214 436 1353 479 habet
1383 439 1662 491 potestatem
1684 431 1927 478 ministerii

40 502 322 561 Irincipalis,
344 501 442 546 sive
463 504 736 558 potestatem
754 498 1066 553 excellentiae3
1083 509 1188 554 quae
1199 496 1389 553 quidem
1413 495 1625 540 consistit
1635 495 1683 538 in
1704 499 1926 552 quatuor:

40 565 190 622 Irimo
212 563 401 621 quidem
422 563 471 607 in
492 562 581 606 hoc
601 561 727 618 quod
749 560 965 605 meritum
987 563 1034 604 et
1055 558 1204 606 virtus
1226 556 1458 614 passionis
1495 556 1598 613 eJ'us
1633 559 1853 613 operatur
1878 555 1926 599 in

41 626 363 682 sacramentis,
387 628 440 670 ut
461 636 603 681 supra
636 623 811 669 dictum
831 629 902 667 est
922 624 1104 679 (quaest.
1128 634 1229 676 txn,
1253 623 1339 664 art.
1375 620 1436 673 5).
1456 619 1510 662 Et
1527 618 1637 675 quia
1658 618 1806 663 virtus
1822 629 1929 674 pas-

40 688 186 732 sionis
226 686 470 743 copulatur
498 685 633 729 nobis
669 697 751 740 per
779 682 935 739 fidem,
956 681 1216 727 secundum
1241 679 1356 725 illud
1395 681 1540 734 (Rom.
1560 685 1628 735 111,
1648 680 1748 733 25):
1788 682 1928 735 Quem

41 751 271 807 proposuit
289 752 409 792 Deus
425 749 774 805 propitiatorem
789 759 876 802 per
892 745 1030 801 fidem
1048 747 1097 787 in
1114 745 1333 799 sanquine
1352 744 1509 798 ipsius,
1526 752 1667 798 quam
1689 740 1827 785 fidem
1844 752 1929 797 per

39 810 379 856 invocationem
408 809 609 853 nominis
638 808 803 853 Christi
839 811 1174 863 protestamur,
1210 803 1314 849 ideo
1346 802 1555 848 secundo
1576 802 1634 847 ad
1652 806 1929 860 potestatem

40 872 342 928 excellentiae,-
362 883 505 928 quam
523 870 731 916 Christus
752 868 894 914 habet
914 869 961 912 in
998 866 1320 923 sacramentis,
1350 865 1552 922 pertinet
1583 863 1709 921 quod
1739 863 1788 908 in
1826 863 1928 920 ers

39 935 228 979 nomine
264 938 553 979 sacramenta
593 931 955 977 sanctificentur.
987 932 1041 974 Et
1077 929 1186 985 quia
1215 940 1274 972 ex
1312 926 1414 984 ejus
1456 925 1748 970 institutione
1769 937 1928 970 sacra-

39 999 197 1039 menta
226 995 444 1039 virtutem
483 994 709 1049 obtinent,
731 992 839 1038 inde
858 990 1074 1048 estquod
1102 988 1237 1034 tertio
1259 988 1318 1032 ad
1352 987 1672 1032 excellentiam
1685 985 1926 1043 potestatis

41 1056 204 1101 Christi
220 1056 421 1113 pertinet
443 1055 569 1112 quod
586 1056 687 1111 ipse
706 1054 785 1110 qui
803 1052 930 1098 dedit
942 1052 1161 1096 virtutem
1183 1048 1500 1105 sacramentiS,
1518 1049 1668 1105 potuit
1688 1048 1927 1094 instituere

41 1122 347 1162 sacramenta.
366 1119 419 1161 Et
442 1116 551 1173 quia
570 1128 711 1160 causa
729 1127 824 1159 non
838 1113 1069 1170 dependet
1088 1111 1147 1155 ab
1161 1111 1345 1165 effectu,
1359 1109 1443 1154 sed
1463 1109 1618 1166 potius
1638 1109 1664 1154 e
1681 1120 1924 1165 converso,

40 1179 143 1223 ideo
165 1177 330 1236 quarto
366 1178 425 1224 ad
447 1177 767 1223 excellentiam
791 1174 1034 1232 potestatis
1057 1171 1221 1216 Christi
1249 1170 1449 1227 pertinet
1482 1169 1606 1226 quod
1643 1169 1742 1227 ipse
1780 1169 1928 1227 potuit

40 1240 254 1285 effectum
277 1245 672 1286 sacramentorum
692 1239 793 1282 sine
808 1235 1021 1281 exteriori
1038 1236 1328 1279 sacramento
1356 1231 1582 1276 conferre.

94 1305 146 1345 Et
179 1314 262 1358 per
279 1303 366 1346 hoc
384 1305 511 1358 patet
544 1299 785 1356 responsio
806 1298 866 1342 ad
885 1297 1095 1354 obJecta:
1124 1300 1316 1351 utraque
1339 1293 1463 1338 enim
1486 1305 1595 1349 pars
1613 1291 1927 1349 objectionum

37 1364 295 1408 secundum
313 1363 487 1420 aliquid
502 1375 612 1406 vera
630 1365 715 1416 est,
738 1365 789 1405 ut
808 1360 983 1404 dictum
1002 1363 1074 1403 est
1085 1358 1148 1413 (in
1164 1359 1328 1413 corp.).

121 1427 462 1469 ARTICULUS
485 1427 566 1468 IV.
591 1448 644 1455 —
676 1436 813 1467 uuum
835 1434 1032 1465 cmusrus
1065 1430 1329 1464 roTsssTATEM
1353 1430 1459 1461 sum
1489 1429 1602 1466 Qum
1626 1429 1775 1460 tumn-r
1803 1429 1845 1460 m

414 1499 691 1537 ssanmmrls
713 1497 913 1528 roi-unnim·
936 1494 1140 1525 lesTtus
1158 1491 1452 1524 cormumcum
1474 1479 1549 1533 (1).

269 1556 314 1588 De
344 1556 396 1588 his
413 1554 518 1588 etiam
538 1556 635 1587 Sent.
654 1561 702 1593 lv,
720 1552 797 1587 dist·
812 1553 846 1592 5,
863 1555 980 1593 quoest.
997 1559 1022 1590 ι,
1047 1554 1112 1583 art.
1129 1549 1162 1591 2,
1179 1553 1213 1584 et
1231 1552 1298 1582 art.
1316 1548 1351 1589 5,
1368 1545 1567 1589 quaestiuno.
1582 1554 1595 1580 1
1609 1548 1646 1581 et
1662 1554 1701 1580 u.

94 1608 160 1653 Ad
181 1613 404 1666 quartum
435 1608 501 1652 sic
523 1606 804 1664 proceditur.
834 1608 873 1650 1.
901 1605 1090 1649 Videtur
1112 1601 1237 1660 quod
1256 1601 1463 1646 Christus
1483 1603 1759 1657 potestatem
1792 1611 1928 1645 suam

39 1682 180 1728 quam
218 1669 380 1714 habuit
421 1669 470 1713 in
511 1667 830 1722 sacramentis,
857 1679 951 1711 non
995 1666 1195 1722 potuerit
1231 1662 1457 1708 ministris
1488 1662 1850 1706 communicare.
1874 1665 1927 1707 Ut

38 1732 163 1776 enim
186 1735 540 1788 argumentatur
562 1730 852 1787 Augustinus
875 1730 1055 1782 (Contra
1073 1727 1305 1771 Maximin.
1325 1725 1406 1769 lib.
1441 1737 1504 1779 111,
1528 1736 1631 1781 cap.
1661 1726 1706 1779 7,
1726 1723 1785 1768 ad
1806 1724 1924 1780 fin.),

40 1813 61 1831 «
85 1793 126 1838 si
159 1793 326 1850 potuit,
361 1798 408 1837 et
435 1804 528 1836 non
569 1791 731 1847 voluit,
767 1790 955 1834 invidus
989 1789 1076 1833 fuit
1112 1790 1183 1842 (Ξ).
1212 1806 1231 1825 »
1270 1786 1357 1832 Sed
1400 1785 1574 1831 invidia
1608 1785 1749 1841 longe
1784 1785 1871 1830 fuit
1899 1786 1927 1829 a

39 1854 230 1914 Christo,
252 1854 299 1898 in
333 1866 426 1910 quo
452 1853 540 1899 fuit
571 1865 755 1897 summa
777 1851 1019 1908 plenitudo
1052 1849 1302 1894 charitatis.
1327 1850 1444 1904 Ergo
1479 1847 1589 1890 cum
1606 1847 1812 1892 Christus
1831 1859 1926 1892 non

37 1915 448 1960 communIcaverit
485 1926 617 1958 suam
659 1916 935 1971 potestatem
958 1911 1198 1969 ministris,
1229 1910 1413 1955 videtur
1448 1907 1574 1965 quod
1599 1919 1691 1952 non
1724 1909 1927 1966 potuerit

35 1989 396 2023 communicare.
427 2002 433 2006 -

63 2043 133 2084 *2
150 2043 390 2095 Praeterea,
411 2050 555 2096 super
575 2039 692 2084 illud
708 2040 838 2083 Joan.
857 2051 926 2081 xiv
945 2052 956 2081 z
976 2037 1156 2092 Majora
1172 2037 1335 2080 norum
1344 2037 1502 2090 faciet,
1514 2033 1626 2078 dicit
1638 2033 1925 2090 Augustinus

34 2102 182 2155 (tract.
205 2104 259 2146 72
281 2101 330 2145 in
350 2103 477 2146 Joan.
507 2100 535 2145 a
556 2100 699 2154 med.)
726 2113 736 2141 z
768 2117 787 2137 «
812 2101 1006 2144 Prorsus
1029 2098 1180 2155 maJus
1200 2098 1287 2141 hoc
1310 2108 1414 2141 esse
1434 2095 1647 2150 dixerim,
1669 2093 1846 2140 scilicet
1872 2099 1926 2141 ut

36 2174 91 2206 ex
117 2162 260 2219 impio
285 2162 444 2219 Justus
467 2158 564 2216 fiat,
589 2160 732 2217 quam
762 2172 920 2206 creare
954 2158 1125 2203 coelum
1159 2163 1204 2203 et
1229 2163 1415 2202 terram.
1441 2177 1462 2196 υ
1490 2156 1579 2201 Sed
1598 2155 1806 2201 Christus
1829 2169 1924 2202 non

35 2225 186 2280 potuit
208 2225 552 2269 communicare
573 2223 796 2267 ministris
822 2221 946 2278 qued
974 2225 1185 2266 crearent
1204 2220 1376 2264 coelum
1406 2223 1454 2263 et
1476 2222 1672 2274 terram,
1697 2230 1811 2276 ergo
1840 2231 1923 2264 ne-

37 2297 128 2342 que
150 2286 273 2341 quod
299 2285 610 2342 justificarent
631 2285 840 2340 impium.
872 2285 984 2328 Cum
1006 2283 1147 2338 igitur
1164 2280 1435 2339 Justificatio
1466 2279 1597 2337 impii
1634 2279 1715 2325 fiat
1741 2292 1824 2337 per
1841 2294 1924 2338 po-

35 2351 248 2391 testatem
289 2346 469 2402 Christi,
513 2358 653 2402 quam
689 2346 828 2390 habet
868 2346 916 2388 in
939 2344 1259 2399 sacramentis,
1284 2343 1469 2387 videtur
1489 2342 1615 2399 quod
1647 2346 1923 2398 potestatem

34 2420 183 2463 suam,
203 2421 344 2466 quam
366 2408 415 2452 in
435 2408 739 2452 sacramentis
768 2407 946 2463 habuit,
969 2418 1063 2450 non
1087 2405 1291 2462 potuerit
1310 2404 1537 2449 ministris
1558 2405 1920 2452 communicare.

89 2472 131 2514 3.
155 2472 395 2525 Praeterea,
420 2469 614 2523 Christo,
630 2469 911 2526 inquantum
938 2473 1010 2512 est
1024 2472 1164 2524 caput
1178 2466 1410 2522 Ecclesiae,
1431 2465 1653 2523 competit
1670 2470 1723 2511 ut
1743 2466 1923 2524 abipso

33 2531 181 2587 gratia
215 2531 448 2576 derivetur
469 2531 529 2575 ad
564 2530 695 2588 alios,
720 2530 980 2576 secundum
1016 2530 1131 2574 illud
1164 2532 1310 2583 (Joan.
1334 2542 1366 2584 1,
1390 2530 1460 2582 16)
1487 2542 1499 2570 :
1542 2531 1610 2571 De
1641 2527 1923 2585 plenitudine

33 2592 129 2646 ejus
148 2606 228 2636 nos
258 2606 407 2636 omnes
427 2596 694 2648 accepimus.
718 2593 804 2637 Sed
827 2593 916 2636 hoc
936 2605 1030 2636 non
1063 2591 1150 2635 fuit
1168 2591 1270 2635 aliis
1289 2589 1694 2645 communicabile,
1715 2590 1825 2645 quia
1855 2590 1922 2634 sic

33 2653 236 2698 Ecclesia
250 2658 371 2698 esset
389 2658 699 2709 monstruosa,
724 2654 870 2698 multa
892 2653 1042 2708 capita
1059 2652 1253 2696 habens.
1278 2652 1399 2708 Ergo
1417 2650 1599 2695 videtur
1621 2650 1746 2706 qued
1768 2650 1921 2695 Chris-

35 2717 112 2758 tus
131 2717 404 2770 potestatem
426 2727 559 2759 suam
582 2728 676 2760 non
698 2716 900 2772 potuerit
919 2714 1144 2758 ministris
1166 2712 1526 2758 communicare.
1711 2736 1717 2738 -

91 2775 179 2820 Sed
202 2779 361 2820 contra
379 2779 449 2821 est
476 2777 603 2834 quod
625 2789 765 2833 super
787 2776 902 2821 illud
926 2778 1071 2829 (Joan.
1095 2789 1125 2832 1,
1147 2777 1217 2830 31)
1242 2791 1251 2819 ε
1278 2780 1374 2831 qu
1402 2773 1651 2818 nesciebam
1673 2786 1789 2832 eum,
1810 2774 1922 2821 dicit

33 2837 321 2893 Augustinus
341 2837 493 2894 (tract.
523 2841 550 2883 5
576 2838 625 2882 in
644 2840 773 2883 Joan.
795 2843 903 2883 ante
925 2838 1083 2894 med),
1113 2837 1239 2895 quod
1264 2856 1284 2875 «
1307 2849 1402 2881 non
1426 2840 1616 2880 noverat
1642 2839 1919 2893 potestatem

33 2898 270 2956 baptismi,
303 2899 460 2957 ipsum
488 2901 735 2946 Dominum
765 2902 1050 2957 habiturum,
1086 2906 1133 2945 et
1155 2900 1244 2945 sibi
1267 2903 1573 2944 retenturum.
1597 2917 1618 2938 2»
1637 2900 1732 2944 Hoc
1763 2904 1920 2946 autem

35 2973 129 3005 non
144 2962 405 3018 ignorasset
427 2965 644 3017 loannes,
667 2963 707 3008 si
729 2963 832 3008 talis
852 2967 1058 3020 potestas
1076 2961 1478 3007 communicabilis
1499 2972 1596 3005 non
1614 2965 1752 3006 esset.
1772 2963 1921 3008 Potuit

34 3034 145 3078 ergo
162 3035 297 3067 suam
312 3027 588 3079 potestatem
613 3024 820 3069 Christus
838 3025 1064 3069 ministris
1086 3023 1447 3068 communicare.

57 3090 370 3152 'CONCLUSIQ
396 3113 444 3120 —
470 3092 561 3131 Non
586 3093 720 3142 potuit
746 3092 929 3132 Christus
965 3092 1219 3131 auctoritatis
1238 3095 1477 3143 potestatem
1498 3091 1695 3142 cuiquam
1719 3093 1918 3144 conferre,

33 3150 138 3185 Slcut
154 3156 226 3185 nec
243 3146 431 3186 divinam
450 3147 682 3195 essentiam,
702 3147 771 3186 sed
793 3146 1036 3186 excellentiae
1053 3151 1288 3198 potestatem
1308 3146 1442 3197 potuit
1466 3145 1671 3186 ministris
1692 3147 1778 3186 suis
1805 3160 1918 3188 com-

74 3255 117 3296 (ii
142 3256 351 3310 Affirmativc
376 3257 554 3298 respondet
577 3259 613 3293 S.
644 3259 768 3292 Doctor
797 3265 832 3292 et
854 3258 931 3291 huic
1059 3260 1101 3300 (2)
1130 3259 1204 3293 Alio
1231 3266 1344 3294 tamen
1378 3271 1476 3294 sensu
1502 3263 1536 3294 et
1566 3259 1632 3294 alia
1663 3261 1849 3302 occasione,
1884 3268 1917 3295 nt

34 3307 203 3357 sententiae
227 3304 442 3338 consentiunt
472 3306 702 3339 Bonaventura
714 3333 722 3344 ‚
746 3306 932 3339 Richardus
1015 3307 1141 3340 Filium
1161 3307 1319 3347 aequalem
1336 3308 1428 3341 Patri
1444 3314 1558 3343 contra
1576 3309 1707 3342 arianos
1721 3309 1915 3349 concludam

36 3362 68 3382 m
82 3352 172 3406 Sent.
191 3359 239 3393 lv,
255 3351 332 3385 dist.
345 3353 376 3392 5,
393 3353 602 3394 Dominicus,
613 3353 691 3388 dist.
704 3354 738 3396 1,
756 3355 931 3393 Caietanus
1015 3355 1094 3395 quia
1108 3355 1134 3388 si
1154 3367 1219 3388 non
1238 3356 1348 3395 potuit
1364 3368 1441 3389 eum
1456 3357 1551 3390 Pater
1569 3356 1727 3397 aequalem
1743 3368 1915 3396 generate.

35 3406 68 3432 et
84 3399 151 3439 uin,
169 3405 200 3433 et
218 3400 285 3435 haec
304 3406 353 3435 est
372 3401 598 3435 communior.
1015 3404 1190 3446 impotens
1203 3403 1285 3446 fuit;
1299 3405 1326 3437 si
1343 3403 1465 3445 noluit,
1482 3405 1645 3440 invidus.
