2170 3808
787 164 985 216 QUAEST.
1014 164 1196 218 XXXIX,
1227 163 1345 208 ART.
1374 164 1475 206 vlll.
1999 166 2081 209 333

198 245 322 303 quod
351 247 400 290 in
428 241 848 300 nostrobaptismo
878 243 1128 299 perficitur.
1165 242 1427 298 Baptismus
1465 246 1620 286 autem
1656 254 1748 298 quo
1784 242 2081 299 baptizantur

199 307 380 361 fideles,
405 309 698 351 consecratur
721 305 769 348 in
796 304 1086 349 invocatione
1108 307 1153 349 et
1173 304 1344 348 virtute
1377 303 1609 347 Trinitatis
1627 337 1639 358 ‚
1673 305 1933 349 secundum
1962 304 2081 350 illud

197 370 365 424 (Matth.
398 369 482 413 ult.
517 370 586 421 19)
608 381 619 410 ι
640 369 808 410 Euntes
831 367 979 410 docete
1002 378 1152 409 omnes
1182 369 1356 421 pentes,
1394 366 1681 422 baptizantes
1712 379 1783 408 eos
1819 368 1869 408 in
1901 370 2079 410 nomine

200 434 366 488 Patris,
375 434 417 474 et
427 430 550 484 Filii,
567 431 609 472 et
618 430 817 484 Spiritiis
831 431 994 472 sancti.
1008 427 1173 472 Etideo
1185 443 1204 464 «
1215 426 1263 470 in
1273 427 1504 483 baptismo
1515 428 1694 483 Christi,
1706 434 1758 471 ut
1774 428 2079 486 Hieronymus

201 491 309 537 dicit
328 493 448 547 (sup.
471 489 586 535 illud
614 490 768 535 Matth.
787 504 832 534 111
854 505 865 534 ε
887 494 947 534 Et
978 502 1077 534 ecce
1096 492 1262 544 aperti,
1285 491 1414 543 etc),
1440 490 1714 546 mysterium
1736 490 1966 534 'trinitatis
2003 491 2079 535 de-

200 557 498 597 monstratur.
528 550 750 596 Dominus
771 551 895 596 enim
918 551 967 595 in
998 555 1164 595 natura
1186 550 1388 594 humana
1413 550 1670 606 baptizatur
1692 566 1702 595 ε
1727 552 1922 608 Spu-itus
1942 563 2078 596 sanc-

202 619 276 659 tus
299 614 534 659 descendit
561 613 609 657 in
637 613 790 669 specie
807 612 1034 658 columbae
1057 626 1070 659 t
1096 611 1241 655 Patris
1258 623 1348 656 vox
1371 614 1430 666 (1)
1456 613 1771 656 testimonium
1795 614 1904 658 Filio
1929 614 2079 670 perhi-

200 675 350 721 bentis
368 676 566 721 auditur.
590 693 610 714 »
638 678 691 719 Et
709 675 814 720 ideo
836 675 1120 719 conveniens
1142 673 1228 718 fuit
1247 678 1297 718 ut
1311 673 1359 717 in
1377 674 1454 718 illo
1473 673 1706 730 baptismo
1726 676 1854 719 Pater
1875 675 2076 720 declara-

199 742 326 781 retur
347 737 393 781 in
418 748 547 781 voce.

252 798 318 844 Ad
333 801 531 855 primum
554 809 663 854 ergo
692 798 966 850 dicendum,
1002 795 1127 852 quod
1160 797 1320 842 missio
1353 796 1548 841 visibilis
1581 797 1708 841 addit
1733 797 1907 854 aliquid
1937 810 2079 855 super

198 860 527 917 apparitionem
546 894 558 917 ,
592 861 766 915 scilicet
800 859 1119 905 auctoritatem
1151 859 1391 905 mittentis.
1423 861 1476 903 Et
1502 859 1606 904 ideo
1636 859 1775 904 Filius
1806 864 1853 904 et
1885 860 2078 916 Spiritus

199 925 404 976 sanctuS‚
425 922 502 979 qui
527 922 715 966 suntab
747 922 860 978 alio,
884 921 1104 966 dicuntur
1125 921 1245 966 mitti
1269 920 1525 975 visibiliter,
1560 925 1605 964 et
1637 933 1730 964 non
1765 920 1916 965 solum
1938 933 2078 978 appa-

197 993 327 1039 rere3
353 985 485 1027 Pater
509 988 678 1037 autem,
704 983 783 1041 qui
807 987 902 1027 no'n
931 986 1002 1034 est
1022 981 1081 1027 ab
1112 981 1228 1040 alio,
1255 994 1476 1040 apparere
1500 982 1688 1039 quidem
1717 986 1894 1039 potest,
1923 982 2079 1027 visibi-

198 1042 299 1089 liter
316 1049 471 1089 autem
490 1045 610 1089 mitti
633 1057 726 1089 non
749 1049 918 1102 potest.

251 1104 318 1150 Ad
337 1108 577 1150 secundum
593 1106 856 1163 dicendum,
874 1106 997 1163 quod
1014 1108 1145 1151 Pater
1163 1118 1257 1150 non
1279 1107 1625 1152 demonstratur
1639 1107 1686 1150 in
1702 1118 1830 1165 voce,
1854 1105 1943 1150 nisi
1957 1105 2079 1151 sicut

200 1171 359 1212 auctor
377 1169 517 1225 vocis,
539 1169 613 1213 vel
634 1169 830 1224 loquens
850 1181 932 1225 per
950 1180 1111 1212 vocem
1128 1180 1139 1210 ε
1159 1174 1204 1212 et
1219 1169 1328 1225 quia
1343 1169 1580 1225 proprium
1600 1173 1670 1213 est
1686 1168 1803 1212 Patri
1823 1168 2078 1224 producere

199 1231 412 1288 Verbum,
431 1231 554 1288 quod
576 1235 646 1275 est
664 1230 846 1287 dicere,
870 1231 943 1276 vel
967 1231 1116 1287 loqui,
1148 1230 1253 1275 ideo
1276 1231 1714 1275 convenientissime
1740 1233 1870 1275 Pater
1898 1243 1980 1287 per
2001 1243 2079 1275 vo-

197 1303 298 1336 cem
321 1293 642 1338 manifestatus
665 1297 750 1349 est,
771 1305 876 1349 quae
895 1292 1125 1348 significat
1147 1293 1345 1337 Verbum
1367 1295 1450 1349 (2)·‚
1471 1293 1596 1338 unde
1613 1300 1658 1337 et
1681 1295 1781 1349 ipsa
1796 1305 1886 1336 vox
1905 1293 1932 1336 a
1947 1295 2077 1338 Patre

197 1353 365 1398 emissa
382 1354 649 1398 filiationem
668 1354 801 1398 Verbi
824 1359 1128 1411 protestatum
1153 1359 1198 1399 et
1214 1354 1332 1398 sicut
1351 1354 1530 1410 species
1549 1354 1801 1412 columbae,
1823 1353 1871 1397 in
1892 1366 1984 1410 qua
2002 1354 2078 1400 de-

196 1419 566 1474 monstratusest
584 1415 777 1472 Spiritus
801 1422 992 1461 sanctus
1007 1452 1018 1470 ‚
1042 1429 1135 1461 non
1157 1421 1229 1461 est
1258 1418 1359 1472 ipsa
1384 1420 1548 1460 natura
1571 1417 1764 1473 Spiritus
1789 1416 1933 1460 sancti
1950 1449 1964 1472 ‚
1989 1429 2078 1461 nec

196 1477 371 1533 species
389 1477 605 1536 hominis,
628 1477 677 1521 in
699 1489 791 1534 qua
810 1478 1157 1523 demonstratus
1181 1483 1253 1522 est
1275 1478 1374 1534 ipse
1392 1478 1534 1523 Filius
1548 1512 1560 1536 7
1582 1483 1653 1522 est
1671 1479 1773 1534 ipsa
1796 1482 1960 1522 natura
1980 1478 2077 1538 Filii

196 1537 271 1581 Dei
294 1552 304 1581 z
325 1538 388 1582 ita
402 1538 538 1582 etiam
555 1539 655 1594 ipsa
669 1551 761 1583 vox
780 1551 874 1583 non
891 1539 1088 1596 pertinet
1103 1539 1162 1583 ad
1181 1544 1396 1583 naturam
1415 1539 1549 1583 Verbi
1568 1531 1642 1583 vel
1662 1538 1807 1583 Patris
1827 1538 2074 1596 loquentis.

176 1599 323 1644 'Unde
345 1601 487 1653 (Joan.
520 1614 562 1654 v,
587 1603 657 1654 37)
687 1600 906 1645 Dominus
939 1601 1085 1645 dicit:
1110 1604 1260 1656 Neque
1280 1613 1431 1643 vocem
1455 1602 1574 1657 ejzcs,
1609 1600 1655 1645 id
1686 1606 1774 1655 εει,
1806 1601 1967 1656 Patris,
1990 1615 2078 1645 mz-

196 1674 329 1715 quam
347 1663 552 1716 audistiS,
583 1675 719 1717 neque
749 1666 939 1719 speciem
957 1666 1053 1720 ejus
1077 1663 1272 1707 vidistis.
1296 1665 1379 1707 Per
1399 1663 1548 1720 quod,
1569 1663 1689 1707 sicut
1721 1664 2077 1719 Chrysostomus

198 1721 304 1766 dicit
322 1724 476 1779 (super
495 1725 622 1767 Ioan.
643 1724 768 1768 hom.
802 1738 950 1780 xxxix,
984 1724 1010 1770 a
1032 1724 1191 1782 med.)‚
1225 1742 1245 1762 α
1265 1724 1490 1782 paulatim
1524 1736 1604 1769 eos
1626 1725 1675 1769 in
1708 1725 2077 1782 philosophicum

197 1785 363 1840 dogma
382 1787 438 1839 (3)
458 1786 700 1840 inducens,
725 1787 927 1832 ostendit
948 1787 1167 1842 quoniam
1193 1798 1345 1843 neque
1365 1799 1454 1830 vox
1476 1786 1599 1831 circa
1628 1790 1771 1830 Deum
1802 1791 1898 1841 est,
1924 1799 2077 1844 neque

197 1846 389 1902 species,
409 1847 491 1891 sed
510 1848 720 1904 superior
737 1852 808 1893 est
826 1854 870 1893 et
887 1848 1066 1905 figuris,
1083 1856 1129 1893 et
1142 1849 1340 1906 loquelis
1360 1848 1544 1893 talibus.
1567 1868 1588 1888 »
1607 1851 1661 1893 Et
1679 1849 1799 1893 sicut
1813 1849 2076 1895 columbam

196 1911 242 1952 et
262 1908 399 1952 etiam
431 1909 683 1954 humanam
715 1914 930 1955 naturam
962 1910 989 1954 a
1016 1911 1192 1955 Christo
1223 1916 1512 1968 assumptam
1537 1915 1632 1956 tota
1666 1911 1860 1956 'l'rinitas
1889 1917 2076 1969 operata

196 1973 281 2024 est‚
303 1969 365 2015 ita
387 1970 524 2014 etiam
547 1976 591 2016 et
618 1971 941 2017 formationem
971 1973 1127 2029 vocis3
1152 1973 1235 2018 sed
1257 1977 1409 2017 tamen
1439 1974 1487 2018 in
1508 1986 1623 2018 voce
1657 1973 1917 2018 declaratur
1947 1975 2076 2020 solus

195 2031 325 2074 Pater
340 2036 391 2074 ut
412 2031 635 2089 loquens3
659 2033 778 2078 sicut
795 2039 1007 2078 naturam
1025 2034 1278 2078 humanam
1295 2035 1423 2080 solus
1443 2035 1583 2080 Filius
1599 2036 1871 2091 assumpsit,
1892 2039 1938 2080 et
1955 2036 2076 2082 sicut

194 2090 242 2134 in
261 2091 474 2135 columba
493 2093 619 2137 solus
639 2094 833 2150 Spiritus
859 2100 1051 2140 sanctus
1070 2095 1414 2141 demonstratus
1432 2101 1521 2154 est,
1542 2103 1595 2141 ut
1615 2102 1742 2153 patet
1764 2110 1846 2153 per
1864 2099 2076 2154 Augusti-

195 2165 308 2197 num
332 2152 654 2208 (Fulgentium)
674 2155 738 2208 (in
757 2155 836 2198 lib.
859 2159 919 2200 De
939 2153 1030 2200 fide
1049 2156 1106 2200 ad
1128 2159 1329 2213 Petrum,
1350 2170 1451 2214 cap.
1473 2161 1533 2211 9).

248 2214 313 2258 Ad
335 2218 514 2258 tertium
532 2216 798 2276 dicendum,
817 2218 946 2273 quod
961 2218 1178 2263 divinitas
1196 2219 1360 2264 Christi
1382 2233 1476 2264 non
1497 2219 1655 2264 debuit
1671 2220 1889 2264 omnibus
1912 2220 1958 2265 in
1974 2221 2074 2280 eJus

195 2275 429 2320 nativitate
455 2277 753 2340 manifestam,
778 2279 861 2325 sed
883 2280 1032 2336 magis
1061 2280 1283 2325 occultari
1305 2281 1353 2324 in
1386 2282 1644 2326 defectibus
1665 2281 1889 2326 infantilis
1908 2284 2071 2330 aetatis.

195 2337 281 2382 Sed
297 2338 481 2395 quando
498 2339 596 2396 J'am
619 2341 831 2396 pervenit
853 2342 912 2386 ad
930 2342 1180 2399 perfectam
1200 2347 1402 2399 aetatem,
1428 2343 1474 2387 in
1498 2356 1590 2400 qua
1611 2343 1850 2399 oportebat
1870 2356 1978 2390 eum
1998 2346 2074 2391 do·

193 2412 297 2444 cere
318 2405 365 2445 et
386 2401 608 2445 miracula
627 2401 775 2447 facere
793 2409 838 2448 et
862 2404 1075 2449 homines
1098 2405 1156 2448 ad
1176 2417 1227 2449 se
1249 2411 1546 2459 convertere,
1573 2410 1683 2450 tunc
1706 2406 1967 2451 testimonio
1995 2410 2075 2453 Pa·

195 2460 276 2505 tris
297 2466 395 2505 erat
416 2461 518 2518 ejus
550 2462 769 2514 divinitas
799 2465 1156 2522 manifestanda,
1180 2471 1230 2510 ut
1255 2467 1358 2523 eJus
1389 2467 1599 2512 doctrina
1621 2467 1881 2512 credibilior
1906 2469 2034 2514 fieret
2056 2493 2070 2523 :

193 2522 315 2567 unde
336 2528 383 2568 et
402 2523 502 2579 ipse
520 2524 630 2569 dicit
652 2528 794 2579 (Joan.
815 2541 859 2584 v,
881 2531 950 2582 37)
969 2541 980 2571 ε
1003 2532 1090 2584 Qui
1107 2531 1231 2572 misit
1251 2543 1320 2572 me
1350 2533 1506 2587 Pater,
1538 2533 1632 2586 ipse
1650 2533 1949 2574 testimonium
1963 2545 2073 2588 per-

193 2584 310 2628 hibet
325 2585 379 2627 de
396 2598 478 2629 me.
496 2589 547 2630 Et
565 2587 650 2632 hoc
671 2590 902 2645 praecipue
924 2589 972 2633 in
994 2590 1243 2646 baptismo,
1263 2604 1347 2647 per
1366 2603 1505 2648 quem
1530 2592 1741 2636 homines
1762 2599 2073 2639 renascuntur

194 2645 241 2690 in
262 2645 379 2690 filios
399 2648 476 2691 Dei
496 2649 748 2705 adoptivos.
773 2652 871 2695 Filii
898 2656 1054 2696 aulem
1076 2653 1150 2696 Dei
1171 2653 1372 2709 adoptivi
1405 2653 1714 2697 instituuntur
1736 2654 1795 2698 ad
1817 2655 2072 2700 similitudi-

195 2718 300 2750 nem
332 2707 411 2751 filii
433 2711 668 2765 naturalis,
694 2714 950 2758 secundum
974 2713 1087 2758 illud
1107 2716 1251 2766 (Rom.
1286 2727 1375 2768 vm,
1398 2716 1496 2766 29ss
1525 2719 1640 2770 Quos
1660 2717 1903 2772 prmo-ivit,
1930 2716 2010 2759 lios
2028 2721 2072 2761 et

193 2770 530 2822 praedestinavit
546 2776 791 2828 conformes
807 2778 905 2831 fieri
926 2779 1138 2832 imaqinis
1161 2777 1276 2819 Filii
1303 2779 1385 2820 sui.
1416 2776 1543 2820 Unde
1567 2775 1763 2820 Hilarius
1782 2776 1893 2821 dicit
1911 2779 2071 2834 (Super

195 2829 344 2873 Matth.
365 2843 468 2875 can,
492 2835 536 2888 1,
560 2833 609 2877 in
633 2835 751 2892 fin.),
775 2837 901 2893 quod
932 2855 952 2875 «
977 2850 1118 2894 super
1135 2839 1290 2881 Jesum
1314 2837 1592 2894 baptizatum
1617 2838 1856 2883 descendit
1878 2839 2071 2895 Spiritus

197 2894 402 2946 sanctus,
425 2895 470 2935 et
487 2905 575 2937 vox
615 2896 760 2940 Patris
793 2898 950 2943 audita
976 2904 1045 2942 est
1067 2898 1288 2942 dicentis:
1314 2901 1400 2941 Hic
1416 2902 1479 2941 est
1499 2900 1619 2952 filius
1634 2912 1757 2942 meus
1777 2900 1997 2956 dilectu&
2017 2906 2071 2948 ut

198 2960 259 2993 ex
275 2950 348 2995 his
367 2963 470 3007 quae
489 2957 931 3004 consummabantur
959 2960 1007 3004 in
1028 2960 1204 3004 Christo
1219 2992 1232 3016 ,
1261 2971 1649 3015 cognosceremus
1671 2965 1775 3017 post
1797 2973 1928 3017 aquae
1950 2962 2071 3008 lava-

235 3059 280 3103 (1)
302 3059 378 3095 Hoc
404 3074 477 3103 vox,
500 3063 562 3098 etsi
582 3064 601 3098 ὲ
616 3068 688 3100 tota
709 3067 878 3105 Trinitate
899 3070 1004 3105 fuerit
1020 3070 1086 3106 for·
1168 3070 1205 3104 in
1228 3082 1321 3111 voce,
1337 3073 1416 3105 sunt
1439 3082 1555 3106 earum
1572 3075 1738 3112 quaesunt
1756 3071 1792 3105 in
1812 3071 1934 3106 animae
1949 3073 2070 3114 passio·

193 3110 296 3162 {¹¹⁸¹‚flg
324 3109 364 3143 eo
391 3110 481 3151 quod
506 3123 607 3152 opera
633 3112 809 3149 Trinitatis
830 3116 872 3151 ad
898 3123 991 3153 extra
1018 3119 1085 3153 sint
1168 3131 1250 3152 num
1270 3122 1369 3160 notae,
1385 3118 1433 3153 ait
1463 3119 1688 3160 Philosophus
1712 3119 1748 3153 in
1767 3119 1857 3154 libro
1882 3120 1935 3155 De
1955 3123 2068 3157 inter·

193 3155 353 3197 indivisa,
379 3156 506 3192 dicitur
530 3164 642 3195 tamen
671 3173 740 3197 esse
766 3163 874 3198 Patris
902 3166 1086 3201 secundum
1168 3168 1389 3211 pretatione.

192 3204 522 3259 appropriationem;
557 3207 655 3251 quia,
686 3214 724 3244 ut
748 3210 988 3248 animadvertit
1013 3213 1086 3253 Syl-
1209 3216 1253 3255 (5)
1280 3216 1354 3250 Non
1384 3228 1423 3251 eo
1455 3224 1554 3251 ‘sensu
1581 3229 1649 3264 quo
1675 3229 1764 3252 nunc
1799 3216 2067 3259 philosophicum

192 3261 279 3292 vius,
299 3263 347 3286 slc
372 3252 513 3288 formata
536 3260 586 3290 est
612 3262 650 3291 ut
671 3258 875 3298 exprimeret
899 3261 1006 3295 solum
1027 3262 1086 3295 Pa·
1168 3268 1350 3304 usurpatur
1363 3291 1373 3306 ‚
1391 3264 1450 3299 sed
1468 3266 1691 3306 Chrysostomi
1717 3278 1776 3300 usu
1794 3265 1834 3300 ad
1849 3265 1995 3307 aliquem
2017 3277 2067 3299 su·

192 3302 279 3333 trem
295 3299 511 3358 loquentem3
536 3308 575 3338 ut
590 3306 713 3346 species
732 3307 895 3342 columbae
915 3309 1012 3342 missa
1035 3312 1085 3343 est
1168 3311 1307 3346 blimem
1331 3324 1462 3359 sensum
1493 3313 1757 3357 designandum,
1792 3313 1899 3355 qualis
1930 3317 1978 3348 est
2008 3312 2067 3347 ille

193 3347 232 3382 ad
266 3348 368 3386 solius
397 3351 542 3391 Spu-itus
565 3355 671 3389 sancti
694 3357 1032 3396 reproesentationem.
1169 3370 1267 3400 quem
1280 3359 1334 3394 hic
1355 3360 1524 3403 exprimit.

231 3395 371 3449 (2)(Sive
385 3398 515 3438 signum
539 3407 587 3436 est
600 3402 703 3437 Verbi
716 3429 726 3441 ,
742 3408 841 3443 prout
857 3416 895 3439 ea
914 3417 984 3445 ‹111oe
1005 3408 1083 3440 sunt
