2170 3808
754 191 950 245 QUAEST.
981 191 1103 246 LVII,
1134 191 1254 234 ART.
1283 190 1334 234 lv
1361 189 1427 234 ΕΤ
1454 189 1505 235 V.
1986 190 2070 234 483
2128 182 2130 185 ¹

187 275 247 323 de
259 274 532 334 corporibus
553 272 602 318 in
621 272 734 318 solis
758 273 1049 318 naturalibus
1069 272 1350 328 constitutiS,
1369 276 1423 317 ut
1439 283 1525 329 per
1544 270 1843 329 probationes
1860 275 2069 328 apparet.

241 337 309 384 Ad
331 339 512 382 tertium
533 334 782 381 dicendum
799 369 813 393 ,
837 335 961 393 quod
989 333 1203 392 quamvis
1225 333 1282 379 de
1310 338 1476 380 natura
1501 334 1706 392 corporis
1739 345 1834 379 non
1858 332 1919 379 sit
1942 332 2069 390 qued

186 398 334 456 possit
352 410 456 445 esse
472 398 522 443 in
537 397 702 443 eodem
722 397 825 442 loco
847 409 955 442 cum
975 396 1063 440 alio
1081 407 1272 453 corpore
1288 410 1301 453 3
1323 400 1479 441 tamen
1499 400 1652 453 potest
1672 397 1759 441 hoc
1776 399 1898 441 Deus
1915 394 2069 441 facere

187 472 272 517 per
287 459 581 515 miraculum,
602 458 728 517 quod
743 457 792 503 in
812 459 975 504 eodem
997 458 1100 503 loco
1117 457 1265 514 possit
1278 468 1383 502 esse
1402 457 1543 502 simul
1557 470 1665 503 cum
1681 458 1770 502 alio
1783 469 1975 515 corpore
1988 458 2049 513 (1)

187 522 308 567 sicut
328 524 377 568 et
397 520 522 577 fecit,
543 523 598 565 ut
613 531 783 576 corpus
804 519 967 565 Christi
990 519 1047 565 de
1067 519 1226 564 clauso
1243 522 1374 563 utero
1391 520 1440 563 Β.
1460 517 1657 575 Virginis
1682 518 1854 577 exiret,
1877 522 1924 564 et
1941 530 2006 576 qu

187 582 375 630 intravit
385 581 547 641 januis
567 581 741 627 clausis
759 581 819 627 ad
838 581 1107 638 discipu103‚
1130 579 1251 626 sicut
1272 579 1383 625 dicit
1397 580 1446 625 B.
1470 579 1714 636 Gregorius
1733 582 1875 635 (hom.
1897 594 1995 626 xxv1
2015 579 2067 626 in

186 646 360 702 Evang.
390 643 419 689 ὲ
437 643 623 701 princ).
644 644 818 701 Corpus
840 654 950 699 ergo
973 642 1133 687 Chr1sti
1160 641 1300 687 simul
1323 645 1478 699 potest
1500 653 1604 687 esse
1624 654 1732 686 cum
1761 642 1850 687 alio
1872 654 2067 701 corporo

184 703 234 749 in
256 704 420 751 eodem
435 705 555 761 lonc,
575 717 670 750 non
687 717 745 750 ex
764 705 1041 762 proprietate
1063 702 1270 761 corporis
1285 738 1296 758 ,
1316 702 1400 749 sed
1418 714 1501 760 per
1522 701 1742 748 virtutem
1761 703 1966 749 divinam
1983 715 2069 750 as-

187 764 428 812 sistentem
450 770 497 812 et
515 766 606 812 hoc
624 770 910 824 operantem.

239 826 306 872 Ad
318 830 533 884 quartum
547 827 812 884 dicendum,
828 827 954 885 quod
964 826 1116 873 nubes
1131 826 1207 871 illa
1222 839 1317 872 non
1333 825 1529 883 praebuit
1540 825 1873 872 adminiculum
1887 826 2066 873 ChrIsto

186 888 451 935 ascendenti
472 901 556 947 per
574 889 767 936 modum
787 889 1010 947 vehiculi,
1030 893 1083 935 ut
1100 888 1346 946 Gregorius
1367 887 1478 934 ibid.
1505 887 1636 946 dicit;
1670 888 1754 934 sed
1775 886 1988 946 apparuit
2015 887 2065 945 in

188 950 375 1008 signum
396 950 667 1011 divinitatis,
696 953 955 999 secundum
976 951 1102 1010 quod
1125 951 1272 1008 gloria
1295 950 1374 997 Dei
1399 950 1538 997 lsrael
1558 951 1808 1009 apparebat
1833 961 1974 1007 super
1996 954 2065 995 ta-

189 1013 490 1061 bernaculum
508 1015 558 1060 in
578 1015 703 1062 nube
719 1015 877 1072 (Exod.
902 1020 1051 1069 xxxu).

241 1074 309 1121 Ad
329 1078 534 1133 quintum
552 1077 818 1134 dicendum,
842 1076 967 1135 quod
987 1088 1158 1133 corpus
1179 1075 1435 1138 glorIosuxn
1463 1087 1557 1120 non
1583 1074 1723 1120 habet
1740 1086 1799 1120 ex
1826 1073 2066 1132 prinpriis

188 1148 286 1183 suae
302 1142 482 1184 naturae
500 1139 623 1197 quod
651 1139 798 1196 possit
816 1139 865 1184 in
885 1139 1005 1184 coelo
1022 1142 1103 1183 aut
1121 1149 1263 1194 supra
1283 1137 1457 1182 coelum
1474 1148 1609 1182 esse:
1629 1136 1712 1182 sed
1736 1135 1877 1182 habet
1894 1136 1983 1182 hoc
2005 1149 2066 1182 ex

189 1197 342 1244 anima
358 1199 508 1258 beata,
528 1213 588 1246 ex
610 1213 702 1258 qua
722 1199 884 1257 recipit
901 1198 1120 1257 gloriam3
1139 1202 1186 1243 et
1204 1198 1326 1244 sicut
1346 1203 1501 1245 motus
1520 1197 1707 1255 gloriosi
1733 1197 1940 1254 corporis
1961 1210 2065 1243 sur-

187 1259 292 1306 sum
313 1273 406 1306 non
426 1266 499 1306 est
512 1261 757 1318 violentuS,
780 1261 844 1305 ita
862 1273 949 1306 nec
966 1260 1099 1318 quies
1117 1264 1189 1305 est
1208 1259 1435 1317 violenta3
1454 1259 1581 1305 unde
1598 1258 1712 1304 nihil
1725 1259 1937 1317 prohibet
1959 1270 2065 1304 eam

184 1331 291 1366 esse
309 1322 656 1379 sempiternam.
1290 1342 1292 1344 ·

187 1383 529 1429 ARTICULUS
548 1386 608 1429 V.
627 1408 681 1416 —-
701 1397 838 1428 unum
866 1396 1021 1428 conrus
1044 1395 1203 1427 cums‘n
1220 1395 1476 1427 Ascsnnsm'r
1499 1395 1630 1427 summ
1651 1395 1793 1427 onum
1821 1394 2063 1427 caunum

981 1458 1263 1490 SPJRITUALEM.

348 1513 396 1547 De
423 1513 475 1554 his
490 1513 594 1549 etiam
608 1514 717 1556 infra,
732 1518 847 1557 quast.
866 1522 967 1556 tvm.
985 1518 1051 1549 art.
1065 1513 1088 1548 5
1101 1524 1196 1555 corp.
1209 1518 1244 1549 et
1260 1512 1348 1549 Psal.
1369 1522 1434 1549 vul
1449 1513 1510 1549 fin.
1527 1517 1562 1549 et
1574 1512 1663 1555 Eph.
1678 1521 1704 1554 1,
1723 1512 1799 1548 lect.
1818 1513 1838 1548 7
1856 1512 1918 1548 fin.

241 1567 308 1613 Ad
323 1567 538 1624 quintum
561 1567 628 1613 sic
647 1568 929 1626 proceditur.
956 1571 1000 1613 1.
1023 1567 1210 1613 Videtur
1238 1567 1365 1625 quod
1390 1579 1559 1625 corpus
1586 1566 1750 1613 Christi
1772 1579 1867 1612 non
1896 1578 2063 1612 ascen-

187 1629 305 1676 derit
320 1642 459 1687 super
475 1641 661 1675 omnem
683 1635 942 1676 creaturam
958 1629 1260 1688 spiritualem.
1276 1632 1442 1675 Eorum
1461 1629 1588 1676 enim
1609 1642 1715 1687 quae
1732 1642 1827 1674 non
1843 1629 2064 1675 dicuntur

187 1690 445 1737 secundum
462 1703 604 1736 unam
623 1691 873 1748 rationem,
894 1703 989 1737 non
1009 1696 1160 1749 potest
1181 1692 1510 1737 convenienter
1533 1691 1631 1736 fieri
1653 1691 1950 1748 comparatio.
1973 1690 2064 1737 Sed

186 1753 319 1800 locus
334 1765 429 1800 non
449 1752 614 1800 eadem
632 1754 811 1801 ratione
832 1754 1097 1800 attribuitur
1123 1754 1445 1813 corporalibus
1469 1759 1517 1801 et
1536 1753 1855 1811 spiritualibus
1875 1757 2063 1799 creatu-

186 1814 267 1872 riS,
285 1819 340 1862 ut
356 1819 484 1874 patet
497 1827 556 1861 ex
571 1815 646 1862 his
663 1829 768 1875 quae
786 1817 908 1863 dicta
926 1821 1038 1863 sunt
1060 1819 1194 1874 (part.
1219 1820 1251 1874 1,
1276 1821 1441 1875 quaest.
1464 1819 1571 1871 uu).
1593 1819 1713 1873 Ergo
1729 1816 1914 1862 videtur
1937 1815 2063 1873 quod

187 1889 281 1984 noan
299 1876 449 1935 possit
473 1875 564 1923 dici
587 1890 757 1936 corpus
784 1878 949 1925 Christi
973 1879 1241 1926 ascendisse
1266 1891 1407 1937 super
1429 1889 1616 1924 omnem
1645 1882 1903 1924 creaturam
1925 1877 2062 1934 spiri-

186 1942 234 1984 tu
280 1949 374 1984 em.

239 2001 282 2045 2.
296 2001 536 2057 Praeterea,
558 2000 846 2057 Augustinus
864 2001 975 2048 dicit
988 2004 1067 2058 (De
1080 2015 1190 2048 vera
1208 2002 1340 2059 relig.
1357 2015 1460 2058 cap.
1480 2004 1550 2053 55,
1566 2000 1806 2057 aliquanto
1824 1999 1847 2047 a
1874 2000 2059 2059 princ),

184 2061 310 2121 quod
329 2079 351 2101 «
370 2060 498 2107 omni
522 2063 702 2120 corpori
721 2063 913 2121 spiritus
932 2065 1190 2122 praefertur.
1220 2084 1241 2105 »
1275 2065 1363 2110 Sed
1380 2061 1593 2108 nobiliori
1620 2062 1687 2107 rei
1708 2062 1952 2108 sublimior
1975 2063 2062 2108 de-

183 2122 321 2169 betur
338 2123 487 2169 locus‚
507 2126 627 2181 Ergo
642 2124 824 2171 videtur
841 2126 968 2184 quod
990 2127 1197 2172 Christus
1213 2139 1308 2182 non
1328 2124 1586 2170 ascenderit
1604 2136 1746 2181 super
1764 2136 1951 2170 omnem
1969 2124 2062 2182 spi·

184 2185 398 2232 ritualem
413 2190 688 2231 creaturam.

237 2249 281 2292 3.
310 2249 554 2305 Praeterea,
578 2248 627 2293 in
654 2248 782 2294 omni
805 2250 907 2295 loco
927 2254 999 2295 est
1017 2249 1204 2306 aliquod
1229 2261 1420 2307 corpuS,
1441 2251 1549 2293 cum
1568 2247 1681 2293 nihil
1703 2248 1764 2294 sit
1787 2260 1988 2294 vacuum
2009 2248 2060 2294 in

186 2311 367 2354 natura.
399 2307 444 2353 Si
471 2319 583 2365 ergo
613 2309 795 2354 nullum
820 2322 988 2367 corpus
1011 2311 1189 2355 obtinet
1213 2310 1422 2355 altiorem
1447 2309 1599 2354 locum
1627 2309 1768 2367 quam
1793 2309 1984 2367 spiritus
2009 2310 2060 2355 in

183 2370 346 2416 ordine
375 2371 654 2416 naturalium
673 2384 938 2429 corporum,
963 2373 1121 2418 nullus
1142 2373 1274 2418 locus
1295 2371 1384 2418 erit
1405 2384 1546 2429 super
1565 2384 1752 2418 omnem
1774 2372 2079 2430 spiritualem

182 2435 456 2478 creaturam.
484 2433 583 2477 Non
603 2443 714 2489 ergo
736 2445 906 2491 corpus
926 2434 1088 2479 Christi
1110 2434 1261 2492 potuit
1279 2434 1533 2480 ascendere
1553 2446 1695 2492 super
1716 2447 1903 2480 omnem
1924 2435 2060 2492 spiri-

183 2492 354 2540 tualem
378 2497 655 2540 creaturam.

237 2557 326 2604 Sed
339 2561 497 2602 contra
514 2562 586 2603 est
601 2557 726 2615 quod
743 2557 911 2604 dicitur
927 2559 1109 2617 (Ephes.
1130 2573 1161 2614 1,
1181 2562 1280 2615 21):
1305 2562 1549 2605 Constituit
1570 2560 1702 2604 illum
1719 2574 1863 2616 supra
1886 2574 2059 2605 omnem

181 2620 512 2676 principatum,
535 2624 579 2663 et
595 2623 861 2676 potestatem
875 2654 889 2676 ‚
909 2624 952 2665 et
972 2635 1115 2678 supra
1135 2634 1263 2666 omne
1289 2635 1450 2666 nomen
1478 2624 1598 2678 quod
1617 2625 1875 2666 nominatur
1895 2626 1989 2666 sive
2009 2626 2060 2666 in

182 2680 268 2724 Ιιοο
285 2680 466 2737 saecula,
489 2682 582 2724 sive
604 2684 653 2724 in
674 2684 830 2735 futuro
846 2683 922 2737 (2).

229 2746 517 2787 CONCLUSIO.
533 2769 582 2777 —
599 2748 845 2800 Quanquam
858 2749 1010 2791 Christi
1028 2761 1174 2801 corpus
1187 2750 1414 2791 secundum
1432 2762 1519 2790 suae
1541 2755 1696 2791 naturae
1710 2750 1985 2792 conditionem
2003 2757 2058 2794 sit

182 2801 294 2842 infra
314 2801 565 2843 substantias
594 2803 840 2854 spirituales,
867 2806 917 2844 ut
935 2805 1204 2856 conjunctum
1229 2808 1366 2845 tamen
1394 2806 1476 2846 Deo
1499 2805 1544 2845 in
1575 2817 1757 2857 persona,
1783 2810 1842 2846 est
1862 2807 2060 2848 omnibus

181 2855 467 2952 ‘spiritualibus
491 2857 732 2899 substantiis
759 2858 1022 2900 excellentius
1047 2873 1057 2899 ε
1082 2859 1253 2912 ideoque
1279 2860 1417 2901 decuit
1440 2864 1486 2900 ut
1503 2871 1627 2912 super
1642 2870 1807 2901 omnem
1832 2864 2058 2903 creaturam

219 2922 334 2952 &vate
353 2923 418 2952 ur.

236 2974 507 3031 Respondeo
530 2973 778 3020 dicendum
799 2975 923 3034 quod
944 2976 1074 3022 tanto
1093 2975 1229 3021 alicui
1250 2976 1317 3022 rei
1340 2975 1536 3022 debetur
1557 2976 1690 3022 altior
1714 2976 1861 3035 locus,
1881 2979 2058 3036 quanto

180 3039 252 3080 est
270 3035 490 3093 nobilior3
514 3036 612 3082 sive
630 3036 854 3083 debeatur
873 3038 917 3084 ei
933 3038 1065 3083 locus
1082 3051 1164 3095 per
1179 3039 1370 3084 modum
1389 3042 1632 3084 contactus
1649 3040 1910 3098 corporalis,
1936 3041 2057 3087 sicut

180 3096 478 3154 corporibus3
504 3097 600 3143 sive
622 3110 706 3156 per
717 3099 908 3145 modum
926 3104 1166 3145 contactus
1185 3100 1451 3158 spiritualiS‚
1472 3101 1593 3147 sicut
1614 3101 1932 3159 spiritualibus
1949 3102 2057 3148 sub-

181 3158 385 3215 stantiis3
409 3159 575 3205 exinde
608 3161 734 3205 enim
768 3161 1082 3218 spiritualibus
1104 3162 1376 3208 substantiis
1401 3163 1595 3208 debetur
1616 3165 1874 3211 secundum
1897 3177 2057 3222 quam·

220 3282 265 3324 (Ι)
302 3283 354 3318 Ita
384 3286 621 3321 communiter.
653 3286 733 3322 cod.
763 3286 894 3329 Aleon..
928 3288 1075 3332 possim
1159 3289 1253 3332 quod
1270 3292 1448 3333 estsuper
1466 3290 2055 3331 omnenomen.(Hebr.1):Sedet

180 3341 253 3367 esse
268 3330 341 3365 duo
359 3341 529 3375 corpora.
1157 3337 1207 3371 ad
1235 3336 1425 3371 dexteram
1450 3338 1655 3380 majestatis
1683 3340 1724 3372 in
1749 3339 1919 3378 excelsis,
1951 3339 2054 3374 tante}

219 3378 262 3419 (2)
287 3379 421 3414 Dicitur
445 3393 576 3421 quoquo
597 3382 698 3422 (Phil.
727 3386 761 3421 11)
779 3383 962 3426 :Propter
977 3383 1073 3426 quod
1157 3384 1288 3418 melior
1307 3384 1449 3427 anqelts
1473 3385 1633 3428 effectus,
1656 3386 1795 3428 quanto
1815 3386 2048 3430 differentius

183 3425 276 3462 Deus
293 3428 469 3463 exaltavit
498 3428 604 3464 illum
627 3433 660 3465 et
682 3429 834 3465 donavit
852 3431 916 3466 illi
943 3442 1073 3467 nomen
1156 3443 1235 3472 proe
1255 3434 1333 3467 illis
1351 3443 1480 3468 nomen
1499 3434 1740 3469 hoereditavit.
