2170 3808
128 244 213 287 106
729 239 929 291 QUAEST.
958 237 1011 294 X,
1042 237 1161 280 ART.
1190 237 1244 280 m
1271 237 1337 280 ET
1364 238 1433 282 lv.

132 329 284 382 potest
302 335 406 368 esse
432 322 522 367 nisi
541 331 705 365 unum.
728 319 857 364 Unde
886 322 933 364 et
954 317 1261 374 Philosophus
1290 318 1401 363 dicit
1430 321 1508 372 (De
1538 318 1675 372 coelo,
1699 317 1780 363 lib.
1806 331 1837 374 ι,
1860 323 1969 364 text.
2001 324 2026 366 Ξ

131 390 178 430 et
196 388 257 441 3),
278 384 401 442 quod
423 382 533 439 quia
561 392 732 438 corpus
750 385 822 425 est
843 380 902 424 ad
931 391 1119 424 omnem
1139 382 1318 436 partem
1339 379 1734 425 dimensionatum
1756 382 1834 434 (1),
1858 380 2025 437 impos-

132 447 264 492 sibile
286 450 357 503 est
375 455 478 499 esse
499 443 633 499 plura
654 454 850 499 corpora
872 442 1067 486 infinita.
1094 441 1136 485 Si
1161 446 1315 485 tamen
1337 441 1510 498 aliquid
1531 449 1657 487 esset
1677 442 1910 486 infinitum
1934 455 2027 486 uno

133 509 272 554 modo
291 507 489 561 tantum,
512 504 623 549 nihil
656 503 921 561 prohiberet
942 515 1046 548 esse
1066 504 1199 559 plura
1221 503 1331 547 talia
1359 503 1565 561 infinitaz,
1588 504 1711 549 sicut
1740 503 1778 548 si
1803 503 2026 560 intellige-

133 582 290 616 remus
312 568 472 626 plures
493 566 641 611 lineas
656 563 865 610 infinitas
884 564 1142 610 secundum
1166 565 1506 621 longitudinem
1530 570 1787 622 protractas
1805 564 1852 609 in
1874 565 2027 622 aliqua

71 652 75 659 ·
132 631 377 688 supefficie
397 630 528 674 finita
558 628 817 674 secundum
836 626 1143 672 latitudinem.
1168 627 1281 680 Quia
1296 627 1438 683 igitur
1454 627 1686 672 infinitum
1711 639 1804 671 non
1825 631 1897 671 est
1914 626 2028 671 sub-

132 694 301 738 stantia
321 692 550 750 quaedam,
575 690 655 735 sed
681 689 847 734 accidit
869 688 1011 734 rebus
1029 701 1135 745 quae
1156 689 1378 733 dicuntur
1400 689 1610 746 infinitae,
1632 694 1684 734 ut
1705 689 1874 733 dicitur
1891 689 2028 746 (Phy-

132 755 215 799 sic.
237 755 317 800 lib.
344 769 406 811 ιιι,
429 758 543 799 text.
568 756 621 798 37
637 757 685 797 et
703 755 791 808 38),
814 752 935 796 sicut
956 749 1190 795 infinitum
1211 751 1545 807 multiplicatur
1563 752 1823 796 seeundum
1847 750 2026 796 diversa

133 815 359 873 subjecta,
394 816 458 859 ita
484 825 675 859 necesse
706 817 779 857 est
807 811 934 869 quod
965 812 1221 868 proprietas
1252 811 1419 856 infiniti
1443 812 1791 869 multiplicetur,
1820 812 1883 855 ita
1904 812 2025 870 quod

133 878 379 922 conveniat
411 877 666 933 unicuique
690 875 874 919 illorum
900 873 1161 918 secundum
1192 873 1304 918 illud
1326 873 1606 930 subjectum.
1628 877 1706 919 Est
1726 880 1881 918 autem
1901 886 2028 931 quae-

134 940 241 985 dam
274 940 533 997 proprietas
562 937 725 982 infiniti
752 936 878 994 quod
903 931 1084 980 infinito
1114 947 1210 979 non
1236 935 1297 980 sit
1319 935 1493 993 aliquid
1525 936 1694 993 maJus.
1730 937 1801 981 Sic
1825 936 1964 992 igitur
1990 938 2029 982 si

133 1002 415 1059 accipiamus
436 1012 580 1045 unam
604 1000 771 1043 lineam
794 998 1037 1051 infinitam,
1063 997 1112 1040 in
1132 997 1210 1041 illa
1232 1010 1325 1041 non
1346 1002 1417 1042 est
1445 997 1622 1054 aliquid
1643 999 1794 1055 maJ‘us
1819 999 2026 1043 infinito:

133 1069 179 1109 et
202 1064 410 1109 similiter
425 1063 464 1108 si
484 1062 765 1120 accipiamus
787 1071 1132 1118 quamcumque
1151 1059 1347 1105 aliarum
1367 1059 1596 1105 linearum
1618 1060 1918 1116 infinitarum,
1937 1072 2030 1104 ma-

134 1126 354 1171 nifestum
377 1125 595 1182 estquod
614 1123 986 1180 uniuscnjusque
1002 1134 1163 1167 earum
1186 1128 1341 1178 partes
1361 1129 1470 1167 sunt
1484 1123 1690 1168 infinitae.
1711 1126 1898 1179 Oportet
1919 1121 2030 1179 ergo

134 1188 257 1244 quod
279 1187 498 1232 omnibus
516 1186 606 1231 illis
627 1185 838 1243 partibus
854 1183 1047 1228 infinitis
1067 1196 1161 1227 non
1184 1183 1245 1227 sit
1265 1184 1439 1242 aliquid
1456 1184 1610 1241 majus
1632 1185 1771 1229 inilia
1795 1185 1939 1240 linea3
1963 1190 2029 1229 ta·

134 1261 240 1294 men
266 1250 313 1294 in
342 1250 434 1294 alia
457 1249 580 1294 linea
613 1253 660 1293 et
692 1247 740 1292 in
776 1247 910 1292 tertia
939 1250 1077 1291 erunt
1109 1246 1266 1303 plures
1295 1252 1451 1303 pau-tes
1470 1247 1611 1292 etiam
1645 1247 1837 1291 infinitae
1866 1252 2030 1304 praeter

135 1311 266 1355 istas.
283 1314 335 1356 Et
353 1312 441 1356 hoc
462 1310 602 1356 etiam
619 1308 833 1354 videmus
847 1308 894 1352 in
917 1306 1125 1351 numeris
1141 1307 1383 1352 accidere:
1407 1320 1516 1352 nam
1532 1309 1711 1365 species
1729 1320 2028 1353 numerorum

135 1375 319 1429 parium
343 1378 455 1418 sunt
475 1372 684 1428 infinitae,
704 1374 751 1415 et
767 1370 976 1414 similiter
995 1369 1177 1426 species
1200 1382 1501 1415 numerorum
1521 1372 1791 1427 imparium3
1808 1377 1852 1415 e*
1876 1376 2027 1415 tamen

136 1434 317 1480 nume-ri
341 1447 477 1492 pares
500 1438 546 1479 et
564 1434 766 1489 impares
785 1438 896 1476 sunt
918 1431 1076 1488 plures
1094 1432 1236 1488 quam
1259 1444 1410 1487 pares.
1431 1432 1657 1489 sicigitur
1676 1432 1930 1477 dicendum
1959 1438 2031 1477 est

135 1497 261 1554 quod
290 1496 472 1542 infinito
501 1494 774 1552 simpliciter
799 1498 847 1539 et
877 1494 1032 1551 quoad
1048 1494 1205 1538 omnia
1232 1494 1347 1539 nihil
1379 1499 1451 1539 est
1474 1495 1653 1552 maJus;
1674 1495 1855 1539 infinito
1874 1499 2030 1540 autem

135 1560 394 1605 secundum
423 1558 598 1615 aliquid
619 1556 977 1602 determinatum
1003 1557 1062 1612 (2)
1093 1569 1186 1601 non
1209 1561 1282 1601 est
1297 1556 1481 1613 aliquid
1501 1557 1655 1612 majus
1673 1557 1719 1601 in
1748 1557 1826 1601 illo
1845 1556 2027 1612 ordIne3

135 1626 285 1676 potest
317 1626 471 1666 tamen
506 1619 653 1676 accipi
682 1619 858 1675 aliquid
882 1618 1008 1663 aliud
1034 1619 1187 1675 majus
1215 1623 1346 1663 extra
1376 1618 1506 1664 illum
1539 1620 1764 1665 ordinem.
1790 1622 1874 1664 Per
1905 1619 2031 1663 hunc

136 1683 280 1740 igitur
310 1684 503 1729 modum
527 1682 706 1727 infinita
738 1681 915 1725 suntin
939 1682 1146 1738 potentia
1168 1685 1415 1737 creaturae3
1439 1687 1487 1726 et
1510 1687 1663 1727 tamen
1685 1683 1819 1738 plura
1847 1681 2028 1727 suntin

134 1746 340 1802 potentia
362 1746 438 1791 Dei
458 1745 599 1803 quam
622 1745 669 1789 in
689 1743 895 1801 potentia
909 1749 1152 1789 creaturae.
1175 1747 1228 1789 Et
1246 1744 1457 1789 similiter
1480 1745 1637 1789 anima
1660 1743 1824 1789 Christi
1844 1744 1933 1788 scit
1955 1744 2031 1788 in-

134 1807 264 1852 finita
274 1807 468 1853 scientia
479 1807 701 1863 simplicis
714 1805 1030 1862 intelligentiae
1046 1818 1057 1849 :
1074 1806 1206 1863 plura
1222 1813 1378 1851 tamen
1392 1805 1480 1851 scit
1491 1808 1611 1852 Deus
1626 1805 1887 1851 secundum
1904 1806 2031 1851 hunc

134 1870 342 1915 scientiae
359 1871 434 1915 vel
458 1868 776 1926 intelligentiae
792 1868 1002 1913 modum.

135 1933 480 1977 ARTICULUS
497 1934 579 1976 lv.
598 1955 655 1963 —
668 1944 803 1974 urium
819 1943 943 1973 Arum
967 1943 1127 1974 cnius‘ri
1149 1943 1299 1974 vmnn·
1320 1945 1485 1975 VERBUM
1505 1945 1596 1975 sxvn
1615 1943 1783 1975 mvlmu
1803 1943 2032 1983 assem-141«

656 2005 826 2036 chunus
848 2005 1049 2042 onmem·
1067 2005 1163 2036 ΑιιΑ
1184 2005 1404 2037 casuum
1431 1996 1507 2047 (3).

376 2063 425 2097 De
442 2061 608 2097 bisetium
621 2072 735 2103 supra,
749 2065 866 2102 quest.
887 2069 935 2102 lx.
954 2065 1021 2095 art.
1041 2059 1065 2095 2
1078 2072 1179 2104 corp.
1197 2066 1231 2096 et
1254 2060 1357 2101 infra,
1378 2066 1495 2103 quaest.
1512 2070 1562 2103 xl,
1577 2064 1645 2096 art.
1659 2062 1682 2097 5
1696 2061 1740 2096 ed
1755 2061 1788 2097 4.

194 2119 259 2165 Ad
276 2121 495 2176 quartum
510 2116 579 2160 sic
600 2115 881 2172 proceditur.
903 2119 946 2159 1.
969 2114 1155 2159 Videtur
1174 2116 1296 2172 quod
1311 2116 1466 2159 anima
1483 2115 1648 2160 Christi
1670 2127 1764 2160 non
1783 2115 2031 2172 perfectius

135 2185 286 2230 videat
305 2180 504 2225 Verbum
525 2178 664 2234 quam
683 2177 902 2234 quaelibet
925 2178 1014 2221 alia
1029 2183 1260 2222 creatura.
1285 2178 1507 2222 Per-sectio
1523 2178 1648 2222 enim
1663 2177 1944 2234 cognitionis
1961 2184 2031 2224 est

135 2243 393 2291 secundum
418 2240 623 2285 medium
641 2239 953 2294 cognoscendi
968 2255 980 2294 ς
1003 2239 1124 2284 sicut
1140 2239 1385 2296 perfectior
1399 2245 1471 2284 est
1486 2239 1691 2295 cognitio
1713 2252 1818 2296 quae
1834 2240 2031 2285 habetur

133 2319 216 2365 per
249 2304 453 2350 medium
483 2301 743 2359 syllogismi
785 2300 1136 2345 demonstrativi
1169 2300 1309 2358 quam
1347 2313 1453 2358 quae
1485 2301 1683 2346 habetur
1715 2314 1799 2359 per
1825 2301 2030 2347 medium

135 2365 395 2428 syllogismi
418 2362 660 2409 dialectici.
686 2363 773 2408 Sed
786 2375 951 2408 omnes
973 2363 1096 2408 beati
1107 2362 1267 2408 vident
1285 2363 1484 2409 Verbum
1500 2363 1766 2409 immediate
1781 2376 1863 2422 per
1881 2363 2030 2421 ipsam

135 2430 340 2476 divinam
369 2425 637 2481 essentiam,
660 2429 713 2469 ut
748 2424 797 2468 in
832 2426 981 2481 prima
1010 2429 1141 2481 parte
1173 2425 1348 2471 dictum
1379 2431 1451 2471 est
1472 2428 1569 2483 (qu.
1601 2440 1675 2483 ιιι,
1696 2431 1783 2471 art.
1812 2427 1870 2480 2).
1911 2429 2031 2483 Ergo

135 2493 289 2538 anima
306 2488 471 2534 Christi
499 2499 593 2531 non
615 2486 865 2543 perfectius
883 2487 1009 2531 videt
1037 2486 1235 2532 Verbum
1264 2487 1407 2545 quam
1437 2487 1659 2545 quaelibet
1682 2488 1772 2532 alia
1800 2492 2026 2533 creatura.

188 2558 232 2599 2.
259 2555 497 2606 Praeterea,
530 2547 751 2607 perfectio
773 2548 965 2593 visionis
988 2561 1083 2592 non
1110 2549 1292 2594 excedit
1321 2548 1577 2606 potentiam
1598 2549 1808 2594 visivam.
1835 2549 1922 2595 Sed
1945 2562 2031 2606 po-

136 2615 281 2662 tentia
296 2611 535 2658 rationalis
556 2610 739 2666 animae,
756 2610 909 2667 qualis
930 2614 1003 2655 est
1026 2610 1183 2654 anima
1204 2611 1383 2667 Christi,
1404 2616 1477 2656 est
1495 2611 1615 2656 infra
1632 2612 1884 2669 potentiam
1900 2611 2033 2658 intel-

135 2677 349 2723 lectivam
370 2673 542 2730 angeli,
565 2677 618 2717 ut
645 2676 772 2730 patet
802 2684 885 2730 per
905 2673 1176 2730 Dionysium
1197 2674 1273 2727 (De
1291 2674 1399 2718 coel.
1424 2674 1539 2719 hier.
1564 2686 1665 2731 cap.
1687 2677 1714 2719 4
1735 2679 1846 2720 ante
1866 2673 2028 2730 med.).

134 2743 253 2796 Ergo
275 2737 431 2782 anima
447 2734 612 2780 Christi
630 2746 723 2779 non
746 2735 996 2792 perfectius
1013 2735 1135 2780 videt
1154 2735 1351 2780 Verbum
1369 2736 1513 2793 quam
1532 2735 1702 2792 angeli.

189 2803 233 2846 3.
272 2802 513 2854 Praeterea,
543 2800 664 2842 Deus
697 2796 743 2840 in
775 2796 1009 2841 infinitum
1039 2796 1289 2854 perfectius
1317 2797 1444 2843 videt
1475 2798 1674 2843 Verbum
1712 2809 1852 2843 suum
1887 2798 2029 2855 quam

137 2862 292 2907 anima
310 2859 490 2906 Christi.
514 2861 630 2904 Sunt
652 2871 764 2915 ergo
786 2858 952 2904 infiniti
974 2859 1148 2916 gradus
1167 2859 1304 2905 medii
1324 2860 1570 2918 possibiles
1590 2860 1711 2905 inter
1730 2859 1920 2904 modum
1937 2873 2030 2918 quo

135 2927 254 2968 Deus
269 2922 395 2967 videt
407 2921 606 2966 Verbum
625 2933 781 2979 suum,
798 2925 845 2967 et
864 2923 985 2966 inter
1006 2921 1196 2966 modum
1217 2934 1311 2978 quo
1327 2923 1483 2967 anima
1497 2921 1665 2967 Christi
1689 2921 1815 2967 videt
1831 2922 2029 2967 Verbum

136 2987 304 3043 ipsum.
327 2987 445 3041 Ergo
465 2996 558 3028 non
579 2988 650 3029 est
665 2984 968 3030 asserendum
986 2983 1109 3041 quod
1132 2985 1289 3028 anima
1307 2985 1471 3030 Christi
1489 2984 1737 3042 perfectius
1759 2983 1912 3030 videat
1927 2988 2030 3030 Ver-

135 3048 266 3104 bum,
285 3046 360 3090 vel
380 3045 635 3090 essentiam
655 3045 878 3103 divinam,
899 3045 1039 3103 quam
1062 3045 1281 3102 quaelihet
1303 3046 1393 3091 alia
1415 3052 1643 3091 creatura.

194 3108 281 3154 Sed
305 3111 463 3151 contr-a
487 3111 560 3152 est
580 3107 707 3164 quod
729 3108 976 3165 Apostolus
999 3107 1111 3153 dicit
1130 3109 1313 3165 (Ephes.
1334 3123 1364 3168 ι,
1392 3112 1479 3165 20),
1501 3108 1627 3166 quod
1651 3113 1767 3152 Deus
1798 3111 2028 3154 constituit

176 3204 220 3245 (⁴)
242 3203 283 3238 Id
298 3206 358 3242 est,
384 3203 484 3237 habet
504 3203 754 3242 longitudinem
766 3232 775 3247 ,
791 3205 1010 3240 latitudinem
1028 3230 1038 3246 ,
1167 3206 1211 3246 (5)
1228 3205 1266 3240 In
1286 3205 1351 3241 hoo
1376 3206 1522 3242 articulo
1540 3207 1576 3242 S.
1595 3206 1720 3242 Doctor
1737 3207 1864 3245 refellit
1877 3221 2028 3246 errorem

140 3251 407 3307 profunditatem
441 3263 516 3297 quae
546 3257 624 3285 sunt
661 3264 777 3286 omnes
810 3252 1039 3289 dimensiones
1125 3255 1283 3295 origenis
1305 3256 1457 3291 docentis
1475 3257 1598 3291 Filium
1625 3269 1692 3291 non
1715 3270 1810 3299 posse
1827 3259 1942 3294 videre
1966 3262 2028 3296 Pa-

140 3305 355 3342 quantitatffi.
1123 3307 1226 3345 trem,
1252 3308 1286 3338 et
1315 3304 1480 3346 Spiritum
1506 3310 1658 3339 sanctum
1686 3317 1752 3340 non
1796 3319 1886 3348 posse
1916 3310 2027 3344 videre

177 3349 218 3390 (2)
249 3348 326 3382 Sive
349 3346 533 3382 secundum
558 3347 738 3387 quamdam
761 3352 891 3387 partem
922 3348 1034 3382 deter-
1126 3351 1264 3392 Filium,
1291 3352 1380 3393 quod
1404 3352 1444 3387 ab
1476 3352 1621 3386 Ecclesia
1647 3353 1842 3388 damnatum
1868 3361 1917 3390 est
1936 3361 2026 3395 juxta

137 3401 310 3435 minatam,
336 3394 389 3428 vel
402 3394 586 3429 secundum
604 3393 751 3434 aliquam
773 3395 936 3429 rationem
955 3396 1033 3430 etin
1119 3398 1202 3432 illud
1229 3399 1362 3439 (Manli.
1378 3409 1426 3439 xi,
1446 3401 1500 3441 27)
1518 3398 1652 3434 :Nemo
1679 3403 1780 3435 novit
1796 3402 1939 3437 Filium
1952 3405 2027 3437 m‘u‘

136 3444 247 3485 aliquo
263 3448 354 3477 certo
380 3454 520 3484 ἕρπει-ος
548 3443 627 3482 puta
648 3442 699 3475 vel
722 3442 757 3475 in
785 3454 906 3482 genere
928 3444 1039 3484 longi·
1119 3440 1248 3481 PMW·
1263 3451 1378 3489 neque
1393 3447 1545 3481 Patrem
1561 3447 1642 3488 quis
1659 3448 1760 3483 ‘novit
1783 3450 1858 3485 nisi
1873 3450 2029 3488 Filium?

137 3491 277 3533 tudinis,
293 3490 346 3528 vel
362 3491 396 3525 in
413 3501 534 3531 genere
549 3489 753 3531 latitudinis,
775 3496 837 3524 etc.
