2170 3808
731 242 927 295 QUAEST.
956 243 1133 299 XXVIII,
1162 244 1283 287 ART.
1311 244 1379 288 111.
1915 245 1999 290 239

168 325 436 383 Respondeo
469 323 717 370 dicendum
740 323 865 380 quod
899 323 1074 381 absque
1106 325 1233 369 omni
1262 324 1404 370 dubio
1437 325 1738 370 detestandus
1771 330 1843 370 est
1868 336 1999 370 error

114 386 320 443 Helvidii,
335 385 415 443 qui
434 384 586 430 dicere
606 384 903 442 praesumpsit
923 390 1118 429 matrem
1140 385 1305 430 Christi
1324 391 1429 442 post
1448 391 1633 443 partum
1653 386 1680 430 a
1707 385 1875 443 Joseph
1891 397 1996 430 esse

113 448 359 494 carnaliter
373 446 606 503 cognitam
621 450 668 491 et
687 445 803 490 alios
821 445 943 491 filios
957 446 1188 503 genuisse.
1209 449 1302 491 Hoc
1316 447 1441 491 enim
1455 447 1604 503 primo
1619 448 1812 504 derogat
1831 446 1996 493 Christi

113 508 410 567 perfectioniz
434 507 514 564 qui
543 507 664 552 sicut
686 507 943 552 secundum
980 507 1185 552 divinam
1210 513 1422 552 naturam
1443 508 1714 565 unigenitus
1746 514 1816 554 est
1832 508 1994 563 Patria,

115 574 334 628 tanquam
358 569 590 627 perfectus
609 580 693 625 per
717 568 874 613 omnia
901 568 1027 613 filius
1060 569 1188 624 ejus3
1219 567 1284 612 ita
1310 568 1467 613 decuit
1487 574 1541 613 ut
1570 576 1694 615 esset
1726 570 1997 627 unigenitus

113 633 274 677 matr1s
293 637 516 689 tanquam
536 630 926 688 perfectissimum
946 642 1137 687 germen
1162 631 1283 687 eJus.
1306 629 1536 684 Secundo,
1549 630 1624 675 hic
1638 644 1766 676 error
1778 632 1994 688 injuriam

112 692 223 739 facit
236 693 351 751 spiri
357 692 422 738 tui
445 696 624 748 sanctO,
647 691 720 749 cuj
726 705 783 737 us
796 691 1048 737 sacrarium
1068 693 1155 736 fuit
1167 698 1328 737 uterus
1341 691 1598 749 virginalis,
1621 693 1670 736 in
1692 705 1784 750 quo
1806 705 1995 739 carnem

113 756 276 800 Christi
298 754 528 800 formavit.
564 754 690 799 Unde
714 766 809 799 non
840 754 1035 800 decebat
1062 753 1186 811 quod
1207 754 1265 798 de
1294 760 1461 799 caetero
1479 753 1734 798 violaretur
1763 766 1848 811 per
1866 767 1993 800 com-

113 816 383 862 mixtionem
402 815 596 860 virilem.
616 815 763 860 Tertio
775 849 789 871 ‚
809 816 1001 870 derogat
1034 814 1246 871 dignitati
1270 819 1323 859 et·
1344 814 1576 859 sanctitati
1594 814 1756 859 matris
1778 816 1872 867 Dei,
1889 828 1997 873 quae

111 875 421 933 ingratissima
432 875 681 927 videretur,
700 875 741 921 si
764 882 891 921 tanto
910 876 1021 921 Filio
1037 880 1253 920 contenta
1271 879 1367 919 non
1385 880 1526 929 esset,
1542 875 1641 920 etsi
1668 876 1993 933 virginitatem,

111 950 217 995 quae
244 939 294 983 in
325 951 380 983 ea
397 937 673 982 miraculose
691 945 964 984 conservata
991 938 1160 993 fuerat,
1180 939 1347 995 sponte
1367 938 1561 994 perdere
1577 938 1716 983 vellet
1738 950 1820 994 per
1841 938 1996 983 carnis

111 1000 423 1045 concubitum.
443 1000 612 1058 Quarto
635 1000 775 1045 etiam
793 1000 881 1057 ipsi
900 999 1069 1056 Joseph
1086 1006 1210 1044 esset
1229 1000 1287 1044 ad
1306 1000 1558 1044 maximam
1583 999 1994 1056 praesumptionem

111 1059 449 1119 imputandum,
475 1061 516 1106 si
538 1073 640 1106 eam
663 1074 802 1118 quam
827 1061 1061 1106 revelante
1077 1061 1244 1118 angelo
1266 1061 1323 1106 de
1347 1061 1517 1118 Spiritu
1538 1068 1700 1106 sancto
1719 1064 1865 1106 Deum
1886 1073 1994 1106 con-

111 1122 288 1179 cepisse
315 1129 624 1180 cognoverat,
644 1123 853 1180 polluere
874 1127 1136 1168 attentaret.
1165 1125 1219 1167 Et
1250 1123 1353 1168 ideo
1386 1123 1654 1180 simpliciter
1682 1128 1754 1169 est
1785 1135 1994 1167 asseren-

111 1183 250 1240 dum,
274 1183 399 1242 quod
419 1189 569 1229 mater
587 1185 664 1229 Dei
689 1185 810 1230 sicut
828 1185 961 1240 virgo
983 1184 1196 1240 concepit
1212 1218 1226 1239 ,
1245 1190 1292 1228 et
1320 1185 1453 1240 virgo
1482 1185 1675 1241 peperit,
1700 1185 1764 1229 ita
1787 1184 1926 1229 etiam
1948 1189 1994 1230 et

110 1244 242 1301 virgo
261 1250 366 1302 post
387 1250 571 1302 partum
596 1246 645 1290 in
674 1246 1009 1303 sempiternum
1028 1245 1300 1302 permansit.

162 1307 228 1352 Ad
243 1310 443 1363 primum
466 1318 577 1364 ergo
601 1307 867 1364 dicendum,
888 1305 1029 1364 quod,
1053 1306 1174 1352 sicut
1195 1307 1502 1365 Hieronymus
1524 1307 1635 1351 dicit
1656 1308 1721 1362 (in
1753 1307 1833 1351 lib.
1867 1313 1991 1353 cont.

109 1367 381 1428 Helvidium,
398 1360 500 1426 cap’.
524 1373 568 1427 1,
595 1368 654 1414 ad
675 1369 777 1423 fin.)
793 1403 806 1423 ,
829 1368 1220 1424 «intelligendum
1239 1374 1311 1413 cst
1329 1368 1454 1425 quod
1473 1367 1574 1412 haec
1588 1367 1851 1425 praepositio
1869 1373 1988 1424 ante,

109 1427 216 1473 licet
237 1442 361 1487 saepe
379 1430 712 1489 consequentia
725 1431 912 1488 indicet,
934 1435 1090 1475 tamen
1107 1442 1446 1487 nonnunquam
1469 1442 1524 1474 ea
1543 1430 1724 1474 tantum
1743 1442 1848 1486 quae
1863 1430 1994 1486 prius

109 1491 448 1546 cogitabantur,
472 1491 690 1536 ostendit.
713 1494 805 1537 Nec
818 1503 1011 1537 11666556
1028 1496 1172 1537 estut
1192 1491 1393 1549 cogitata
1405 1492 1547 1546 fiant3
1570 1492 1678 1535 cum
1698 1491 1802 1536 ideo
1820 1491 1993 1548 aliquid

112 1552 408 1598 intervenerit
425 1565 486 1597 ne
500 1565 555 1598 ea
573 1565 678 1610 quae
703 1553 903 1610 cogitata
927 1558 1055 1607 sunt,
1075 1553 1269 1600 fierent:
1288 1553 1411 1598 sicut
1431 1552 1470 1597 si
1491 1552 1661 1609 aliquis
1680 1552 1830 1597 dicat:
1852 1557 1995 1598 Ante-

110 1626 250 1670 quam
269 1614 317 1658 in
338 1619 476 1672 portu
495 1615 788 1672 pranderem,
806 1615 1023 1673 navigavi
1040 1630 1054 1668 ς
1081 1628 1176 1660 non
1198 1615 1470 1671 intelligitur
1490 1614 1616 1671 quod
1636 1614 1686 1658 in
1704 1620 1841 1671 portu
1858 1627 1995 1671 pran-

111 1675 232 1726 deat,
252 1682 499 1733 postquam
517 1676 823 1735 navigaverit,
840 1678 922 1722 sed
939 1677 1050 1734 quia
1066 1676 1358 1734 cogitabatur
1375 1676 1424 1720 in
1446 1680 1585 1732 portu
1601 1687 1877 1732 pransurus.
1898 1694 1919 1714 υ
1940 1677 1995 1720 Et

112 1734 320 1781 similiter
340 1737 633 1794 Evangelista
650 1737 790 1783 dicit:
813 1740 1071 1795 Antequam
1089 1741 1395 1793 convenirent,
1412 1740 1594 1780 inventa
1613 1742 1677 1780 est
1699 1739 1748 1779 in
1765 1741 1891 1780 utero
1914 1736 1995 1779 Iza-

113 1797 216 1840 bens
240 1798 294 1841 de
315 1801 488 1855 Spiritu
505 1803 678 1855 sancte,
705 1811 798 1844 non
816 1800 926 1857 quia
950 1805 1112 1856 postea
1131 1799 1448 1856 convenerint,
1472 1799 1555 1844 sed
1582 1798 1693 1856 quia
1720 1797 1832 1843 dum
1867 1797 1993 1843 vide-

112 1862 272 1902 rentur
293 1860 585 1915 conventuri,
599 1861 825 1917 praevenit
838 1861 1079 1918 conceptio
1100 1873 1184 1918 per
1205 1861 1424 1918 Spiritum
1443 1864 1687 1916 sanctum,
1709 1872 1769 1905 ex
1789 1871 1883 1917 quo
1903 1859 1994 1904 fac-

115 1922 215 1963 tum
235 1924 308 1965 est
329 1925 382 1965 ut
401 1921 598 1965 ulterius
623 1923 1043 1967 non-convenirent
1063 1924 1140 1977 (1).

168 1981 235 2027 Ad
267 1983 510 2026 secundum
549 1982 796 2028 dicendum
814 2017 826 2038 ,
862 1984 1003 2041 quod,
1027 1984 1148 2029 sicut
1183 1985 1468 2039 Augustinus
1490 1983 1601 2028 dicit
1625 1985 1708 2036 (De
1742 1983 1918 2039 nuptiis
1949 1988 1995 2028 et

110 2043 501 2100 concupiscentia,
528 2044 609 2089 lib.
625 2059 654 2099 1,
677 2057 778 2101 cap.
804 2048 876 2099 11,
900 2044 929 2088 a
950 2045 1130 2102 princ),
1155 2062 1175 2083 «
1196 2045 1368 2101 conjux
1387 2045 1556 2101 Joseph
1576 2044 1827 2088 vocabatur
1847 2049 1996 2088 mater

110 2104 189 2150 Dei
212 2117 271 2149 ex
291 2106 441 2161 prima
463 2106 836 2162 desponsationis
857 2107 964 2164 fide,
983 2119 1124 2164 quam
1152 2120 1234 2164 per
1258 2106 1557 2151 concubitum
1575 2119 1671 2150 non
1695 2111 1994 2163 cognoverat,

111 2177 199 2211 nec
226 2165 377 2211 fuerat
408 2167 696 2222 cogniturus.
724 2186 745 2206 υ
772 2169 828 2212 Ut
860 2168 984 2212 enim
1017 2168 1286 2213 Ambrosius
1321 2167 1432 2213 dicit
1452 2179 1595 2224 super
1614 2170 1784 2212 Lucam
1808 2170 1924 2223 (cap.
1949 2170 1994 2221 ¹1,

111 2238 252 2283 super
265 2226 381 2272 illud
397 2242 408 2268 ι
427 2231 487 2271 Et
502 2241 659 2272 nomen
682 2231 871 2285 virqinis
893 2231 1075 2287 Maria),
1104 2247 1123 2266 α
1148 2241 1241 2272 11011
1264 2228 1543 2286 virginitatis
1564 2228 1757 2285 ereptio,
1780 2228 1864 2274 sed
1879 2240 1985 2273 con=

108 2288 225 2346 iugii
244 2288 522 2346 testificatio,
542 2289 812 2346 nuptiarum
832 2290 1079 2334 celebratio
1102 2290 1358 2335 declaratur
1374 2292 1447 2344 (2).
1479 2309 1499 2329 υ

164 2349 231 2396 Ad
253 2353 432 2394 tertium
463 2351 739 2407 dicendum,
761 2352 885 2410 quod
913 2352 1101 2408 quidam
1126 2352 1342 2398 dixerunt
1362 2352 1451 2396 hoc
1482 2365 1577 2395 non
1601 2363 1705 2396 esse
1733 2351 1988 2408 intelligen-

111 2410 224 2456 dum
244 2411 303 2457 de
331 2412 593 2469 cognitione
613 2412 765 2458 coitus
780 2446 793 2470 ,
816 2413 900 2458 sed
919 2414 977 2458 de
995 2414 1257 2469 cognitione
1279 2413 1468 2457 notitiae.
1491 2412 1607 2457 Dicit
1624 2412 1749 2458 enim
1770 2412 1994 2470 Chrysos-

111 2475 265 2518 tomus
282 2473 419 2527 (alius
440 2478 618 2530 auctor,
638 2474 764 2519 hom.
787 2488 801 2518 1
822 2474 870 2518 in
886 2486 1049 2532 opusc.
1065 2475 1267 2532 imperf.,
1291 2475 1349 2520 ad
1371 2475 1486 2530 fin.),
1511 2474 1637 2531 quod
1661 2492 1682 2512 «
1707 2486 1802 2519 11011
1822 2486 1990 2530 cogno-

111 2531 177 2576 vit
204 2545 308 2578 eam
335 2534 517 2591 loseph,
545 2540 797 2593 antequam
819 2541 1016 2592 pareret,
1040 2536 1176 2592 cujus
1194 2536 1332 2580 fuerit
1354 2536 1623 2593 dignitatis3
1643 2535 1727 2581 sed
1747 2540 1995 2592 postquam

111 2594 304 2651 peperit,
324 2601 436 2640 tunc
454 2597 671 2652 cognovit
685 2609 813 2650 eam;
833 2596 943 2654 quia
957 2610 1040 2654 per
1055 2598 1203 2655 ipsius
1217 2598 1393 2654 prolem
1412 2597 1659 2655 spatiosior
1674 2599 1732 2652 (3)
1749 2604 1796 2641 et
1809 2596 1995 2653 dignior

111 2654 232 2699 facta
255 2655 406 2701 fuerat
426 2669 568 2713 quam
595 2662 722 2703 totus
751 2659 986 2704 mundus:
1009 2660 1119 2715 quia
1141 2671 1281 2716 quem
1315 2663 1440 2703 totus
1472 2659 1677 2703 mundus
1700 2670 1867 2714 capere
1899 2670 1994 2702 non

111 2720 305 2772 poterat,
322 2717 369 2761 111
393 2725 591 2775 angusto
609 2719 823 2765 cubiculo
838 2721 957 2765 uteri
979 2721 1051 2765 sui
1073 2721 1171 2765 sola
1194 2720 1412 2776 suscepit.
1429 2739 1449 2758 ν»
1472 2720 1667 2773 Quidam
1685 2719 1795 2764 vero
1815 2718 1904 2763 hoc
1922 2731 1995 2763 re·

112 2776 270 2822 ferunt
285 2778 346 2823 ad
368 2779 575 2825 notitiam
585 2781 730 2826 visus,
745 2782 870 2826 Sicut
883 2782 1007 2826 enim
1021 2782 1162 2838 Moysi
1180 2793 1287 2827 cum
1302 2784 1393 2827 Deo
1415 2779 1720 2837 colloquentis
1743 2779 1996 2836 glorificata

115 2842 186 2880 est
205 2837 361 2892 facies,
382 2847 546 2884 utnon
564 2847 756 2898 possent
778 2843 1020 2889 intendere
1048 2843 1097 2887 in
1116 2855 1226 2888 eum
1253 2843 1337 2888 filii
1366 2843 1503 2888 Israel
1525 2844 1603 2898 (4),
1621 2842 1689 2886 sic
1708 2841 1844 2886 Maria
1862 2840 1995 2886 clari-

115 2901 209 2942 tate
227 2897 410 2944 virtutis
432 2901 649 2948 Altissimi
668 2903 943 2950 obumbrata
962 2906 1181 2961 cognosci
1197 2917 1291 2950 11011
1305 2909 1483 2962 poterat
1495 2904 1524 2948 a
1542 2903 1727 2960 Ioseph,
1749 2903 1897 2948 donec
1913 2914 1992 2959 pa-

114 2964 266 3017 reret,
298 2965 404 3016 post
433 2968 614 3018 partum
648 2970 804 3010 autem
832 2966 860 3010 a
890 2967 1060 3024 Ioseph
1084 2966 1241 3023 agnita
1276 2966 1512 3011 invenitur
1543 2964 1697 3023 specie
1728 2962 1877 3019 faciei,
1900 2975 1992 3008 non

97 3023 242 3065 >tactu
262 3020 482 3067 libidinis.
506 3023 810 3083 Hieronymus
838 3033 992 3073 autem
1021 3028 1121 3082 (lib.
1150 3028 1333 3073 advers.
1366 3027 1542 3072 Helvid.
1575 3038 1679 3083 cap.
1701 3028 1747 3081 3,
1780 3037 1944 3083 parum
1966 3025 1991 3069 ὲ

43 3095 45 3098 ’
114 3082 282 3138 princ.)
302 3084 515 3129 concedit
542 3097 644 3130 6556
670 3087 1021 3145 intelligendum
1047 3090 1105 3134 de
1132 3090 1397 3145 cognitione
1432 3090 1609 3143 coitus3
1633 3088 1715 3133 sed
1741 3086 1993 3144 dicitquod

115 3155 255 3199 usque
269 3144 344 3189 vel
369 3149 509 3190 donec
530 3147 579 3191 in
602 3147 846 3205 scripturis
868 3151 1114 3207 dupliciter
1138 3156 1292 3208 potest
1319 3149 1530 3207 intelligi.
1562 3150 1846 3207 Quandoque
1867 3148 1991 3193 enim

156 3267 201 3310 (Ι)
223 3268 309 3303 Hinc
327 3269 451 3310 legitur
476 3282 607 3312 quoque
636 3271 692 3314 (Is.
718 3274 848 3314 xxxvii)
878 3286 887 3308 ι
907 3280 1007 3309 ante·
1131 3276 1176 3318 (5)
1190 3275 1242 3308 Ita
1254 3286 1330 3308 cum
1344 3274 1542 3315 quibusdam
1558 3274 1636 3310 Mss.
1654 3277 1783 3309 veteres
1798 3271 1893 3307 editi.
1910 3272 1991 3306 eod.

114 3324 228 3360 quam
243 3319 513 3355 maturesceret.
545 3320 707 3358 exaruit,
735 3327 769 3353 et
785 3319 869 3354 ibid.
895 3328 976 3355 vai
995 3333 1006 3356 ι
1091 3321 1179 3362 Alc„
1193 3322 1406 3365 specialior.
1426 3321 1489 3356 Ed.
1509 3322 1581 3356 Pat.
1598 3332 1674 3355 cum
1690 3318 1837 3361 Nicolai,
1853 3319 1987 3360 specio-

115 3367 316 3405 antequam
332 3367 720 3409 parturiret‚peperic.
1093 3370 1185 3404 sior.

140 3410 202 3464 ⁴(2)
222 3410 259 3443 Id
279 3417 329 3445 est
355 3411 550 3452 nuptiarum
573 3413 753 3447 celebratio
779 3426 847 3448 non
871 3421 920 3449 est
936 3415 1004 3451 vix·-
1132 3418 1174 3456 (la)
1188 3418 1284 3451 Juxta
1305 3417 1514 3453 notationem
1530 3418 1642 3458 Apost.
1658 3416 1719 3457 (11.
1739 3415 1816 3449 Cor.
1836 3421 1890 3454 111,
1906 3412 1941 3455 7,
1959 3415 1992 3446 et

115 3458 265 3497 mnitatis
279 3459 388 3499 ceptio
402 3485 410 3499 ,
430 3459 485 3493 scd
501 3455 645 3498 coniugii
666 3461 866 3494 testificatio.
1089 3475 1127 3494 οἵ
1142 3464 1198 3496 F«.
1219 3473 1332 3499 ΠΥΠ.
1346 3466 1411 3502 33)-
