2170 3808
790 7 791 10 =
864 13 874 18 .›
892 0 1428 31 Αῆῑοφτιτῖῠῳν·’,ΝΜ-Ῥηγίαν*τί
1459 0 1481 10 -1

84 172 165 215 454
657 165 856 218 QUAEST.
885 164 988 218 LIII,
1018 165 1140 207 ART.
1163 164 1216 207 111
1243 165 1308 208 ET
1335 165 1403 210 IV.

136 251 202 297 Ad
226 252 409 294 tertium
427 246 691 302 dicendum,
709 246 833 303 quod
845 245 966 290 sicut
989 258 1044 291 03
1063 258 1168 302 quae
1185 253 1520 302 praecesserunt
1538 246 1702 292 Christi
1721 247 1972 294 adventum

84 313 272 357 fuerunt
297 307 620 367 praeparatoria
641 307 697 352 ad
729 307 975 361 Christum,
995 308 1058 351 ita
1077 307 1326 362 gratia'est
1347 308 1585 365 dispositio
1607 309 1666 354 ad
1687 309 1895 368 gloriam.
1919 311 1974 353 Et

85 372 188 418 ideo
218 386 271 417 ea
304 384 409 427 quae
431 374 541 415 sunt
575 368 748 425 gloriae,
778 369 875 413 sive
904 370 1134 426 quantum
1163 368 1223 414 ad
1247 368 1450 414 animam
1474 371 1612 424 (sicut
1654 370 1857 426 perfecta
1895 370 1973 414 Dei

83 435 272 489 fruitio),
298 433 397 477 sive
433 432 660 490 quantum
683 430 743 476 ad
767 442 937 487 corpus
977 431 1117 486 (510111
1154 430 1428 475 resurrectio
1452 431 1687 488 gloriosa),
1710 432 1839 489 1111115
1860 436 1973 476 tem·

85 508 195 554 pore
215 494 477 540 debuerunt
498 506 604 539 esse
622 493 671 538 in
685 493 861 538 Chr1sto
881 493 1002 537 sicut
1022 493 1069 536 in
1091 497 1278 537 auctore
1300 491 1484 548 gloriae:
1507 493 1705 550 gratiam
1725 492 1836 538 vero
1857 503 1975 538 con-

84 557 298 602 veniebat
320 557 449 612 prius
475 568 578 601 esse
598 555 644 600 in
664 555 737 600 his
760 567 864 612 quae
885 554 1222 599 ordinabantur
1240 553 1300 600 ad
1319 554 1562 600 Christum.

167 621 509 663 ARTICULUS
535 620 611 662 IV.
634 642 688 649 -
705 630 838 661 ursum
869 629 1065 660 cnsisrus
1090 630 1237 660 ruenn-
1265 629 1392 660 CAUSA
1412 630 1498 661 sues
1521 628 1889 661 RESURRECTIOMS.

482 689 527 722 De
546 687 599 721 his
617 686 718 720 etiam
734 685 820 720 Psal.
837 693 900 726 η,
913 689 947 719 et
962 684 1057 719 Joan.
1077 694 1102 718 n
1122 688 1156 718 et
1172 693 1225 724 111,
1246 684 1334 718 etad
1348 685 1444 720 Rom.
1460 693 1507 725 iv,
1525 685 1587 720 tiu.

138 742 205 786 Ad
225 745 442 798 quartum
460 741 526 785 510
541 739 819 798 proceditur.
835 742 855 783 1
867 771 878 783 .
893 738 1079 783 Videtur
1092 737 1216 796 quod
1233 738 1439 783 Christus
1455 751 1549 783 non
1563 739 1703 784 fuerit
1720 738 1864 784 causa
1876 750 1977 784 suae

84 804 455 848 resurrectionis.
477 803 764 858 Quicumque
786 801 912 845 enim
931 802 1182 846 suscitatur
1211 801 1270 844 31)
1299 800 1404 857 3110,
1425 813 1520 845 11011
1539 806 1610 846 051
1628 813 1728 845 suae
1747 813 1977 846 resurrec-

86 864 224 910 tionis
239 878 398 912 causa.
417 865 505 910 Sed
517 864 726 908 Christus
747 863 1002 908 suscitatus
1014 869 1083 908 est
1099 864 1159 908 ab
1178 863 1283 918 alio,
1302 863 1559 908 secundum
1574 864 1685 908 illud
1697 865 1808 917 (Act.
1822 876 1869 918 11,
1887 863 1974 917 24):

82 929 224 982 Quem
248 932 366 970 Deus
390 929 642 982 suscitavit,
669 925 826 969 solutis
847 927 1078 970 doloribus
1098 928 1294 979 inferni‚·
1315 929 1360 969 et
1379 927 1523 979 (Rom.
1548 939 1634 982 vm,
1655 926 1723 980 11)
1745 937 1757 969 :
1777 927 1864 982 Qui
1885 938 1978 968 sus-

85 992 243 1034 citavit
283 993 431 1033 Jesum,
471 990 703 1032 Christum
745 989 774 1031 ὰ
809 991 1011 1044 mortuis,
1037 988 1284 1042 vivificabit
1319 989 1363 1030 et
1398 987 1618 1031 mortalia
1647 999 1841 1044 corpora
1875 999 1978 1030 nos-

83 1053 178 1107 tra,
195 1055 284 1096 etc.
305 1053 422 1107 Ergo
437 1050 644 1094 Christus
664 1062 756 1094 non
779 1054 848 1094 est
867 1063 1011 1094 causa
1027 1063 1127 1094 51130
1151 1047 1521 1094 1051111001101115.

140 1115 182 1156 2.
206 1115 447 1168 Praeterea,
469 1112 629 1156 nullus
649 1111 818 1156 dicitur
830 1111 997 1156 mereri
1015 1112 1094 1168 qui
1112 1110 1170 1154 ab
1192 1111 1281 1155 alio
1297 1110 1411 1167 petit
1430 1109 1622 1167 aliquid,
1642 1109 1778 1167 cujus
1795 1108 1896 1166 ipse
1908 1111 1980 1153 051

84 1185 245 1218 031153.
270 1173 356 1219 Sed
371 1173 578 1218 Christus
600 1172 686 1217 5113
707 1172 923 1229 passione
942 1173 1113 1217 meruit
1129 1172 1538 1231 resurrectionem,
1554 1171 1675 1216 510111
1694 1169 1981 1226 Augustinus

83 1235 196 1281 dicit
213 1238 375 1293 (Super
396 1239 525 1280 Joan.
553 1240 682 1281 11301.
701 1237 799 1288 104,
819 1235 906 1280 suh
923 1236 1039 1291 fin.),
1060 1235 1187 1292 quod
1212 1252 1233 1273 «ι
1253 1234 1492 1279 humilitas
1515 1233 1746 1290 passionis
1763 1232 1979 1277 meritum

82 1302 158 1343 est
185 1298 344 1354 gloriae
362 1297 736 1355 resurrectionis,
765 1317 785 1337 »
812 1298 912 1355 ipse
931 1298 1070 1342 etiam
1090 1296 1219 1355 petiit
1236 1296 1264 1340 a
1283 1299 1414 1340 Patre
1433 1308 1483 1341 se
1505 1295 1788 1351 resuscitari,
1810 1307 1980 1339 secun-

84 1359 197 1404 dum
219 1360 332 1405 illud
355 1360 487 1414 (Psal.
513 1374 580 1415 xz,
605 1363 676 1413 11)
701 1374 711 1402 ε
737 1364 981 1416 Tuautem,
1003 1362 1203 1416 Domine,
1224 1361 1438 1401 miserere
1461 1362 1565 1414 mei,
1585 1362 1629 1401 et
1647 1360 1870 1402 resuscita
1891 1369 1978 1400 me.

87 1423 203 1478 Ergo
222 1422 417 1466 nonfuit
439 1434 582 1466 031153
604 1434 703 1466 51130
716 1421 1088 1467 resurrectionis.

142 1485 186 1528 3.
223 1486 461 1538 Praeterea,
494 1483 616 1528 sicut
647 1487 964 1528 Damascenus
989 1483 1155 1539 probat
1184 1482 1328 1537 (Orth.
1350 1481 1430 1527 fid.
1454 1480 1537 1526 lib.
1564 1494 1624 1537 iv,
1649 1493 1750 1537 cap.
1772 1481 1894 1537 ult.),
1910 1493 1982 1527 re·

87 1545 312 1589 surrectio
346 1557 440 1589 non
471 1548 545 1590 051
573 1545 757 1600 animae,
788 1545 872 1589 scd
903 1544 1123 1601 corporis,
1145 1543 1272 1600 quod
1307 1542 1391 1600 per
1412 1546 1609 1587 mortem
1637 1542 1774 1587 cadit.
1806 1544 1982 1599 Corpus

86 1610 244 1650 autem
277 1618 370 1650 non
406 1611 559 1663 potest
587 1605 676 1650 sibi
708 1606 912 1650 animam
949 1606 1100 1661 unire,
1120 1617 1227 1662 quae
1244 1608 1317 1649 est
1334 1616 1390 1649 eo
1413 1603 1627 1648 nobilior.
1650 1606 1768 1659 Ergo
1791 1603 1839 1648 id
1857 1604 1983 1661 quod

87 1668 342 1712 resurrexit
365 1668 413 1713 in
445 1668 643 1724 Christo,
656 1681 750 1713 non
773 1668 924 1725 potuit
941 1680 1046 1713 esse
1066 1679 1208 1724 causa
1229 1679 1328 1711 suae
1345 1665 1714 1711 resurrectionis.

145 1729 231 1775 Sed
265 1733 422 1774 contra
451 1735 522 1775 est
555 1730 682 1787 quod
715 1731 937 1774 Dominus
961 1731 1071 1774 dicit
1098 1732 1243 1784 (Joan.
1267 1742 1312 1785 x,
1330 1731 1401 1783 18)
1424 1743 1434 1772 2
1459 1731 1599 1773 Nemo
1629 1728 1754 1772 tollit
1779 1729 1983 1773 animam

87 1804 236 1836 meam
256 1794 285 1835 a
305 1805 386 1847 me,
408 1793 489 1835 sed
503 1805 582 1848 eqo
602 1806 720 1849 pono
740 1807 841 1836 eam
858 1796 901 1836 et
932 1794 1099 1836 iterum
1125 1804 1253 1835 sumo
1285 1804 1385 1835 eam
1413 1792 1489 1845 (1).
1515 1790 1601 1835 Sed
1627 1790 1742 1834 nihil
1766 1795 1837 1834 051
1857 1790 1983 1836 aliud

89 1866 332 1910 resurgere
351 1854 492 1911 quam
516 1854 680 1899 iterato
716 1855 920 1899 animam
940 1866 1142 1900 sumere.
1163 1856 1285 1911 Ergo
1310 1853 1495 1899 videtur
1519 1852 1644 1909 quod
1662 1852 1868 1898 Christus
1881 1864 1983 1910 pro-

88 1916 190 1973 pria
211 1917 379 1961 virtute
395 1916 717 1961 resurrexerit.

135 1985 429 2025 CONCLUSIO.
457 2006 506 2013 —
531 1984 718 2025 Christus
748 1984 977 2025 secundum
1003 1985 1203 2026 virtutem
1239 1995 1325 2024 suae
1350 1982 1598 2033 divinitatis,
1632 1995 1755 2024 causa
1788 1983 1873 2023 suit
1899 1995 1984 2026 suae

89 2038 409 2088 resurrectionis;
433 2038 660 2079 secundum
678 2039 983 2080 humanitatem
1000 2039 1112 2089 vero,
1137 2038 1220 2078 fuit
1248 2040 1272 2079 3
1292 2039 1374 2080 Deo
1399 2041 1439 2078 01
1457 2049 1539 2079 11011
1570 2038 1733 2090 propria
1753 2038 1903 2079 virtute
1921 2051 1982 2081 re·

87 2094 322 2134 suscitatus.

145 2157 417 2212 Respondeo
438 2156 688 2202 dicendum
708 2156 851 2215 quod,
875 2156 997 2202 sicut
1018 2170 1165 2214 supra
1188 2157 1367 2203 dictum
1398 2161 1470 2203 est
1493 2160 1673 2214 (quaest.
1698 2171 1741 2212 L,
1769 2162 1854 2202 art.
1881 2161 1910 2203 2
1937 2164 1984 2204 01

90 2221 150 2275 3),
175 2231 257 2276 per
283 2223 478 2264 mortem
502 2232 595 2264 non
625 2220 710 2264 fuit
740 2227 952 2277 separata
984 2220 1205 2265 divinitas
1235 2232 1322 2265 nec
1351 2220 1410 2265 ab
1432 2220 1588 2264 anima
1615 2220 1797 2278 Christi,
1819 2233 1907 2266 nec
1924 2222 1984 2267 ab

90 2281 195 2338 ejus
216 2293 372 2325 carne.
397 2284 550 2326 Potest
572 2281 713 2338 igitur
730 2287 826 2327 tam
855 2283 1011 2327 anima
1038 2283 1203 2327 Christi
1233 2283 1422 2336 mortui,
1443 2283 1585 2340 quam
1616 2282 1718 2340 ejus
1743 2295 1851 2328 0310
1877 2296 1986 2329 con-

90 2343 285 2388 siderari
308 2342 575 2399 dupliciter:
599 2356 694 2387 uno
713 2344 851 2389 modo
879 2345 1055 2390 ratione
1075 2345 1352 2399 divinitatisg
1373 2345 1464 2390 alio
1483 2344 1624 2390 modo
1646 2344 1822 2391 ratione
1839 2345 1984 2403 ipsius

93 2409 272 2450 naturae
299 2409 484 2449 ereatae.
520 2405 783 2450 Secundum
817 2406 958 2462 igitur
995 2407 1135 2451 unitae
1170 2407 1431 2452 divinitatis
1467 2407 1691 2452 virtutem
1731 2411 1778 2453 et
1814 2420 1985 2466 corpus

93 2466 344 2523 resumpsit
380 2466 584 2511 animam
607 2479 748 2523 quam
779 2467 1072 2524 deposuerat,
1094 2471 1141 2512 et
1176 2468 1333 2512 anima
1374 2480 1549 2524 corpus
1589 2468 1841 2525 resumpsit
1861 2470 1986 2527 quod

90 2528 359 2582 dimiserat;
396 2533 443 2572 01
475 2527 542 2572 510
581 2528 786 2573 Christus
819 2528 1003 2585 propria
1030 2529 1200 2573 virtute
1234 2529 1506 2574 resurrexit.
1535 2531 1588 2573 Et
1619 2529 1708 2574 hoc
1753 2535 1825 2575 est
1860 2532 1986 2588 quod

91 2590 153 2636 de
177 2590 353 2634 Christo
375 2589 543 2634 dicitur
561 2592 626 2645 (11.
647 2590 849 2635 Corinth.
872 2591 954 2636 ult.
981 2591 1044 2647 4),
1064 2589 1190 2648 quod
1204 2594 1286 2634 etsi
1304 2593 1548 2646 crucifixus
1566 2594 1702 2635 estex
1720 2594 1987 2648 infirmitate

95 2709 181 2736 rum
211 2700 333 2734 verius
365 2702 560 2734 censeatur
592 2700 822 2745 ambigimus.
857 2701 996 2737 Melius

93 2751 217 2784 tamen
233 2747 307 2782 Deo
334 2750 446 2783 totum
458 2775 467 2788 ,
484 2748 546 2783 cui
563 2749 663 2783 nihil
679 2749 906 2791 impossibile
933 2752 998 2791 est,

92 2796 353 2830 committimus
367 2822 376 2836 ,
400 2796 510 2840 quam
523 2799 564 2831 ut
582 2797 728 2841 aliquid
752 2800 794 2832 ea
817 2797 860 2831 de
879 2808 921 2831 re
941 2801 998 2832 te-

84 2844 193 2879 ·Μονό
222 2843 376 2884 definire
405 2844 557 2879 velimus
601 2846 823 2881 auctoritate
851 2848 997 2886 nostra,

94 2891 191 2925 sicut
203 2895 236 2926 et
252 2892 358 2926 dehis
374 2901 460 2936 quos
471 2903 552 2926 cum
570 2893 724 2928 Domino
738 2896 996 2930 resurrexisse

97 2939 276 2974 credimus
295 2939 486 2981 (Evangelio
513 2940 619 2982 teste),
641 2941 704 2976 sed
732 2944 859 2977 utrum
875 2941 997 2977 redie-

96 2987 175 3021 rint
203 2989 244 3022 in
270 2989 457 3031 pulverem
481 2991 609 3031 terroe,
632 2993 769 3026 certum
792 3002 868 3026 non
893 2991 1000 3027 habe-

97 3045 194 3077 mus;
220 3036 298 3069 nisi
324 3037 421 3081 quod
441 3038 595 3079 leyimus
622 3039 712 3080 quia
733 3040 841 3074 multa
856 3050 998 3084 corpora

96 3087 289 3117 sanctorum
316 3085 373 3125 qui
395 3084 616 3127 dormierant,
638 3092 860 3121 surrexerunt
881 3098 917 3120 sc
937 3099 999 3121 ve-

97 3135 223 3164 nerunt
244 3131 279 3164 in
316 3136 460 3166 sanctam
487 3133 660 3168 civitatem
687 3134 835 3174 (scilicet
865 3134 999 3169 Hieru-

96 3178 223 3218 salem)
238 3182 271 3212 et
286 3184 513 3219 apparuerunt
529 3180 655 3215 multiS.
682 3182 734 3217 De
756 3182 886 3226 quibus
903 3191 992 3225 pro-

95 3224 189 3266 fecto
216 3227 392 3260 nonnulli
425 3227 611 3262 doctorum
639 3232 859 3268 senserunt,
896 3233 928 3264 et
956 3230 1000 3264 in

96 3273 176 3308 suis
201 3274 310 3307 etiam
332 3274 479 3316 scriptis
504 3276 764 3318 reliquerunt,
795 3277 891 3321 quod
915 3278 998 3319 jam

98 3322 141 3354 in
166 3321 246 3355 illis
270 3326 451 3365 perpetua
475 3324 523 3356 sit
544 3324 722 3367 completa
750 3326 991 3360 resurrectio.

100 3368 280 3403 Fatentur
295 3371 392 3403 enim
413 3370 507 3414 quod
525 3371 606 3405 veri
633 3375 739 3406 testes
769 3381 845 3406 non
862 3376 994 3413 essent,

95 3417 175 3450 nisi
200 3421 232 3452 et
255 3427 340 3452 vera
359 3429 484 3452 eorum
507 3423 594 3454 esset
618 3422 856 3454 resurrectio.
890 3421 994 3460 Quod

1081 2701 1171 2736 sane
1205 2700 1346 2744 factum
1380 2704 1413 2736 et
1447 2700 1492 2735 de
1520 2701 1611 2736 aliis
1641 2701 1859 2746 quibusdam
1894 2704 1985 2740 locis

1079 2750 1370 2793 scripturarum
1397 2751 1582 2792 affirmare
1605 2754 1810 2793 conantur,
1831 2752 1928 2796 quod
1946 2752 1986 2787 1ιὶ

1078 2797 1158 2839 jam
1197 2807 1278 2831 cum
1313 2797 1461 2832 Christo
1497 2802 1652 2842 regnent
1692 2801 1904 2835 resuscitati
1944 2802 1986 2836 in

1083 2850 1221 2881 oeterna
1241 2846 1423 2881 societate.
1445 2845 1551 2887 Quod
1568 2872 1578 2887 ,
1595 2847 1684 2890 quia
1715 2847 1786 2882 Deo
1804 2847 1903 2882 nihil
1918 2849 1986 2883 im-

1083 2893 1254 2938 possibile
1278 2897 1342 2935 est,
1371 2905 1448 2929 non
1471 2894 1667 2930 abnuimus
1691 2895 1851 2939 sactum,·
1868 2907 1986 2941 quan·

1085 2952 1194 2987 quam
1208 2945 1361 2985 propter
1380 2943 1560 2976 cautelam
1575 2970 1582 2982 ,
1599 2943 1708 2977 salva
1722 2943 1807 2985 lide,
1826 2945 1889 2988 pio
1904 2955 1982 2979 ma-

1084 2991 1138 3034 qis
1154 2989 1336 3025 desiderio
1356 2990 1396 3024 id
1421 2991 1574 3034 opinari
1593 2994 1772 3034 oporteat,
1799 2993 1911 3034 quam
1927 2993 1984 3027 in·

1085 3037 1247 3073 consulte
1272 3038 1428 3079 delinire
1457 3039 1554 3082 quod
1576 3039 1657 3074 sine
1675 3040 1846 3082 periculo
1871 3041 1986 3076 nesci-

1086 3089 1147 3120 tur
1161 3085 1251 3126 (qnia
1267 3096 1335 3120 non
1351 3092 1400 3120 est
1415 3087 1639 3121 necessarium
1661 3086 1702 3120 ad
1713 3087 1879 3129 salutem).
1896 3088 1986 3124 Tum

1083 3133 1196 3168 statim
1212 3135 1367 3174 sequitur
1383 3148 1391 3168 :
1409 3135 1582 3170 Rationes
1599 3137 1734 3174 tamen,
1752 3141 1818 3170 etc.

1126 3182 1167 3222 (11
1205 3182 1412 3217 Resurreaei
1444 3185 1477 3217 et
1507 3183 1628 3216 adhue
1657 3185 1772 3217 tecum
1805 3193 1887 3218 sum
1914 3184 1983 3222 (es.

1085 3230 1265 3269 cxxxvlii).
1286 3229 1423 3264 Soli-ite
1448 3230 1620 3273 temptum
1653 3230 1730 3269 hoc,
1748 3233 1781 3265 et
1799 3231 1841 3264 in
1863 3230 1984 3266 tribus

1083 3277 1211 3311 diebus
1241 3278 1407 3312 excitato
1426 3278 1535 3312 illud.
1564 3277 1644 3311 Hoc
1672 3281 1793 3312 autem
1818 3278 1917 3314 dixit
1935 3279 1979 3313 de

1083 3326 1215 3369 templo
1231 3326 1398 3370 corporis
1416 3325 1488 3360 sui.
1503 3324 1593 3359 Cum
1609 3335 1694 3369 erqo
1707 3326 1984 3361 resurrexisset

1082 3374 1106 3407 ἀ
1124 3373 1293 3413 mortuis,
1306 3373 1494 3409 recordati
1505 3372 1794 3417 suntdiscipuli
1809 3374 1912 3413 (Joan.
1929 3374 1980 3414 11).
