2170 3808
161 259 245 300 522
729 253 930 304 QUAEST.
964 253 1085 309 LXss,
1117 253 1235 295 ART.
1265 253 1316 295 IV
1345 253 1410 296 ΕΤ
1438 254 1488 297 V.

162 337 347 389 quidem,
367 336 436 377 sed
463 334 683 382 transiens,
704 333 809 372 sicut
840 334 1167 374 instrumentum
1201 332 1282 372 nisi
1311 333 1334 372 a
1356 334 1573 387 principali
1594 338 1740 386 agente
1768 338 1953 384 motum,
1976 348 2060 378 non

161 397 488 503 opggstpgndeo
529 444 780 490 dicendum
804 445 930 503 quod
956 444 1022 488 illi
1043 443 1121 500 qui
1145 447 1330 500 ponunt
1352 443 1477 500 qued
1509 450 1801 490 sacramenta
1834 457 1927 489 non
1953 458 2062 490 cau·

161 514 267 554 sant
285 508 483 564 gratiam
504 507 595 550 nisi
620 521 704 564 per
724 508 978 565 quamdam
1000 506 1406 551 concomitantiam
1426 509 1503 564 (l),
1526 513 1708 565 ponunt
1736 507 1861 564 qued
1897 507 1946 551 in
1982 520 2062 553 sa-

161 575 399 614 cramento
420 582 516 613 non
540 570 599 614 sit
615 571 771 627 aliqua
790 571 940 617 virtus
964 581 1069 626 quae
1094 573 1312 626 operetur
1334 568 1394 613 ad
1414 571 1691 615 sacramenti
1715 570 1962 626 effectum3
1989 575 2062 616 est

162 637 315 676 tamen
337 632 487 676 virtus
525 632 682 677 divina
715 637 1008 678 sacramento
1031 630 1274 688 assistens²
1298 643 1405 688 quae
1438 633 1820 678 sacramentalem
1842 631 2060 678 effectum

159 699 392 750 operatur.
417 694 503 739 Sed
527 695 744 752 ponendo
770 694 897 753 quod
919 698 1262 738 sacramentum
1295 697 1368 738 est
1400 692 1769 739 instrumentalis
1793 706 1935 739 causa
1954 706 2060 751 gra-

162 756 250 812 tiae,
275 767 467 801 necesse
492 761 564 801 est
586 756 724 801 simul
747 766 923 813 ponere
941 754 1066 812 quod
1087 754 1132 797 in
1158 760 1447 800 sacramento
1467 755 1526 800 sit
1551 757 1762 813 quaedam
1787 756 1937 801 virtus
1958 757 2060 802 ins-

160 819 454 863 trumentalis
476 819 535 864 ad
554 818 874 865 inducendum
898 817 1287 862 sacramentalem
1308 817 1539 863 effectum.
1562 821 1616 863 Et
1643 820 1742 863 haec
1760 819 1948 876 quidem
1966 819 2059 863 vir-
2113 863 2117 867 ,

160 883 236 924 tus
258 882 636 938 proportionatur
654 882 984 927 instrumento.
1013 879 1141 926 Unde
1162 884 1461 936 comparatur
1482 879 1542 926 ad
1560 880 1779 927 virtutem
1797 881 2060 927 absolutam

159 947 204 988 et
226 944 480 1000 perfectam
502 943 703 1001 aliqu'us
721 944 803 1001 rei,
832 943 954 988 sicut
977 947 1273 1000 comparatur
1293 942 1658 989 instrumentum
1683 944 1744 989 ad
1763 955 1910 1001 agens
1932 944 2060 1002 prin-

159 1004 323 1062 cipale.
347 1008 712 1051 Instrumentum
736 1007 878 1061 enim,
901 1010 954 1050 ut
971 1005 1149 1050 dictum
1170 1008 1242 1050 est
1260 1006 1363 1059 (art.
1388 1008 1408 1049 1
1435 1004 1531 1062 huj.
1553 1007 1751 1063 quaest),
1777 1018 1870 1050 non
1892 1017 2060 1062 opera-

160 1069 234 1111 tur
274 1068 364 1112 nisi
404 1067 686 1125 inquantum
709 1073 782 1114 est
818 1072 998 1112 motum
1022 1066 1047 1110 a
1084 1066 1326 1124 principali
1351 1070 1534 1124 agente,
1562 1067 1687 1124 quod
1709 1079 1792 1124 per
1820 1080 1872 1113 se
1893 1078 2061 1124 opera-

159 1131 234 1172 tur
251 1131 334 1186 (2);
362 1134 408 1175 et
449 1130 553 1176 ideo
570 1130 720 1175 virtus
744 1130 1014 1187 principalis
1034 1130 1216 1186 agentis
1239 1129 1378 1174 habet
1397 1141 1679 1186 permanens
1707 1133 1755 1174 et
1776 1129 2060 1186 completum

157 1202 249 1234 esse
268 1191 317 1236 in
336 1200 529 1250 natura3
554 1192 703 1238 virtus
724 1197 881 1238 autem
901 1192 1272 1236 instrumentalis
1292 1191 1432 1237 habet
1451 1205 1542 1235 esse
1566 1191 1798 1236 transiens
1819 1204 1880 1237 ex
1898 1203 1994 1236 uno
2010 1191 2060 1236 in

157 1252 299 1309 aliud,
329 1260 377 1300 et
411 1254 777 1313 incompletnm3
813 1256 935 1300 sicut
958 1260 1005 1300 et
1035 1259 1192 1300 motus
1221 1261 1291 1300 est
1325 1259 1459 1300 actus
1480 1254 1780 1313 imperfectus
1810 1254 1870 1299 ab
1893 1257 2062 1311 agente

157 1313 204 1358 in
224 1316 425 1372 patiens.

210 1379 276 1423 Ad
296 1382 499 1436 primum
520 1393 632 1437 ergo
654 1380 923 1437 dicendum,
940 1379 1067 1437 quod
1089 1380 1238 1425 virtus
1255 1379 1512 1437 spiritualis
1534 1392 1630 1425 non
1653 1384 1807 1437 potest
1824 1390 1928 1424 esse
1943 1377 1991 1422 in
2007 1390 2059 1425 re

157 1453 378 1499 corporea
397 1456 481 1501 per
502 1445 694 1488 modum
714 1444 898 1488 virtutis
914 1444 1232 1500 permanentis
1251 1448 1298 1487 et
1315 1443 1572 1500 completae,
1598 1444 1718 1488 sicut
1735 1442 1852 1487 ratio
1874 1441 2056 1499 probat.

157 1503 274 1548 Nihil
293 1510 447 1550 tamen
472 1506 688 1565 prohibet
705 1506 754 1550 in
779 1518 974 1563 corpore
1004 1518 1110 1551 esse
1129 1506 1351 1551 virtutem
1371 1505 1659 1563 spiritualem
1685 1503 2058 1550 instrumentali-

158 1570 242 1626 ter,
263 1567 542 1624 inquantum
577 1568 755 1613 scilicet
791 1581 964 1626 corpus
984 1572 1138 1625 potest
1158 1567 1337 1614 moveri
1370 1567 1430 1612 ab
1451 1567 1609 1625 aliqua
1627 1567 1890 1613 substantia
1922 1566 2058 1623 spiri-

155 1628 268 1673 tuali
292 1629 351 1674 ad
372 1630 577 1688 aliquem
596 1631 812 1676 effectum
836 1630 1127 1688 spiritualem
1150 1629 1494 1686 inducendum3
1516 1629 1637 1675 sicut
1659 1634 1706 1674 et
1744 1630 1792 1674 in
1821 1630 1923 1687 ipsa
1944 1641 2058 1675 voce

146 1690 362 1735 sensibili
402 1697 475 1737 est
498 1693 713 1749 quaedam
733 1693 806 1737 vis
827 1692 1083 1749 spiritualis
1105 1692 1165 1737 ad
1186 1692 1487 1737 excitandum
1526 1691 1813 1737 intellectum
1838 1691 2055 1751 hominis,

155 1751 434 1810 inquantum
454 1755 663 1811 procedit
699 1755 727 1798 a
744 1755 1052 1811 conceptione
1069 1755 1256 1802 mentis.
1279 1757 1334 1800 Et
1354 1756 1443 1800 hoc
1465 1755 1604 1800 modo
1624 1755 1695 1799 vis
1714 1754 1969 1812 spiritualis
1986 1759 2059 1801 est

155 1813 201 1858 in
224 1817 546 1874 sacramentis,
572 1817 851 1874 inquantum
871 1818 1145 1862 ordinantur
1159 1816 1186 1862 a
1208 1820 1298 1862 Deo
1322 1817 1381 1863 ad
1403 1817 1619 1862 effectum
1639 1817 1943 1874 spiritualem.

209 1877 275 1922 Ad
303 1881 550 1924 secundum
583 1879 850 1934 dicendum,
882 1879 1007 1936 quod
1042 1879 1164 1925 sicut
1197 1883 1369 1937 motUS‚
1395 1878 1450 1925 ec
1475 1879 1599 1937 quod
1629 1884 1702 1925 est
1730 1883 1864 1925 actus
1886 1879 2057 1937 imper-

155 1938 318 1998 fectus,
341 1953 435 1985 non
456 1941 642 1998 proprie
682 1947 754 1986 est
776 1941 825 1985 in
860 1942 1019 1999 aliquo
1041 1953 1230 1999 genere,
1252 1942 1336 1987 sed
1376 1941 1611 1986 reducitur
1645 1940 1704 1986 ad
1737 1952 1889 1998 genus
1922 1945 2055 1987 actus

155 2003 361 2063 perfecti,
386 2003 743 2051 sicutalteratio
766 2004 826 2050 ad
857 2004 1158 2062 qualitatem,
1183 2004 1247 2049 ita
1269 2004 1420 2049 virtus
1442 2003 1811 2051 instrumentalis
1845 2016 1938 2048 non
1967 2008 2052 2063 est,

156 2065 339 2122 proprie
373 2066 626 2123 loquend0‚
657 2067 705 2111 in
729 2067 885 2125 aliquo
908 2079 1096 2130 genere,
1116 2067 1201 2113 sed
1236 2067 1477 2113 reducitur
1503 2066 1563 2113 ad
1600 2079 1751 2124 genus
1772 2070 1819 2112 et
1853 2066 2056 2124 speciem

154 2127 337 2174 virtutis
360 2131 591 2186 perfectae.

210 2191 276 2236 Ad
299 2195 483 2236 tertium
504 2193 770 2250 dicendum,
790 2193 917 2250 quod
955 2194 1076 2239 sicut
1104 2194 1253 2240 virtus
1274 2193 1645 2239 instrumentalis
1675 2192 1932 2251 acquiritur
1954 2193 2055 2239 ins-

157 2258 391 2300 trumento
412 2268 470 2300 ex
493 2257 609 2301 hoc
600 2269 701 2313 lpso
714 2257 840 2313 quod
856 2262 1071 2302 movetur
1089 2257 1148 2302 ab
1169 2264 1334 2315 agente
1353 2257 1607 2314 principali,
1633 2257 1697 2301 ita
1715 2262 1763 2302 et
1784 2269 2054 2302 sacramen-

156 2320 255 2360 tum
288 2318 593 2375 consequitur
612 2319 901 2375 spiritualem
925 2319 1147 2364 virtutem
1170 2332 1230 2365 ex
1248 2320 1574 2365 benedictione
1597 2319 1759 2365 Christi
1779 2323 1826 2364 et
1848 2319 2055 2376 applica-

154 2378 281 2423 tione
316 2379 517 2424 ministri
549 2380 608 2424 ad
641 2393 783 2425 usum
806 2382 1103 2426 sacramenti.
1134 2382 1264 2427 Unde
1292 2383 1578 2438 August-inus
1617 2381 1728 2428 dicit
1751 2381 1816 2436 (in
1849 2382 2054 2438 quodam

150 2452 370 2486 sermone
391 2442 449 2486 de
473 2441 741 2499 Epiphania)
770 2456 782 2487 :
813 2460 832 2480 a
856 2446 948 2495 Nec
967 2444 1139 2489 mirum
1161 2444 1287 2501 quod
1318 2457 1506 2502 aquam,
1529 2445 1617 2489 hoc
1632 2448 1721 2502 est,
1742 2443 2054 2489 substantiam

155 2503 460 2562 corporalem,
484 2504 542 2548 ad
576 2504 913 2561 purificandam
931 2505 1136 2550 animam
1157 2506 1356 2551 dicimus
1379 2506 1639 2563 pervenire.
1664 2505 1877 2551 Pervenit
1896 2505 2050 2563 plane,

154 2569 199 2609 et
220 2569 430 2620 penetrat
455 2566 755 2609 conscientiae
780 2565 998 2609 universa
1019 2565 1243 2620 latibula3
1269 2567 1483 2623 quamvis
1507 2568 1632 2612 enim
1659 2567 1764 2624 ipsa
1783 2568 1845 2614 sit
1859 2568 2053 2615 subtilis

154 2632 200 2673 ct
214 2627 723 2681 tenuis,henedictione
740 2630 898 2671 tamen
922 2626 1091 2671 Christi
1114 2627 1235 2672 facta
1254 2629 1486 2682 subtilior,
1505 2630 1715 2675 occultas
1735 2631 1839 2675 vitae
1860 2642 2049 2684 causas,
2082 2682 2085 2684 ,

155 2701 209 2734 ac
235 2693 415 2734 secreta
439 2690 611 2734 mentis
636 2689 797 2733 subtili
824 2700 926 2733 rore
947 2690 1217 2744 pertransit.
1244 2707 1266 2729 »

209 2753 276 2796 Ad
297 2756 500 2806 quartum
522 2752 789 2805 dicendum,
805 2751 945 2807 quod,
965 2751 1088 2796 sicut
1104 2752 1267 2796 eadem
1291 2751 1363 2798 vis
1385 2752 1660 2809 principalis
1678 2754 1863 2811 agentis
1879 2755 2052 2799 instru-

155 2815 420 2858 mentaliter
439 2815 676 2858 invenitur
691 2815 741 2858 in
755 2815 978 2859 omnibus
998 2815 1327 2861 instrumentis
1344 2816 1477 2860 ordin
1485 2817 1574 2862 atis
1591 2818 1650 2864 ad
1666 2817 1900 2871 effectum,
1911 2820 2054 2873 prout

157 2880 268 2921 sunt
285 2877 488 2932 quodam
508 2877 671 2922 ordine
689 2888 852 2931 unum,
867 2878 932 2921 ita
949 2878 1090 2922 etiam
1107 2877 1269 2923 eadem
1284 2878 1357 2923 vis
1376 2880 1733 2925 sacramentalis
1749 2880 1985 2925 invenitur
2001 2879 2052 2924 in

155 2940 310 2984 verbis
329 2944 373 2983 et
390 2941 546 2993 rebus,
565 2943 703 2995 prout
727 2952 783 2985 ex
793 2940 950 2985 verbis
971 2944 1016 2984 et
1035 2940 1176 2986 rebus
1191 2940 1429 2996 perficitur
1443 2953 1591 2988 unum
1609 2946 1956 2988 sacramentum
1972 2941 2048 2999 (3).

155 3005 608 3045 ARTICULUS
638 3006 716 3044 V.
734 3022 782 3032 -
816 3011 959 3042 UTRUM
985 3011 1261 3042 SACRAMENTA
1283 3012 1408 3043 NOVAE
1441 3012 1564 3044 Lnexs
1597 3013 1798 3045 ΗΑΒΕΑΝΤ
1834 3011 2051 3044 vm‘ru‘rnu

862 3067 915 3096 nx
938 3066 1143 3096 PAssmNE
1167 3067 1345 3096 ennisrr.

155 3112 206 3143 De
226 3113 280 3143 his
303 3114 409 3145 etiam
424 3114 527 3152 infra,
549 3115 673 3154 quaest.
692 3121 791 3150 mxxv,
816 3116 881 3146 art.
907 3117 941 3154 2,,
958 3117 994 3145 et
1007 3115 1100 3146 Sent.
1122 3123 1171 3152 xv,
1187 3117 1270 3145 dist.
1289 3117 1319 3153 1,
1337 3117 1460 3154 quaest.
1476 3124 1503 3155 ι,
1516 3117 1584 3151 art.
1599 3118 1632 3155 4,
1652 3118 1775 3156 quaest.
1792 3126 1846 3157 111,
1865 3119 1902 3150 et
1919 3117 2001 3149 dist.
2016 3115 2049 3154 5,

803 3165 927 3201 quaest.
949 3172 989 3202 11,
1011 3167 1077 3194 art.
1098 3165 1127 3200 2,
1151 3166 1357 3201 quaestiunc.
1379 3173 1404 3196 1.

212 3207 278 3252 Ad
299 3207 514 3264 quintum
538 3209 606 3253 sic
623 3210 906 3270 proceditur.
934 3215 972 3255 1.
991 3210 1181 3254 Videtur
1203 3211 1329 3267 quod
1350 3215 1643 3257 sacramenta
1665 3223 1798 3258 novae
1815 3212 1935 3269 legis
1953 3222 2051 3258 non

200 3305 249 3347 (1)
262 3309 314 3338 Ita
325 3308 480 3338 sentiunt
492 3310 550 3346 qui
562 3310 685 3340 docent
698 3311 915 3342 sacramenta
926 3318 1070 3342 causare
1131 3319 1199 3350 quo
1216 3312 1399 3342 moventur
1414 3310 1436 3341 a
1454 3313 1527 3343 Deo
1542 3313 1584 3344 ad
1599 3313 1691 3345 hunc
1707 3313 1761 3344 vel
1778 3312 1874 3343 illum
1891 3313 2050 3343 effectum

157 3355 306 3392 gratiam
327 3362 396 3384 non
413 3355 567 3393 physice,
591 3357 650 3386 sed
669 3359 858 3389 moraliter.
877 3360 950 3390 Illis
970 3360 1067 3389 diffi-
1134 3361 1403 3398 producendum,
1429 3362 1462 3390 et
1483 3361 1534 3391 ita
1550 3361 1747 3398 cajetanus,
1760 3362 1975 3399 Dominicus,
1989 3359 2050 3391 Ca-

157 3403 224 3432 cile
243 3403 295 3433 est
314 3403 427 3433 dicere
452 3403 620 3441 quomode
653 3405 853 3444 intelligant
873 3415 912 3438 ea
935 3407 1068 3446 operari
1134 3410 1234 3440 brera
1252 3410 1286 3438 et
1305 3409 1405 3438 multi
1434 3409 1495 3438 alii
1515 3410 1593 3446 post
1612 3409 1646 3439 S.
1663 3410 1839 3439 OE'liomam.

157 3456 200 3481 eae
222 3458 320 3490 oper-e
339 3452 491 3491 operato.
1175 3456 1226 3497 (3)
1245 3458 1344 3487 Dixit
1362 3465 1496 3495 quoque
1515 3457 1548 3488 S.
1568 3458 1698 3488 Doctor
1717 3457 1784 3499 (De
1807 3459 1907 3487 verit.
1926 3459 2047 3494 quaest.

200 3496 248 3539 (2)
264 3499 353 3529 Hinc
372 3501 486 3530 motus
501 3501 795 3532 sacramentorum
807 3503 858 3531 est
875 3501 937 3534 ille
952 3507 1067 3535 motus
1133 3513 1249 3541 xxvn,
1265 3507 1331 3536 art.
1350 3506 1379 3535 4.
1394 3507 1438 3537 ad
1455 3505 1571 3547 10).1n
1587 3507 1747 3538 omnibus
1764 3514 1880 3537 verum
1895 3508 1945 3538 est
1959 3503 2049 3545 quta
