2170 3808
208 252 263 296 88
784 253 984 304 QUAEST.
1016 250 1120 304 VIII,
1150 253 1269 295 ART.
1302 253 1355 294 ΙΙΙ
1379 253 1444 295 ΕΤ
1472 254 1541 297 Ν.

262 332 325 377 Ad
351 331 595 376 secundum
617 331 886 387 dicendum,
910 331 1036 388 quod
1056 343 1159 376 esse
1177 331 1429 377 Ecclesiam
1446 333 1714 390 gloriosam,
1736 345 1832 378 non
1856 332 2106 382 habentem
2161 333 2170 378 ,¹

206 394 440 439 maculam
465 405 619 450 neque
639 405 825 450 rugam,
850 398 922 439 est
950 393 1144 439 ultimus
1165 393 1274 438 finis
1300 394 1360 440 ad
1381 407 1522 452 quem
1548 394 1852 452 perducimur
1885 407 1969 452 per
1996 409 2107 454 pas·
2152 419 2170 483 Ἴ

208 455 387 501 sionem
409 455 591 501 Christi.
615 456 744 501 Unde
764 457 852 501 hoc
874 456 963 501 erit
980 456 1028 500 in
1054 460 1179 501 statu
1198 456 1376 514 patriae,
1401 470 1495 502 non
1514 462 1673 502 autem
1693 456 1743 502 in
1764 461 1890 502 statu
1909 458 2001 503 viae
2021 474 2034 504 z
2057 457 2108 506 in

207 529 300 575 quo
327 520 369 560 si
389 518 642 562 dimerimus
661 522 771 574 quia
787 522 1024 575 peccatum
1046 532 1136 562 non
1157 519 1400 575 habemus,
1434 523 1728 578 nosmetipsos
1750 522 2006 566 seducimus
2020 555 2033 576 ‚
2055 526 2108 568 ut

208 577 375 624 dicitur
399 581 450 634 (l.
472 581 603 625 Joan.
629 594 658 639 1,
683 581 745 637 8).
769 584 885 625 Sunt
907 584 1065 625 tamen
1097 580 1342 638 quaedam,
1365 581 1543 628 scilicet
1563 582 1804 635 mortalia,
1834 582 2007 639 quibus
2027 594 2110 627 ca·
2137 583 2170 641 {ss

206 644 311 686 rent
345 640 412 685 illi
440 641 521 698 qui
543 648 656 687 sunt
682 642 898 687 membra
929 643 1095 687 Christi
1127 656 1210 699 per
1233 643 1463 688 actualem
1488 643 1712 689 unionem
1742 644 2005 700 charitatis3
2029 633 2167 702 quilii}¹

206 702 318 748 vero
338 702 413 748 his
435 703 704 749 subduntur
724 704 944 762 peccatiS‚
969 717 1063 749 non
1091 710 1204 750 sunt
1225 705 1437 750 membra
1454 706 1618 751 Christi
1638 706 1899 764 actualiter,
1920 706 2005 753 sed
2025 718 2109 763 po·
2128 719 2167 774 2..ss

206 764 488 810 tentialiter:
514 766 605 810 nisi
638 766 757 812 forte
789 766 1058 823 imperfecte
1086 780 1170 824 per
1200 767 1341 813 fidem
1374 767 1646 826 informem,
1671 781 1778 826 quae
1799 768 1904 814 unit
1933 768 2110 814 Christo
2132 782 2139 824 g
2165 784 2168 827 ς

208 827 469 873 secundum
491 829 604 886 quid
626 834 672 874 et
705 842 800 873 non
822 829 1111 886 simpliciter,
1135 835 1189 875 ut
1211 830 1388 875 scilicet
1417 842 1501 887 per
1519 831 1752 877 Christum
1774 832 1915 876 homo
1942 843 2110 876 conse·
2132 859 2167 893 ρ,

208 897 380 947 quatur
400 890 545 936 vitam
569 892 744 949 gratiae.
768 893 902 935 Fides
926 892 1052 937 enim
1075 895 1171 937 sine
1194 894 1400 950 operibus
1421 898 1604 938 mortua
1626 898 1719 952 est,
1755 898 1807 939 ut
1831 894 2001 940 dicitur
2019 894 2111 959 (Ia-3
2136 891 2167 958 ἐς

208 951 312 997 cobi
332 967 379 1009 11,
406 955 493 1009 ΞΟ).
518 955 784 1011 Percipiunt
817 959 974 1000 tamen
1006 954 1124 1000 tales
1154 954 1182 999 a
1204 955 1383 1000 Christo
1405 956 1657 1013 quemdam
1687 959 1844 1001 actum
1873 956 2009 1013 vitae‚
2030 962 2111 1013 qul
2142 954 2160 1003 ᾇ

209 1017 280 1059 est
303 1015 516 1072 credere3
542 1015 664 1060 sicut
683 1016 721 1060 si
746 1014 1013 1060 membrum
1037 1016 1366 1061 mortificatum
1388 1021 1633 1078 moveatur
1655 1017 1916 1075 aliqualiter
1943 1015 2003 1062 ab
2025 1016 2110 1062 ho-
2136 996 2167 1094 ἓξ,

209 1073 335 1120 mine
358 1076 438 1132 (1).

264 1136 333 1181 Ad
353 1140 537 1181 tertium
560 1137 827 1194 dicendum,
851 1136 977 1195 quod
1007 1137 1156 1183 sancti
1185 1141 1343 1184 Patres
1372 1152 1467 1184 non
1497 1138 1780 1184 insistebant
1807 1139 2112 1184 sacramentis
2132 1098 2166 1202 Ξ

209 1197 439 1254 legalibus
459 1203 685 1256 tanquam
708 1199 990 1256 quibusdam
1012 1199 1172 1256 rebuS,
1199 1201 1284 1246 sed
1309 1201 1431 1246 sicut
1459 1200 1748 1258 imaginibus
1767 1205 1815 1246 et
1834 1200 2015 1246 umbris
2036 1201 2111 1245 fu·
2144 1204 2165 1259 ἕξ

210 1265 440 1306 turorum.
464 1261 590 1306 Idem
614 1266 769 1306 autem
792 1267 865 1307 est
887 1266 1044 1306 motus
1061 1262 1109 1306 in
1134 1262 1404 1320 imaginem,
1422 1263 1703 1320 inquantum
1719 1266 1793 1308 est
1808 1263 1981 1320 imago,
2001 1267 2047 1307 et
2064 1262 2112 1307 in

210 1333 327 1380 rem,
351 1327 403 1368 ut
428 1327 554 1380 patet
576 1337 659 1381 per
688 1324 1018 1381 Philosophum
1031 1324 1095 1380 (in
1119 1324 1201 1369 lib.
1232 1329 1295 1371 De
1327 1338 1523 1371 memor.
1550 1330 1596 1371 et
1619 1326 1858 1371 reminisc.
1885 1339 1987 1382 cap.
2008 1328 2059 1382 2,
2085 1325 2114 1371 a

210 1384 371 1440 med.).
400 1388 453 1431 Et
485 1385 590 1431 ideo
623 1386 801 1443 antiqui
832 1391 1012 1443 patres,
1038 1387 1271 1432 servando
1303 1387 1472 1444 legalia
1504 1393 1813 1446 sacramenta,
1842 1387 2114 1432 ferebantur
2158 1391 2165 1394 ”

210 1444 259 1489 In
281 1445 513 1492 Christum
539 1459 623 1504 per
650 1448 789 1493 fidem
821 1452 869 1493 et
900 1448 1198 1494 dilectionem
1228 1450 1443 1495 eamdem
1461 1483 1473 1507 ,
1498 1451 1594 1507 qua
1615 1455 1662 1495 et
1684 1462 1771 1495 nos
1793 1450 1842 1494 in
1866 1450 2021 1507 ipsum
2044 1450 2114 1494 fe·
2142 1451 2163 1506 »εἴ

211 1507 387 1554 rimur:
412 1514 458 1555 et
479 1510 542 1554 ita
566 1515 722 1567 patres
745 1511 924 1568 antiqui
947 1512 1246 1569 pertinebant
1266 1513 1326 1558 ad
1347 1512 1472 1558 idem
1495 1526 1667 1571 corpus
1679 1513 1896 1559 Ecclesiae
1912 1513 1970 1559 ad
1988 1512 2112 1571 quod

210 1583 298 1615 nos
317 1572 624 1630 pertinemus.
2155 1581 2162 1595 ’

393 1636 741 1680 ARTICULUS
771 1637 852 1680 IV.
870 1650 1076 1680 —urnnn
1107 1649 1309 1682 cumsws
1337 1651 1400 1682 sir
1430 1651 1559 1682 CAPUT
1587 1650 1833 1682 Anemonem
1852 1639 1928 1693 (2).

212 1703 260 1738 De
286 1701 341 1737 his
363 1702 466 1738 etiam
487 1705 580 1739 Sent.
609 1713 663 1746 ιιι,
691 1705 769 1738 dist.
785 1705 840 1747 45,
856 1709 975 1747 quaest.
991 1713 1032 1748 ιι,
1056 1709 1122 1740 art.
1143 1706 1177 1748 2,
1195 1710 1311 1748 quaest.
1327 1716 1340 1741 1
1359 1711 1394 1742 et
1409 1715 1460 1748 lv,
1475 1707 1552 1742 dist.
1570 1708 1605 1749 9,
1631 1712 1746 1749 quaest.
1769 1716 1794 1748 ι,
1811 1710 1880 1743 art.
1894 1707 1928 1748 2,
1960 1712 2078 1748 quaest.
2094 1716 2116 1743 v
2147 1723 2155 1730 κ

251 1762 344 1792 corp.
364 1754 398 1785 et
414 1751 494 1787 dist.
510 1754 565 1793 49,
587 1757 705 1794 quaest.
724 1762 772 1795 lv,
792 1757 857 1787 art.
884 1755 901 1787 ἀ
919 1753 960 1788 ad
974 1754 1007 1795 ¹5,
1027 1758 1059 1788 et
1076 1754 1125 1788 De
1140 1766 1212 1789 ver.
1232 1760 1349 1797 quaest.
1369 1764 1467 1796 xnx,
1485 1758 1552 1790 nrt.
1573 1757 1593 1791 4
1612 1767 1708 1797 corp.
1724 1755 1814 1790 etad
1828 1756 1863 1796 5,
1879 1759 1913 1790 et
1927 1755 2050 1796 opusc.
2077 1764 2115 1793 ιι,
2141 1790 2143 1792 .

252 1799 413 1842 οαρ.222,
429 1805 463 1835 et
477 1801 505 1836 1.
523 1801 600 1836 Cor.
615 1811 653 1843 11,
670 1804 704 1836 et
722 1801 841 1842 Ephes.
859 1811 871 1835 ι
888 1801 948 1836 fin.

265 1853 333 1898 Ad
352 1859 573 1911 quartum
604 1855 672 1900 sic
693 1855 978 1911 proceditur.
999 1859 1043 1901 1.
1063 1856 1253 1902 Videtur
1281 1858 1408 1914 quod
1440 1858 1671 1915 Christus,
1700 1858 1963 1903 secundum
1993 1864 2118 1916 quod

212 1915 365 1970 homo,
389 1929 485 1960 non
513 1917 573 1960 sit
595 1921 737 1974 caput
760 1918 1050 1973 angelorum.
1077 1920 1223 1975 Caput
1246 1920 1374 1965 enim
1396 1924 1443 1965 et
1470 1920 1681 1965 membra
1715 1924 1829 1965 sunt
1854 1920 1999 1966 unius
2030 1934 2116 1965 na-

212 1981 344 2021 turae.
367 1977 455 2022 Sed
479 1978 703 2033 Christus,
722 1980 982 2024 secundum
1003 1979 1128 2036 quod
1145 1985 1216 2024 est
1231 1981 1386 2038 homo,
1404 1994 1498 2026 non
1519 1987 1592 2027 est
1610 1981 1862 2027 conformis
1876 1982 1926 2027 in
1950 1986 2118 2027 natura

211 2050 320 2083 cum
349 2039 532 2094 angelis
547 2071 560 2094 ,
592 2040 676 2084 sed
706 2040 860 2084 solum
894 2053 1003 2085 cum
1033 2041 1303 2087 hominibus
1322 2058 1333 2086 ε
1356 2043 1487 2099 quia,
1507 2049 1561 2089 ut
1584 2044 1752 2089 dicitur
1772 2044 1924 2098 (Hebr.
1944 2058 2001 2101 11,
2023 2047 2117 2102 16),

212 2113 434 2157 nusquam
454 2103 637 2157 anqelos
658 2104 977 2158 apprehendit,
997 2105 1079 2146 sed
1097 2117 1245 2147 semen
1272 2106 1469 2148 Abrahae
1495 2107 1815 2162 apprehendit.
1845 2109 1966 2164 Ergo
1984 2107 2114 2151 Chri-

212 2166 331 2219 stus,
358 2164 621 2208 secundum
641 2164 766 2220 quod
785 2165 940 2219 homo,
960 2178 1051 2209 non
1079 2170 1151 2210 est
1171 2172 1313 2223 caput
1336 2167 1627 2224 angelorum.

267 2228 312 2270 2.
338 2227 578 2280 Praeterea,
601 2226 787 2270 illorum
803 2228 1011 2271 Christus
1030 2233 1103 2272 est
1119 2233 1275 2284 caput,
1297 2229 1376 2286 qui
1397 2231 1632 2285 pertinent
1648 2231 1708 2276 ad
1725 2230 1997 2288 Ecclesiam,
2013 2244 2118 2289 quae

214 2290 285 2331 est
305 2299 477 2343 corpus
496 2288 613 2344 ers,
636 2292 690 2331 ut
712 2287 881 2332 dicitur
906 2289 1088 2345 (Ephes.
1109 2292 1161 2344 ι).
1200 2291 1287 2335 Sed
1317 2291 1471 2348 angeli
1503 2305 1598 2336 non
1621 2293 1857 2350 pertinent
1878 2293 1937 2339 ad
1960 2293 2116 2339 Eccle-

214 2347 361 2393 siam:
382 2361 495 2392 nam
518 2348 718 2392 Ecclesia
741 2355 812 2393 est
831 2351 1128 2406 congregatio
1148 2351 1382 2409 fidelium3
1405 2353 1522 2398 fides
1538 2359 1696 2399 autem
1717 2367 1811 2399 non
1832 2360 1903 2400 est
1916 2354 1964 2399 in
1979 2366 2117 2412 ange·

214 2410 301 2455 lis:
328 2423 423 2455 non
446 2411 571 2455 enim
600 2411 841 2456 ambulant
866 2425 949 2468 per
977 2412 1133 2469 fidem,
1156 2415 1239 2459 sed
1262 2427 1346 2472 per
1369 2417 1599 2474 speciem3
1619 2417 1824 2475 alioquin
1845 2419 2117 2475 peregrina-

214 2476 378 2517 rentur
406 2472 433 2516 ὲ
461 2474 667 2528 Domin0‚
692 2474 951 2519 secundum
975 2476 1101 2532 quod
1122 2477 1369 2533 Apostolus
1388 2484 1744 2535 argumentatur
1760 2482 1826 2534 (11.
1853 2482 1953 2526 Cor.
1975 2484 2019 2536 v)
2040 2482 2114 2536 (3).
2169 2495 2170 2538 j

214 2537 334 2590 Ergo
352 2535 577 2591 Christus,
603 2548 711 2580 secu
720 2536 863 2580 ndum
884 2536 1008 2593 quod
1027 2538 1183 2594 homo,
1209 2551 1301 2584 non
1327 2545 1399 2586 est
1421 2547 1562 2599 caput
1582 2542 1870 2598 angelorum.
2169 2539 2170 2594 i

269 2600 312 2641 3.
343 2599 582 2649 Praeterea,
606 2598 894 2654 Augustinus
931 2599 1042 2643 dicit
1074 2612 1215 2656 super
1237 2603 1463 2647 Joannem
1478 2606 1627 2658 (tract.
1648 2608 1720 2661 19,
1736 2604 1763 2648 a
1777 2605 1902 2650 med.
1920 2609 1967 2650 et
1981 2609 2114 2651 tract.
2169 2603 2170 2672 i

216 2662 288 2715 23,
311 2664 421 2705 ante
443 2659 600 2715 med.),
627 2661 751 2716 quod
782 2661 904 2705 sicut
931 2662 1125 2705 Verbum
1150 2664 1276 2719 quod
1299 2669 1402 2709 erat
1425 2669 1474 2709 in
1496 2669 1730 2724 principio
1753 2668 1883 2723 apud
1903 2671 2114 2726 Patrem,
2167 2679 2170 2717 ι

215 2721 418 2766 vivificat
437 2722 642 2774 animas3
669 2722 734 2765 ita
764 2724 960 2766 Verbum
983 2737 1092 2767 caro
1116 2726 1294 2779 sactum
1316 2727 1520 2771 vivificat
1539 2740 1749 2784 corpora,
1770 2728 1941 2785 quibus
1964 2729 2118 2786 angeli
2168 2743 2170 2770 ι

215 2789 390 2828 carent.
412 2784 499 2828 Sed
521 2785 714 2827 Verbum
739 2798 848 2828 caro
866 2787 1038 2839 factum
1058 2791 1131 2830 est
1150 2788 1374 2846 Christus,
1397 2790 1658 2835 secundum
1678 2790 1803 2847 quod
1822 2792 1978 2835 homo.
1999 2794 2117 2849 Ergo

215 2846 436 2901 Christus,
458 2846 719 2891 secundum
738 2847 865 2904 quod
883 2848 1039 2907 homo,
1056 2861 1148 2892 non
1169 2850 1322 2895 influit
1336 2851 1479 2897 vitam
1496 2852 1699 2909 angelis3
1716 2857 1762 2898 et
1777 2853 1840 2897 ita
1856 2848 2116 2900 secundum
2166 2835 2170 2918 Ι

215 2907 341 2963 quod
362 2909 517 2964 homo,
544 2921 638 2952 non
663 2914 735 2953 est
754 2916 894 2966 caput
913 2910 1203 2967 angelorum.

273 2969 359 3014 Sed
388 2974 545 3014 contra
565 2971 778 3028 estquod
801 2973 1049 3029 Apostolus
1072 2972 1183 3019 dicit
1206 2974 1396 3029 (Coloss.
1422 2989 1469 3033 11,
1487 2977 1557 3031 10)
1577 2990 1588 3018 t
1613 2978 1703 3032 Qui
1724 2980 1792 3020 est
1814 2979 1954 3033 caput
1975 2980 2117 3023 omnis
2166 2982 2170 3038 J

216 3034 505 3088 principatus
528 3037 572 3076 et
589 3036 825 3090 potestatis
843 3037 929 3090 (4).·
953 3039 997 3080 et
1029 3035 1191 3080 eadem
1224 3037 1342 3082 ratio
1372 3042 1443 3083 est
1473 3038 1531 3083 de
1555 3038 1736 3096 angelis
1763 3038 1962 3084 aliorum
1990 3039 2117 3086 ordi·
2165 3043 2170 3141 ἶ

2165 3143 2169 3184 i

2164 3191 2168 3235 1

2164 3239 2168 3284 i

2164 3287 2167 3309 1

2163 3335 2167 3387 J

2162 3403 2166 3429 t

217 3101 348 3137 num.
373 3096 450 3138 Est
472 3107 583 3151 ergo
608 3097 816 3141 Christus
838 3101 979 3154 caput
1001 3098 1292 3154 angelorum.

259 3216 303 3258 (i)
320 3216 415 3251 Unde
433 3218 556 3252 concil.
569 3219 727 3254 Trident.
743 3221 834 3261 (sess.
851 3229 899 3261 vl,
917 3231 991 3262 cap.
1008 3221 1041 3263 7)
1058 3233 1126 3255 non
1211 3222 1311 3256 etiam
1334 3228 1373 3257 ut
1390 3223 1577 3268 hominem,
1602 3236 1671 3258 esse
1689 3227 1789 3265 caput
1804 3224 2006 3265 angelorum
2020 3240 2030 3271 3
2044 3238 2116 3267 qum
2134 3236 2138 3243 “

221 3268 320 3305 negat
359 3265 476 3306 fidem,
507 3265 586 3300 dum
618 3268 691 3301 sine
724 3269 889 3303 charitate
915 3275 985 3309 est.
1012 3269 1126 3310 aliquo
1212 3270 1365 3305 doctrina
1384 3277 1434 3306 est
1447 3271 1637 3306 communis
1650 3272 1929 3307 scholasticorum
1943 3274 2048 3315 (Sent.
2061 3283 2115 3316 ιιι,

220 3313 319 3347 modo
334 3312 434 3347 unire
453 3324 530 3346 cum
558 3313 704 3356 Christo,
726 3320 759 3349 ot
777 3316 914 3351 efficere
932 3316 1126 3352 membrum
1211 3319 1289 3354 dist.
1308 3320 1373 3361 45).

219 3360 372 3401 corporis
390 3365 473 3402 ejuS,
486 3361 543 3396 sed
561 3363 691 3396 tantum
711 3362 893 3404 dicitquod
909 3375 1025 3409 neque
1041 3368 1124 3401 unit
1253 3368 1296 3408 (5)
1311 3367 1375 3402 Ubi
1392 3367 1440 3401 sic
1456 3366 1505 3402 ait
1523 3367 1623 3408 (vers.
1642 3368 1674 3409 G)
1694 3380 1702 3401 :
1720 3370 1814 3402 Dum
1828 3379 1955 3403 sumus
1974 3370 2017 3404 in
2031 3380 2115 3404 cor-

219 3408 375 3460 perfecte
400 3419 482 3443 cum
520 3409 679 3450 Christo,
712 3422 827 3456 neque
845 3416 1015 3456 corporis
1045 3417 1124 3459 ejus
1210 3426 1311 3458 pore,
1339 3417 1631 3460 peregrinamur
1654 3418 1677 3450 ὰ
1696 3416 1853 3450 Domino
1872 3427 1882 3450 :
1910 3427 1978 3460 per
2006 3418 2115 3459 fidem
2162 3434 2166 3460 q

218 3464 342 3491 iszvum
354 3457 552 3492 membrum
566 3458 691 3501 efficit.
1210 3465 1307 3499 enim
1327 3464 1571 3506 ambulamus,
1587 3474 1663 3498 non
1682 3474 1748 3504 per
1763 3465 1929 3506 speciem.

261 3504 304 3545 (2)
322 3505 361 3540 In
375 3505 439 3540 hoc
455 3506 599 3541 articulo
619 3507 715 3542 docet
736 3509 770 3543 S.
789 3510 913 3543 Doctor
929 3509 1122 3553 Christum,
1252 3514 1295 3553 (4)
1323 3513 1365 3546 Et
1392 3512 1526 3554 (Ephes.
1561 3521 1585 3554 1,
1614 3513 1657 3547 20
1676 3518 1710 3546 et
1736 3513 1789 3552 22)
1809 3524 1816 3543 ε
1848 3511 1898 3545 ad
1923 3512 2170 3550 dexteram-4³
