2170 3808
775 247 975 303 QuAEsr.
1006 248 1062 303 11,
1088 249 1204 290 ART.
1235 247 1267 290 1.
1480 275 1483 278 -
1915 247 1961 291 15

81 334 213 380 Verbi
242 331 467 377 incarnati
490 341 593 375 esse
624 329 791 373 factam
823 329 870 372 in
900 333 1082 373 natura.
1106 327 1359 385 Tripliciter
1377 326 1502 371 enim
1534 325 1709 383 aliquid
1734 336 1883 370 unum
1911 338 1965 371 ex

81 395 262 442 duobus
282 394 358 439 vel
385 391 598 450 pluribus
623 391 948 435 constituitur:
965 402 1062 434 uno
1087 391 1226 434 modo
1242 402 1303 434 ex
1329 388 1514 434 duobus
1540 387 1733 445 integris
1755 388 1967 444 perfectis

83 456 451 510 remanentibus3
473 452 602 510 quod
620 452 807 509 quidem
825 451 924 496 fieri
947 464 1042 495 non
1066 455 1232 508 potest,
1258 449 1347 494 nisi
1368 450 1416 494 in
1439 450 1496 494 iis
1513 462 1712 507 quorum
1735 449 1881 493 sor-ma
1897 454 1968 494 est

80 518 364 576 compositio,
387 515 461 560 vel
489 514 618 570 ordo,
638 514 712 558 vel
732 513 904 570 figura;
935 512 1056 557 sicut
1077 525 1135 557 ex
1169 511 1328 556 multis
1356 511 1590 568 lapidibus
1618 511 1795 567 absque
1814 510 1969 568 aliquo

81 581 242 626 ordine
259 577 490 632 adunatis,
511 587 594 632 per
606 575 754 620 solam
774 575 1154 630 compositionem
1179 570 1231 618 fit
1248 585 1468 628 acervus3
1486 585 1546 617 ex
1561 573 1795 629 lapidibus
1813 577 1968 618 aut-em

82 645 127 686 et
146 641 285 698 lignis
302 638 561 684 secundum
580 637 782 694 aliquem
802 636 1013 681 ordinem
1037 635 1288 692 dispositis,
1309 638 1355 679 et
1376 634 1515 679 etiam
1533 634 1595 679 ad
1620 635 1824 691 aliquam
1846 635 1957 691 figu-

82 714 182 748 ram
204 701 415 757 redactis,
435 700 488 744 fit
516 699 701 743 domus.
724 701 778 743 Et
798 698 1057 743 seeundum
1082 698 1169 742 hoc
1184 700 1441 753 posuerunt
1459 695 1602 753 aliqui
1624 696 1844 741 unionem
1865 708 1970 742 esse

82 774 162 820 per
183 763 371 808 modum
402 760 688 806 confusionis
716 763 792 816 (1),
812 772 917 818 quae
938 760 1110 805 scilicet
1132 764 1204 804 est
1225 758 1328 803 sine
1356 758 1544 814 ordine3
1570 757 1645 802 vel
1675 770 1758 814 per
1777 759 1968 803 modum

81 823 544 871 commensurationis
570 825 649 877 (ἓ),
675 834 779 878 quae
810 822 986 866 scilicet
1015 827 1086 866 est
1112 833 1222 866 cum
1252 819 1430 866 ordine.
1456 818 1549 864 Sed
1578 819 1666 863 hoc
1695 831 1789 863 non
1818 825 1970 875 potest

79 898 198 934 esse.
221 886 370 930 Primo
396 885 601 942 quidem,
625 884 734 941 quia
753 884 1039 941 compositio,
1062 884 1135 928 vel
1166 882 1296 940 ordo,
1318 882 1395 927 vel
1418 878 1570 938 figura
1597 893 1692 925 non
1718 885 1792 926 est
1821 881 1969 926 forma

80 947 409 1002 substantialis,
436 946 518 991 sed
542 944 867 990 accidentalis:
887 949 933 990 et
957 944 1025 989 sic
1055 948 1328 1001 sequeretur
1350 943 1477 1000 quod
1501 941 1612 986 unio
1636 941 1968 987 incarnationis

80 1021 174 1053 non
204 1014 327 1054 esset
355 1020 438 1065 per
461 1020 527 1059 se,
553 1005 637 1051 sed
665 1019 747 1063 per
770 1005 986 1051 accidens
1007 1005 1165 1062 :quod
1193 1005 1313 1049 infra
1340 1003 1676 1061 improbabitur
1697 1006 1798 1057 (art.
1821 1007 1846 1048 6
1868 1004 1966 1060 huj.

79 1074 281 1126 quaest.).
297 1067 522 1123 Secundo,
539 1067 648 1124 quia
669 1079 725 1112 ex
745 1066 1011 1123 huJusmodi
1031 1079 1125 1111 non
1144 1066 1196 1110 fit
1217 1077 1367 1110 unum
1384 1065 1673 1123 simpliciter,
1695 1064 1776 1109 sed
1798 1076 1968 1109 secun—

80 1131 190 1177 dum
214 1132 349 1189 quid3
374 1134 616 1176 remanent
636 1130 762 1174 enim
790 1130 923 1186 plura
948 1134 1071 1174 acm.
1093 1128 1256 1187 Tertio,
1279 1127 1389 1185 quia
1415 1127 1564 1172 forma
1587 1126 1747 1170 talium
1775 1139 1869 1171 non
1898 1131 1970 1171 est

81 1199 262 1251 natura,
286 1193 370 1239 sed
392 1193 542 1250 magis
565 1204 657 1246 ars,
682 1191 803 1236 sicut
830 1192 978 1236 forma
1002 1191 1169 1236 domus
1185 1205 1198 1235 :
1216 1195 1263 1235 et
1284 1191 1351 1235 sie
1381 1202 1475 1234 non
1496 1189 1853 1234 constitueretur
1875 1201 1969 1233 una

80 1260 247 1300 natura
272 1256 320 1300 in
344 1255 537 1307 Christo,
566 1258 619 1298 ut
643 1253 731 1310 ipsi
752 1253 932 1298 volunt.
952 1278 1007 1286 —
1028 1254 1126 1298 Alio
1156 1252 1294 1297 modo
1325 1252 1378 1296 fit
1403 1251 1578 1309 aliquid
1598 1263 1749 1295 unum
1774 1263 1832 1295 ex
1861 1262 1970 1307 per-

80 1317 228 1372 fectis,
249 1316 333 1362 sed
356 1316 697 1370 transmutatis;
722 1315 842 1360 sicut
863 1328 919 1359 ex
942 1315 1183 1360 elementis
1205 1314 1256 1358 fit
1277 1313 1476 1358 mixtum
1491 1326 1506 1357 z
1520 1318 1569 1358 et
1591 1312 1660 1357 sic
1677 1311 1819 1369 aliqui
1840 1312 1970 1357 dixe-

80 1382 191 1423 runt
206 1378 428 1422 unionem
451 1376 780 1422 incarnationis
802 1389 908 1421 esse
928 1377 1096 1420 factam
1118 1388 1199 1432 per
1218 1375 1407 1419 modum
1425 1373 1767 1419 commixtionis
1787 1375 1861 1427 (3).
1884 1372 1971 1418 sed

79 1439 169 1486 hoc
185 1452 279 1485 non
302 1444 452 1496 potest
470 1451 590 1484 esse.
611 1438 762 1482 Primo
786 1438 990 1494 quidem,
1010 1438 1119 1494 quia
1140 1444 1303 1481 natura
1324 1436 1482 1482 divina
1498 1440 1571 1481 est
1587 1435 1778 1480 omnino
1797 1435 1970 1479 immu-

84 1501 249 1556 tabilis,
271 1501 391 1545 utin
414 1500 560 1557 prima
581 1506 711 1557 parte
733 1499 908 1545 dictum
928 1505 1000 1544 est
1019 1501 1199 1556 (quaest.
1227 1513 1290 1551 ix,
1314 1504 1400 1543 art.
1422 1502 1443 1542 1
1460 1502 1509 1542 et
1528 1500 1571 1551 2)
1590 1497 1745 1542 :unde
1764 1509 1851 1540 nec
1869 1496 1970 1554 ipsa

10 1573 13 1575 ·
82 1568 233 1619 potest
250 1563 455 1607 converti
480 1562 529 1606 in
550 1561 698 1617 aliud,
723 1562 827 1605 cum
848 1561 910 1605 sit
934 1559 1323 1617 incorruptibilis;
1345 1572 1431 1604 nec
1450 1559 1576 1604 aliud
1598 1558 1645 1603 in
1666 1558 1837 1614 ipsam,
1861 1559 1969 1602 cum

81 1624 181 1681 ipsa
200 1624 261 1670 sit
280 1623 624 1681 ingenerabilis.
648 1622 874 1680 Secundo,
896 1623 1008 1679 quia
1027 1623 1074 1668 id
1094 1622 1219 1679 quod
1242 1627 1314 1667 est
1335 1622 1655 1677 commixtum,
1678 1620 1792 1665 nulli
1816 1619 1970 1664 misci-

82 1686 242 1744 bilium
263 1692 334 1732 est
361 1687 483 1731 idem
503 1686 657 1742 specie
675 1701 687 1729 z
703 1686 858 1730 differt
879 1685 1001 1730 enim
1026 1697 1136 1730 caro
1155 1685 1182 1728 a
1203 1685 1411 1742 qualibet
1433 1684 1769 1729 elementorum
1798 1683 1968 1739 specie.

84 1748 137 1791 Et
164 1748 234 1792 sie
260 1748 465 1793 Christus
496 1759 590 1791 non
618 1752 743 1792 esset
772 1747 979 1802 ejusdem
1016 1752 1195 1791 naturae
1221 1758 1331 1791 eum
1361 1751 1518 1803 patre,
1551 1758 1640 1790 nec
1668 1756 1775 1789 cum
1803 1747 1967 1789 matre.

84 1808 248 1864 Tertio,
271 1809 381 1865 quia
408 1820 468 1853 ex
495 1808 569 1852 his
597 1820 703 1865 quae
735 1808 986 1864 plurimum
1013 1809 1213 1863 distant,
1245 1821 1338 1852 non
1367 1811 1518 1864 potest
1546 1806 1646 1851 fieri
1674 1805 1968 1850 commixtio:

84 1869 278 1915 solvitur
295 1871 420 1915 enim
447 1870 627 1926 species
649 1869 790 1914 unius
813 1882 1001 1926 eorum3
1031 1870 1141 1926 puta
1170 1870 1210 1914 si
1240 1870 1345 1926 quis
1366 1874 1545 1926 guttam
1575 1880 1709 1925 aquae
1739 1868 1970 1924 amphorae

84 1932 180 1976 vini
202 1938 416 1988 apponat.
441 1934 494 1975 Et
521 1931 776 1976 secundum
807 1932 910 1989 hoe,
935 1935 1041 1976 cum
1073 1935 1241 1975 natura
1263 1931 1420 1976 divina
1448 1931 1497 1974 in
1522 1930 1754 1974 infinitum
1778 1929 1971 1974 excedat

85 1993 335 2038 humanam
355 1997 592 2048 naturam,
613 2004 708 2036 non
732 1996 884 2048 potest
902 2004 1005 2036 esse
1023 1992 1185 2036 mixtio
1206 1994 1278 2047 (4),
1298 1992 1380 2037 sed
1400 1991 1658 2035 remanebit
1683 1990 1783 2035 sola
1805 1994 1970 2035 natura

82 2054 257 2100 divina.
281 2078 336 2086 —-
353 2054 499 2098 Tertio
521 2053 659 2098 modo
685 2052 736 2097 fit
761 2052 935 2110 aliquid
961 2066 1021 2098 ex
1045 2053 1279 2110 aliquibus
1301 2066 1394 2098 non
1424 2052 1665 2109 permixtis
1683 2051 1758 2096 vel
1785 2064 1970 2108 permu—

84 2115 205 2167 tatiS,
226 2115 310 2160 sed
333 2114 641 2170 'imperfectis3
664 2114 787 2158 sicut
810 2126 867 2158 ex
891 2114 1046 2158 anima
1069 2120 1114 2158 et
1135 2127 1325 2171 corpore
1349 2114 1399 2158 fit
1420 2114 1558 2157 homo
1579 2127 1590 2156 z
1611 2117 1657 2157 et
1683 2112 1892 2157 similiter
1913 2125 1971 2158 ex

23 2175 26 2182 “
84 2177 280 2223 diversis
301 2175 522 2221 membris
549 2186 697 2220 unum
729 2187 899 2231 eorpus
927 2176 1239 2220 constituitur.
1264 2176 1353 2220 Sed
1374 2176 1462 2220 hoc
1490 2175 1581 2220 dici
1611 2187 1706 2218 non
1734 2179 1887 2231 potest
1914 2175 1971 2219 de

84 2237 413 2284 lucarnationis
435 2237 675 2294 mysterio.
699 2236 848 2281 Primo
864 2237 1068 2293 quidem,
1090 2238 1198 2294 quia
1218 2242 1416 2294 utraque
1435 2242 1602 2281 natura
1622 2241 1694 2281 est
1711 2237 1970 2281 secundum

85 2300 309 2346 rationem
331 2311 462 2344 suam
484 2299 702 2355 perfecta,
727 2298 884 2343 divina
905 2299 1082 2343 scilicet
1107 2304 1152 2343 et
1180 2299 1402 2344 humana.
1426 2297 1654 2353 Secundo,
1675 2297 1784 2354 quia
1805 2304 1971 2343 natura

86 2361 242 2407 divina
270 2366 317 2407 et
343 2361 546 2405 humana
576 2373 669 2404 non
698 2366 897 2416 possunt
924 2361 1206 2405 constituere
1234 2361 1407 2417 aliquid
1440 2372 1523 2416 per
1549 2359 1740 2404 modum
1771 2360 1970 2415 partium

82 2423 520 2482 quantitativarum,
553 2422 674 2466 sicut
705 2423 914 2468 membra
942 2423 1231 2468 constituunt
1257 2435 1451 2479 eorpus3
1482 2422 1591 2479 quia
1619 2428 1787 2465 natura
1813 2421 1971 2467 divina

85 2491 158 2532 est
186 2486 482 2542 incorporea:
503 2497 654 2541 neque
676 2497 760 2541 per
779 2485 969 2530 modum
992 2485 1152 2530 formae
1173 2491 1220 2531 et
1250 2485 1472 2539 materiae,
1496 2485 1607 2541 quia
1627 2484 1785 2528 divina
1806 2489 1972 2529 natura

87 2561 179 2593 non
199 2551 350 2604 potest
366 2559 470 2591 esse
490 2546 635 2590 forma
649 2547 863 2604 alicujus,
884 2548 1141 2604 praesertim
1159 2548 1367 2604 corporei
1383 2551 1683 2603 :sequeretur
1701 2546 1824 2590 enim
1846 2547 1971 2602 quod

86 2609 264 2666 species
277 2608 507 2652 resultans
518 2612 641 2653 esset
653 2609 1054 2654 communicabilis
1070 2609 1300 2666 pluribus,
1314 2613 1360 2654 et
1374 2610 1437 2653 ita
1450 2613 1607 2653 essent
1621 2608 1778 2665 plures
1790 2609 1968 2653 Christi.

84 2669 248 2726 Tertio,
261 2669 369 2726 quia
379 2669 582 2714 Christus
599 2682 694 2714 non
709 2674 830 2715 esset
849 2671 1064 2715 humanae
1080 2677 1274 2727 naturae,
1286 2682 1438 2727 neque
1453 2670 1623 2715 divinae
1635 2674 1827 2714 naturae.
1840 2670 1970 2714 Diffe—

88 2731 235 2778 rentia
249 2731 373 2776 enim
391 2731 545 2776 addita
558 2732 706 2777 variat
722 2732 943 2791 speciem,
957 2734 1077 2778 sicut
1096 2734 1254 2778 unitas
1269 2745 1534 2789 numerum,
1547 2732 1669 2777 sicut
1687 2732 1854 2776 dicitur
1871 2735 1971 2786 (Me-

89 2793 214 2849 taph.
237 2793 317 2837 lib.
338 2807 432 2849 vm,
458 2797 568 2838 text.
585 2796 672 2849 10).

145 2854 211 2898 Ad
228 2857 425 2910 primum
446 2866 558 2911 ergo
579 2855 849 2912 dicendum,
870 2856 995 2913 quod
1019 2856 1267 2901 auctoritas
1296 2855 1374 2900 illa
1395 2854 1551 2913 Cyrilli
1581 2855 1826 2911 exponitur
1849 2856 1907 2911 (5)
1923 2856 1970 2901 in

90 2914 251 2972 quinta
275 2915 458 2971 Synodo
476 2916 597 2970 (scil.
621 2917 906 2964 constantin.
928 2932 983 2976 u,
1007 2919 1212 2975 generali
1241 2922 1285 2976 5,
1304 2917 1458 2962 collat.
1483 2920 1526 2973 8,
1551 2928 1654 2960 can.
1681 2920 1738 2971 8),
1760 2916 1827 2961 sic
1845 2931 1857 2960 ι
1878 2934 1898 2955 α
1928 2918 1969 2962 Si

91 2977 197 3034 quis
222 2989 363 3022 unam
393 2982 607 3024 naturam
623 2980 756 3026 Verbi
784 2981 862 3027 Dei
890 2981 1178 3027 incarnatam
1203 2981 1384 3036 dicenS,
1411 2991 1506 3023 non
1532 2979 1603 3023 sie
1629 2979 1825 3036 accipiat
1852 2979 1973 3026 sicut

133 3100 177 3143 (l)
193 3101 246 3136 lta
272 3101 350 3136 Mu.
369 3105 403 3136 ot
419 3100 508 3135 Edit.
523 3100 657 3142 mim.
681 3102 750 3145 Al„
775 3114 986 3140 commassa-
1111 3105 1155 3145 (4)
1171 3103 1353 3139 Minui-am
1373 3106 1484 3137 tamen
1501 3101 1555 3138 vel
1578 3102 1776 3138 mixtionem
1792 3103 1971 3145 aliquando

91 3149 212 3186 lionis.
1071 3151 1242 3193 appellant
1257 3152 1384 3193 Patres,
1398 3155 1436 3185 ut
1446 3149 1608 3185 unionem
1627 3151 1759 3185 tantam
1774 3150 1862 3186 bono
1875 3163 1971 3188 sensu

131 3196 177 3238 (2)
201 3195 329 3237 Nempe
357 3194 556 3237 Eutychiani
573 3193 614 3230 ab
631 3194 780 3237 Eutyche
795 3199 985 3239 propagati,
1073 3204 1106 3234 et
1120 3200 1265 3233 innocua
1283 3198 1451 3233 locutione
1466 3197 1669 3237 significent.

87 3254 188 3286 quem
200 3244 246 3278 ita
259 3243 449 3279 confudisse
462 3249 611 3285 naturas.
622 3247 662 3278 nt
678 3243 831 3285 absorpta
842 3245 988 3281 humana
1113 3246 1156 3287 (5)
1173 3246 1239 3280 Neo
1263 3246 1343 3281 verb
1361 3245 1468 3281 verba
1492 3244 1553 3279 illa
1575 3246 1712 3287 proprie
1737 3250 1817 3280 sunt
1841 3243 1967 3287 cyrilli.

90 3290 126 3325 in
141 3290 289 3327 divinam
305 3293 476 3333 transiret,
491 3304 530 3327 ex
549 3292 654 3333 ipsius
675 3291 880 3327 confessione
893 3294 989 3329 colli·
1071 3294 1130 3330 ted
1144 3294 1314 3329 Eustathii
1330 3294 1418 3329 male
1437 3293 1602 3334 cyrillum
1618 3293 1799 3329 referentis
1818 3293 1890 3333 ,eui
1911 3293 1976 3327 Pa-

91 3338 184 3379 situr
195 3339 231 3374 in
246 3339 390 3374 coneilio
402 3339 674 3380 Chalcedonensi,
693 3343 758 3374 act.
774 3340 806 3375 l.
1073 3345 1141 3377 tres
1156 3343 1297 3384 proinde
1315 3341 1450 3376 concilii
1468 3342 1664 3383 reclamant,
1681 3346 1716 3376 et
1740 3341 1886 3382 cyrillus
1903 3341 1972 3381 ipse

131 3387 177 3429 (5)
205 3388 256 3422 Ita
282 3398 359 3421 eum
382 3387 501 3423 θαι-οἱα
521 3388 610 3423 Edit.
637 3398 752 3422 omnen
776 3389 988 3428 posteriores.
1074 3390 1110 3426 in
1128 3391 1223 3432 epist.
1239 3390 1281 3426 ad
1297 3392 1460 3426 loannem
1477 3389 1721 3425 Antiochenam
1738 3389 1970 3430 conqueritur⁸

90 3433 195 3471 Codd.
217 3433 346 3473 Alcan..
364 3434 477 3476 Rom..
492 3434 617 3478 aliique
635 3445 711 3469 cum
731 3435 902 3473 veteribus
919 3436 989 3472 edi-

92 3479 144 3523 tis,
161 3481 440 3525 commeationis.
