2170 3808
627 215 830 267 QUAEST.
859 217 995 271 LXVI,
1024 217 1142 259 ART.
1172 218 1208 260 X
1236 218 1300 260 ET
1329 218 1396 261 XI.
1873 221 1952 262 573

73 296 294 341 arationes
312 298 358 340 et
381 294 729 340 benedictiones
749 301 794 340 et
809 296 897 340 alia
913 297 1179 354 hujusmodi
1200 298 1442 342 cohibetur
1457 298 1529 343 vis
1546 297 1771 346 daemonis
1790 298 1849 342 ab
1867 298 1952 342 im-

71 357 327 414 pedimento
347 356 695 401 sacramentalis
710 357 902 402 effectus
923 360 1000 412 (1).

116 418 182 463 Ad
206 421 404 475 primum
424 430 535 474 ergo
569 418 833 474 dicendum,
858 420 983 476 quod
1014 419 1221 464 Christus
1240 421 1289 464 in
1313 421 1566 477 Epiphania
1602 422 1859 478 baptizatus
1882 425 1953 466 est

68 478 290 536 baptismo
308 479 513 536 Joannis,
532 485 584 523 ut
606 492 748 536 supra
772 481 946 525 dictum
966 486 1037 525 est
1065 485 1244 537 (quaest.
1282 495 1423 538 xxx1x,
1449 488 1535 527 art.
1555 486 1621 539 2),
1649 496 1740 540 quo
1762 482 1950 540 quidem

68 539 291 596 baptismo
311 552 404 584 non
423 540 716 596 baptizantur
734 542 908 593 fideles,
936 541 1016 586 sed
1039 542 1193 598 potius
1215 541 1446 598 baptismo
1464 545 1643 601 Christi,
1667 545 1747 601 qui
1763 544 1950 602 quidem

65 601 198 647 habet
216 602 468 647 efficaciam
504 614 562 646 ex
585 603 801 657 passione
822 603 1004 660 Christi,
1026 604 1284 648 secundum
1323 604 1438 649 illud
1472 607 1617 658 (Rom.
1637 619 1694 662 v1,
1718 610 1761 660 3)
1787 619 1799 649 :
1840 608 1951 662 Qui-

64 675 245 719 cumque
265 665 484 721 baptizati
505 676 660 706 sumus
681 667 729 707 in
748 666 932 707 Christo
946 668 1066 721 lesu,
1087 667 1136 707 in
1155 668 1299 708 morte
1317 669 1458 722 ipsius
1479 666 1699 723 baptizati
1715 681 1886 723 sumus5
1905 671 1950 711 et

62 735 120 770 ex
135 725 304 782 Spiritu
335 730 512 780 sanctO,
535 726 796 770 secundum
819 726 932 770 illud
951 726 1156 780 (ioannis
1176 741 1236 783 111,
1256 730 1300 781 5)
1319 739 1331 770 ε
1352 730 1454 771 Nisi
1480 731 1578 784 quis
1601 734 1789 772 renatus
1810 732 1950 783 fuerit

61 798 119 830 ex
140 800 262 843 aqua
274 791 317 830 et
340 789 515 842 Spiritu
536 791 709 843 sancto,
742 794 830 832 etc.
853 790 906 831 Et
925 788 1027 832 ideo
1043 788 1265 832 solemnis
1284 787 1545 845 baptismus
1561 790 1715 847 agitur
1730 791 1778 834 in
1793 791 1950 835 Eccle-

61 846 130 892 sia
145 853 190 892 et
214 848 262 892 in
281 848 438 904 vigilia
455 850 656 904 Paschae,
676 850 863 906 quando
882 850 933 894 fit
961 851 1339 894 commemoratio
1367 851 1612 896 dominicae
1633 853 1882 908 sepulturae
1903 857 1949 897 et

60 910 411 954 resurrectionis
447 910 655 966 ejusdem
698 913 901 967 (propter
929 912 1054 967 quod
1091 918 1137 956 et
1167 913 1389 956 Dominus
1428 918 1532 969 post
1564 914 1948 958 resurrectionem

59 976 341 1028 praeceptum
354 972 412 1016 de
426 972 657 1029 baptismo
677 973 916 1029 discipulis
934 973 1095 1029 dedit),
1119 978 1171 1018 ut
1191 974 1389 1018 habetur
1410 975 1580 1030 (Matth.
1601 975 1725 1030 ult.),
1741 979 1787 1020 et
1806 976 1854 1019 in
1875 975 1946 1018 vi·

60 1032 168 1089 gilia
202 1035 508 1090 Pentecostes,
535 1034 723 1089 quando
764 1035 925 1091 incipit
967 1035 1193 1079 celebrari
1235 1036 1507 1080 solemnitas
1541 1037 1735 1093 Spiritus
1774 1037 1944 1094 sancti3

59 1095 186 1140 unde
205 1100 253 1141 et
271 1097 466 1152 apostoli
488 1097 710 1152 leguntur
738 1097 840 1154 ipso
859 1097 933 1142 die
953 1100 1264 1152 Pentecostes,
1287 1110 1380 1154 quo
1403 1099 1620 1154 Spiritum
1644 1105 1856 1143 sanctum
1875 1111 1947 1143 re-

60 1163 293 1214 ceperant,
320 1159 402 1202 tria
418 1159 560 1203 millia
581 1159 822 1203 hominum
841 1159 1115 1214 baptizasse.

113 1218 180 1263 Ad
217 1221 461 1263 secundum
483 1220 748 1275 dicendum,
771 1219 897 1275 quod
908 1232 1026 1263 usus
1041 1232 1176 1278 aquae
1204 1220 1451 1264 adhibetur
1471 1221 1519 1264 in
1538 1220 1787 1278 baptismo,
1812 1223 1947 1278 quasi

59 1280 297 1335 pertinens
318 1282 377 1326 ad
397 1281 702 1325 substantiam
726 1281 1022 1336 sacramenti,
1044 1281 1126 1325 sed
1146 1293 1263 1325 usus
1276 1281 1363 1324 olei
1386 1281 1460 1325 vel
1480 1282 1741 1328 chrismatis
1758 1283 1946 1327 adhibe-

59 1345 134 1383 tur
151 1340 209 1385 ad
231 1341 480 1398 quamdam
500 1341 840 1385 solemnitatem
862 1344 935 1394 (2).
958 1345 1071 1385 Nam
1092 1341 1240 1397 primo
1258 1341 1565 1399 baptizandus
1581 1343 1823 1398 inungitur
1844 1343 1946 1388 oleo

60 1406 221 1446 sancto
237 1403 347 1446 etin
365 1407 550 1460 pectore
582 1408 628 1447 et
649 1403 698 1447 in
723 1404 943 1459 scapulis,
965 1406 1097 1459 quasi
1133 1404 1311 1447 athleta
1347 1407 1442 1458 Dei,
1464 1410 1516 1449 ut
1544 1404 1815 1449 Ambrosius
1836 1405 1947 1451 dicit

63 1463 141 1519 (De
159 1465 477 1519 sacramentis,
499 1465 580 1509 lib.
613 1478 644 1521 1,
667 1477 769 1521 cap.
790 1467 832 1519 2,
854 1465 900 1508 in
937 1466 1122 1522 princ),
1149 1465 1269 1510 sicut
1297 1466 1480 1522 pugiles
1503 1466 1666 1523 inungi
1686 1479 1946 1512 consueve-
1980 1525 1982 1529 .

59 1531 182 1570 runt.
214 1527 358 1580 Unde,
387 1524 509 1571 sicut
526 1527 825 1570 Innocentius
844 1530 895 1570 Ill
920 1528 1030 1571 dicit
1052 1528 1099 1571 in
1120 1528 1319 1583 quadam
1340 1531 1465 1572 Decr.
1486 1529 1544 1573 de
1567 1541 1698 1573 sacra
1724 1530 1945 1576 Unctione

62 1588 179 1644 (cap.
207 1590 320 1631 Ciam
353 1591 579 1643 venisset),
607 1605 628 1626 «ι
652 1588 958 1643 baptizandus
987 1589 1035 1633 in
1060 1595 1246 1646 pectore
1282 1590 1539 1645 inungitur,
1560 1595 1613 1634 ut
1644 1603 1726 1647 per
1750 1591 1944 1648 Spiritus

61 1649 203 1694 sancti
224 1649 399 1694 donum
420 1661 626 1694 errorem
649 1649 834 1706 abjiciat
857 1655 901 1695 et
922 1651 1251 1708 ignorantiam,
1276 1657 1321 1696 et
1341 1651 1480 1695 fidem
1500 1658 1672 1697 rectam
1703 1654 1941 1711 suscipiat,

58 1711 166 1765 quia
183 1712 338 1766 justus
358 1723 416 1755 ex
445 1710 536 1755 fide
558 1711 685 1755 vivit.
720 1713 841 1756 Inter
871 1713 1087 1768 scapulas
1109 1718 1262 1756 autem
1291 1713 1549 1768 inungitur,
1573 1720 1626 1758 ut
1647 1727 1729 1770 per
1751 1714 1944 1770 Spiritus

58 1772 206 1817 sancti
228 1772 422 1828 gratiam
443 1773 646 1816 excutiat
664 1773 1009 1830 negligentiam,
1029 1780 1075 1818 et
1103 1779 1352 1830 torporem,
1370 1780 1416 1819 et
1435 1775 1606 1819 bonam
1629 1776 1944 1832 operationem

57 1839 286 1890 exerceat,
311 1833 421 1890 quia
435 1833 550 1878 tides
565 1834 665 1878 sine
687 1834 906 1890 operibus
928 1840 1110 1879 mortua
1125 1840 1212 1893 est,
1229 1841 1282 1880 ut
1301 1848 1383 1892 per
1400 1836 1508 1881 fidei
1522 1844 1864 1881 sacramentum
1884 1839 1944 1883 sit

56 1896 283 1940 munditia
323 1896 655 1952 cogitationum
700 1896 745 1940 in
781 1902 984 1955 pectore,
1016 1902 1063 1942 et
1095 1910 1178 1954 per
1217 1898 1371 1954 operis
1418 1899 1689 1943 exercitium
1723 1900 1942 1944 fortitudo

57 1957 265 2002 laborum
284 1958 332 2002 in
356 1959 577 2014 scapulis,
600 1964 653 2003 ut
671 1971 754 2015 per
772 1959 1065 2004 dilectionem
1088 1965 1322 2016 operetur.
1342 1979 1362 1999 ι»
1388 1963 1495 2004 Post
1511 1961 1794 2017 baptismum
1816 1962 1939 2019 vero,

56 2023 109 2065 ut
122 2020 338 2065 Rabanus
356 2020 468 2065 dicit
483 2020 618 2073 (libro
640 2021 839 2066 institut.
865 2022 1019 2067 cleric.
1037 2035 1140 2078 cap.
1164 2025 1235 2076 28,
1257 2022 1380 2067 circa
1395 2023 1553 2078 med.),
1569 2041 1589 2061 «
1609 2024 1765 2068 statim
1786 2024 1942 2080 signa-

57 2086 134 2125 tur
149 2081 195 2125 in
219 2081 409 2127 cerebro
429 2082 455 2125 a
477 2083 761 2141 presbytero‘
777 2096 885 2127 cum
908 2096 1040 2129 sacro
1070 2085 1331 2138 chrismate,
1353 2090 1577 2140 sequente
1600 2085 1739 2129 simul
1770 2091 1815 2129 et
1839 2099 1942 2130 ora-

59 2142 198 2199 tione,
214 2149 266 2187 ut
278 2144 442 2188 Christi
460 2145 590 2199 regni
611 2145 841 2200 particeps
855 2145 951 2198 fiat,
967 2149 1013 2189 et
1030 2144 1055 2188 a
1069 2145 1246 2189 Christo
1266 2146 1550 2189 Christianus
1568 2147 1712 2201 possit
1725 2147 1901 2205 vocari3
1917 2167 1937 2188 »ι

55 2205 158 2259 vel,
183 2205 300 2249 sicut
318 2204 586 2263 Ambrosius
601 2206 711 2251 dicit
730 2208 807 2260 (De
831 2218 1026 2250 sacram.
1052 2206 1131 2250 lib.
1154 2221 1215 2260 111,
1241 2219 1342 2264 cap.
1364 2211 1407 2262 1,
1431 2207 1456 2249 a
1476 2207 1662 2262 princ),
1687 2225 1706 2244 ι(
1730 2220 1943 2264 unguen-

57 2271 155 2310 tum
174 2278 315 2323 super
335 2272 475 2323 caput
503 2267 771 2323 effunditur,
793 2268 901 2324 quia
925 2268 1150 2325 sapientis
1169 2281 1338 2313 sensus
1365 2268 1412 2312 in
1448 2269 1597 2325 capite
1628 2269 1729 2326 ejus
1752 2288 1773 2309 »
1799 2272 1941 2327 (quod

56 2329 265 2386 sequitur
287 2329 427 2374 habet
455 2332 609 2374 Innoc.
638 2333 706 2386 Ill,
731 2331 817 2374 loc.
844 2331 958 2389 cit),
987 2348 1007 2369 α
1030 2331 1078 2375 in
1096 2331 1269 2376 vertice
1297 2331 1556 2388 inungitur,
1580 2336 1634 2376 ut
1663 2332 1722 2376 sit
1753 2338 1941 2389 paratus

54 2390 183 2434 omni
198 2390 374 2447 petenti
393 2392 451 2435 de
472 2391 563 2435 fide
581 2391 777 2435 reddere
794 2392 1037 2437 rationem.
1061 2411 1082 2432 »

107 2453 175 2498 Ad
205 2455 387 2496 tertium
407 2452 669 2509 dicendum,
702 2453 827 2510 quod
847 2455 991 2499 vestis
1015 2454 1093 2499 illa
1116 2454 1314 2499 candida
1343 2455 1541 2500 traditur
1570 2455 1814 2513 baptizato,
1845 2470 1940 2504 non

53 2514 241 2571 quidem
273 2514 328 2558 ea
350 2514 528 2558 ratione
551 2513 677 2571 quod
700 2527 792 2558 non
816 2515 952 2560 liceat
987 2516 1028 2560 ei
1073 2516 1174 2560 aliis
1196 2516 1406 2561 vestibus
1428 2517 1514 2573 uti,
1547 2517 1626 2562 sed
1665 2518 1710 2561 in
1753 2519 1940 2574 signum

54 2575 265 2631 gloriosae
284 2575 651 2631 resurrectionis,
674 2575 733 2620 ad
767 2589 908 2633 quam
945 2577 1157 2622 homines
1180 2589 1261 2633 per
1281 2576 1564 2633 baptismum
1586 2585 1937 2640 regenerantur,

53 2641 100 2690 et
120 2637 180 2681 ad
197 2633 550 2692 significandam
566 2638 814 2693 puritatem
847 2639 969 2694 vitae,
995 2651 1135 2695 quam
1158 2639 1329 2682 debent
1359 2644 1462 2694 post
1481 2639 1763 2695 baptismum
1777 2640 1942 2686 obser-

53 2709 180 2754 vare,
203 2698 460 2742 secundum
478 2698 593 2742 illud
608 2701 754 2752 (Rom.
778 2714 839 2755 vl,
860 2702 903 2754 4)
929 2715 939 2743 ι
958 2705 1013 2743 In
1031 2703 1272 2743 nativitate
1292 2703 1392 2743 vitae
1411 2701 1700 2745 ambulemus.

53 2814 65 2819 ᾔ
107 2759 174 2804 Ad
196 2762 408 2814 quartum
435 2759 699 2816 dicendum,
719 2762 842 2818 quod
864 2774 918 2806 ea
942 2775 1043 2818 quae
1065 2763 1296 2819 pertinent
1333 2763 1392 2806 ad
1428 2763 1765 2807 solemnitatem
1785 2777 1936 2811 sacra-

53 2821 213 2876 menti,
233 2821 320 2864 etsi
342 2833 435 2863 non
456 2820 551 2864 sint
564 2821 622 2866 de
642 2825 917 2868 necessitate
939 2824 1233 2879 sacramenti,
1257 2835 1351 2866 non
1376 2827 1533 2867 tamen
1557 2828 1665 2867 sunt
1686 2826 1934 2885 superflua,

53 2882 163 2939 quia
185 2886 297 2926 sunt
318 2881 375 2925 ad
392 2881 512 2925 bene
526 2894 629 2926 esse
643 2886 938 2939 sacramenti,
955 2890 1007 2928 ut
1028 2885 1202 2928 dictum
1226 2888 1297 2928 est
1322 2884 1387 2937 (in
1403 2887 1566 2940 corp.).

106 2946 452 2988 ARTICULUS
465 2947 547 2988 xl.
562 2969 615 2976 —-
627 2959 762 2989 uranu
778 2959 1093 2991 convamawran
1107 2959 1415 2990 nasenmmrua
1436 2960 1531 2989 ‘ram
1543 2961 1792 2991 carusium
1809 2950 1879 3004 (3).

52 3012 168 3049 Dahis
184 3013 286 3049 etiam
302 3014 397 3048 Sent.
416 3021 463 3053 w,
484 3012 563 3048 dist.
578 3013 598 3048 4
613 3039 623 3056 ,
641 3015 759 3055 quaest.
779 3022 833 3098 lg,
848 3021 919 3097 lart.
940 3016 1028 3098 &let
1044 3018 1158 3097 quaegt.
1184 3023 1234 3057 Vl,
1253 3018 1319 3050 art.
1341 3015 1381 3055 4,
1412 3019 1447 3049 et
1471 3016 1566 3050 Joan.
1589 3024 1680 3056 exn,
1699 3016 1807 3051 lect-l
1829 3018 1888 3053 fin.
1904 3023 1938 3055 et

828 3075 846 3098 e
871 3077 900 3099 r.
919 3073 968 3105 vt.
996 3064 1097 3098 ect.5
1138 3075 1172 3098 n.

106 3116 173 3161 Ad
194 3116 492 3160 undecimum
528 3116 596 3160 sic
614 3118 894 3172 proceditur.
918 3122 962 3163 1.
999 3118 1188 3163 Videtur
1208 3118 1332 3174 quod
1355 3119 1738 3163 inconvenienter
1766 3120 1935 3165 descri-

93 3245 137 3288 (1)
150 3247 198 3281 De
214 3247 312 3287 hujus
326 3247 523 3282 sacramenti
540 3247 809 3291 precationibus,
826 3249 950 3284 ritibus
1032 3249 1117 3283 riter
1139 3253 1189 3284 est
1204 3249 1348 3284 mortale
1371 3249 1544 3290 baptizare
1561 3252 1597 3284 in
1625 3262 1713 3292 aqua
1733 3263 1800 3285 non
1827 3262 1936 3285 conse-

51 3294 720 3335 etcaeremoniisexplicandis-conferatur
731 3296 950 3330 catechismus
1033 3302 1137 3337 crata,
1170 3298 1221 3332 vel
1249 3298 1285 3331 in
1317 3298 1498 3332 chrismate
1527 3298 1667 3333 alterius
1692 3300 1770 3333 anni
1787 3326 1795 3341 ,
1821 3303 1860 3333 ut
1889 3298 1935 3333 ait

25 3368 27 3370 v
51 3351 210 3376 romanus
228 3342 316 3382 (pars
333 3343 378 3383 Il,
395 3349 432 3375 n·
443 3351 501 3376 mx
515 3347 548 3376 et
564 3344 660 3383 sem),
1034 3344 1069 3378 S.
1085 3344 1288 3385 Alplionsius
1303 3344 1430 3382 (Tlieol.
1449 3344 1568 3378 moral.
1589 3345 1652 3380 lib.
1670 3354 1718 3387 Vl,
1737 3357 1779 3379 no
1797 3345 1883 3386 Mt).

93 3388 139 3430 (2)
166 3389 232 3431 Qui
258 3390 337 3423 vero
356 3389 547 3424 voluntarie
571 3390 757 3431 negligeret
776 3392 950 3426 unctiones
1075 3391 1117 3432 (5)
1147 3392 1284 3427 Scilicet
1307 3392 1507 3434 baptismata
1530 3392 1700 3435 fluminis,
1727 3393 1875 3427 flaminis
1899 3396 1933 3427 et

51 3434 119 3470 olei
143 3436 196 3472 vel
214 3436 406 3471 chrismatis
426 3436 618 3472 mortaliter
637 3443 801 3479 peccaret.
819 3439 869 3474 lta
894 3449 949 3480 pa·
1033 3440 1214 3477 sanguinis.
