2170 3808
642 299 839 351 QUAEST.
870 298 998 354 XXII,
1030 298 1144 339 ART.
1176 297 1226 338 lv
1253 296 1318 338 ET
1345 297 1398 339 V.
1882 295 1965 337 199

87 386 300 433 sacerdos
315 382 519 441 figuralis
540 379 710 425 veteris
723 379 840 436 legis
859 392 949 423 non
968 382 1146 435 poterat
1159 377 1216 422 ad
1232 378 1352 421 hanc
1363 374 1688 432 perfectionem
1705 372 1967 430 pertingere

88 454 140 495 ut
164 448 386 494 sacrificio
413 443 715 490 satisfactorio
738 455 831 485 non
856 442 1094 497 indigeret.
1127 439 1214 484 Sed
1235 438 1442 483 Christus
1466 450 1559 481 non
1587 436 1798 491 indiguit.
1835 435 1965 480 Unde

90 523 182 556 non
203 515 274 555 est
297 508 459 554 similis
479 506 595 551 ratio
617 505 674 549 de
689 508 902 561 utroque.
923 505 976 547 Et
995 504 1081 546 hoc
1096 505 1168 545 est
1185 500 1311 556 quod
1326 498 1570 555 Apostolus
1594 497 1704 543 dicit
1718 496 1869 551 (Hehr.
1886 509 1963 553 vn,

89 573 183 625 28):
206 575 297 614 Lex
312 570 507 612 homines
522 569 748 610 constituit
764 565 1034 620 sacerdotes,
1058 564 1372 617 infirmitatem
1390 561 1601 603 habentes
1611 574 1630 615 ‚·
1651 571 1797 602 sermo
1813 561 1963 602 autem

23 643 27 653 '¹
88 632 403 689 jurisjurandi,
428 632 503 685 qui
515 632 618 685 post
637 628 777 684 leqem
798 630 880 683 est,
904 626 1047 681 filium
1068 626 1116 667 in
1131 626 1350 667 aeternum
1363 623 1629 677 perfectum.

159 693 495 739 ARTICULUS
506 692 566 734 V.
578 714 633 722 -
645 702 780 733 uuum
801 699 1078 732 SAcEnnormu
1097 698 1255 729 emus'n
1273 695 1513 727 renmunu
1533 694 1574 726 m
1593 695 1802 724 lert-:unum
1820 682 1897 738 (1).

93 761 144 798 Do
156 761 211 797 his
227 761 328 796 etiam
345 764 410 795 nrt.
425 770 495 802 seq.
507 768 598 800 corp.
613 760 648 803 et
664 758 781 799 quest.
795 763 892 798 um,
904 758 972 836 υἷϊ.
986 756 1009 789 5
1022 766 1113 836 εῗηί.
1131 757 1167 835 eg
1179 753 1200 836 ἓ
1213 752 1248 795 2,
1262 755 1379 794 quaest.
1394 759 1464 792 cvl,
1478 754 1542 786 art.
1553 749 1588 792 4,
1599 753 1633 784 et
1643 750 1736 785 Sent.
1751 758 1805 790 m,
1817 749 1895 784 dist.
1906 749 1962 794 22,

830 812 1073 845 quaeS.1,ar.
1126 813 1143 836 a
1206 829 1211 835 .

141 862 208 910 Ad
241 847 453 920 quintum
480 860 547 905 sic
576 858 856 917 proceditur.
887 861 929 902 1.
960 856 1144 901 Videtur
1178 854 1300 912 quod
1337 851 1647 899 sacerdotium
1671 850 1837 896 Christi
1868 863 1962 896 non

86 927 355 983 permaneat
373 923 418 967 in
435 926 675 967 aeternum.
701 920 831 976 Quia,
851 923 903 963 ut
921 918 1095 964 dictum
1114 922 1186 962 est
1202 920 1302 969 (art.
1324 916 1498 973 praem),
1514 914 1581 959 illi
1597 913 1681 957 soli
1707 913 1871 958 effectu
1891 924 1964 982 sa-

89 985 273 1031 cerdotii
292 983 500 1041 indigent
514 983 592 1040 qui
616 981 788 1026 habent
807 980 1119 1024 infirmitatem
1137 977 1312 1035 peccati
1332 988 1436 1033 quae
1453 987 1535 1032 per
1552 973 1804 1019 sacerdotis
1823 985 1963 1018 sacrl-

90 1043 244 1091 ficium
267 1045 438 1102 expiari
457 1047 623 1102 potest.
646 1042 731 1087 Sed
757 1043 843 1086 hoc
874 1053 964 1084 non
990 1040 1075 1084 erit
1099 1039 1146 1082 in
1178 1035 1553 1094 aeteriuim,‚quia
1571 1036 1618 1081 in
1640 1034 1814 1079 sanctis
1835 1033 1964 1078 nulla

88 1108 174 1152 erit
207 1107 464 1164 infirmitas,
496 1104 754 1151 secundum
788 1103 899 1147 illud
924 1102 1067 1156 (Isaiae
1090 1115 1157 1158 Lx,
1178 1102 1274 1155 21):
1301 1099 1497 1155 Populus
1522 1101 1622 1141 tuus
1652 1110 1801 1140 omnes
1816 1097 1965 1153 flesti,⁸

88 1174 379 1226 peccatorum
402 1172 558 1212 autem
576 1165 819 1210 infirmitas
839 1162 1130 1219 inexpiabilis
1142 1161 1243 1217 erit,
1260 1160 1367 1217 quia
1387 1160 1433 1202 in
1453 1159 1634 1204 inferno
1652 1158 1776 1202 nulla
1797 1162 1868 1203 est
1888 1169 1965 1203 re-

87 1229 288 1287 demptio
313 1232 387 1286 (2).
412 1232 530 1286 Ergo
549 1227 856 1272 sacerdotium
875 1225 1037 1269 Christi
1066 1223 1237 1267 frustra
1263 1225 1520 1267 remaneret
1541 1220 1588 1264 in
1608 1225 1851 1264 aeternum.

141 1294 183 1336 2.
208 1293 442 1347 Praeterea,
463 1288 767 1339 sacerdotium
800 1286 961 1332 Christi
982 1285 1216 1342 praecipue
1241 1284 1537 1328 manifestum
1565 1286 1635 1327 est
1664 1282 1711 1326 in
1738 1282 1840 1338 ejus
1858 1293 1965 1338 pas-

86 1352 217 1397 sione
237 1356 282 1396 et
303 1356 469 1407 morte,
486 1349 671 1407 quando
691 1363 776 1407 per
784 1350 1021 1406 proprium
1048 1348 1313 1403 sanquinem,
1331 1347 1535 1388 introivit
1552 1346 1599 1386 z'n
1621 1346 1796 1396 sancta,
1818 1347 1871 1387 ut
1893 1341 1965 1387 di-

86 1411 205 1456 citur
217 1412 366 1467 (Hebr.
388 1414 553 1469 1x‚12).
577 1410 662 1455 Sed
685 1410 840 1467 passio
860 1413 906 1453 et
923 1419 1050 1452 mors
1064 1406 1224 1451 Christi
1244 1418 1338 1450 non
1362 1405 1450 1450 erit
1467 1405 1515 1448 in
1534 1408 1778 1460 aeternum,
1796 1415 1964 1448 secun-

89 1472 200 1518 dum
221 1473 336 1518 illud
352 1473 496 1530 (Rom.
515 1486 574 1527 vl,
598 1474 665 1527 9):
685 1473 893 1515 Christus
906 1482 1139 1526 resurqens
1155 1470 1185 1512 ὰ
1203 1468 1501 1523 mortuisjam
1521 1480 1608 1510 non
1619 1468 1826 1509 moritur.
1847 1468 1964 1522 Ergo

88 1534 392 1580 sacerdotium
415 1533 577 1579 Christi
601 1546 694 1578 non
719 1533 805 1577 erit
825 1533 872 1576 in
896 1535 1136 1576 aeternum.

141 1599 185 1642 3.
206 1599 443 1651 Praeterea,
462 1596 668 1641 Christus
687 1600 758 1640 est
777 1594 991 1639 sacerdos
1012 1606 1105 1637 non
1125 1591 1382 1637 secundum
1398 1590 1523 1648 quod
1537 1594 1675 1643 Deus,
1694 1590 1777 1635 sed
1797 1602 1966 1634 secun-

88 1655 198 1701 dum
218 1657 341 1714 quod
355 1657 506 1701 homo.
530 1656 616 1701 Sed
632 1655 836 1700 Christus
855 1654 1136 1711 quandoque
1154 1665 1247 1697 non
1266 1652 1354 1697 fuit
1374 1653 1527 1708 homo,
1549 1650 1726 1696 scilicet
1743 1651 1792 1694 in
1812 1650 1966 1696 triduo

89 1717 264 1762 mortis.
284 1720 402 1774 Ergo
418 1717 724 1763 sacerdotium
739 1716 901 1761 Christi
919 1728 1011 1760 non
1033 1720 1105 1759 cst
1124 1714 1172 1758 in
1195 1719 1436 1759 aeternum.

144 1777 229 1822 Sed
253 1782 409 1822 contra
430 1783 501 1823 est
518 1778 640 1835 quod
660 1777 826 1822 dicitur
842 1777 975 1832 (Psal.
992 1789 1076 1833 cix,
1091 1777 1158 1831 4):
1183 1780 1246 1818 Tu
1263 1789 1308 1819 es
1322 1776 1535 1818 sacerdos
1554 1775 1602 1816 in
1619 1776 1833 1817 aeternum
1854 1773 1929 1828 (3).

138 1846 424 1887 CONCLUSIO.
451 1869 496 1876 —
522 1846 674 1887 Christi
694 1845 979 1894 sacerdotium,
999 1857 1081 1884 non
1101 1844 1235 1896 quoad
1255 1842 1438 1884 sacrificii
1454 1841 1721 1891 oblationem,
1740 1840 1810 1882 sed
1830 1840 1965 1894 quoad

91 1899 279 1940 sacrificii
301 1900 708 1950 consummationem,
727 1912 820 1953 quae
839 1902 882 1939 in
901 1899 1016 1940 bonis
1032 1899 1195 1939 aeternis
1215 1899 1413 1947 consistit,
1436 1900 1638 1938 aeternum
1655 1897 1746 1937 suit.

143 1962 409 2019 Respondeo
428 1963 674 2008 dicendum
689 1961 814 2019 quod
832 1962 879 2005 in
897 1961 1048 2005 officio
1069 1961 1320 2005 sacerdotis
1340 1961 1431 2005 duo
1445 1966 1641 2016 possunt
1656 1957 1963 2004 considerari:

89 2021 236 2079 primo
255 2023 440 2079 quidem
461 2023 562 2079 ipsa
575 2023 744 2068 oblatio
762 2023 972 2067 sacrificii
990 2038 1002 2079 3
1023 2022 1243 2078 secundo,
1260 2022 1362 2079 ipsa
1379 2021 1588 2066 sacrificii
1608 2019 1962 2074 consummatio,

88 2094 193 2140 quae
213 2084 400 2140 quidem
431 2085 639 2129 consistit
657 2085 705 2128 in
735 2085 823 2129 hoc
845 2084 970 2140 quod
996 2085 1060 2128 illi
1083 2097 1167 2141 pro
1189 2083 1359 2140 quibus
1379 2083 1656 2128 sacrificium
1680 2082 1888 2138 offertur,
1908 2081 1966 2126 fi-

88 2155 196 2189 nem
221 2145 429 2189 sacrificii
452 2150 820 2202 consequuntur.
847 2146 970 2190 Finis
999 2150 1154 2190 autem
1176 2145 1385 2190 sacrificii
1416 2145 1541 2201 quod
1572 2143 1779 2189 Christus
1801 2143 1966 2189 obtulit

88 2217 181 2250 non
199 2206 389 2251 fuerunt
409 2206 532 2250 bona
551 2207 836 2264 temporalia,
860 2207 941 2251 sed
963 2211 1154 2264 aeterna,
1176 2220 1281 2263 quae
1298 2220 1381 2264 per
1406 2206 1508 2264 ejus
1529 2210 1725 2251 mortem
1748 2205 1966 2262 adipisci-

87 2279 207 2312 mur.
231 2268 358 2312 Unde
380 2268 545 2312 dicitur
558 2268 708 2324 (Hebr.
728 2282 786 2323 lx,
802 2270 889 2323 12),
915 2267 1038 2324 quod
1065 2270 1272 2312 Christus
1292 2273 1363 2313 est
1387 2271 1596 2312 assistens
1615 2270 1827 2322 Pontifex
1840 2270 1959 2322 sutu-

89 2341 240 2373 rarum
255 2330 483 2387 bonorum,
495 2329 672 2374 ratione
689 2329 824 2387 quus
835 2329 999 2374 Christi
1019 2330 1326 2375 sacerdotium
1345 2330 1512 2375 dicitur
1527 2342 1632 2375 esse
1648 2329 1696 2374 in
1720 2334 1963 2375 aeternum.

88 2392 142 2434 Et
159 2390 267 2435 ·haec
294 2390 480 2448 quidem
499 2390 836 2436 consummatio
865 2390 1073 2435 sacrificii
1098 2391 1261 2436 Christi
1277 2390 1660 2448 praefigurabatur
1682 2389 1733 2435 'in
1759 2391 1847 2435 hoc
1863 2390 1964 2448 ipso

89 2449 210 2508 quod
233 2451 436 2507 pontifex
465 2451 626 2508 legalis
646 2452 789 2496 semel
808 2452 855 2495 in
879 2464 1001 2495 anno
1022 2464 1130 2495 cum
1154 2452 1382 2508 sang-uine
1410 2451 1524 2496 hirci
1544 2456 1589 2496 et
1611 2450 1743 2496 vituli
1764 2451 1965 2497 intrabat

89 2511 136 2554 in
151 2517 310 2556 sancta
333 2519 611 2568 sanctorum,
635 2517 688 2557 ut
707 2512 876 2558 dicitur
891 2512 1051 2567 (Levit.
1071 2515 1172 2569 xv1)‚
1200 2516 1306 2558 cum
1327 2517 1482 2558 tamen
1506 2513 1686 2557 hircum
1705 2517 1751 2558 et
1768 2513 1964 2558 vitulum

89 2584 179 2617 non
188 2574 497 2619 immolaretin
505 2574 679 2619 sanctis
689 2579 972 2630 sanctorum,
986 2574 1068 2620 sed
1080 2580 1226 2620 extra.
1242 2578 1294 2619 Et
1305 2575 1514 2620 similiter
1522 2575 1729 2620 Christus
1744 2575 1793 2620 in
1805 2581 1966 2621 sancta

89 2637 367 2691 sanctorum,
386 2635 433 2680 id
450 2639 536 2691 est,
554 2636 603 2684 in
626 2635 778 2692 ipsum
797 2636 968 2681 coelum
990 2636 1195 2693 intravit,
1219 2643 1266 2681 et
1277 2637 1410 2681 nobis
1427 2636 1552 2680 viam
1567 2637 1747 2693 paravit
1763 2637 1963 2683 intrandi

89 2705 171 2750 per
190 2695 407 2740 virtutem
429 2697 669 2752 sanguinis
687 2697 778 2754 sui,
802 2709 941 2755 quem
960 2709 1045 2754 pro
1063 2698 1198 2743 nobis
1215 2698 1264 2742 in
1286 2703 1408 2743 terra
1429 2698 1604 2742 effudit.

142 2756 210 2801 Ad
219 2759 419 2814 primum
441 2770 550 2815 ergo
571 2757 834 2816 dicendum,
854 2758 978 2815 qnod
994 2760 1142 2803 sancti
1164 2759 1243 2816 qui
1262 2764 1400 2804 erunt
1416 2759 1465 2803 in
1492 2759 1655 2816 patria,
1679 2772 1773 2804 non
1787 2760 1963 2818 indige·

92 2816 208 2860 bunt
225 2818 419 2863 ulterius
440 2820 612 2876 expiari
632 2833 715 2878 per
734 2821 1039 2866 sacerdotium
1066 2821 1253 2877 Christi3
1275 2822 1357 2867 sed
1382 2821 1551 2878 expiati
1570 2822 1667 2878 jam
1690 2821 1966 2878 indigebunt

91 2880 398 2923 consummari
416 2880 661 2936 peripsum
676 2882 920 2939 Christum,
942 2883 969 2925 a
987 2894 1079 2939 quo
1100 2882 1244 2938 gloria
1266 2894 1426 2927 eorum
1442 2882 1687 2939 dependet.
1708 2883 1836 2927 Unde
1850 2883 1964 2928 dici-

91 2941 168 2982 tur
185 2940 377 2995 (Apocal.
405 2954 488 2996 xx1,
507 2945 594 2998 23),
617 2943 740 3001 qued
761 2946 949 2988 claritas
980 2948 1062 2987 Dei
1082 2945 1317 2988 illuminat
1338 2945 1487 3000 illam,
1514 2944 1705 3000 scilicet,
1735 2944 1964 2992 civitatem

91 3003 372 3056 sanctorum,
393 3004 435 3044 et
451 3002 632 3046 lucerna
654 3005 747 3059 eius
769 3009 834 3048 est
848 3018 1005 3062 aqna-³.

145 3059 211 3104 Ad
228 3063 472 3104 secundum
493 3062 754 3122 dicendum,
777 3065 901 3122 quod
919 3066 1034 3110 licet*
1053 3065 1208 3123 passio
1225 3070 1272 3111 et
1292 3078 1419 3111 mors
1435 3065 1599 3112 Christi
1619 3066 1676 3111 de
1691 3070 1856 3112 caetero
1868 3079 1965 3114 non

91 3120 185 3166 sint
210 3120 433 3177 iteranda,
454 3127 607 3168 tamen
631 3124 779 3170 virtus
800 3126 925 3171 illius
953 3128 1115 3172 hostiae
1137 3127 1280 3172 semel
1298 3127 1463 3172 oblatae
1491 3133 1733 3185 permanet
1752 3129 1801 3173 in
1829 3135 1965 3176 aeter-

133 3232 175 3274 (l)
193 3232 427 3287 Sacerdotium
450 3233 576 3289 Christi
595 3238 645 3270 est
666 3239 830 3270 aeternum
855 3237 985 3272 ratione
1069 3237 1171 3273 variis
1193 3249 1325 3279 quoque
1355 3238 1538 3280 Scriptura
1555 3238 1637 3274 locis
1659 3239 1822 3281 implicite
1847 3239 1963 3280 colligi

91 3290 248 3320 personae,
269 3292 347 3322 quia
371 3292 432 3316 nec
455 3293 524 3322 ipse
551 3282 706 3324 cuiquam
731 3283 901 3326 suecessit,
923 3294 984 3318 nec
1068 3289 1188 3327 potest,
1203 3290 1240 3319 ut
1256 3285 1309 3320 Ps.
1324 3286 1630 3328 v1‚6,Eccles.xm‚
1643 3288 1676 3329 7,
1690 3288 1830 3322 Baruch.
1850 3296 1889 3329 11,
1908 3288 1964 3323 ⁴7.

91 3327 151 3369 ipsi
175 3329 346 3369 quisquam
377 3340 583 3364 successurus
607 3335 678 3376 est5
706 3330 836 3364 ratione
865 3330 982 3372 officii,
1108 3334 1152 3373 (5)
1175 3334 1216 3366 Et
1238 3334 1413 3373 Apostolus
1437 3334 1553 3376 (Hebr.
1573 3335 1634 3377 vn)
1660 3349 1668 3368 =
1699 3336 1768 3370 Hic
1786 3339 1906 3369 autem
1923 3335 1963 3368 ed

93 3374 170 3414 quia
189 3375 257 3416 ipse
278 3387 337 3416 per
358 3376 668 3417 ministrosjugiter
691 3377 857 3413 sacrificat
877 3382 911 3412 et
930 3389 979 3412 sa·
1068 3380 1367 3421 quodmaneatin
1382 3384 1568 3423 aternum,
1583 3384 1843 3426 sempiternum
1860 3382 1964 3418 habet

93 3421 254 3457 crificabit
273 3437 375 3465 usque
391 3425 431 3458 ad
453 3424 554 3459 finem
574 3426 711 3468 mundi3
731 3427 862 3461 ratione
883 3426 980 3461 effec-
1063 3428 1322 3463 sacerdotium.
1347 3429 1447 3463 Unde
1462 3433 1494 3464 et
1514 3431 1661 3465 salvare
1684 3431 1725 3463 in
1746 3432 1963 3472 perpetuum

94 3472 155 3508 tus,
170 3471 247 3512 quia
267 3471 362 3505 nobis
385 3476 431 3505 est
448 3484 542 3506 causa
557 3473 670 3507 salutis
691 3478 835 3508 aeternae.
1062 3479 1182 3518 potest
1205 3475 1410 3511 accedentes
1436 3487 1505 3520 per
1525 3479 1758 3520 semetipsum
1768 3477 1817 3511 ad
1834 3477 1960 3512 Deum.

136 3517 178 3556 (2)
196 3518 249 3552 Sic
271 3518 415 3553 Ecclesia
435 3519 471 3554 in
493 3519 604 3554 officio
619 3521 868 3560 defunctorum.
886 3523 921 3555 et
941 3532 980 3556 ex
