2170 3808
262 126 266 133 .
668 55 882 134 'QUAEs‘l’g
911 81 1030 136 xxti,
1061 82 1179 125 ART.
1208 79 1297 125 VH.
1847 84 1929 125 455

53 165 110 208 it
124 162 216 208 suh
235 162 328 208 hoc.
339 174 483 208 sensu
492 160 691 218 utraque
703 167 775 206 est
794 174 922 217 vera,
946 167 991 206 et
1002 166 1142 206 Homo
1164 165 1314 218 factus
1332 169 1397 206 est
1419 166 1553 215 Deus,
1577 167 1622 206 et
1639 167 1758 205 Deus
1777 165 1929 216 factus

53 227 120 266 cst
137 223 284 267 homo.
311 224 399 268 Sed
421 223 608 268 hicnon
628 228 698 266 est
715 223 928 279 proprius
961 236 1133 267 sensus.
1153 224 1319 268 harum
1349 223 1659 268 locutionum:
1696 223 1782 266 nisi
1812 224 1928 267 forte

53 282 351 341 intelligatur,
383 283 639 329 secundum
668 283 792 338 quod
823 283 869 339 ly
900 285 1034 326 homo
1056 297 1148 328 non
1179 285 1317 329 habet
1336 285 1628 340 personalem
1651 284 1929 339 suppositio-

0 375 1 397 }
53 357 179 403 nem,
202 347 285 392 sed·
298 347 551 404 simplicem
568 349 643 400 (1).
660 346 783 390 Licet
807 347 930 390 enim
948 347 1022 391 hie
1035 346 1174 391 homo
1190 361 1283 391 non
1304 348 1364 391 sit
1383 349 1532 391 faetus
1551 351 1686 402 Deus,
1707 348 1817 402 quia
1839 348 1926 392 hoc

0 405 1 456 ἐ
53 410 361 465 suppositum,
381 409 552 453 seilicet
568 419 766 464 persona
781 408 876 452 Filii
903 409 998 463 Dei,
1022 409 1081 452 ab
1100 413 1274 452 aeterno
1302 408 1389 452 fuit
1420 411 1564 462 Deus3
1594 415 1745 452 tamen
1773 409 1926 465 homo,

53 471 358 519 ‹ommuniter
378 469 621 526 loquendo,
647 480 739 512 non
767 481 950 525 semper
968 468 1055 512 fuit
1073 472 1206 512 Dens.
1228 469 1375 512 Tertio
1399 469 1537 513 modo
1554 470 1736 525 proprie
1758 468 1930 513 intelli-

53 529 178 584 gitur
192 531 447 576 secundum
469 530 592 587 quod
610 530 696 574 hoc
711 530 999 586 participium
1023 533 1172 584 lactus
1193 530 1321 587 ponit
1349 530 1447 574 fieri
1471 530 1594 574 eirca
1617 531 1850 574 hominem
1880 532 1927 576 in

53 599 267 648 respectu
286 593 343 636 ad
363 594 519 647 Deum,
547 592 666 636 sicut
686 592 745 636 ad
770 592 1019 636 terminum
1048 592 1274 635 factionis.
1299 593 1351 635 Et
1378 591 1425 635 in
1457 592 1544 636 hoc
1574 604 1732 647 sensu„
1758 605 1928 649 suppo-

53 650 142 696 sito
157 656 216 710 (Ξ)
237 654 359 710 quod
393 654 438 696 in
466 653 641 697 Christo
670 654 731 697 sit
758 654 919 698 eadem
951 665 1164 709 persona,
1186 659 1231 696 et
1251 653 1530 710 hypostasis,
1561 658 1606 697 et
1637 654 1927 709 suppositum

51 714 147 770 nei,
170 719 216 759 et
231 713 447 772 hominis,
461 719 670 770 utsupra
684 719 925 758 ostensum
947 719 1016 758 est
1031 717 1210 770 (quaest.
1228 728 1274 769 ιι,
1292 719 1380 758 art.
1396 715 1465 770 3);
1486 713 1576 758 ista
1595 715 1844 770 propositio
1859 720 1929 759 est

6 828 8 830 v
52 773 168 818 salsa
193 789 204 819 :
225 774 331 831 quia
352 775 458 818 eum
479 774 647 818 dicitur
667 788 681 815 ε
703 779 845 817 Homo
864 777 1011 828 sactus
1035 780 1101 817 cst
1119 779 1251 830 DeuS,
1272 775 1317 830 ly
1330 775 1460 818 homo
1478 775 1616 818 habet
1639 775 1926 830 personalem

52 836 431 893 suppositionem.
444 839 542 880 Non
557 836 681 880 enim
701 848 803 880 esse
820 840 960 880 Deum
980 838 1073 881 veri
1081 838 1241 881 fleatur
1253 837 1310 881 de
1324 836 1508 880 homine
1525 836 1701 880 ratione
1715 837 1929 880 liumanae

51 899 249 952 naturae,
261 897 344 942 sed
357 898 534 942 ratione
546 897 780 953 suppositi!
789 897 878 940 sui.
897 898 1191 953 suppositum
1207 904 1360 941 autem
1382 898 1426 941 ill
1435 898 1493 941 ud
1506 898 1719 941 humanae
1734 902 1925 954 naturae,

50 954 109 1000 de
127 969 220 1013 quo
235 958 497 1002 verificatur
518 971 621 1002 esse
645 961 808 1015 Deum,
828 962 899 1002 est
922 959 1044 1003 idem
1064 959 1192 1016 quod
1212 959 1491 1016 hypostasiS‚
1515 972 1597 1003 seu
1615 972 1810 1014 persona
1831 959 1927 1003 Filii

50 1018 144 1072 Dei,
170 1031 274 1074 quae
298 1031 480 1076 semper
504 1019 589 1063 fuit
607 1022 741 1064 Deus.
774 1021 898 1066 Unde
919 1034 1012 1064 non
1036 1026 1185 1076 potest
1207 1020 1295 1065 clici
1319 1020 1445 1077 quod
1472 1020 1558 1065 iste
1577 1022 1715 1064 homo
1740 1020 1929 1076 incoepit

50 1090 154 1124 esse
172 1083 306 1136 Deus,
326 1081 402 1126 vel
423 1082 548 1138 qued
567 1082 647 1124 fiat
664 1085 800 1138 Deus,
818 1087 898 1127 aut
923 1083 1047 1139 quod
1073 1083 1221 1126 sactus
1241 1083 1300 1127 sit
1329 1086 1462 1126 Deus.
1495 1084 1536 1126 Si
1562 1083 1670 1127 vero
1695 1089 1817 1127 esset
1839 1083 1927 1128 alia

50 1152 248 1198 persona
265 1143 338 1187 vel
361 1143 624 1200 hypostasis
642 1143 720 1187 Dei
739 1149 784 1187 et
806 1144 1005 1188 hominis
1027 1147 1100 1202 (3),
1119 1145 1179 1188 ita
1203 1144 1326 1201 quod
1355 1156 1458 1188 esse
1483 1147 1626 1188 Deum
1654 1145 1927 1200 praedicare-

52 1209 124 1246 tur
137 1203 196 1248 de
211 1204 414 1260 homine,
435 1209 481 1249 et
498 1205 525 1249 e
547 1217 790 1259 converso,
807 1217 888 1261 per
910 1208 1159 1262 quamdam
1176 1206 1551 1263 coniunctionem
1567 1207 1925 1264 suppositorum,

33 1257 124 1308 ‘vel
148 1265 386 1321 dignitatis
412 1266 687 1322 personalis,
712 1266 787 1310 vel
809 1267 1082 1323 affectionis,
1113 1267 1185 1311 vel
1208 1267 1572 1323 inhabitationis,
1604 1273 1654 1311 ut
1672 1269 1926 1313 Nestoriani

50 1323 292 1382 dixerunt3
318 1334 429 1372 tunc
450 1328 549 1383 pari
570 1327 747 1372 ratione
767 1333 924 1383 posset
943 1328 1032 1372 dici
1053 1328 1178 1384 quod
1200 1330 1337 1373 homo
1361 1328 1513 1372 factus
1530 1337 1602 1372 est
1618 1331 1753 1385 DeUS‚
1777 1330 1818 1373 id
1839 1336 1926 1386 est,

50 1386 152 1457 conj
159 1392 327 1431 unctus
342 1388 594 1445 De0,·sicut
610 1393 657 1433 et
670 1388 793 1446 quod
813 1390 931 1433 Deus
952 1389 1102 1434 sactus
1116 1395 1186 1434 est
1201 1390 1357 1446 homo,
1377 1389 1424 1434 id
1443 1395 1532 1448 est,
1550 1389 1826 1447 conjunctus
1847 1392 1927 1435 lio-

51 1459 184 1493 mlni.

104 1509 170 1554 Ad
186 1513 384 1566 primum
410 1523 520 1568 ergo
552 1510 816 1566 dicendum,
834 1511 957 1568 quod
978 1514 1026 1557 ln
1045 1513 1200 1558 verbis
1221 1513 1311 1558 illis
1331 1513 1550 1570 Apostoli,
1574 1513 1662 1557 hoc
1684 1513 1926 1560 relativum

51 1572 142 1626 qui,
166 1573 288 1628 quod
305 1573 441 1617 refert
464 1585 705 1628 personam
724 1574 818 1617 Filii
836 1574 930 1629 Dei,
949 1587 1043 1619 non
1063 1575 1199 1621 debet
1219 1576 1413 1632 intelligi
1440 1588 1499 1619 ex
1517 1581 1646 1632 parte
1667 1577 1924 1632 praedicati3

53 1632 187 1687 quaSi
205 1633 591 1689 aliquis-existens
610 1647 668 1678 ex
690 1638 856 1678 semine
878 1638 1032 1680 David
1055 1637 1301 1681 secundum
1320 1651 1520 1693 carnem,
1546 1636 1606 1681 sit
1625 1637 1772 1680 factus
1791 1638 1927 1682 Filius

58 1692 159 1748 θεὶς
180 1693 227 1738 in
258 1707 349 1751 quo
372 1707 514 1739 sensu
538 1695 732 1752 objectio
759 1696 1036 1753 procedebat
1060 1714 1071 1743 ε
1095 1698 1178 1743 sed
1199 1697 1337 1743 dehet
1357 1698 1551 1754 intelligi
1581 1711 1640 1742 ex
1667 1705 1794 1754 parte
1821 1699 1928 1744 sub-

49 1751 183 1810 iecti3
202 1759 259 1798 ut.
279 1755 340 1799 sit
362 1768 528 1801 sensus
550 1757 673 1812 quod
687 1760 834 1801 Filius
856 1763 940 1801 Dei
957 1762 1106 1813 sactus
1127 1765 1210 1815 est,
1237 1779 1255 1799 u
1272 1760 1447 1805 scilicet
1464 1761 1621 1815 homo,
1631 1761 1690 1804 ad
1705 1761 1927 1806 honorem

52 1816 212 1870 Patris,
249 1823 299 1862 ut
330 1818 487 1862 Glossa
517 1819 670 1864 interl.
703 1820 909 1876 exponit,
947 1822 1154 1868 existens
1193 1835 1254 1868 ex
1291 1824 1473 1868 semine
1497 1823 1638 1867 David
1669 1824 1926 1870 secundum

52 1889 269 1939 earnem3
289 1899 309 1918 ι»
346 1892 399 1923 ac
421 1879 460 1923 si
484 1879 654 1925 diceret
678 1896 688 1925 ε
714 1882 885 1927 «Filius
911 1883 991 1928 Dei
1010 1885 1161 1929 factus
1179 1890 1250 1931 est
1268 1884 1445 1930 habens
1463 1897 1652 1930 carnem
1670 1899 1728 1929 ex
1751 1886 1927 1932 semine

53 1939 197 1984 David
219 1940 277 1984 ad
299 1941 519 1984 honorem
535 1941 627 1985 Dei.
646 1960 665 1979 »ι

103 2001 170 2045 Ad
184 2002 425 2053 secundum
443 2002 708 2061 dicendum,
727 2003 853 2060 quod
873 2004 987 2050 illud
1009 2007 1202 2050 verbum
1220 2007 1461 2063 Augustini
1483 2013 1558 2052 est
1574 2008 1926 2064 intelligendum

52 2060 100 2105 in
119 2061 199 2106 illo
215 2075 373 2117 sensu,
398 2065 655 2109 seeundum
675 2065 799 2121 quod
814 2078 872 2109 ex
891 2067 968 2110 illa
986 2069 1279 2124 susceptione
1309 2069 1640 2114 incarnationis
1657 2071 1829 2114 factum
1855 2077 1926 2117 est

50 2128 105 2167 ut
127 2123 266 2167 homo
281 2130 403 2168 esset
423 2127 559 2179 Deus,
578 2132 624 2169 et
646 2127 765 2170 Deus
787 2132 911 2172 esset
937 2128 1078 2174 homo
1094 2143 1110 2173 ;
1129 2130 1177 2175 in
1203 2142 1298 2186 quo
1324 2142 1467 2177 sensu
1494 2130 1644 2176 ambae
1668 2131 1924 2178 locutiones

48 2189 159 2229 sunt
175 2197 310 2240 verae,
326 2191 377 2230 ut
393 2187 567 2231 dictum
585 2193 661 2232 est
678 2188 742 2242 (in
759 2201 886 2245 corp.
904 2192 1020 2243 art.).

49 2247 158 2351 nem
179 2246 388 2292 similiter
410 2248 659 2293 dicendum
683 2257 755 2294 est
775 2250 834 2294 ad
856 2254 1064 2308 tertium;
1089 2265 1199 2297 nam
1220 2252 1422 2298 deificari
1447 2253 1571 2300 idem
1588 2259 1659 2299 est
1677 2255 1803 2311 quod
1826 2257 1925 2302 fieri

111 2318 207 2350 um.

101 2367 170 2412 Ad
183 2373 395 2423 quartum
413 2369 676 2427 dicendum,
709 2372 831 2428 qued
855 2373 1081 2418 terminus
1108 2374 1152 2417 in
1178 2375 1387 2431 subjecto
1407 2376 1586 2432 positus
1616 2383 1800 2422 tenetur
1825 2391 1923 2423 ma-

49 2428 280 2486 terialiter,
301 2429 348 2475 id
361 2436 451 2488 est,
475 2444 558 2488 pro
577 2434 840 2489 supposit03
866 2436 1040 2491 positus
1055 2435 1165 2480 vero
1185 2436 1233 2481 in
1258 2437 1504 2492 praedicato
1524 2444 1706 2483 tenetur
1722 2440 1924 2486 formali-

50 2491 138 2544 ter,
159 2489 206 2534 id
226 2496 312 2547 est,
344 2504 427 2549 pro
458 2497 624 2537 natura
656 2494 928 2551 significata.
954 2499 1005 2541 Et
1026 2497 1130 2543 ideo
1155 2501 1262 2543 cum
1291 2498 1456 2543 dicitur
1476 2503 1646 2543 :Homo
1673 2504 1821 2555 sactus
1858 2507 1923 2547 est

49 2554 183 2604 Deus,
198 2550 350 2608 ipsum
368 2552 465 2597 fieri
486 2567 579 2598 non
598 2556 863 2601 attribuitur
886 2557 1103 2603 humanae
1123 2566 1315 2614 naturae,
1341 2561 1422 2605 sed
1442 2562 1682 2617 supposito
1707 2563 1923 2608 humanae

49 2615 240 2667 naturai,
257 2613 382 2669 quod
393 2619 464 2658 est
477 2615 539 2658 ab
560 2620 734 2660 aeterno
751 2620 874 2662 Deus
889 2632 901 2661 ι
918 2624 966 2664 et
979 2619 1082 2663 ideo
1099 2632 1191 2664 non
1203 2621 1426 2665 oon-venit
1448 2621 1489 2666 ei
1510 2623 1607 2667 fieri
1624 2627 1783 2668 Deum.
1810 2626 1923 2670 Ciim

47 2676 201 2717 autem
223 2673 390 2718 dicitur
408 2689 421 2720 ε
442 2680 560 2720 Deus
575 2680 722 2731 factus
737 2681 966 2737 esthamo,
984 2681 1120 2726 factio
1142 2681 1415 2737 intelligitur
1440 2684 1673 2728 terminari
1691 2685 1749 2729 ad
1772 2685 1919 2741 ipsam

48 2730 298 2778 humanam
317 2740 547 2782 naturam.
572 2741 627 2782 Et
641 2739 763 2795 ideo,
786 2741 966 2797 proprie
987 2742 1235 2798 loquendo,
1260 2744 1359 2787 haee
1381 2748 1453 2787 est
1471 2756 1607 2788 vera:
1633 2750 1748 2788 Deus
1771 2749 1922 2800 factus

49 2794 116 2864 est
137 2794 291 2863 homo,-
313 2797 396 2842 sed
424 2799 523 2842 haec
553 2805 624 2843 est
654 2800 795 2845 salsa:
822 2806 963 2845 Homo
983 2806 1134 2857 sactus
1164 2809 1229 2847 est
1256 2808 1371 2847 Deus
1393 2806 1475 2860 (cis,
1499 2805 1617 2849 sicut
1636 2807 1673 2850 si
1695 2809 1919 2865 Socrates,

49 2863 155 2896 cum
173 2858 301 2909 prius
320 2858 458 2902 fuerit
475 2861 631 2911 homo,
648 2867 807 2919 postea
822 2863 970 2909 faetus
988 2870 1060 2911 est
1080 2865 1230 2921 albus,
1255 2866 1571 2910 demonstrato
1597 2869 1795 2922 Socrate,
1823 2869 1922 2915 haec

88 2961 132 3003 (l)
146 2961 212 2996 Seu
230 2974 291 3004 pro
309 2967 431 3018 natura
447 2965 516 3000 sola
530 2973 784 3012 supponentem,
796 2976 834 3006 ut
852 2973 940 3008 neus
1063 2975 1107 3016 (5)
1126 2975 1163 3009 Id
1180 2979 1240 3013 est.
1257 2974 1322 3008 alia
1347 2975 1407 3009 Dei
1427 2978 1461 3009 et
1486 2974 1551 3009 alia
1571 2976 1736 3019 hominis;
1758 2979 1838 3018 puta
1857 2991 1922 3016 una

47 3008 153 3043 factus
175 3009 276 3063 homo
292 3011 445 3066 gli-catur,
464 3014 554 3054 quod
576 3021 730 3051 naturam
759 3018 939 3055 humanam
1022 3034 1164 3064 persona
1192 3022 1376 3057 terminans
1402 3023 1508 3064 ipsam
1539 3024 1665 3060 Christi
1696 3034 1853 3061 naturam
1885 3033 1922 3064 ut

44 3065 252 3111 mscepent:
271 3059 397 3114 «licitur
423 3066 535 3096 autem
559 3065 765 3115 suppositio
782 3068 940 3110 simplex
1024 3071 1113 3103 Deus
1130 3074 1191 3109 est,
1211 3070 1276 3104 alia
1296 3076 1332 3104 ut
1349 3070 1450 3104 homo
1470 3076 1530 3105 est.

47 3115 124 3145 qum
149 3116 209 3146 pro
234 3117 398 3161 primario
416 3120 477 3148 per
503 3121 538 3144 se
557 3111 744 3163 Significatu
763 3114 936 3153 accipitur.
1064 3118 1104 3159 (4)
1122 3117 1191 3151 Nee
1206 3118 1254 3151 sic
1275 3118 1532 3159 intelligendum
1549 3120 1632 3155 illud
1650 3123 1791 3161 August.
1808 3124 1920 3163 (serm.

86 3151 133 3192 (2)
153 3152 228 3186 Non
243 3163 285 3208 ⁶¹.
304 3153 406 3209 dubia
421 3155 609 3199 hypothesi,
626 3158 683 3191 sed
705 3170 744 3192 ex
758 3161 937 3197 assertione
1020 3173 1056 3197 vl
1073 3165 1121 3198 De
1142 3165 1259 3204 nativ.)
1278 3177 1285 3197 :
1302 3165 1439 3199 Factus
1459 3170 1511 3201 est
1534 3167 1625 3202 Deus
1643 3170 1746 3203 homo
1762 3173 1799 3203 ut
1817 3172 1919 3205 homo

46 3203 135 3253 certa
149 3201 328 3255 seeundum
342 3201 440 3236 fidem
453 3217 462 3246 ;
477 3203 582 3243 qualis
599 3212 715 3239 contra
734 3208 937 3243 nestorianos
1020 3212 1123 3253 fieret
1146 3212 1252 3253 Deus,
1276 3212 1367 3252 quasi
1384 3212 1424 3246 de
1441 3214 1572 3248 Christo
1594 3215 1625 3248 id
1643 3228 1759 3250 verum
1776 3217 1842 3251 sit:
1860 3219 1916 3252 sed

45 3245 170 3280 etahos
187 3259 221 3280 m
236 3251 550 3291 earnimprudenter
564 3252 715 3288 haeresim
728 3253 936 3291 incurrentes
1018 3258 1104 3292 sicut
1126 3260 1158 3292 S.
1174 3260 1318 3293 Thomas
1336 3260 1369 3294 in
1385 3261 1498 3295 officio
1519 3265 1721 3298 sacramenti
1748 3265 1888 3307 explicat
1908 3278 1918 3299 ε

42 3293 221 3333 motatum
238 3302 298 3330 est.
1020 3311 1060 3340 ut
1077 3307 1239 3343 hanzines
1252 3308 1334 3343 deos
1348 3308 1484 3349 faceret
1495 3311 1615 3345 sactus
1633 3313 1748 3348 homo.
