2170 3808
178 211 258 255 118
756 207 959 260 QUAEST.
987 208 1079 262 ΧΠ,
1108 208 1227 251 ART.
1258 207 1312 251 111
1337 208 1404 251 ET
1431 208 1498 252 IV.

178 293 230 335 Et
258 290 363 336 ideo
383 303 478 335 non
497 289 584 335 fuit
602 289 890 334 conveniens
917 288 1020 345 ers
1043 288 1258 346 dignitati
1286 294 1339 333 ut
1367 289 1394 333 a
1410 302 1708 348 quocumque
1734 289 1922 354 homine
1942 290 2071 336 doce-

180 355 325 397 retur.

231 412 298 457 Ad
325 415 526 469 primam
556 421 669 468 ergo
702 410 953 456 dicendum
973 444 987 468 ,
1022 411 1149 469 quod
1167 444 1180 468 ,
1214 411 1336 456 sicut
1374 413 1597 469 Origenes
1629 412 1741 458 dicit
1775 415 1933 470 (super
1963 414 2068 456 Luc.

179 475 302 518 bom.
327 488 446 530 xvm,
467 477 514 518 et
532 473 657 518 hom.
687 487 774 530 xix,
807 473 865 519 ad
894 471 1019 531 fin.),
1047 492 1068 514 «
1085 474 1308 519 Dominus
1331 474 1666 533 interrogabat,
1691 488 1786 520 non
1817 482 1869 520 ut
1894 474 2071 532 aliquid

179 536 452 591 addisceret,
474 536 558 581 sed
576 541 628 580 ut
646 535 944 592 interrogans
961 537 1183 583 erudiret.
1202 540 1266 581 Ex
1284 549 1381 581 uno
1399 538 1572 595 quippe
1591 538 1813 583 doctrinae
1828 537 1956 582 fonte
1977 548 2072 581 ma-

179 603 283 654 nat,
311 601 358 641 et
375 597 692 658 interrogare,
718 602 765 642 et
787 599 1072 655 respondere
1097 599 1350 656 sapienter.
1380 618 1401 638 »
1431 600 1560 645 Unde
1589 604 1635 644 et
1661 599 1832 644 ibidem
1855 600 1904 644 in
1926 602 2072 644 Evan-

178 659 298 714 gelio
317 659 528 716 sequitur
547 658 674 716 quod
698 677 718 698 «
737 659 993 717 stupebant
1011 672 1179 706 omnes
1199 660 1279 717 qui
1299 673 1407 706 eum
1424 661 1692 719 audiebant,
1713 674 1856 718 super
1871 661 2070 719 pruden-

179 719 242 764 tia
265 725 311 765 et
329 720 568 777 responsis
586 721 707 778 ejus,
728 739 749 760 ι»

233 783 300 828 Ad
330 784 572 827 secundam
598 782 863 838 dicendum,
897 783 1023 841 quod
1046 783 1122 829 ille
1143 783 1223 841 qui
1248 783 1445 829 addiscit
1467 784 1526 830 ab
1547 785 1737 831 homine
1753 819 1766 838 ,
1791 797 1887 830 non
1910 785 2074 842 accipit

179 845 442 890 immediate
460 845 705 890 scientiam
733 846 762 889 a
791 846 1038 903 speciebus
1060 846 1456 903 intelligibilibus,
1489 860 1594 906 quae
1616 853 1728 893 sunt
1750 847 1798 892 in
1828 853 1984 892 mente
2003 848 2075 903 ip-

179 906 300 962 sius,
327 907 409 952 sed
439 907 755 952 mediantibus
785 908 981 953 vocibus
1006 908 1307 953 sensibilibus
1325 943 1337 965 ,
1369 913 1593 967 tanquam
1627 910 1775 966 signis
1806 908 2078 965 intelligibi-

179 967 293 1013 lium
311 970 686 1026 conceptionum.
714 970 841 1014 Sicut
860 975 1016 1015 autem
1041 983 1182 1016 voces
1205 970 1265 1015 ab
1285 971 1471 1016 homine
1494 972 1704 1016 sormatae
1722 977 1834 1016 sunt
1848 971 1982 1028 signa
2002 971 2077 1015 in·
2154 984 2155 989 ¹

180 1029 454 1075 tellectualis
477 1031 684 1076 scientiae
707 1032 876 1088 ipsius,
902 1031 964 1077 ita
987 1038 1214 1077 creaturae
1237 1033 1264 1076 a
1283 1037 1376 1078 Deo
1395 1033 1594 1078 conditae
1613 1040 1723 1078 sunt
1746 1035 1881 1089 signa
1895 1033 2076 1090 sapien·
2142 1039 2147 1042 ⁴

181 1092 253 1135 tiae
277 1091 396 1148 ejus.
427 1092 556 1137 Unde
587 1093 756 1138 dicitur
779 1093 932 1149 (Eccli.
957 1108 999 1148 1,
1024 1097 1124 1149 10),
1155 1095 1282 1151 quod
1312 1100 1431 1139 Deus
1454 1095 1611 1151 effudit
1633 1099 1908 1153 sapientiam
1941 1107 2075 1151 super

179 1156 329 1195 omnia
351 1167 491 1210 opera
512 1167 612 1199 sua.
644 1155 768 1200 Sicut
791 1155 932 1212 igitur
952 1156 1141 1212 dignius
1162 1162 1234 1201 est
1265 1157 1419 1202 doceri
1452 1156 1479 1200 a
1505 1160 1596 1201 Deo
1618 1157 1760 1214 quam
1780 1157 1840 1202 ab
1862 1157 2072 1213 homine,

180 1215 241 1258 ita
259 1215 449 1272 dignius
471 1221 542 1261 est
565 1217 775 1274 accipere
805 1218 1047 1263 scientiam
1069 1231 1153 1276 per
1170 1219 1417 1264 sensibiles
1439 1224 1695 1279 creaturas,
1719 1219 1860 1277 quam
1884 1232 1966 1276 per
1989 1221 2073 1264 ho-

178 1277 318 1322 minis
342 1278 615 1323 doctrinam.

232 1340 299 1385 Ad
316 1344 499 1384 tertium
532 1341 800 1398 dicendum,
826 1342 952 1400 quod
974 1346 1108 1388 Iesus
1130 1339 1404 1400 proficiebat
1425 1344 1473 1389 in
1497 1345 1693 1393 scientia,
1707 1344 2072 1402 experimentali,

179 1400 299 1445 sicut
318 1407 365 1446 et
386 1401 434 1446 in
462 1407 621 1458 aetate,
644 1407 698 1447 ut
719 1403 895 1448 dictum
924 1409 996 1449 est
1015 1406 1123 1460 (art.
1154 1407 1329 1462 praec.).
1355 1406 1480 1451 Sicut
1500 1411 1657 1451 autem
1679 1412 1792 1451 aetas
1813 1411 2075 1464 opportuna

178 1463 429 1520 requiritur
460 1464 519 1509 ad
552 1465 640 1509 hoc
674 1465 798 1522 quod
832 1466 972 1511 homo
1006 1467 1201 1524 accipiat
1236 1468 1479 1512 scientiam
1514 1481 1596 1525 per
1630 1469 1973 1526 inventionem,
2012 1468 2075 1513 ita

177 1525 318 1570 etiam
347 1526 408 1571 ad
436 1526 526 1571 hoc
547 1527 672 1584 quod
706 1528 901 1586 accipiat
934 1529 1176 1574 scientiam
1199 1542 1284 1587 per
1315 1530 1629 1587 disciplinam.
1662 1531 1884 1576 Dominus
1917 1534 2074 1576 autem

179 1586 295 1632 nihil
316 1587 426 1632 fecit
446 1589 570 1645 quod
591 1601 685 1633 non
707 1597 988 1648 congrueret
1002 1592 1105 1648 eJ'us
1125 1591 1250 1636 aetati
1275 1594 1334 1647 (1)
1358 1608 1369 1636 :
1395 1597 1441 1636 et
1460 1593 1563 1638 ideo
1589 1592 1833 1638 audiendis
1856 1591 2076 1638 doctrinae

178 1649 472 1694 sermonibus
501 1662 597 1695 non
633 1653 1001 1698 accommodavit
1033 1653 1243 1698 auditum
1260 1687 1272 1710 ,
1304 1654 1394 1699 nisi
1426 1655 1505 1699 illo
1541 1659 1747 1711 tempore
1775 1667 1869 1712 quo
1898 1658 2076 1710 poterat

177 1711 316 1755 etiam
337 1724 421 1769 per
449 1711 574 1756 viam
598 1713 895 1770 experientiae
917 1715 1059 1760 talem
1089 1715 1297 1760 scientiae
1328 1716 1526 1773 gradum
1561 1716 1785 1773 attigisse.
1811 1716 1941 1760 Unde
1969 1719 2076 1760 Gre·
2142 1718 2144 1720 ’

178 1774 336 1828 gorius
369 1774 482 1819 dicit
511 1777 670 1832 (super
705 1777 866 1821 Ezech.
900 1777 1025 1822 hom.
1047 1791 1104 1834 11,
1127 1789 1295 1834 parum
1316 1777 1343 1821 a
1370 1778 1539 1834 princ.)
1562 1794 1573 1823 ε
1601 1797 1622 1817 «ι
1651 1778 1932 1823 Duodecimo
1952 1790 2078 1822 anno

177 1835 325 1879 aetatis
345 1846 444 1880 suae
476 1836 763 1900 interrogare
782 1838 1002 1895 dignatus
1020 1843 1092 1883 est
1110 1839 1325 1883 homines
1349 1839 1396 1882 in
1421 1845 1571 1896 terra,
1595 1841 1705 1897 quia
1722 1839 1859 1897 Juxta
1885 1839 2077 1884 rationis

178 1913 333 1955 usum,
360 1902 584 1947 doctrinae
612 1914 767 1948 sermo
790 1914 886 1948 non
910 1903 1115 1959 suppetit
1137 1904 1229 1949 nisi
1254 1906 1304 1950 in
1324 1909 1458 1950 aetate
1481 1908 1686 1962 perfecta
1710 1909 1789 1966 (2).
1820 1928 1842 1950 »

277 1971 625 2022 ARTICULUS
660 1974 738 2021 IV.
764 2001 826 2007 —
860 1994 999 2024 urium
1028 1993 1223 2025 cums'rus
1249 1995 1414 2032 amomo
1441 1997 1665 2029 Accmnrr
1693 2000 1742 2029 ΑΒ
1768 2000 1957 2035 Anamis.

170 2040 220 2070 De
239 2040 295 2071 his
321 2042 428 2072 etiam
454 2043 558 2080 infra,
578 2044 701 2081 quaest.
723 2051 813 2082 XXX,
833 2046 899 2075 art.
920 2045 939 2074 2
961 2046 1004 2074 ad
1023 2047 1052 2082 1,
1073 2045 1107 2074 et
1127 2044 1222 2076 sent.
1245 2054 1300 2082 111,
1328 2048 1410 2078 dist.
1430 2048 1482 2085 13,
1502 2049 1622 2085 quaest.
1642 2057 1683 2087 11,
1703 2052 1769 2081 art.
1793 2053 1824 2088 2,
1845 2057 1966 2090 quaest.
1985 2063 2011 2093 1,
2033 2058 2068 2087 et

873 2087 954 2117 dist.
975 2088 1026 2124 14,
1045 2087 1110 2118 art.
1132 2088 1162 2122 3,
1181 2090 1300 2125 quaest.
1320 2097 1371 2119 vr.

226 2140 293 2183 Ad
317 2143 535 2195 quartum
561 2140 630 2185 sic
658 2141 941 2195 proceditur.
971 2146 1009 2186 1.
1036 2142 1225 2187 Videtur
1247 2142 1372 2197 quod
1395 2144 1606 2189 Christus
1632 2145 1690 2190 ab
1713 2148 1895 2203 angelis
1919 2151 2070 2195 scien-

170 2201 283 2245 tiam
310 2202 555 2256 acceperit.
583 2203 762 2247 Dicitur
784 2204 910 2247 enim
934 2203 1058 2260 (Luc.
1084 2214 1203 2258 xxn,
1218 2205 1306 2261 43),
1325 2205 1451 2260 quod
1474 2210 1684 2261 apparuit
1704 2209 1870 2254 Christo
1892 2215 2068 2266 anyelas

171 2264 223 2306 de
242 2265 338 2306 coelo
361 2266 613 2316 confortans·
633 2278 742 2309 eum.
771 2266 860 2310 Sed
884 2266 1163 2311 confortatio
1184 2266 1235 2311 fit
1257 2278 1340 2321 per
1361 2268 1502 2314 verba
1535 2272 1871 2317 confortatorIa
1895 2275 2067 2321 docen-

170 2326 248 2379 tis,
284 2326 543 2370 secundum
578 2327 695 2371 illud
721 2327 835 2383 (Job,
861 2339 928 2382 Ν,
952 2328 993 2384 3)
1021 2343 1031 2372 :
1057 2331 1163 2372 Ecce
1191 2329 1375 2372 docuisti
1408 2332 1635 2387 plurimos,
1673 2337 1713 2377 et
1742 2348 1894 2379 manus
1931 2339 2067 2383 lassas

169 2386 396 2443 roborasti,
420 2389 670 2432 vacillantes
692 2393 1050 2445 confirmaverunt
1067 2403 1276 2435 sermones
1299 2394 1378 2436 tui.
1404 2395 1524 2450 Ergo
1549 2395 1761 2441 Christus
1795 2398 1853 2442 ab
1883 2401 2067 2457 angelis

171 2449 368 2496 edoctus
393 2454 479 2496 est.

227 2517 270 2558 2.
298 2516 540 2568 Praeterea,
567 2513 822 2570 Dionysius
843 2514 956 2559 dicit
979 2514 1106 2572 (Coel.
1133 2516 1365 2563 hierarch.
1391 2530 1492 2575 cap.
1518 2523 1560 2575 4,
1585 2522 1752 2568 versus
1776 2523 1876 2582 fin.)
1903 2539 1914 2570 :
1939 2542 1963 2565 «
1991 2528 2066 2571 Vi-

174 2575 261 2620 deo
290 2575 417 2620 enim
441 2574 567 2632 quod
592 2579 636 2619 et
670 2575 772 2631 ipse
792 2578 930 2622 Jesus
967 2579 1372 2633 supercoelestium
1407 2582 1778 2633 substantiarum
1812 2589 2066 2642 supersub-

175 2638 413 2683 stantialis
437 2638 718 2692 substantia,
747 2638 805 2683 ad
829 2643 1038 2684 nostram
1065 2640 1538 2688 intransmutabiliter
1558 2647 1770 2702 veniens,
1795 2649 2067 2696 obedienter

173 2699 423 2756 subjicitur
447 2701 596 2746 Patris
621 2705 666 2745 et
687 2701 767 2745 Dei
790 2713 874 2756 per
895 2702 1092 2758 angelos
1116 2703 1494 2751 formationibus.
1520 2723 1544 2746 >›
1561 2708 1751 2754 Videtur
1773 2710 1917 2767 igitur
1939 2714 2066 2769 quod

172 2762 274 2817 ipse
292 2763 505 2808 Christus
525 2763 811 2808 ordinationi
831 2764 951 2820 legis
970 2765 1138 2810 divinae
1162 2765 1332 2822 subjici
1350 2768 1564 2824 voluerit,
1581 2781 1665 2824 per
1683 2783 1823 2827 quam
1846 2774 2067 2822 homines

171 2824 490 2870 mediantibus
514 2825 698 2882 angelis
722 2826 1014 2871 erudiuntur.

230 2890 271 2931 3.
295 2888 540 2941 Praeterea,
565 2887 691 2932 sicut
710 2899 882 2943 corpus
901 2889 1160 2935 humanum
1183 2892 1383 2937 naturali
1408 2893 1572 2939 ordine
1595 2895 1844 2951 subjicitur
1863 2901 2068 2956 corpori·

170 2948 261 2992 bus
287 2949 576 3004 coelestibuS,
601 2950 666 2994 ita
687 2951 827 2995 etiam
851 2952 1057 2996 humana
1089 2963 1224 2998 mens
1245 2955 1473 3010 angelicis
1503 2958 1757 3004 mentibus,
1783 2961 1873 3005 Sed
1893 2973 2064 3017 corpus

174 3010 344 3056 Christi
368 3012 632 3068 subJectum
670 3014 758 3058 fuit
779 3013 1175 3069 impressionibus
1198 3017 1460 3062 coelestium
1491 3030 1740 3075 corporum
1763 3036 1774 3066 :
1798 3034 1970 3078 passus
1994 3029 2067 3071 est

173 3073 298 3117 enim
331 3075 533 3119 calorem
558 3075 608 3119 111
632 3080 808 3131 aestate,
830 3080 875 3121 et
896 3076 947 3121 in
969 3077 1123 3122 hieme
1146 3078 1314 3135 frigus,
1336 3080 1459 3124 sicut
1483 3085 1529 3126 et
1548 3083 1667 3128 alias
1698 3085 1929 3131 humanas
1955 3098 2064 3142 pas-

173 3136 351 3181 siones.
374 3138 494 3193 Ergo
517 3137 657 3182 etiam
697 3138 799 3195 ejns
830 3149 966 3186 mens
1000 3140 1208 3185 humana
1234 3141 1505 3198 subJ‘acehat
1537 3144 1964 3194 illuminationibus
1989 3161 2064 3195 su-

171 3198 519 3254 percoelestium
544 3200 811 3255 spirituum.

229 3261 318 3306 Sed
340 3264 488 3304 contra
522 3267 594 3307 est
628 3264 753 3319 quod
790 3263 1045 3323 Dionysius
1079 3266 1192 3311 dicit
1216 3266 1346 3323 (Coel.
1370 3268 1488 3313 hier.
1513 3281 1615 3325 cap.
1637 3275 1682 3326 7,
1707 3271 1736 3316 a
1754 3273 1913 3330 med.),
1936 3273 2062 3330 quod

174 3338 197 3361 «
224 3324 430 3379 supremi
468 3325 623 3382 angeli
657 3326 716 3370 ad
750 3326 904 3382 ipsum
925 3330 1084 3373 ,Iesum
1108 3330 1416 3385 quaestionem
1444 3331 1636 3387 faciunt,
1660 3333 1897 3392 divinique
1931 3336 2060 3382 illius

216 3411 255 3459 (1)
275 3417 365 3447 Hinc
380 3417 415 3447 et
433 3425 512 3448 eum
531 3419 688 3455 exemplo
708 3426 770 3448 suo
785 3426 909 3457 pueros
926 3421 1085 3453 docuisse
1193 3419 1233 3467 (2)
1258 3423 1325 3455 seu
1345 3424 1489 3462 triginta
1506 3432 1675 3457 annorum
1696 3425 1765 3465 qua
1782 3429 1819 3459 et
1840 3429 1919 3466 ipse
1938 3429 2063 3460 docere

171 3465 255 3502 quid
272 3465 347 3497 illis
365 3466 565 3497 conveniret
583 3467 682 3497 notat
701 3466 878 3505 Origenes.
1149 3473 1264 3511 coepit.

2166 3085 2169 3124 l
