2170 3808
171 243 251 284 546
812 235 1016 288 QuAEsr.
1047 235 1185 291 inv,
1215 235 1335 278 ΛΒΤ.
1367 236 1435 279 ix.

173 322 512 365 ARTICULUS
542 320 624 362 lx.
647 329 855 360 -urnuu
883 328 1002 359 rums
1032 328 1215 358 nmisrm
1245 328 1311 359 srr
1343 329 1397 359 m:
1425 329 1696 361 NECESSITATE
1726 329 1980 361 SACRAMENTI
1994 316 2071 371 (1).

585 387 635 420 De
650 384 703 420 his
717 384 819 419 etiam
834 385 929 419 Sent.
945 392 995 425 lv,
1015 383 1092 418 dist.
1112 384 1145 425 6,
1163 387 1281 425 quoest.
1296 392 1321 423 1,
1337 387 1403 419 art.
1417 383 1451 428 l,
1473 390 1591 428 quaest.
1610 394 1651 420 u.

224 443 290 487 Ad
310 452 489 485 nonum
509 440 578 485 sic
597 439 879 497 proceditur.
892 441 936 483 1.
960 438 1148 483 Videtur
1165 437 1292 494 quod
1301 438 1420 483 fides
1430 439 1628 484 ministri
1648 439 1708 483 sit
1722 438 1780 483 de
1795 438 2073 483 necessitate

171 502 463 548 sacramenti.
487 503 614 547 Sicut
631 502 758 546 enim
778 501 956 546 dictum
975 505 1047 546 est
1065 504 1169 555 (art.
1190 503 1366 557 praec.),
1382 501 1576 558 intentio
1599 501 1798 545 ministri
1818 506 1890 544 est
1910 512 2072 545 neces-

172 565 291 608 saria
324 565 383 609 ad
411 564 689 609 sacramenti
722 563 1070 620 perfectionem.
1106 563 1193 608 Sed
1227 581 1245 600 α
1281 561 1398 608 fides
1431 563 1738 609 intentionem
1768 561 1948 618 dirigit,
1976 580 1996 600 »
2019 567 2073 606 ut

171 627 460 683 Augustinus
478 628 590 671 dicit
603 630 766 671 contra
783 626 1018 670 Julianum
1037 625 1228 682 (implic.
1250 625 1332 669 lib.
1357 639 1414 679 iv,
1432 638 1535 683 cap.
1551 629 1594 682 3,
1617 626 1676 671 ad
1690 626 1770 669 fin.
1791 629 1838 668 et
1851 623 2073 680 expresse

173 688 217 732 in
239 690 416 745 praefat.
438 689 498 734 ad
518 689 637 732 Psal.
662 702 779 746 xxxx,
798 688 967 745 parum
990 691 1099 732 ante
1117 687 1275 743 med).
1302 690 1420 744 Ergo
1438 687 1478 732 si
1499 688 1621 733 desit
1641 699 1753 732 vera
1775 687 1893 731 fides
1911 686 1963 730 in
1985 687 2073 730 mi-

172 750 335 807 nistro,
358 764 453 796 non
478 751 717 808 perficitur
735 754 1100 795 sacramentum.

226 815 268 856 2.
301 816 551 870 Praeterea,
571 814 611 858 si
633 812 847 858 minister
866 812 1084 856 Ecclesiae
1104 823 1267 856 veram
1283 810 1426 856 fidem
1447 824 1543 856 non
1565 811 1748 869 habeat,
1765 811 1951 856 videtur
1967 823 2073 856 esse

171 875 435 922 haereticus.
470 876 558 921 Sed
588 875 810 932 haeretici,
843 879 896 920 ut
922 875 1124 929 videtur,
1159 886 1256 918 non
1285 878 1485 931 possunt
1509 878 1799 919 sacramenta
1826 873 2069 930 conferre3

171 936 281 982 dicit
309 938 435 989 enirn
461 937 723 995 Cyprianus
754 937 804 980 in
826 936 963 993 epist.
991 940 1155 980 contra
1179 935 1424 980 haereticos
1445 935 1552 991 (sub
1569 937 1651 981 fin.
1669 942 1718 982 et
1731 941 1804 981 est
1822 938 1893 993 12,
1913 935 1993 979 lib.
2013 938 2071 989 1):

173 1015 196 1039 α
227 1001 392 1044 Omnia
411 1012 721 1056 quaecumque
739 999 920 1044 faciunt
937 998 1161 1054 haeretici,
1180 998 1385 1042 carnalia
1402 1003 1530 1055 sunt,
1550 1003 1599 1044 et
1614 998 1788 1054 inania,
1808 1003 1856 1043 et
1872 998 2004 1052 falsa,
2021 1002 2074 1042 ut

172 1062 286 1107 nihil
308 1075 472 1108 eorum
500 1075 605 1120 quae
625 1063 691 1106 illi
714 1061 961 1119 gesserint,
987 1060 1014 1104 a
1033 1060 1170 1105 nobis
1191 1061 1377 1117 probari
1401 1060 1585 1117 debeat,
1611 1080 1631 1100 »
1653 1065 1701 1105 et
1714 1063 1801 1105 Leo
1822 1073 1942 1117 papa
1964 1059 2074 1104 dicit

172 1124 237 1178 (in
258 1125 390 1181 epist.
414 1124 473 1169 ad
491 1128 691 1172 Leonem
710 1129 990 1179 Augustum,
1011 1126 1110 1177 165,
1131 1135 1233 1179 cap.
1259 1127 1302 1178 5,
1326 1123 1375 1167 in
1399 1123 1592 1179 princ.):
1631 1142 1651 1160 α
1680 1122 1966 1166 Manifestum
2001 1127 2073 1167 est

172 1199 256 1244 per
281 1187 653 1231 crudelissimam
676 1191 723 1231 et
745 1185 1093 1230 insanissimam
1117 1186 1356 1229 vesaniam
1385 1185 1434 1229 in
1457 1184 1764 1230 Alexandrina
1793 1184 1904 1228 sede
1933 1196 2072 1230 omne

173 1248 434 1293 coelestium
462 1254 865 1294 sacramentorum
885 1248 1045 1292 lumen
1069 1248 1352 1303 extinctum3
1370 1249 1706 1304 interceptaest
1718 1245 1931 1291 sacrificii
1944 1245 2073 1291 obla-

174 1310 261 1365 tio,
290 1312 458 1356 defecit
490 1312 754 1355 chrismatis
787 1310 1110 1364 sanctificatio,
1132 1314 1181 1354 et
1198 1310 1552 1366 parricidalibus
1574 1309 1792 1353 manibus
1823 1307 2073 1364 impiorum

173 1374 330 1416 omnia
349 1386 400 1418 se
423 1373 699 1418 subtraxere
714 1373 953 1429 mysteria.
973 1391 993 1410 »
1016 1375 1135 1428 Ergo
1155 1383 1266 1415 vera
1279 1371 1396 1416 fides
1413 1372 1613 1415 ministri
1630 1375 1703 1415 est
1719 1370 1777 1414 de
1796 1370 2073 1415 necessitate

173 1436 468 1480 sacramenti.

228 1499 272 1542 3.
304 1501 545 1554 Praeterea,
562 1497 627 1542 illi
648 1497 726 1553 qui
749 1510 843 1541 non
863 1496 1039 1541 habent
1054 1508 1217 1541 veram
1238 1493 1396 1552 fidem,
1417 1496 1635 1540 videntur
1658 1507 1762 1540 esse
1781 1507 1865 1552 per
1881 1505 2075 1539 excom-

172 1559 539 1604 municationem
562 1559 622 1603 ab
651 1558 853 1602 Ecclesia
875 1558 1098 1614 separati,
1121 1557 1291 1602 dicitur
1312 1557 1437 1602 enim
1464 1556 1527 1612 (in
1557 1556 1788 1600 Canonica
1806 1559 1938 1600 Joan.
1962 1558 2034 1611 10)
2058 1568 2070 1599 ε

172 1623 222 1664 Si
246 1625 344 1676 quis
366 1624 489 1664 venit
507 1621 575 1665 ad
600 1634 692 1676 vos,
715 1627 757 1663 et
785 1621 906 1662 hanc
928 1621 1193 1663 doctrinam
1213 1633 1305 1662 non
1326 1620 1476 1674 affert,
1503 1619 1643 1662 nolite
1667 1631 1768 1661 eum
1797 1621 1998 1674 recipere
2025 1622 2075 1661 in

173 1683 370 1739 domum,
384 1696 466 1726 nec
483 1686 580 1725 Ave
596 1683 810 1725 dixeritis
825 1684 867 1724 ei
878 1696 897 1737 ,-
920 1685 967 1725 et
992 1680 1090 1736 (Tit.
1108 1695 1169 1737 ni,
1190 1684 1260 1735 10)
1282 1696 1291 1723 :
1312 1684 1584 1724 Haeretz‘cum
1607 1680 1831 1722 hominem
1845 1683 1950 1736 post
1967 1685 2074 1736 pri-

173 1758 294 1787 mam
325 1748 368 1788 et
389 1745 635 1788 secundam
656 1747 975 1787 correctionem
998 1744 1169 1787 devita.
1195 1743 1283 1788 Sed
1309 1742 1742 1787 excommunicatus
1773 1754 1867 1786 non
1890 1741 2072 1787 videtur

172 1817 310 1862 posse
333 1807 542 1850 conferre
564 1804 781 1849 Ecclesiae
807 1810 1172 1856 sacramentum,
1197 1805 1303 1848 cum
1330 1803 1389 1847 ab
1411 1803 1617 1847 Ecclesia
1638 1803 1699 1847 sit
1726 1809 1984 1860 separatus,
2014 1805 2070 1849 ad

172 1867 307 1924 qu‘us
323 1867 636 1911 ministerium
654 1866 856 1923 pertinet
871 1870 1272 1910 sacramentorum
1288 1866 1589 1923 dispensatio.
1608 1866 1729 1922 Ergo
1750 1865 1936 1910 videtur
1948 1865 2071 1923 quod

173 1941 283 1974 vera
300 1930 419 1974 fides
432 1929 633 1973 ministri
658 1929 718 1973 sit
736 1928 794 1973 de
814 1928 1091 1973 necessitate
1110 1929 1404 1973 sacramenti.

228 1992 314 2036 Sed
334 1995 496 2034 contra
516 1995 588 2034 est
607 1990 733 2047 quod
747 1991 1037 2046 Augustinus
1060 1990 1172 2034 dicit
1187 1995 1350 2034 contra
1373 1990 1649 2035 Petilianum
1667 1989 1955 2035 Donatistam
1974 1990 2071 2044 (lib.

172 2066 217 2111 ιι,
241 2067 342 2110 cap.
364 2058 435 2110 47,
455 2053 545 2097 sub
560 2053 661 2107 fin.)
686 2067 697 2095 ε
725 2072 746 2091 «
771 2055 997 2097 Memento
1013 2053 1319 2098 sacramentis
1339 2053 1416 2098 Dei
1436 2053 1551 2097 nihil
1568 2053 1735 2097 obesse
1756 2065 1912 2098 mores
1929 2053 2074 2098 malo-

173 2127 274 2160 rum
296 2116 559 2170 bominum,
579 2114 673 2171 quo
695 2114 775 2159 illa
793 2114 868 2158 vel
891 2127 986 2158 non
1006 2115 1118 2172 sint,
1142 2116 1217 2160 vel
1239 2115 1398 2160 minus
1417 2119 1580 2160 sancta
1602 2115 1710 2160 sint.
1743 2133 1764 2155 ›-

219 2184 513 2224 CONCLUSIO.
538 2206 588 2213 -
611 2182 972 2231 Quemadmodum
995 2183 1099 2223 mali
1127 2185 1311 2224 ministri
1339 2188 1451 2223 extra
1476 2184 1721 2224 charitatem
1749 2184 1966 2224 existentes
1994 2182 2076 2224 mi-

172 2240 348 2279 nistrare
365 2243 621 2279 sacramenta
642 2242 833 2289 possunt,
853 2239 913 2279 ita
930 2243 970 2279 et
992 2239 1189 2290 infidelis,
1206 2240 1433 2280 dummodo
1451 2251 1498 2279 ea
1520 2251 1603 2280 non
1621 2239 1892 2288 omittantur,
1915 2250 2008 2291 quae
2024 2239 2076 2280 de

174 2295 411 2334 necessitate
431 2298 532 2334 sunt
547 2294 807 2334 sacramenti.

225 2357 499 2412 Respondeo
523 2356 772 2401 dicendum
787 2356 930 2413 quod,
956 2357 1076 2402 sicut
1090 2370 1233 2415 supra
1251 2358 1425 2404 dictum
1441 2361 1512 2403 est
1533 2359 1638 2412 (art.
1658 2360 1686 2402 5
1707 2356 1805 2414 huj.
1823 2369 1904 2414 qu.
1925 2362 1972 2402 et
1990 2369 2072 2415 qu.

174 2432 274 2472 mxu,
288 2424 373 2463 art.
395 2422 415 2463 1
435 2424 481 2463 et
493 2418 675 2475 2),quia
690 2419 903 2463 minister
918 2419 965 2463 in
981 2421 1284 2465 sacramentis
1298 2419 1712 2465 instrumentaliter
1726 2424 1961 2478 operatur,
1979 2432 2075 2464 non

173 2482 270 2538 agit
284 2482 332 2525 in
357 2480 528 2525 virtute
548 2480 750 2537 propria,
774 2481 856 2525 sed
877 2481 925 2524 in
950 2481 1121 2525 virtute
1146 2482 1327 2526 Christi.
1346 2483 1471 2527 Sicut
1487 2488 1647 2526 autem
1669 2482 1870 2538 pertinet
1891 2482 1952 2526 ad
1968 2494 2075 2539 pro-

176 2545 321 2600 priam
336 2544 554 2588 virtutem
579 2543 783 2587 hominis
801 2543 1018 2599 charitas,
1037 2544 1100 2587 ita
1117 2550 1164 2588 et
1185 2544 1316 2589 fides.
1343 2545 1474 2590 Unde
1490 2544 1612 2589 sicut
1632 2556 1726 2588 non
1744 2543 1997 2600 requiritur
2014 2544 2075 2590 ad

174 2606 506 2662 perfectionem
526 2607 803 2651 sacramenti
825 2606 949 2663 quod
973 2606 1186 2651 minister
1207 2607 1334 2651 sitin
1355 2607 1593 2664 charitate,
1615 2607 1699 2652 sed
1719 2611 1918 2664 possunt
1934 2607 2075 2654 etiam

174 2672 443 2725 peccatores
460 2674 755 2712 sacramenta
778 2669 1005 2725 conferre,
1029 2674 1083 2713 ut
1107 2681 1250 2725 supra
1275 2669 1451 2714 dictum
1478 2674 1550 2714 est
1569 2672 1671 2724 (art.
1696 2672 1723 2714 5
1751 2669 1848 2725 huj.
1872 2672 2072 2728 quaest.),

174 2730 237 2775 ita
254 2742 346 2774 non
368 2729 621 2786 requiritur
639 2729 700 2774 ad
718 2730 1051 2788 perfectionem
1075 2732 1355 2776 sacramenti
1380 2733 1497 2778 fides
1519 2732 1648 2789 eJus3
1669 2731 1753 2776 sed
1771 2731 1972 2777 infidelis
1989 2745 2076 2789 po-

175 2796 266 2837 test
284 2804 449 2836 verum
475 2798 823 2837 sacramentum
846 2792 1071 2850 praebere,
1092 2793 1348 2840 dummodo
1368 2800 1538 2840 caetera
1565 2794 1722 2839 adsint
1746 2806 1852 2851 quae
1883 2798 1996 2839 sunt
2017 2795 2078 2841 de

175 2855 453 2900 necessitate
473 2854 772 2899 sacramenti.

226 2916 296 2961 Ad
315 2920 517 2972 primum
535 2928 649 2973 ergo
664 2916 933 2974 dicendum,
949 2917 1075 2975 quod
1095 2922 1248 2974 potest
1266 2919 1539 2975 contingere
1552 2918 1677 2976 quod
1692 2918 1861 2975 aliquis
1873 2917 2078 2975 patiatur

174 2978 406 3024 defectum
428 2978 535 3023 fidei
556 2979 681 3023 circa
700 2979 894 3037 aliquid,
912 2984 959 3024 et
984 2992 1079 3024 non
1097 2980 1221 3025 circa
1238 2981 1483 3027 veritatem
1499 2981 1781 3026 sacramenti
1800 2980 1926 3037 quod
1945 2979 2075 3025 exhi-

176 3039 268 3096 bet,
289 3041 401 3097 puta
417 3042 454 3086 si
476 3041 646 3098 aliquis
660 3042 819 3086 credat
829 3042 1150 3098 juramentum
1169 3043 1332 3088 essein
1347 3044 1474 3088 omni
1484 3043 1838 3099 casuillicitum,
1854 3046 1901 3086 et
1916 3046 2074 3087 tamen

175 3103 333 3148 credat
351 3104 637 3160 baptismum
661 3104 916 3149 efficaciam
933 3105 1104 3150 habere
1126 3105 1185 3150 ad
1203 3106 1304 3150 salu
1312 3110 1425 3162 tem3
1445 3110 1491 3151 et
1509 3106 1578 3150 sic
1593 3105 1696 3150 talis
1714 3104 1962 3149 infidelitas
1979 3116 2074 3149 non

174 3164 369 3222 impedit
389 3165 695 3210 intentionem
716 3166 983 3211 conferendi
1004 3173 1368 3213 sacramentum.
1387 3168 1430 3212 Si
1453 3167 1565 3212 vero
1579 3167 1780 3224 patiatur
1797 3163 1904 3210 fidei
1925 3165 2076 3211 defec-

174 3230 274 3271 tum
305 3226 428 3271 circa
453 3226 609 3282 ipsum
644 3232 991 3273 sacramentum
1021 3229 1148 3286 quod
1179 3229 1391 3287 exhibet,
1427 3229 1536 3274 licet
1572 3229 1732 3274 credat
1761 3239 1846 3285 per
1871 3227 1919 3272 id
1948 3228 2075 3285 quod

174 3288 328 3345 agitur
344 3289 566 3341 exterius,
587 3289 769 3334 nullum
783 3291 915 3347 sequi
931 3291 1198 3336 interiorem
1214 3292 1448 3348 effectum,
1467 3304 1561 3335 non
1576 3295 1732 3335 tamen
1748 3289 1933 3347 ignorat
1950 3288 2076 3346 quod

175 3350 375 3396 Ecclesia
395 3349 621 3394 catholica
640 3350 840 3395 intendit
863 3364 948 3408 per
969 3352 1238 3408 huiusmodi
1261 3365 1367 3411 quae
1390 3353 1595 3398 exterius
1616 3356 1847 3409 aguntur,
1866 3351 2074 3408 praebere

214 3438 257 3481 (4)
276 3440 325 3474 De
340 3439 407 3473 fide
422 3442 472 3474 est
490 3442 608 3474 contra
631 3438 826 3482 donatistas,
842 3440 1016 3477 valdenses
1030 3445 1065 3477 et
1082 3440 1303 3483 winlesfisxas,
1325 3441 1429 3476 fidem
1443 3453 1510 3476 nou
1533 3452 1603 3476 esse
1622 3439 1848 3476 necessariam
1863 3439 1900 3474 in
1916 3438 2076 3473 ministro

175 3492 211 3522 ut
224 3493 434 3523 sacramenta
447 3487 684 3530 perficiantur.
