2170 3808
229 223 313 267 344
711 242 718 245 »
756 213 956 267 QUAEST.
991 213 1130 268 LXIV,
1161 213 1278 257 ART.
1308 215 1379 258 vn
1405 215 1470 258 ET
1497 215 1600 259 VIII.

230 301 503 355 minoratus,
528 301 584 343 ut
598 299 726 355 patet
747 295 875 350 (Heb.
906 297 969 349 ιι).
999 297 1054 340 Et
1074 294 1180 339 ideo
1211 294 1272 339 ad
1303 295 1516 341 homines
1538 296 1740 353 pertinet
1763 295 2036 354 dispensare
2055 310 2132 344 sa—

230 365 484 415 cramenta,
499 362 547 405 et
565 358 614 404 in
634 358 702 404 eis
722 356 1008 414 ministrare,
1031 369 1128 402 non
1150 361 1307 401 autern
1323 356 1383 402 ad
1407 357 1616 415 angelos.
1638 381 1692 392 —
1707 358 1956 404 Sciendum
1972 363 2128 406 tamen

231 422 359 481 quod
376 421 497 467 sicut
513 423 636 466 Deus
660 420 878 465 virtutem
893 431 1029 465 suam
1049 431 1144 464 non
1164 418 1373 475 alligavit
1393 420 1713 478 sacramentiS‚
1729 419 1842 478 quin
1867 419 2016 477 possit
2029 420 2131 469 sine

232 482 536 530 sacramentis
556 481 775 528 effectum
802 485 1204 527 sacramentorum
1233 479 1466 539 conferre3
1490 481 1555 528 ita
1576 481 1716 528 etiam
1738 481 1959 528 virtutem
1995 494 2132 530 suam

231 557 325 591 non
346 543 556 602 alligavit
568 543 787 590 Ecclesiae
796 543 1041 601 ministris,
1053 543 1167 601 quin
1183 543 1325 588 etiam
1343 543 1520 600 angelis
1533 545 1681 602 possit
1689 544 1911 589 virtutem
1927 544 2132 592 tribuere

229 606 527 653 ministrandi
550 610 858 652 sacramenta.
883 608 938 652 Et
959 606 1069 663 quia
1097 604 1209 650 boni
1231 604 1387 662 angeli
1406 610 1518 651 sunt
1538 607 1688 652 nuntii
1719 606 1930 652 veritatis
1944 641 1956 660 ,
1979 605 2021 652 si
2046 606 2131 652 ali-

229 668 356 727 quod
378 668 718 714 sacramentale
743 667 1054 713 ministerium
1081 666 1109 711 a
1127 666 1265 712 bonis
1292 666 1474 723 angelis
1491 665 1810 725 perficeretur,
1834 671 1960 712 esset
1977 671 2134 715 ratum

228 730 499 777 habendum
514 732 575 786 (1)
592 746 604 776 :
621 731 732 788 quia
751 729 942 776 deberet
962 734 1178 775 constare
1193 730 1282 775 hoc
1295 729 1394 774 fieri
1410 729 1652 776 voluntate
1665 729 1845 786 divina;
1864 729 1987 775 sicut
2005 741 2136 789 quae-

228 793 338 839 dam
355 793 531 853 templa
548 793 772 839 dicuntur
789 791 1002 849 angelico
1020 792 1279 838 ministerio
1298 796 1566 837 consecrata
1583 795 1660 848 (2).
1685 791 1858 838 sivero
1875 791 2128 847 daemoneS,

228 854 311 916 qui
325 860 438 902 sunt
459 854 653 914 spiritus
672 854 921 912 mendacii,
944 853 1132 912 aliquod
1150 853 1486 899 sacramentale
1509 853 1819 900 ministerium
1840 853 2129 906 exhiberent,
2164 895 2166 898 .

230 930 325 963 non
348 921 477 964 esset
498 921 654 962 ratum
675 916 961 962 habendum.
1794 920 1798 924 '
1852 962 1854 964 ,
2163 935 2166 938 ·

283 979 351 1025 Ad
376 981 581 1037 primum
607 991 720 1035 ergo
748 977 1017 1033 (licendum,
1040 975 1166 1035 quod
1190 977 1304 1023 illud
1329 977 1455 1035 quod
1483 977 1660 1022 faciunt
1689 977 1904 1022 homines
1926 975 2133 1023 inferiori

227 1040 383 1099 modo,
409 1039 589 1085 scilicet
610 1053 693 1097 per
723 1039 964 1085 sensibilia
993 1045 1307 1096 sacramenta,
1333 1052 1439 1097 quae
1468 1038 1562 1084 sint
1586 1039 1933 1096 proportionata
1954 1043 2134 1084 naturae

226 1100 454 1159 ipsorum,
471 1101 650 1147 faciunt
670 1102 823 1158 angeli
845 1101 1068 1159 tanquam
1088 1100 1352 1158 superiores
1373 1099 1570 1145 ministri
1587 1100 1813 1158 superiori
1830 1099 1987 1156 mod0,
2005 1098 2133 1145 scili-

228 1169 301 1210 cet
323 1163 619 1210 invisibiliter
641 1164 905 1222 purgando,
929 1163 1239 1208 illuminando
1264 1169 1311 1209 et
1333 1162 1632 1221 perficiendo.

282 1226 349 1272 Ad
369 1228 615 1272 secundum
636 1227 903 1284 dicendum,
926 1225 1052 1284 qued
1081 1227 1231 1272 sancti
1254 1226 1333 1283 qui
1356 1230 1468 1271 sunt
1493 1225 1542 1270 in
1569 1225 1689 1270 coelo
1711 1229 1823 1270 sunt
1844 1224 2021 1270 similes
2048 1237 2131 1269 an-

227 1288 345 1346 gelis
359 1289 591 1347 quantum
610 1290 670 1336 ad
688 1290 1088 1348 participationem
1113 1289 1273 1346 gloriae
1294 1291 1367 1345 (3),
1393 1300 1488 1333 non
1511 1292 1669 1333 autem
1692 1290 1920 1345 quantum
1940 1287 2000 1334 ad
2016 1298 2133 1332 con-

226 1351 451 1397 ditionem
474 1356 670 1407 naturae,
691 1356 738 1397 et
752 1364 837 1410 per
850 1363 1147 1410 consequens
1167 1363 1321 1408 neque
1334 1353 1562 1409 quantum
1582 1350 1641 1396 ad
1656 1353 1963 1395 sacramenta.

283 1413 348 1460 Ad
372 1417 558 1459 tertium
579 1414 847 1474 dicendum,
868 1414 996 1472 quod
1014 1413 1125 1459 mali
1148 1414 1360 1459 homines
1382 1426 1477 1458 non
1506 1412 1682 1458 habent
1702 1411 1825 1470 quod
1847 1411 2029 1469 possint
2045 1410 2131 1456 mi-

227 1475 427 1522 nistrare
450 1475 500 1521 in
521 1476 830 1522 sacramentis
853 1489 912 1521 ex
930 1477 1020 1522 hoc
1046 1476 1170 1533 quod
1195 1488 1278 1532 per
1307 1474 1532 1520 malitiam
1562 1478 1675 1520 sunt
1698 1473 1911 1520 membra
1930 1473 2128 1530 diaboli3

224 1542 270 1582 et
300 1537 407 1584 ideo
437 1549 534 1583 non
566 1538 780 1595 sequitur
813 1537 939 1595 quod
970 1536 1211 1588 diaboluS,
1252 1536 1332 1594 qui
1360 1541 1433 1582 est
1462 1548 1625 1581 eorum
1658 1539 1823 1595 caput,
1853 1535 2006 1594 magis
2043 1536 2132 1581 hoc

186 1634 197 1639 -
223 1600 387 1656 possit.

222 1663 571 1707 ARTICULUS
599 1664 729 1707 Vnt.
759 1685 817 1696 —
838 1675 979 1706 uranu
1007 1674 1204 1706 mrmrro
1235 1674 1415 1705 mmsrm
1446 1672 1710 1711 REQumA'rua
1738 1671 1792 1703 an
1819 1672 2131 1704 rnarssc'rronnu

997 1736 1256 1768 sacaAMssN‘n
1276 1725 1352 1778 (4).

224 1793 272 1826 De
288 1792 341 1827 his
356 1793 459 1828 etiam
477 1804 591 1835 supra,
610 1795 728 1834 quaest.
748 1801 804 1833 Lx,
835 1797 900 1828 art.
919 1794 941 1828 8
956 1803 1065 1835 corp..
1086 1797 1120 1828 et
1147 1793 1242 1827 Sent.
1270 1800 1319 1834 tv,
1347 1791 1427 1828 dist.
1445 1792 1478 1832 6,
1495 1796 1613 1834 quaest.
1632 1801 1659 1832 1,
1679 1795 1744 1827 art.
1760 1791 1795 1834 2,
1820 1791 2020 1834 quoestiunc.
2045 1800 2072 1835 1,
2096 1795 2132 1828 et

262 1840 666 1931 gifgsff'iqffsstb'ssg}
687 1841 702 1875 l
712 1868 720 1882 ,
741 1843 856 1883 quaest.
876 1849 889 1876 1
900 1840 943 1875 ad
957 1841 992 1883 5,
1011 1844 1047 1877 et
1064 1840 1144 1876 dist.
1160 1842 1194 1883 8,
1211 1843 1329 1883 quaest.
1348 1849 1390 1884 ΙΙ,
1406 1843 1475 1877 art.
1493 1841 1526 1882 Α,
1541 1840 1740 1883 qumstiunc.
1758 1848 1799 1875 111
1825 1839 1868 1874 ad
1879 1841 1912 1882 l,
1928 1844 1964 1875 et
1977 1839 2060 1876 dist.
2074 1841 2131 1884 50,

275 1943 343 1989 Ad
357 1948 578 1988 octavum
598 1942 667 1987 sic
682 1943 965 2000 proceditur.
986 1946 1007 1989 1
1020 1975 1031 1985 .
1053 1943 1244 1988 Videtur
1263 1942 1389 2001 quod
1411 1942 1609 1989 intentio
1630 1942 1832 1988 miniStri
1857 1955 1952 1988 non
1971 1944 2130 2002 requi-

219 2009 349 2051 ratur
369 2006 428 2051 ad
442 2006 774 2063 perfectionem
791 2005 1087 2050 sacramenti.
1105 2006 1309 2051 Minister
1326 2005 1453 2051 enim
1467 2006 1515 2050 in
1532 2009 1827 2051 sacramento
1844 2004 2130 2052 instrumen-

220 2067 374 2113 taliter
401 2071 636 2125 operatur.
673 2067 762 2113 Sed
786 2067 905 2112 actio
937 2079 1032 2111 non
1056 2067 1294 2124 perficitur
1327 2067 1588 2113 secundum
1620 2067 1930 2113 intentionem
1951 2068 2130 2114 instru-

218 2129 385 2187 menti,
412 2129 497 2175 sed
518 2129 780 2175 secundum
803 2129 1115 2175 intentionem
1145 2130 1418 2187 principalis
1447 2130 1649 2188 agentis.
1672 2132 1792 2187 Ergo
1816 2129 2014 2176 intentio
2042 2130 2130 2177 mi—

218 2192 354 2237 nistri
372 2204 469 2237 non
488 2191 742 2250 requiritur
756 2191 814 2237 ad
831 2193 1164 2249 perfectionem
1186 2192 1485 2239 sacramenti.

274 2258 317 2299 2.
349 2256 592 2310 Praeterea,
623 2266 719 2299 non
749 2259 904 2311 potest
940 2254 1117 2299 homini
1152 2267 1258 2300 esse
1291 2260 1400 2300 nota
1434 2253 1633 2301 intentio
1665 2253 1872 2300 alterius.
1903 2254 1949 2299 Si
1984 2254 2128 2313 igitur

217 2315 415 2361 intentio
443 2315 644 2360 ministri
671 2316 936 2373 requiratur
961 2316 1020 2361 ad
1046 2317 1381 2374 perfectionem
1404 2316 1703 2375 sacramenti,
1734 2329 1831 2362 non
1852 2322 2012 2375 posset
2044 2318 2127 2364 ho·

216 2377 334 2422 mini
360 2377 420 2422 ad
438 2382 787 2422 sacramentum
807 2378 1046 2423 accedenti
1073 2391 1176 2424 esse
1199 2385 1364 2424 notum
1383 2379 1509 2436 quod
1526 2383 1873 2425 sacramentum
1892 2379 2126 2436 suscepis-

218 2444 306 2495 set,
330 2443 377 2484 et
405 2438 470 2484 ita
491 2451 587 2483 non
605 2443 766 2496 posset
783 2439 955 2485 habere
979 2441 1307 2486 certitudinem
1327 2441 1510 2499 salutis,
1528 2442 1764 2499 praecipue
1779 2444 1889 2487 cum
1910 2442 2126 2499 quaedam

217 2504 512 2546 sacramenta
531 2500 626 2545 sint
653 2502 712 2546 de
742 2501 1020 2547 necessitate
1043 2503 1225 2559 salutiS,
1247 2508 1299 2548 ut
1317 2503 1440 2547 infra
1457 2503 1639 2548 dicetur
1657 2507 1842 2561 (quaest.
1862 2516 1962 2560 m,
1984 2507 2070 2548 art.
2096 2507 2124 2549 3
2164 2498 2167 2505 '

216 2567 264 2608 et
283 2565 343 2616 4).
898 2601 901 2603 .

272 2627 316 2670 3.
346 2627 594 2681 Praeterea,
621 2624 820 2670 intentio
839 2625 1044 2671 hominis
1068 2638 1164 2671 noa
1187 2630 1342 2683 potest
1364 2640 1469 2673 esse
1492 2627 1553 2673 ad
1573 2626 1623 2672 id
1643 2626 1768 2672 circa
1787 2626 1915 2684 quod
1933 2639 2029 2672 non
2051 2635 2124 2674 est

216 2692 440 2734 attentus.
464 2686 555 2733 Sed
576 2686 829 2744 aliquando
860 2687 924 2732 illi
948 2688 1029 2746 qui
1055 2688 1102 2733 in
1125 2690 1431 2735 sacramentis
1454 2689 1734 2740 ministrant,
1757 2702 1853 2735 non
1875 2691 2123 2737 attendunt

215 2750 276 2797 ad
289 2763 345 2796 ea
358 2762 467 2808 quae
484 2749 649 2795 dicunt
664 2750 737 2795 vel
757 2749 955 2806 faciunt,
976 2751 1066 2795 alia
1085 2753 1359 2809 cogitantes,
1381 2755 1500 2811 Ergo
1523 2752 1784 2798 secundum
1802 2752 1891 2797 hoc
1908 2766 2001 2798 non
2022 2766 2122 2811 per-

214 2809 433 2859 ficeretur
452 2816 816 2870 sacramentum,
838 2817 1027 2871 propter
1049 2814 1322 2860 intentionis
1341 2815 1593 2861 defectum.

270 2875 359 2921 Sed
389 2879 554 2919 contra
584 2879 655 2920 est
682 2874 808 2932 quod
836 2887 891 2920 ea
919 2888 1025 2933 quae
1059 2883 1169 2922 sunt
1197 2883 1365 2935 praeter
1395 2878 1720 2935 intentionem,
1754 2883 1865 2924 sunt
1895 2879 2116 2935 causalia,
2166 2900 2167 2904 ¹

254 2992 297 3035 (l)
322 2991 418 3027 Unde
439 2990 654 3033 Nicephorus
677 2990 752 3032 (lib.
775 3000 817 3032 ιι.
836 3004 910 3035 cap.
936 2993 991 3034 20)
1018 2992 1125 3029 refert

211 3039 249 3077 8.
273 3040 556 3082 Amphilochium
584 3040 625 3075 ab
645 3040 774 3082 angelis
808 3041 869 3076 Dei
897 3041 1123 3083 episcopalem

212 3089 501 3124 consecrationem
523 3088 716 3130 suscepisse,
738 3089 840 3131 idque
856 3090 875 3123 a
892 3090 1022 3125 caeteris
1041 3091 1124 3132 epis-

212 3136 304 3178 copis
325 3141 436 3171 ratum
457 3137 661 3176 judicatum.

252 3184 299 3226 (2)
331 3185 395 3219 Hic
411 3186 450 3220 B.
482 3185 631 3220 Thomas
663 3185 900 3222 verisimiliter
929 3186 1055 3223 alludit
1081 3187 1123 3222 ad

212 3233 497 3267 consecrationem
516 3232 664 3269 basilicae
691 3235 728 3269 S.
746 3234 934 3277 Michaelis,
956 3247 1055 3278 quam
1082 3233 1122 3270 ab

213 3279 281 3322 ipso
311 3280 475 3315 Michaale
502 3280 690 3316 dedicatam
716 3282 816 3326 fuisse
842 3290 876 3319 et
894 3290 1121 3318 consecratam

211 3328 320 3364 refert
334 3329 455 3364 Petrus
480 3329 530 3363 Dc
556 3329 726 3366 natalibus
743 3332 820 3375 (lib.
839 3341 917 3374 vlu,
941 3345 970 3367 c.
990 3333 1065 3372 450,
1089 3338 1122 3366 et

212 3375 365 3412 Moicnus
382 3376 423 3410 ad
440 3376 482 3411 29
498 3378 607 3418 sept).

251 3425 295 3466 (5)
332 3424 493 3467 Quamvis
517 3424 581 3458 hoc
595 3425 707 3466 ipsum
725 3428 817 3468 quod
841 3428 975 3470 (Matth.
994 3437 1069 3463 xxll
1088 3435 1122 3463 et

212 3472 290 3507 Luc.
308 3479 363 3514 xx)
384 3473 523 3515 dicitur,
541 3473 719 3514 specialem
736 3488 869 3511 sensum
886 3476 990 3512 alium
1004 3477 1118 3516 habet.

1208 2994 1340 3030 scilicet
1367 2995 1456 3037 quod
1490 3008 1559 3030 non
1585 2996 1718 3031 nubant
1740 3009 1749 3031 ε
1773 2996 1833 3033 sad
1853 3008 1961 3032 unum
1987 3009 2028 3033 ex
2050 3001 2118 3035 alio
2167 2999 2170 3028 ἔ

1208 3044 1374 3085 sequitur,
1389 3048 1426 3077 ut
1440 3043 1516 3078 ideo
1535 3056 1602 3078 non
1623 3044 1766 3086 nubant,
1786 3044 1866 3086 quia
1881 3049 1984 3081 tanto
2001 3046 2117 3088 gloria
2162 3071 2163 3074 =

1209 3092 1404 3133 participes.
2162 3095 2170 3113 ⁵

1177 3162 1182 3167 -
1251 3139 1296 3180 (ἀ)
1318 3141 1364 3175 De
1382 3140 1449 3174 fide
1474 3146 1523 3175 cst
1551 3141 1778 3176 intentionem
1798 3141 1949 3177 ministri
1964 3154 2116 3179 necessa·
2157 3135 2165 3146 ᾖ

1210 3187 1294 3221 riam
1315 3200 1384 3223 esse
1399 3188 1441 3222 ad
1462 3189 1674 3224 validitatem
1690 3190 1908 3226 sacramenti.
1925 3190 1975 3226 Ita
1993 3190 2114 3227 concil.

1212 3235 1374 3269 Floreat*
1390 3235 1531 3271 Decret.
1551 3246 1666 3281 super
1682 3238 1919 3272 armenianos
1931 3247 1957 3282 1,
1973 3243 2008 3274 et
2019 3250 2111 3275 conc.

1209 3283 1366 3318 Trident.
1388 3288 1480 3323 juxta
1504 3284 1590 3319 illud
1612 3284 1679 3319 :Si
1701 3285 1785 3327 quis
1814 3285 1957 3320 dixerit
1981 3288 2024 3322 in
2045 3287 2109 3322 mt'-
2157 3309 2164 3312 -

1209 3334 1340 3367 matris
1358 3335 1424 3377 qui
1452 3338 1687 3368 sacramenta
1717 3334 1920 3376 conticium
1945 3338 1980 3370 et
1997 3333 2117 3377 conla-

1209 3385 1390 3420 runtmon
1398 3382 1543 3425 requiri
1554 3382 1794 3416 incentionem
1805 3383 1935 3416 saltem
1945 3381 2112 3425 faciendi
2156 3376 2158 3382 '

1210 3430 1306 3472 quod
1321 3429 1415 3473 facit
1433 3429 1598 3463 Ecclesia
1619 3445 1628 3473 3
1649 3430 1847 3465 anathema
1869 3431 1933 3464 sit.
