<?xml version="1.0" encoding="UTF-8"?>
<!DOCTYPE html PUBLIC "-//W3C//DTD XHTML 1.0 Transitional//EN"
    "http://www.w3.org/TR/xhtml1/DTD/xhtml1-transitional.dtd">
<html xmlns="http://www.w3.org/1999/xhtml" xml:lang="en" lang="en">
 <head>
  <title>
</title>
<meta http-equiv="Content-Type" content="text/html;charset=utf-8" />
  <meta name='ocr-system' content='tesseract 3.04.00' />
  <meta name='ocr-capabilities' content='ocr_page ocr_carea ocr_par ocr_line ocrx_word'/>
</head>
<body>
  <div class='ocr_page' id='page_1' title='image "./summatheologica06thomuoft_0663.png"; bbox 0 0 2170 3808; ppageno 0'>
   <div class='ocr_carea' id='block_1_1' title="bbox 715 234 1968 289">
    <p class='ocr_par' dir='ltr' id='par_1_1' title="bbox 715 234 1968 289">
     <span class='ocr_line' id='line_1_1' title="bbox 715 234 1968 289; baseline -0.002 -10"><span class='ocrx_word' id='word_1_1' title='bbox 715 236 912 289; x_wconf 82' lang='lat' dir='ltr'>QUAEST.</span> <span class='ocrx_word' id='word_1_2' title='bbox 944 236 1094 289; x_wconf 81' lang='lat' dir='ltr'>LXXI,</span> <span class='ocrx_word' id='word_1_3' title='bbox 1125 236 1242 279; x_wconf 82' lang='lat' dir='ltr'><strong>ART.</strong></span> <span class='ocrx_word' id='word_1_4' title='bbox 1273 235 1343 278; x_wconf 84' lang='lat' dir='ltr'>lv.</span> <span class='ocrx_word' id='word_1_5' title='bbox 1889 234 1968 278; x_wconf 74' lang='lat'>627</span> 
     </span>
    </p>
   </div>
   <div class='ocr_carea' id='block_1_2' title="bbox 77 318 2043 2406">
    <p class='ocr_par' dir='ltr' id='par_1_2' title="bbox 228 318 1969 490">
     <span class='ocr_line' id='line_1_2' title="bbox 228 318 1969 370; baseline -0.002 -9"><span class='ocrx_word' id='word_1_6' title='bbox 228 318 569 362; x_wconf 70' lang='lat' dir='ltr'>ARTICULUS</span> <span class='ocrx_word' id='word_1_7' title='bbox 613 318 693 370; x_wconf 81' lang='lat' dir='ltr'>IV.</span> <span class='ocrx_word' id='word_1_8' title='bbox 719 339 774 347; x_wconf 84' lang='lat'>—-</span> <span class='ocrx_word' id='word_1_9' title='bbox 803 328 936 359; x_wconf 76' lang='lat' dir='ltr'>urium</span> <span class='ocrx_word' id='word_1_10' title='bbox 981 328 1044 360; x_wconf 85' lang='lat' dir='ltr'>srr</span> <span class='ocrx_word' id='word_1_11' title='bbox 1078 327 1272 358; x_wconf 67' lang='lat' dir='ltr'>orricium</span> <span class='ocrx_word' id='word_1_12' title='bbox 1318 325 1563 359; x_wconf 64' lang='lat' dir='ltr'>sacr-,anons</span> <span class='ocrx_word' id='word_1_13' title='bbox 1598 325 1879 357; x_wconf 65' lang='lat' dir='ltr'>cusentinae</span> <span class='ocrx_word' id='word_1_14' title='bbox 1918 326 1969 357; x_wconf 70' lang='lat' dir='ltr'>nr</span> 
     </span>
     <span class='ocr_line' id='line_1_3' title="bbox 759 389 1328 421; baseline -0.002 0"><span class='ocrx_word' id='word_1_15' title='bbox 759 390 1013 421; x_wconf 69' lang='lat' dir='ltr'>ExoncleRE</span> <span class='ocrx_word' id='word_1_16' title='bbox 1034 389 1328 420; x_wconf 71' lang='lat' dir='ltr'>rAPleANnuu.</span> 
     </span>
     <span class='ocr_line' id='line_1_4' title="bbox 456 445 1562 490; baseline 0 -12"><span class='ocrx_word' id='word_1_17' title='bbox 456 488 458 490; x_wconf 25' lang='grc' dir='ltr'>Ι</span> <span class='ocrx_word' id='word_1_18' title='bbox 499 446 547 479; x_wconf 90' lang='lat' dir='ltr'>De</span> <span class='ocrx_word' id='word_1_19' title='bbox 565 445 619 479; x_wconf 89' lang='lat' dir='ltr'>his</span> <span class='ocrx_word' id='word_1_20' title='bbox 633 445 736 480; x_wconf 79' lang='lat' dir='ltr'>etiam</span> <span class='ocrx_word' id='word_1_21' title='bbox 753 446 848 480; x_wconf 81' lang='lat' dir='ltr'>Sent.</span> <span class='ocrx_word' id='word_1_22' title='bbox 865 454 911 485; x_wconf 81' lang='lat' dir='ltr'>lv,</span> <span class='ocrx_word' id='word_1_23' title='bbox 928 445 1005 480; x_wconf 79' lang='lat' dir='ltr'>dist.</span> <span class='ocrx_word' id='word_1_24' title='bbox 1019 446 1052 487; x_wconf 82' lang='lat'>6,</span> <span class='ocrx_word' id='word_1_25' title='bbox 1071 450 1187 486; x_wconf 74' lang='lat' dir='ltr'>quaest.</span> <span class='ocrx_word' id='word_1_26' title='bbox 1209 453 1247 487; x_wconf 81' lang='lat' dir='ltr'>u,</span> <span class='ocrx_word' id='word_1_27' title='bbox 1272 447 1337 479; x_wconf 79' lang='lat' dir='ltr'>art.</span> <span class='ocrx_word' id='word_1_28' title='bbox 1351 445 1383 484; x_wconf 77' lang='lat'>5,</span> <span class='ocrx_word' id='word_1_29' title='bbox 1406 447 1522 486; x_wconf 75' lang='lat' dir='ltr'>quaest.</span> <span class='ocrx_word' id='word_1_30' title='bbox 1536 451 1562 478; x_wconf 80' lang='grc' dir='ltr'>ι.</span> 
     </span>
    </p>

    <p class='ocr_par' dir='ltr' id='par_1_3' title="bbox 84 496 1975 926">
     <span class='ocr_line' id='line_1_5' title="bbox 150 496 1975 558; baseline -0.003 -11"><span class='ocrx_word' id='word_1_31' title='bbox 150 501 216 547; x_wconf 77' lang='lat' dir='ltr'>Ad</span> <span class='ocrx_word' id='word_1_32' title='bbox 227 505 443 558; x_wconf 86' lang='lat' dir='ltr'>quartum</span> <span class='ocrx_word' id='word_1_33' title='bbox 456 499 523 544; x_wconf 87' lang='lat' dir='ltr'>sic</span> <span class='ocrx_word' id='word_1_34' title='bbox 543 499 820 555; x_wconf 88' lang='lat' dir='ltr'>proceditur.</span> <span class='ocrx_word' id='word_1_35' title='bbox 838 503 860 544; x_wconf 79' lang='lat'><strong>1</strong></span> <span class='ocrx_word' id='word_1_36' title='bbox 869 531 883 544; x_wconf 85' lang='lat'><strong>.</strong></span> <span class='ocrx_word' id='word_1_37' title='bbox 905 499 1092 544; x_wconf 82' lang='lat' dir='ltr'>Videtur</span> <span class='ocrx_word' id='word_1_38' title='bbox 1106 499 1231 555; x_wconf 83' lang='lat' dir='ltr'>quod</span> <span class='ocrx_word' id='word_1_39' title='bbox 1245 511 1339 543; x_wconf 88' lang='lat' dir='ltr'>non</span> <span class='ocrx_word' id='word_1_40' title='bbox 1353 498 1413 543; x_wconf 88' lang='lat' dir='ltr'>sit</span> <span class='ocrx_word' id='word_1_41' title='bbox 1425 497 1675 543; x_wconf 85' lang='lat' dir='ltr'>sacerdotis</span> <span class='ocrx_word' id='word_1_42' title='bbox 1689 496 1975 541; x_wconf 80' lang='lat' dir='ltr'>catechizare</span> 
     </span>
     <span class='ocr_line' id='line_1_6' title="bbox 84 558 1973 619; baseline -0.003 -12"><span class='ocrx_word' id='word_1_43' title='bbox 84 566 138 619; x_wconf 51' lang='lat' dir='ltr'>fiet</span> <span class='ocrx_word' id='word_1_44' title='bbox 154 562 415 607; x_wconf 84' lang='lat' dir='ltr'>exorcizare</span> <span class='ocrx_word' id='word_1_45' title='bbox 434 561 774 616; x_wconf 86' lang='lat' dir='ltr'>baptizandum.</span> <span class='ocrx_word' id='word_1_46' title='bbox 793 561 860 606; x_wconf 85' lang='lat' dir='ltr'>Ad</span> <span class='ocrx_word' id='word_1_47' title='bbox 875 561 1081 605; x_wconf 83' lang='lat' dir='ltr'>officium</span> <span class='ocrx_word' id='word_1_48' title='bbox 1101 561 1227 604; x_wconf 90' lang='lat' dir='ltr'>enim</span> <span class='ocrx_word' id='word_1_49' title='bbox 1247 560 1562 603; x_wconf 85' lang='lat' dir='ltr'>ministrorum</span> <span class='ocrx_word' id='word_1_50' title='bbox 1584 558 1784 615; x_wconf 72' lang='lat' dir='ltr'>pertinet</span> <span class='ocrx_word' id='word_1_51' title='bbox 1799 558 1973 602; x_wconf 86' lang='lat' dir='ltr'>habere</span> 
     </span>
     <span class='ocr_line' id='line_1_7' title="bbox 86 619 1967 690; baseline -0.003 -22"><span class='ocrx_word' id='word_1_52' title='bbox 86 620 326 690; x_wconf 48' lang='lat' dir='ltr'>{operation</span> <span class='ocrx_word' id='word_1_53' title='bbox 334 636 407 668; x_wconf 86' lang='lat' dir='ltr'>em</span> <span class='ocrx_word' id='word_1_54' title='bbox 430 634 568 678; x_wconf 90' lang='lat' dir='ltr'>super</span> <span class='ocrx_word' id='word_1_55' title='bbox 588 623 877 679; x_wconf 89' lang='lat' dir='ltr'>immundos,</span> <span class='ocrx_word' id='word_1_56' title='bbox 897 626 951 667; x_wconf 93' lang='lat' dir='ltr'>ut</span> <span class='ocrx_word' id='word_1_57' title='bbox 972 622 1220 680; x_wconf 89' lang='lat' dir='ltr'>Dionysius</span> <span class='ocrx_word' id='word_1_58' title='bbox 1235 621 1346 666; x_wconf 88' lang='lat' dir='ltr'>dicit</span> <span class='ocrx_word' id='word_1_59' title='bbox 1363 619 1804 676; x_wconf 64' lang='lat' dir='ltr'>(Eccleshierarch.</span> <span class='ocrx_word' id='word_1_60' title='bbox 1821 632 1924 675; x_wconf 76' lang='lat' dir='ltr'>cap.</span> <span class='ocrx_word' id='word_1_61' title='bbox 1940 632 1967 663; x_wconf 82' lang='lat' dir='ltr'>v</span> 
     </span>
     <span class='ocr_line' id='line_1_8' title="bbox 89 681 1970 743; baseline -0.002 -13"><span class='ocrx_word' id='word_1_62' title='bbox 89 685 213 730; x_wconf 82' lang='lat' dir='ltr'>inter</span> <span class='ocrx_word' id='word_1_63' title='bbox 233 686 378 743; x_wconf 90' lang='lat' dir='ltr'>princ.</span> <span class='ocrx_word' id='word_1_64' title='bbox 403 689 449 729; x_wconf 89' lang='lat' dir='ltr'>et</span> <span class='ocrx_word' id='word_1_65' title='bbox 471 685 628 739; x_wconf 71' lang='lat' dir='ltr'>med).</span> <span class='ocrx_word' id='word_1_66' title='bbox 657 685 744 729; x_wconf 85' lang='lat' dir='ltr'>Sed</span> <span class='ocrx_word' id='word_1_67' title='bbox 762 683 1100 739; x_wconf 85' lang='lat' dir='ltr'>catechumeni,</span> <span class='ocrx_word' id='word_1_68' title='bbox 1113 684 1194 740; x_wconf 86' lang='lat' dir='ltr'>qui</span> <span class='ocrx_word' id='word_1_69' title='bbox 1217 683 1510 727; x_wconf 88' lang='lat' dir='ltr'>instruuntur</span> <span class='ocrx_word' id='word_1_70' title='bbox 1536 682 1584 726; x_wconf 90' lang='lat' dir='ltr'>in</span> <span class='ocrx_word' id='word_1_71' title='bbox 1602 681 1900 736; x_wconf 81' lang='lat' dir='ltr'>catechismo,</span> <span class='ocrx_word' id='word_1_72' title='bbox 1922 684 1970 726; x_wconf 84' lang='lat' dir='ltr'>et</span> 
     </span>
     <span class='ocr_line' id='line_1_9' title="bbox 91 742 1966 803; baseline -0.004 -11"><span class='ocrx_word' id='word_1_73' title='bbox 91 747 411 803; x_wconf 80' lang='lat' dir='ltr'>energumeni,</span> <span class='ocrx_word' id='word_1_74' title='bbox 441 746 519 802; x_wconf 88' lang='lat' dir='ltr'>qui</span> <span class='ocrx_word' id='word_1_75' title='bbox 548 750 805 802; x_wconf 88' lang='lat' dir='ltr'>purgantur</span> <span class='ocrx_word' id='word_1_76' title='bbox 829 745 878 790; x_wconf 89' lang='lat' dir='ltr'>in</span> <span class='ocrx_word' id='word_1_77' title='bbox 898 746 1171 803; x_wconf 84' lang='lat' dir='ltr'>exorcismo,</span> <span class='ocrx_word' id='word_1_78' title='bbox 1193 748 1520 801; x_wconf 87' lang='lat' dir='ltr'>computantur</span> <span class='ocrx_word' id='word_1_79' title='bbox 1537 742 1658 787; x_wconf 87' lang='lat' dir='ltr'>inter</span> <span class='ocrx_word' id='word_1_80' title='bbox 1687 742 1966 800; x_wconf 89' lang='lat' dir='ltr'>immundos,</span> 
     </span>
     <span class='ocr_line' id='line_1_10' title="bbox 91 805 1967 865; baseline -0.003 -12"><span class='ocrx_word' id='word_1_81' title='bbox 91 814 144 854; x_wconf 86' lang='lat' dir='ltr'>ut</span> <span class='ocrx_word' id='word_1_82' title='bbox 163 809 333 855; x_wconf 87' lang='lat' dir='ltr'><strong>ibidem</strong></span> <span class='ocrx_word' id='word_1_83' title='bbox 357 808 601 865; x_wconf 89' lang='lat' dir='ltr'>Dionysius</span> <span class='ocrx_word' id='word_1_84' title='bbox 623 808 734 852; x_wconf 88' lang='lat' dir='ltr'>dicit</span> <span class='ocrx_word' id='word_1_85' title='bbox 751 813 799 853; x_wconf 88' lang='lat' dir='ltr'>et</span> <span class='ocrx_word' id='word_1_86' title='bbox 814 810 931 864; x_wconf 84' lang='lat' dir='ltr'>(cap.</span> <span class='ocrx_word' id='word_1_87' title='bbox 957 811 1121 864; x_wconf 82' lang='lat' dir='ltr'>3,ante</span> <span class='ocrx_word' id='word_1_88' title='bbox 1143 808 1297 862; x_wconf 71' lang='lat' dir='ltr'>med).</span> <span class='ocrx_word' id='word_1_89' title='bbox 1319 809 1437 863; x_wconf 86' lang='lat' dir='ltr'>Ergo</span> <span class='ocrx_word' id='word_1_90' title='bbox 1467 805 1748 850; x_wconf 81' lang='lat' dir='ltr'>catechizare</span> <span class='ocrx_word' id='word_1_91' title='bbox 1768 808 1815 848; x_wconf 92' lang='lat' dir='ltr'>et</span> <span class='ocrx_word' id='word_1_92' title='bbox 1835 815 1967 848; x_wconf 82' lang='lat' dir='ltr'>exor-</span> 
     </span>
     <span class='ocr_line' id='line_1_11' title="bbox 94 867 1779 926; baseline -0.003 -11"><span class='ocrx_word' id='word_1_93' title='bbox 94 871 239 916; x_wconf 84' lang='lat' dir='ltr'>cizare</span> <span class='ocrx_word' id='word_1_94' title='bbox 258 884 351 915; x_wconf 93' lang='lat' dir='ltr'>non</span> <span class='ocrx_word' id='word_1_95' title='bbox 368 870 567 926; x_wconf 88' lang='lat' dir='ltr'>pertinet</span> <span class='ocrx_word' id='word_1_96' title='bbox 588 870 646 915; x_wconf 87' lang='lat' dir='ltr'>ad</span> <span class='ocrx_word' id='word_1_97' title='bbox 667 870 870 915; x_wconf 81' lang='lat' dir='ltr'>officium</span> <span class='ocrx_word' id='word_1_98' title='bbox 889 868 1157 925; x_wconf 84' lang='lat' dir='ltr'>sacerdotis,</span> <span class='ocrx_word' id='word_1_99' title='bbox 1179 869 1261 913; x_wconf 90' lang='lat' dir='ltr'>sed</span> <span class='ocrx_word' id='word_1_100' title='bbox 1276 868 1429 925; x_wconf 79' lang='lat' dir='ltr'>potius</span> <span class='ocrx_word' id='word_1_101' title='bbox 1447 867 1779 912; x_wconf 85' lang='lat' dir='ltr'>ministrorum.</span> 
     </span>
    </p>

    <p class='ocr_par' dir='ltr' id='par_1_4' title="bbox 77 927 1968 1469">
     <span class='ocr_line' id='line_1_12' title="bbox 149 927 1966 989; baseline -0.004 -12"><span class='ocrx_word' id='word_1_102' title='bbox 149 935 190 976; x_wconf 79' lang='lat'>2.</span> <span class='ocrx_word' id='word_1_103' title='bbox 211 935 451 989; x_wconf 84' lang='lat' dir='ltr'>Praeterea,</span> <span class='ocrx_word' id='word_1_104' title='bbox 483 932 802 976; x_wconf 83' lang='lat' dir='ltr'>catechumeni</span> <span class='ocrx_word' id='word_1_105' title='bbox 835 931 1130 976; x_wconf 84' lang='lat' dir='ltr'>instruuntur</span> <span class='ocrx_word' id='word_1_106' title='bbox 1152 931 1209 976; x_wconf 92' lang='lat' dir='ltr'>de</span> <span class='ocrx_word' id='word_1_107' title='bbox 1231 928 1323 975; x_wconf 87' lang='lat' dir='ltr'>fide</span> <span class='ocrx_word' id='word_1_108' title='bbox 1355 942 1437 987; x_wconf 88' lang='lat' dir='ltr'>per</span> <span class='ocrx_word' id='word_1_109' title='bbox 1460 941 1637 974; x_wconf 85' lang='lat' dir='ltr'>sacram</span> <span class='ocrx_word' id='word_1_110' title='bbox 1669 927 1966 984; x_wconf 82' lang='lat' dir='ltr'>scripturam,</span> 
     </span>
     <span class='ocr_line' id='line_1_13' title="bbox 77 987 1966 1050; baseline -0.003 -14"><span class='ocrx_word' id='word_1_111' title='bbox 77 1003 197 1050; x_wconf 80' lang='lat' dir='ltr'>quae</span> <span class='ocrx_word' id='word_1_112' title='bbox 216 992 263 1037; x_wconf 90' lang='lat' dir='ltr'>in</span> <span class='ocrx_word' id='word_1_113' title='bbox 287 993 481 1038; x_wconf 87' lang='lat' dir='ltr'>ecclesia</span> <span class='ocrx_word' id='word_1_114' title='bbox 502 1006 585 1050; x_wconf 89' lang='lat' dir='ltr'>per</span> <span class='ocrx_word' id='word_1_115' title='bbox 605 993 843 1038; x_wconf 88' lang='lat' dir='ltr'>ministros</span> <span class='ocrx_word' id='word_1_116' title='bbox 860 992 1079 1037; x_wconf 87' lang='lat' dir='ltr'>recitatur</span> <span class='ocrx_word' id='word_1_117' title='bbox 1099 992 1244 1036; x_wconf 83' lang='lat' dir='ltr'>:sicut</span> <span class='ocrx_word' id='word_1_118' title='bbox 1257 991 1378 1035; x_wconf 90' lang='lat' dir='ltr'>enim</span> <span class='ocrx_word' id='word_1_119' title='bbox 1396 1001 1478 1047; x_wconf 87' lang='lat' dir='ltr'>per</span> <span class='ocrx_word' id='word_1_120' title='bbox 1495 990 1689 1034; x_wconf 91' lang='lat' dir='ltr'>lectores</span> <span class='ocrx_word' id='word_1_121' title='bbox 1706 989 1755 1031; x_wconf 88' lang='lat' dir='ltr'>in</span> <span class='ocrx_word' id='word_1_122' title='bbox 1774 987 1966 1032; x_wconf 89' lang='lat' dir='ltr'>ecclesia</span> 
     </span>
     <span class='ocr_line' id='line_1_14' title="bbox 93 1049 1968 1111; baseline -0.002 -13"><span class='ocrx_word' id='word_1_123' title='bbox 93 1053 262 1111; x_wconf 85' lang='lat' dir='ltr'>legitur</span> <span class='ocrx_word' id='word_1_124' title='bbox 291 1060 425 1099; x_wconf 87' lang='lat' dir='ltr'>vetus</span> <span class='ocrx_word' id='word_1_125' title='bbox 444 1057 803 1111; x_wconf 76' lang='lat' dir='ltr'>Testamentum,</span> <span class='ocrx_word' id='word_1_126' title='bbox 824 1054 886 1099; x_wconf 85' lang='lat' dir='ltr'>ita</span> <span class='ocrx_word' id='word_1_127' title='bbox 904 1055 1040 1098; x_wconf 87' lang='lat' dir='ltr'>etiam</span> <span class='ocrx_word' id='word_1_128' title='bbox 1061 1066 1144 1110; x_wconf 89' lang='lat' dir='ltr'>per</span> <span class='ocrx_word' id='word_1_129' title='bbox 1167 1053 1385 1097; x_wconf 88' lang='lat' dir='ltr'>diaconos</span> <span class='ocrx_word' id='word_1_130' title='bbox 1407 1056 1454 1095; x_wconf 87' lang='lat' dir='ltr'>et</span> <span class='ocrx_word' id='word_1_131' title='bbox 1475 1051 1781 1096; x_wconf 79' lang='lat' dir='ltr'>subdiaconos</span> <span class='ocrx_word' id='word_1_132' title='bbox 1801 1049 1968 1104; x_wconf 83' lang='lat' dir='ltr'>legitur</span> 
     </span>
     <span class='ocr_line' id='line_1_15' title="bbox 94 1111 1968 1173; baseline -0.003 -13"><span class='ocrx_word' id='word_1_133' title='bbox 94 1127 265 1161; x_wconf 87' lang='lat' dir='ltr'>novum</span> <span class='ocrx_word' id='word_1_134' title='bbox 280 1131 293 1172; x_wconf 67' lang='grc' dir='ltr'><strong>ς</strong></span> <span class='ocrx_word' id='word_1_135' title='bbox 308 1121 353 1161; x_wconf 87' lang='lat' dir='ltr'>et</span> <span class='ocrx_word' id='word_1_136' title='bbox 371 1117 438 1161; x_wconf 90' lang='lat' dir='ltr'>sic</span> <span class='ocrx_word' id='word_1_137' title='bbox 457 1117 515 1160; x_wconf 87' lang='lat' dir='ltr'>ad</span> <span class='ocrx_word' id='word_1_138' title='bbox 531 1117 768 1161; x_wconf 83' lang='lat' dir='ltr'>ministros</span> <span class='ocrx_word' id='word_1_139' title='bbox 789 1116 991 1173; x_wconf 88' lang='lat' dir='ltr'>pertinet</span> <span class='ocrx_word' id='word_1_140' title='bbox 1006 1115 1304 1160; x_wconf 84' lang='lat' dir='ltr'>catechizare.</span> <span class='ocrx_word' id='word_1_141' title='bbox 1331 1113 1545 1159; x_wconf 83' lang='lat' dir='ltr'>Similiter</span> <span class='ocrx_word' id='word_1_142' title='bbox 1567 1114 1704 1157; x_wconf 83' lang='lat' dir='ltr'>etiam</span> <span class='ocrx_word' id='word_1_143' title='bbox 1722 1117 1770 1157; x_wconf 87' lang='lat' dir='ltr'>et</span> <span class='ocrx_word' id='word_1_144' title='bbox 1786 1111 1968 1155; x_wconf 81' lang='lat' dir='ltr'>exorci-</span> 
     </span>
     <span class='ocr_line' id='line_1_16' title="bbox 93 1172 1967 1236; baseline -0.002 -15"><span class='ocrx_word' id='word_1_145' title='bbox 93 1189 214 1236; x_wconf 84' lang='lat' dir='ltr'>zare,</span> <span class='ocrx_word' id='word_1_146' title='bbox 244 1182 296 1222; x_wconf 88' lang='lat' dir='ltr'>ut</span> <span class='ocrx_word' id='word_1_147' title='bbox 331 1178 530 1234; x_wconf 86' lang='lat' dir='ltr'>videtur,</span> <span class='ocrx_word' id='word_1_148' title='bbox 563 1178 622 1222; x_wconf 84' lang='lat' dir='ltr'>ad</span> <span class='ocrx_word' id='word_1_149' title='bbox 656 1178 893 1223; x_wconf 83' lang='lat' dir='ltr'>ministros</span> <span class='ocrx_word' id='word_1_150' title='bbox 916 1177 1117 1234; x_wconf 77' lang='lat' dir='ltr'>pertinet</span> <span class='ocrx_word' id='word_1_151' title='bbox 1136 1190 1148 1220; x_wconf 89' lang='lat'>:</span> <span class='ocrx_word' id='word_1_152' title='bbox 1169 1177 1281 1221; x_wconf 89' lang='lat' dir='ltr'>dicit</span> <span class='ocrx_word' id='word_1_153' title='bbox 1300 1177 1440 1222; x_wconf 27' lang='lat' dir='ltr'>enim,</span> <span class='ocrx_word' id='word_1_154' title='bbox 1458 1174 1659 1219; x_wconf 85' lang='lat' dir='ltr'>Isidorus</span> <span class='ocrx_word' id='word_1_155' title='bbox 1690 1174 1738 1218; x_wconf 90' lang='lat' dir='ltr'>in</span> <span class='ocrx_word' id='word_1_156' title='bbox 1768 1172 1967 1230; x_wconf 83' lang='lat' dir='ltr'>quadam</span> 
     </span>
     <span class='ocr_line' id='line_1_17' title="bbox 92 1235 1966 1295; baseline -0.003 -11"><span class='ocrx_word' id='word_1_157' title='bbox 92 1239 228 1295; x_wconf 87' lang='lat' dir='ltr'>epist.</span> <span class='ocrx_word' id='word_1_158' title='bbox 252 1240 367 1294; x_wconf 88' lang='lat' dir='ltr'>(scil.</span> <span class='ocrx_word' id='word_1_159' title='bbox 394 1240 452 1284; x_wconf 89' lang='lat' dir='ltr'>ad</span> <span class='ocrx_word' id='word_1_160' title='bbox 468 1239 742 1284; x_wconf 58' lang='lat' dir='ltr'>Laudefred.1</span> <span class='ocrx_word' id='word_1_161' title='bbox 771 1251 877 1295; x_wconf 84' lang='lat' dir='ltr'>quae</span> <span class='ocrx_word' id='word_1_162' title='bbox 902 1238 1097 1282; x_wconf 91' lang='lat' dir='ltr'>habetur</span> <span class='ocrx_word' id='word_1_163' title='bbox 1122 1242 1226 1294; x_wconf 89' lang='lat' dir='ltr'>post</span> <span class='ocrx_word' id='word_1_164' title='bbox 1255 1249 1386 1281; x_wconf 89' lang='lat' dir='ltr'>conc.</span> <span class='ocrx_word' id='word_1_165' title='bbox 1419 1236 1558 1280; x_wconf 85' lang='lat' dir='ltr'>Tolet.</span> <span class='ocrx_word' id='word_1_166' title='bbox 1583 1238 1626 1291; x_wconf 86' lang='lat'>8)</span> <span class='ocrx_word' id='word_1_167' title='bbox 1658 1249 1712 1280; x_wconf 79' lang='lat'>2«</span> <span class='ocrx_word' id='word_1_168' title='bbox 1735 1235 1805 1279; x_wconf 83' lang='lat' dir='ltr'>Ad</span> <span class='ocrx_word' id='word_1_169' title='bbox 1831 1246 1966 1279; x_wconf 85' lang='lat' dir='ltr'>exor-</span> 
     </span>
     <span class='ocr_line' id='line_1_18' title="bbox 92 1298 1968 1358; baseline -0.003 -14"><span class='ocrx_word' id='word_1_170' title='bbox 92 1301 256 1345; x_wconf 79' lang='lat' dir='ltr'>cistam</span> <span class='ocrx_word' id='word_1_171' title='bbox 274 1302 473 1358; x_wconf 80' lang='lat' dir='ltr'>pertinet</span> <span class='ocrx_word' id='word_1_172' title='bbox 494 1301 776 1346; x_wconf 84' lang='lat' dir='ltr'>exorcismos</span> <span class='ocrx_word' id='word_1_173' title='bbox 794 1299 1056 1344; x_wconf 89' lang='lat' dir='ltr'>memoriter</span> <span class='ocrx_word' id='word_1_174' title='bbox 1077 1298 1292 1353; x_wconf 84' lang='lat' dir='ltr'>retinere,</span> <span class='ocrx_word' id='word_1_175' title='bbox 1315 1309 1576 1354; x_wconf 86' lang='lat' dir='ltr'>manusque</span> <span class='ocrx_word' id='word_1_176' title='bbox 1602 1309 1742 1353; x_wconf 83' lang='lat' dir='ltr'>super</span> <span class='ocrx_word' id='word_1_177' title='bbox 1765 1307 1968 1351; x_wconf 84' lang='lat' dir='ltr'>energu-</span> 
     </span>
     <span class='ocr_line' id='line_1_19' title="bbox 92 1356 1966 1416; baseline -0.003 -9"><span class='ocrx_word' id='word_1_178' title='bbox 92 1374 256 1407; x_wconf 88' lang='lat' dir='ltr'>menos</span> <span class='ocrx_word' id='word_1_179' title='bbox 300 1367 347 1408; x_wconf 88' lang='lat' dir='ltr'>et</span> <span class='ocrx_word' id='word_1_180' title='bbox 367 1364 724 1407; x_wconf 85' lang='lat' dir='ltr'>catechumenos</span> <span class='ocrx_word' id='word_1_181' title='bbox 758 1362 807 1405; x_wconf 90' lang='lat' dir='ltr'>in</span> <span class='ocrx_word' id='word_1_182' title='bbox 832 1361 1091 1406; x_wconf 86' lang='lat' dir='ltr'>exorcismo</span> <span class='ocrx_word' id='word_1_183' title='bbox 1116 1360 1370 1416; x_wconf 83' lang='lat' dir='ltr'>imponere.</span> <span class='ocrx_word' id='word_1_184' title='bbox 1397 1378 1418 1397; x_wconf 81' lang='lat'><strong>»</strong></span> <span class='ocrx_word' id='word_1_185' title='bbox 1440 1361 1539 1402; x_wconf 84' lang='lat' dir='ltr'>Non</span> <span class='ocrx_word' id='word_1_186' title='bbox 1557 1370 1670 1414; x_wconf 82' lang='lat' dir='ltr'>ergo</span> <span class='ocrx_word' id='word_1_187' title='bbox 1691 1357 1890 1414; x_wconf 83' lang='lat' dir='ltr'>pertinet</span> <span class='ocrx_word' id='word_1_188' title='bbox 1908 1356 1966 1402; x_wconf 86' lang='lat' dir='ltr'>ad</span> 
     </span>
     <span class='ocr_line' id='line_1_20' title="bbox 92 1422 1225 1469; baseline -0.002 -1"><span class='ocrx_word' id='word_1_189' title='bbox 92 1423 295 1468; x_wconf 83' lang='lat' dir='ltr'>officium</span> <span class='ocrx_word' id='word_1_190' title='bbox 316 1423 568 1469; x_wconf 84' lang='lat' dir='ltr'>sacerdotis</span> <span class='ocrx_word' id='word_1_191' title='bbox 586 1424 868 1468; x_wconf 84' lang='lat' dir='ltr'>catechizare</span> <span class='ocrx_word' id='word_1_192' title='bbox 885 1428 932 1467; x_wconf 91' lang='lat' dir='ltr'>et</span> <span class='ocrx_word' id='word_1_193' title='bbox 951 1422 1225 1468; x_wconf 84' lang='lat' dir='ltr'>exorcizare.</span> 
     </span>
    </p>

    <p class='ocr_par' dir='ltr' id='par_1_5' title="bbox 92 1481 1990 1716">
     <span class='ocr_line' id='line_1_21' title="bbox 147 1481 1968 1542; baseline -0.003 -11"><span class='ocrx_word' id='word_1_194' title='bbox 147 1488 190 1531; x_wconf 82' lang='lat'>3.</span> <span class='ocrx_word' id='word_1_195' title='bbox 212 1487 452 1542; x_wconf 74' lang='lat' dir='ltr'>Praeterea,</span> <span class='ocrx_word' id='word_1_196' title='bbox 486 1486 768 1530; x_wconf 84' lang='lat' dir='ltr'>catechizare</span> <span class='ocrx_word' id='word_1_197' title='bbox 784 1486 906 1531; x_wconf 90' lang='lat' dir='ltr'>idem</span> <span class='ocrx_word' id='word_1_198' title='bbox 929 1490 998 1530; x_wconf 87' lang='lat' dir='ltr'>est</span> <span class='ocrx_word' id='word_1_199' title='bbox 1020 1485 1144 1541; x_wconf 88' lang='lat' dir='ltr'>quod</span> <span class='ocrx_word' id='word_1_200' title='bbox 1180 1484 1369 1539; x_wconf 77' lang='lat' dir='ltr'>docere3</span> <span class='ocrx_word' id='word_1_201' title='bbox 1394 1486 1441 1528; x_wconf 90' lang='lat' dir='ltr'>et</span> <span class='ocrx_word' id='word_1_202' title='bbox 1468 1483 1557 1527; x_wconf 93' lang='lat' dir='ltr'>hoc</span> <span class='ocrx_word' id='word_1_203' title='bbox 1583 1482 1706 1527; x_wconf 88' lang='lat' dir='ltr'>idem</span> <span class='ocrx_word' id='word_1_204' title='bbox 1740 1486 1811 1526; x_wconf 89' lang='lat' dir='ltr'>est</span> <span class='ocrx_word' id='word_1_205' title='bbox 1843 1481 1968 1537; x_wconf 86' lang='lat' dir='ltr'>quod</span> 
     </span>
     <span class='ocr_line' id='line_1_22' title="bbox 92 1543 1963 1605; baseline -0.002 -14"><span class='ocrx_word' id='word_1_206' title='bbox 92 1548 329 1603; x_wconf 88' lang='lat' dir='ltr'>perficere,</span> <span class='ocrx_word' id='word_1_207' title='bbox 352 1543 476 1604; x_wconf 74' lang='lat' dir='ltr'>quod</span> <span class='ocrx_word' id='word_1_208' title='bbox 499 1548 557 1592; x_wconf 84' lang='lat' dir='ltr'>ad</span> <span class='ocrx_word' id='word_1_209' title='bbox 575 1548 779 1592; x_wconf 82' lang='lat' dir='ltr'>officium</span> <span class='ocrx_word' id='word_1_210' title='bbox 799 1548 1120 1605; x_wconf 88' lang='lat' dir='ltr'>episcoporum</span> <span class='ocrx_word' id='word_1_211' title='bbox 1144 1546 1355 1604; x_wconf 82' lang='lat' dir='ltr'>pertinet,</span> <span class='ocrx_word' id='word_1_212' title='bbox 1377 1549 1427 1589; x_wconf 87' lang='lat' dir='ltr'>ut</span> <span class='ocrx_word' id='word_1_213' title='bbox 1447 1544 1559 1590; x_wconf 86' lang='lat' dir='ltr'>dicit</span> <span class='ocrx_word' id='word_1_214' title='bbox 1591 1544 1838 1600; x_wconf 87' lang='lat' dir='ltr'>Dionysius</span> <span class='ocrx_word' id='word_1_215' title='bbox 1866 1544 1963 1597; x_wconf 80' lang='lat' dir='ltr'>(Ec-</span> 
     </span>
     <span class='ocr_line' id='line_1_23' title="bbox 94 1605 1967 1666; baseline -0.002 -14"><span class='ocrx_word' id='word_1_216' title='bbox 94 1609 203 1654; x_wconf 87' lang='lat' dir='ltr'>cles.</span> <span class='ocrx_word' id='word_1_217' title='bbox 223 1610 451 1654; x_wconf 81' lang='lat' dir='ltr'>hierarch.</span> <span class='ocrx_word' id='word_1_218' title='bbox 475 1622 576 1666; x_wconf 89' lang='lat' dir='ltr'>cap.</span> <span class='ocrx_word' id='word_1_219' title='bbox 601 1612 645 1665; x_wconf 81' lang='lat'>5,</span> <span class='ocrx_word' id='word_1_220' title='bbox 680 1613 843 1666; x_wconf 80' lang='lat' dir='ltr'>parum</span> <span class='ocrx_word' id='word_1_221' title='bbox 877 1613 986 1655; x_wconf 83' lang='lat' dir='ltr'>ante</span> <span class='ocrx_word' id='word_1_222' title='bbox 1017 1609 1177 1663; x_wconf 88' lang='lat' dir='ltr'>med.).</span> <span class='ocrx_word' id='word_1_223' title='bbox 1202 1611 1297 1652; x_wconf 90' lang='lat' dir='ltr'>Non</span> <span class='ocrx_word' id='word_1_224' title='bbox 1325 1619 1436 1664; x_wconf 85' lang='lat' dir='ltr'>ergo</span> <span class='ocrx_word' id='word_1_225' title='bbox 1457 1606 1657 1664; x_wconf 81' lang='lat' dir='ltr'>pertinet</span> <span class='ocrx_word' id='word_1_226' title='bbox 1677 1606 1736 1650; x_wconf 85' lang='lat' dir='ltr'>ad</span> <span class='ocrx_word' id='word_1_227' title='bbox 1766 1605 1967 1650; x_wconf 85' lang='lat' dir='ltr'>officium</span> 
     </span>
     <span class='ocr_line' id='line_1_24' title="bbox 95 1671 1990 1716; baseline -0.003 -1"><span class='ocrx_word' id='word_1_228' title='bbox 95 1671 364 1716; x_wconf 82' lang='lat' dir='ltr'>sacerdotis,</span> <span class='ocrx_word' id='word_1_229' title='bbox 1988 1698 1990 1700; x_wconf 6' lang='lat' dir='ltr'>a</span> 
     </span>
    </p>

    <p class='ocr_par' dir='ltr' id='par_1_6' title="bbox 93 1729 2043 2098">
     <span class='ocr_line' id='line_1_25' title="bbox 149 1729 1973 1790; baseline -0.003 -12"><span class='ocrx_word' id='word_1_230' title='bbox 149 1733 237 1778; x_wconf 90' lang='lat' dir='ltr'>Sed</span> <span class='ocrx_word' id='word_1_231' title='bbox 254 1736 412 1777; x_wconf 74' lang='lat' dir='ltr'>contra</span> <span class='ocrx_word' id='word_1_232' title='bbox 437 1736 509 1777; x_wconf 89' lang='lat' dir='ltr'>est</span> <span class='ocrx_word' id='word_1_233' title='bbox 537 1733 664 1789; x_wconf 91' lang='lat' dir='ltr'>quod</span> <span class='ocrx_word' id='word_1_234' title='bbox 694 1733 906 1779; x_wconf 81' lang='lat' dir='ltr'>Nicolaus</span> <span class='ocrx_word' id='word_1_235' title='bbox 927 1735 946 1777; x_wconf 89' lang='lat'>1</span> <span class='ocrx_word' id='word_1_236' title='bbox 965 1745 1086 1790; x_wconf 87' lang='lat' dir='ltr'>papa</span> <span class='ocrx_word' id='word_1_237' title='bbox 1118 1732 1228 1777; x_wconf 89' lang='lat' dir='ltr'>dicit</span> <span class='ocrx_word' id='word_1_238' title='bbox 1251 1731 1461 1786; x_wconf 86' lang='lat' dir='ltr'>(habetur</span> <span class='ocrx_word' id='word_1_239' title='bbox 1484 1730 1604 1773; x_wconf 87' lang='lat' dir='ltr'>inter</span> <span class='ocrx_word' id='word_1_240' title='bbox 1629 1730 1733 1786; x_wconf 87' lang='lat' dir='ltr'>ejus</span> <span class='ocrx_word' id='word_1_241' title='bbox 1766 1729 1973 1786; x_wconf 81' lang='lat' dir='ltr'>decreta,</span> 
     </span>
     <span class='ocr_line' id='line_1_26' title="bbox 96 1789 1968 1850; baseline -0.004 -10"><span class='ocrx_word' id='word_1_242' title='bbox 96 1794 167 1840; x_wconf 86' lang='lat' dir='ltr'>tit.</span> <span class='ocrx_word' id='word_1_243' title='bbox 193 1796 263 1850; x_wconf 81' lang='lat'>16,</span> <span class='ocrx_word' id='word_1_244' title='bbox 285 1799 330 1838; x_wconf 91' lang='lat' dir='ltr'>et</span> <span class='ocrx_word' id='word_1_245' title='bbox 357 1797 418 1838; x_wconf 87' lang='lat' dir='ltr'>De</span> <span class='ocrx_word' id='word_1_246' title='bbox 438 1797 694 1837; x_wconf 86' lang='lat' dir='ltr'>consecrat.</span> <span class='ocrx_word' id='word_1_247' title='bbox 721 1806 821 1850; x_wconf 87' lang='lat' dir='ltr'>cap.</span> <span class='ocrx_word' id='word_1_248' title='bbox 856 1796 928 1848; x_wconf 80' lang='lat'>57,</span> <span class='ocrx_word' id='word_1_249' title='bbox 960 1793 1064 1838; x_wconf 91' lang='lat' dir='ltr'>dist.</span> <span class='ocrx_word' id='word_1_250' title='bbox 1099 1795 1142 1849; x_wconf 80' lang='lat'>4)</span> <span class='ocrx_word' id='word_1_251' title='bbox 1167 1805 1180 1837; x_wconf 91' lang='lat'>:</span> <span class='ocrx_word' id='word_1_252' title='bbox 1201 1809 1220 1831; x_wconf 74' lang='grc' dir='ltr'><strong>α</strong></span> <span class='ocrx_word' id='word_1_253' title='bbox 1245 1791 1520 1837; x_wconf 75' lang='lat' dir='ltr'>catechismi</span> <span class='ocrx_word' id='word_1_254' title='bbox 1542 1790 1921 1846; x_wconf 86' lang='lat' dir='ltr'>baptizandorum</span> <span class='ocrx_word' id='word_1_255' title='bbox 1940 1789 1968 1833; x_wconf 71' lang='grc' dir='ltr'>ὲ</span> 
     </span>
     <span class='ocr_line' id='line_1_27' title="bbox 94 1852 2043 1913; baseline -0.003 -14"><span class='ocrx_word' id='word_1_256' title='bbox 94 1855 413 1899; x_wconf 83' lang='lat' dir='ltr'>sacerdotibus</span> <span class='ocrx_word' id='word_1_257' title='bbox 435 1854 804 1911; x_wconf 85' lang='lat' dir='ltr'>uniuscujusque</span> <span class='ocrx_word' id='word_1_258' title='bbox 822 1854 1028 1900; x_wconf 80' lang='lat' dir='ltr'>ecclesiae</span> <span class='ocrx_word' id='word_1_259' title='bbox 1051 1855 1150 1899; x_wconf 89' lang='lat' dir='ltr'>fieri</span> <span class='ocrx_word' id='word_1_260' title='bbox 1170 1857 1382 1912; x_wconf 87' lang='lat' dir='ltr'>possunt.</span> <span class='ocrx_word' id='word_1_261' title='bbox 1398 1872 1418 1892; x_wconf 83' lang='grc'>»</span> <span class='ocrx_word' id='word_1_262' title='bbox 1434 1852 1562 1898; x_wconf 89' lang='lat' dir='ltr'>Unde</span> <span class='ocrx_word' id='word_1_263' title='bbox 1577 1853 1819 1908; x_wconf 84' lang='lat' dir='ltr'>Gregorius</span> <span class='ocrx_word' id='word_1_264' title='bbox 1831 1852 1968 1896; x_wconf 87' lang='lat' dir='ltr'>etiam</span> <span class='ocrx_word' id='word_1_265' title='bbox 2041 1911 2043 1913; x_wconf 12' lang='grc' dir='ltr'><strong><em>ι</em></strong></span> 
     </span>
     <span class='ocr_line' id='line_1_28' title="bbox 93 1914 1967 1974; baseline -0.002 -12"><span class='ocrx_word' id='word_1_266' title='bbox 93 1918 253 1973; x_wconf 88' lang='lat' dir='ltr'>(Super</span> <span class='ocrx_word' id='word_1_267' title='bbox 272 1919 445 1972; x_wconf 87' lang='lat' dir='ltr'>Evang.</span> <span class='ocrx_word' id='word_1_268' title='bbox 467 1918 589 1961; x_wconf 86' lang='lat' dir='ltr'>hom.</span> <span class='ocrx_word' id='word_1_269' title='bbox 614 1919 685 1974; x_wconf 73' lang='lat'>29,</span> <span class='ocrx_word' id='word_1_270' title='bbox 700 1922 807 1962; x_wconf 88' lang='lat' dir='ltr'>ante</span> <span class='ocrx_word' id='word_1_271' title='bbox 828 1917 969 1972; x_wconf 89' lang='lat' dir='ltr'>med.)</span> <span class='ocrx_word' id='word_1_272' title='bbox 991 1917 1129 1962; x_wconf 85' lang='lat' dir='ltr'>dicit:</span> <span class='ocrx_word' id='word_1_273' title='bbox 1150 1936 1169 1955; x_wconf 90' lang='lat'>«</span> <span class='ocrx_word' id='word_1_274' title='bbox 1188 1916 1470 1971; x_wconf 82' lang='lat' dir='ltr'>Sacerdotes,</span> <span class='ocrx_word' id='word_1_275' title='bbox 1491 1919 1597 1959; x_wconf 82' lang='lat' dir='ltr'>cum</span> <span class='ocrx_word' id='word_1_276' title='bbox 1617 1928 1699 1972; x_wconf 88' lang='lat' dir='ltr'>per</span> <span class='ocrx_word' id='word_1_277' title='bbox 1725 1914 1967 1959; x_wconf 83' lang='lat' dir='ltr'>exorcismi</span> 
     </span>
     <span class='ocr_line' id='line_1_29' title="bbox 95 1975 1967 2035; baseline -0.001 -13"><span class='ocrx_word' id='word_1_278' title='bbox 95 1979 289 2035; x_wconf 82' lang='lat' dir='ltr'>gratiam</span> <span class='ocrx_word' id='word_1_279' title='bbox 304 1990 495 2022; x_wconf 90' lang='lat' dir='ltr'>manum</span> <span class='ocrx_word' id='word_1_280' title='bbox 513 1977 809 2022; x_wconf 88' lang='lat' dir='ltr'>credentibus</span> <span class='ocrx_word' id='word_1_281' title='bbox 821 1979 1083 2035; x_wconf 77' lang='lat' dir='ltr'>imponunt3</span> <span class='ocrx_word' id='word_1_282' title='bbox 1093 1977 1204 2035; x_wconf 88' lang='lat' dir='ltr'>quid</span> <span class='ocrx_word' id='word_1_283' title='bbox 1219 1976 1344 2021; x_wconf 86' lang='lat' dir='ltr'>aliud</span> <span class='ocrx_word' id='word_1_284' title='bbox 1357 1976 1546 2032; x_wconf 86' lang='lat' dir='ltr'>faciunt,</span> <span class='ocrx_word' id='word_1_285' title='bbox 1561 1975 1651 2019; x_wconf 85' lang='lat' dir='ltr'>nisi</span> <span class='ocrx_word' id='word_1_286' title='bbox 1669 1975 1967 2033; x_wconf 77' lang='lat' dir='ltr'>quoddaemo-</span> 
     </span>
     <span class='ocr_line' id='line_1_30' title="bbox 95 2040 456 2098; baseline 0 -14"><span class='ocrx_word' id='word_1_287' title='bbox 95 2040 172 2084; x_wconf 87' lang='lat' dir='ltr'>nia</span> <span class='ocrx_word' id='word_1_288' title='bbox 195 2041 413 2098; x_wconf 81' lang='lat' dir='ltr'>ejiciunt?</span> <span class='ocrx_word' id='word_1_289' title='bbox 436 2059 456 2078; x_wconf 87' lang='lat'>»</span> 
     </span>
    </p>

    <p class='ocr_par' dir='ltr' id='par_1_7' title="bbox 95 2105 1968 2215">
     <span class='ocr_line' id='line_1_31' title="bbox 143 2105 1968 2161; baseline -0.001 -11"><span class='ocrx_word' id='word_1_290' title='bbox 143 2109 436 2150; x_wconf 83' lang='lat' dir='ltr'>CONCLUSIO.</span> <span class='ocrx_word' id='word_1_291' title='bbox 456 2130 506 2138; x_wconf 92' lang='lat'><strong>—</strong></span> <span class='ocrx_word' id='word_1_292' title='bbox 523 2108 748 2149; x_wconf 83' lang='lat' dir='ltr'>Sacerdotis</span> <span class='ocrx_word' id='word_1_293' title='bbox 765 2105 922 2149; x_wconf 85' lang='lat' dir='ltr'>munus</span> <span class='ocrx_word' id='word_1_294' title='bbox 951 2111 1012 2149; x_wconf 87' lang='lat' dir='ltr'>est</span> <span class='ocrx_word' id='word_1_295' title='bbox 1037 2108 1305 2161; x_wconf 84' lang='lat' dir='ltr'>baptizandos</span> <span class='ocrx_word' id='word_1_296' title='bbox 1318 2108 1364 2148; x_wconf 89' lang='lat' dir='ltr'>in</span> <span class='ocrx_word' id='word_1_297' title='bbox 1386 2107 1467 2147; x_wconf 80' lang='lat' dir='ltr'>fide</span> <span class='ocrx_word' id='word_1_298' title='bbox 1479 2107 1695 2157; x_wconf 83' lang='lat' dir='ltr'>instruere,</span> <span class='ocrx_word' id='word_1_299' title='bbox 1713 2110 1753 2147; x_wconf 89' lang='lat' dir='ltr'>et</span> <span class='ocrx_word' id='word_1_300' title='bbox 1768 2119 1837 2158; x_wconf 87' lang='lat' dir='ltr'>per</span> <span class='ocrx_word' id='word_1_301' title='bbox 1855 2118 1968 2148; x_wconf 88' lang='lat' dir='ltr'>exor-</span> 
     </span>
     <span class='ocr_line' id='line_1_32' title="bbox 95 2164 753 2215; baseline 0 -11"><span class='ocrx_word' id='word_1_302' title='bbox 95 2164 244 2204; x_wconf 79' lang='lat' dir='ltr'>cismos</span> <span class='ocrx_word' id='word_1_303' title='bbox 258 2164 351 2204; x_wconf 85' lang='lat' dir='ltr'>illos</span> <span class='ocrx_word' id='word_1_304' title='bbox 368 2165 510 2215; x_wconf 85' lang='lat' dir='ltr'>juvare</span> <span class='ocrx_word' id='word_1_305' title='bbox 529 2164 753 2204; x_wconf 87' lang='lat' dir='ltr'>inferiores.</span> 
     </span>
    </p>

    <p class='ocr_par' dir='ltr' id='par_1_8' title="bbox 97 2224 1969 2406">
     <span class='ocr_line' id='line_1_33' title="bbox 151 2224 1968 2285; baseline -0.001 -14"><span class='ocrx_word' id='word_1_306' title='bbox 151 2230 329 2284; x_wconf 86' lang='lat' dir='ltr'>Respon</span> <span class='ocrx_word' id='word_1_307' title='bbox 337 2227 421 2270; x_wconf 90' lang='lat' dir='ltr'>deo</span> <span class='ocrx_word' id='word_1_308' title='bbox 433 2225 681 2270; x_wconf 88' lang='lat' dir='ltr'>dicendum</span> <span class='ocrx_word' id='word_1_309' title='bbox 697 2225 821 2282; x_wconf 82' lang='lat' dir='ltr'>quod</span> <span class='ocrx_word' id='word_1_310' title='bbox 832 2225 1044 2270; x_wconf 85' lang='lat' dir='ltr'>minister</span> <span class='ocrx_word' id='word_1_311' title='bbox 1064 2229 1358 2285; x_wconf 86' lang='lat' dir='ltr'>comparatur</span> <span class='ocrx_word' id='word_1_312' title='bbox 1374 2224 1433 2269; x_wconf 89' lang='lat' dir='ltr'>ad</span> <span class='ocrx_word' id='word_1_313' title='bbox 1444 2224 1747 2280; x_wconf 83' lang='lat' dir='ltr'>sacerdotem,</span> <span class='ocrx_word' id='word_1_314' title='bbox 1760 2225 1879 2268; x_wconf 89' lang='lat' dir='ltr'>sicut</span> <span class='ocrx_word' id='word_1_315' title='bbox 1897 2237 1968 2269; x_wconf 86' lang='lat' dir='ltr'>se-</span> 
     </span>
     <span class='ocr_line' id='line_1_34' title="bbox 98 2285 1967 2344; baseline -0.001 -12"><span class='ocrx_word' id='word_1_316' title='bbox 98 2287 389 2344; x_wconf 88' lang='lat' dir='ltr'>cundarium,</span> <span class='ocrx_word' id='word_1_317' title='bbox 416 2292 461 2331; x_wconf 89' lang='lat' dir='ltr'>et</span> <span class='ocrx_word' id='word_1_318' title='bbox 482 2287 836 2331; x_wconf 86' lang='lat' dir='ltr'>instrumentale</span> <span class='ocrx_word' id='word_1_319' title='bbox 847 2299 994 2343; x_wconf 89' lang='lat' dir='ltr'>agens</span> <span class='ocrx_word' id='word_1_320' title='bbox 1015 2286 1075 2332; x_wconf 83' lang='lat' dir='ltr'>ad</span> <span class='ocrx_word' id='word_1_321' title='bbox 1086 2286 1355 2343; x_wconf 89' lang='lat' dir='ltr'>principale,</span> <span class='ocrx_word' id='word_1_322' title='bbox 1368 2291 1422 2330; x_wconf 89' lang='lat' dir='ltr'>ut</span> <span class='ocrx_word' id='word_1_323' title='bbox 1434 2285 1608 2330; x_wconf 85' lang='lat' dir='ltr'>indicat</span> <span class='ocrx_word' id='word_1_324' title='bbox 1632 2285 1785 2341; x_wconf 91' lang='lat' dir='ltr'>ipsum</span> <span class='ocrx_word' id='word_1_325' title='bbox 1798 2297 1967 2330; x_wconf 91' lang='lat' dir='ltr'>nomen</span> 
     </span>
     <span class='ocr_line' id='line_1_35' title="bbox 97 2347 1969 2406; baseline -0.001 -12"><span class='ocrx_word' id='word_1_326' title='bbox 97 2349 312 2395; x_wconf 83' lang='lat' dir='ltr'>ministri.</span> <span class='ocrx_word' id='word_1_327' title='bbox 343 2353 495 2406; x_wconf 83' lang='lat' dir='ltr'>Agens</span> <span class='ocrx_word' id='word_1_328' title='bbox 528 2353 683 2393; x_wconf 88' lang='lat' dir='ltr'>autem</span> <span class='ocrx_word' id='word_1_329' title='bbox 721 2348 1050 2394; x_wconf 89' lang='lat' dir='ltr'>secundarium</span> <span class='ocrx_word' id='word_1_330' title='bbox 1076 2361 1170 2393; x_wconf 91' lang='lat' dir='ltr'>non</span> <span class='ocrx_word' id='word_1_331' title='bbox 1190 2348 1284 2404; x_wconf 86' lang='lat' dir='ltr'>agit</span> <span class='ocrx_word' id='word_1_332' title='bbox 1305 2348 1406 2392; x_wconf 91' lang='lat' dir='ltr'>sine</span> <span class='ocrx_word' id='word_1_333' title='bbox 1433 2347 1867 2404; x_wconf 86' lang='lat' dir='ltr'>principaliagente,</span> <span class='ocrx_word' id='word_1_334' title='bbox 1886 2347 1969 2393; x_wconf 87' lang='lat' dir='ltr'>sed</span> 
     </span>
    </p>
   </div>
   <div class='ocr_carea' id='block_1_3' title="bbox 98 2465 996 2509">
    <p class='ocr_par' dir='ltr' id='par_1_9' title="bbox 98 2465 996 2509">
     <span class='ocr_line' id='line_1_36' title="bbox 98 2465 996 2509; baseline -0.003 -6"><span class='ocrx_word' id='word_1_335' title='bbox 98 2468 193 2509; x_wconf 74' lang='lat' dir='ltr'>regni</span> <span class='ocrx_word' id='word_1_336' title='bbox 215 2467 339 2503; x_wconf 81' lang='lat' dir='ltr'>Christi</span> <span class='ocrx_word' id='word_1_337' title='bbox 364 2467 529 2509; x_wconf 80' lang='lat' dir='ltr'>particeps</span> <span class='ocrx_word' id='word_1_338' title='bbox 546 2465 617 2506; x_wconf 86' lang='lat' dir='ltr'>fiat,</span> <span class='ocrx_word' id='word_1_339' title='bbox 635 2468 672 2500; x_wconf 84' lang='lat' dir='ltr'>ut</span> <span class='ocrx_word' id='word_1_340' title='bbox 694 2467 711 2500; x_wconf 75' lang='lat' dir='ltr'>a</span> <span class='ocrx_word' id='word_1_341' title='bbox 735 2466 866 2508; x_wconf 87' lang='lat' dir='ltr'>Spiritu</span> <span class='ocrx_word' id='word_1_342' title='bbox 882 2468 996 2501; x_wconf 82' lang='lat' dir='ltr'>sancto</span> 
     </span>
    </p>
   </div>
   <div class='ocr_carea' id='block_1_4' title="bbox 96 2464 1971 2556">
    <p class='ocr_par' dir='ltr' id='par_1_10' title="bbox 96 2464 1971 2556">
     <span class='ocr_line' id='line_1_37' title="bbox 1071 2464 1971 2509; baseline 0.002 -9"><span class='ocrx_word' id='word_1_343' title='bbox 1071 2466 1227 2501; x_wconf 65' lang='lat' dir='ltr'>Ecclesia</span> <span class='ocrx_word' id='word_1_344' title='bbox 1249 2465 1462 2507; x_wconf 86' lang='lat' dir='ltr'>splendorem</span> <span class='ocrx_word' id='word_1_345' title='bbox 1480 2464 1654 2505; x_wconf 60' lang='lat' dir='ltr'>sfiguravit</span> <span class='ocrx_word' id='word_1_346' title='bbox 1682 2479 1691 2499; x_wconf 70' lang='grc' dir='ltr'><strong><em>ε</em></strong></span> <span class='ocrx_word' id='word_1_347' title='bbox 1721 2470 1866 2501; x_wconf 82' lang='lat' dir='ltr'>utuntur</span> <span class='ocrx_word' id='word_1_348' title='bbox 1889 2477 1971 2509; x_wconf 72' lang='lat' dir='ltr'>ergo</span> 
     </span>
     <span class='ocr_line' id='line_1_38' title="bbox 96 2514 997 2556; baseline -0.001 -8"><span class='ocrx_word' id='word_1_349' title='bbox 96 2514 334 2556; x_wconf 83' lang='lat' dir='ltr'>sanctificetur,</span> <span class='ocrx_word' id='word_1_350' title='bbox 352 2520 390 2550; x_wconf 90' lang='lat' dir='ltr'>ut</span> <span class='ocrx_word' id='word_1_351' title='bbox 408 2527 467 2555; x_wconf 88' lang='lat' dir='ltr'>per</span> <span class='ocrx_word' id='word_1_352' title='bbox 485 2515 653 2555; x_wconf 87' lang='lat' dir='ltr'>Spiritum</span> <span class='ocrx_word' id='word_1_353' title='bbox 675 2520 828 2548; x_wconf 85' lang='lat' dir='ltr'>sanctum</span> <span class='ocrx_word' id='word_1_354' title='bbox 850 2514 881 2549; x_wconf 91' lang='lat' dir='ltr'>ei</span> <span class='ocrx_word' id='word_1_355' title='bbox 903 2514 997 2550; x_wconf 85' lang='lat' dir='ltr'>viror</span> 
     </span>
    </p>
   </div>
   <div class='ocr_carea' id='block_1_5' title="bbox 1072 2513 1969 2554">
    <p class='ocr_par' dir='ltr' id='par_1_11' title="bbox 1072 2513 1969 2554">
     <span class='ocr_line' id='line_1_39' title="bbox 1072 2513 1969 2554; baseline 0.002 -7"><span class='ocrx_word' id='word_1_356' title='bbox 1072 2513 1158 2549; x_wconf 86' lang='lat' dir='ltr'>albis</span> <span class='ocrx_word' id='word_1_357' title='bbox 1177 2513 1321 2550; x_wconf 85' lang='lat' dir='ltr'>vestibus</span> <span class='ocrx_word' id='word_1_358' title='bbox 1345 2518 1383 2548; x_wconf 91' lang='lat' dir='ltr'>ut</span> <span class='ocrx_word' id='word_1_359' title='bbox 1397 2525 1540 2554; x_wconf 92' lang='lat' dir='ltr'>quorum</span> <span class='ocrx_word' id='word_1_360' title='bbox 1565 2514 1685 2554; x_wconf 79' lang='lat' dir='ltr'>primae</span> <span class='ocrx_word' id='word_1_361' title='bbox 1707 2514 1895 2549; x_wconf 80' lang='lat' dir='ltr'>nativitatis</span> <span class='ocrx_word' id='word_1_362' title='bbox 1911 2516 1969 2549; x_wconf 92' lang='lat' dir='ltr'>in-</span> 
     </span>
    </p>
   </div>
   <div class='ocr_carea' id='block_1_6' title="bbox 58 2561 1003 3511">
    <p class='ocr_par' dir='ltr' id='par_1_12' title="bbox 97 2561 1003 3272">
     <span class='ocr_line' id='line_1_40' title="bbox 98 2561 997 2603; baseline -0.001 -7"><span class='ocrx_word' id='word_1_363' title='bbox 98 2562 240 2597; x_wconf 85' lang='lat' dir='ltr'>coelestis</span> <span class='ocrx_word' id='word_1_364' title='bbox 261 2565 375 2603; x_wconf 80' lang='lat' dir='ltr'>gratioe</span> <span class='ocrx_word' id='word_1_365' title='bbox 398 2562 592 2596; x_wconf 78' lang='lat' dir='ltr'>conferatur</span> <span class='ocrx_word' id='word_1_366' title='bbox 615 2566 650 2596; x_wconf 86' lang='lat' dir='ltr'>et</span> <span class='ocrx_word' id='word_1_367' title='bbox 673 2566 712 2596; x_wconf 92' lang='lat' dir='ltr'>ut</span> <span class='ocrx_word' id='word_1_368' title='bbox 732 2561 878 2603; x_wconf 74' lang='lat' dir='ltr'>Spiritus</span> <span class='ocrx_word' id='word_1_369' title='bbox 892 2562 997 2596; x_wconf 87' lang='lat' dir='ltr'>sancti</span> 
     </span>
     <span class='ocr_line' id='line_1_41' title="bbox 97 2609 997 2652; baseline -0.001 -8"><span class='ocrx_word' id='word_1_370' title='bbox 97 2610 389 2652; x_wconf 78' lang='lat' dir='ltr'>participationem</span> <span class='ocrx_word' id='word_1_371' title='bbox 409 2610 573 2651; x_wconf 87' lang='lat' dir='ltr'>accipiens</span> <span class='ocrx_word' id='word_1_372' title='bbox 591 2609 720 2644; x_wconf 87' lang='lat' dir='ltr'>alienus</span> <span class='ocrx_word' id='word_1_373' title='bbox 738 2610 757 2644; x_wconf 75' lang='lat' dir='ltr'>a</span> <span class='ocrx_word' id='word_1_374' title='bbox 780 2609 914 2644; x_wconf 85' lang='lat' dir='ltr'>Christo</span> <span class='ocrx_word' id='word_1_375' title='bbox 930 2621 997 2643; x_wconf 91' lang='lat' dir='ltr'>non</span> 
     </span>
     <span class='ocr_line' id='line_1_42' title="bbox 98 2657 998 2703; baseline -0.002 -10"><span class='ocrx_word' id='word_1_376' title='bbox 98 2659 234 2703; x_wconf 83' lang='lat' dir='ltr'>existat;</span> <span class='ocrx_word' id='word_1_377' title='bbox 246 2658 298 2692; x_wconf 84' lang='lat' dir='ltr'>vel</span> <span class='ocrx_word' id='word_1_378' title='bbox 315 2658 484 2693; x_wconf 86' lang='lat' dir='ltr'>descensio</span> <span class='ocrx_word' id='word_1_379' title='bbox 500 2658 645 2699; x_wconf 72' lang='lat' dir='ltr'>Spiritus</span> <span class='ocrx_word' id='word_1_380' title='bbox 658 2657 764 2692; x_wconf 84' lang='lat' dir='ltr'>sancti</span> <span class='ocrx_word' id='word_1_381' title='bbox 776 2669 875 2698; x_wconf 88' lang='lat' dir='ltr'>super</span> <span class='ocrx_word' id='word_1_382' title='bbox 889 2658 998 2698; x_wconf 86' lang='lat' dir='ltr'>ipsum</span> 
     </span>
     <span class='ocr_line' id='line_1_43' title="bbox 98 2704 997 2744; baseline -0.002 -3"><span class='ocrx_word' id='word_1_383' title='bbox 98 2706 141 2741; x_wconf 85' lang='lat' dir='ltr'>ad</span> <span class='ocrx_word' id='word_1_384' title='bbox 157 2705 397 2741; x_wconf 79' lang='lat' dir='ltr'>habitationem</span> <span class='ocrx_word' id='word_1_385' title='bbox 419 2707 486 2739; x_wconf 84' lang='lat' dir='ltr'>Deo</span> <span class='ocrx_word' id='word_1_386' title='bbox 506 2706 765 2740; x_wconf 79' lang='lat' dir='ltr'>consecrandam</span> <span class='ocrx_word' id='word_1_387' title='bbox 777 2704 997 2744; x_wconf 76' lang='lat' dir='ltr'>significetur,</span> 
     </span>
     <span class='ocr_line' id='line_1_44' title="bbox 99 2751 1000 2795; baseline -0.001 -7"><span class='ocrx_word' id='word_1_388' title='bbox 99 2754 192 2788; x_wconf 84' lang='lat' dir='ltr'>addit</span> <span class='ocrx_word' id='word_1_389' title='bbox 208 2755 290 2795; x_wconf 83' lang='lat' dir='ltr'>(cap.</span> <span class='ocrx_word' id='word_1_390' title='bbox 302 2755 355 2792; x_wconf 84' lang='lat'>50)</span> <span class='ocrx_word' id='word_1_391' title='bbox 369 2765 376 2786; x_wconf 81' lang='lat' dir='ltr'>t</span> <span class='ocrx_word' id='word_1_392' title='bbox 400 2753 494 2786; x_wconf 88' lang='lat' dir='ltr'>Sicut</span> <span class='ocrx_word' id='word_1_393' title='bbox 505 2753 606 2786; x_wconf 82' lang='lat' dir='ltr'>etiam</span> <span class='ocrx_word' id='word_1_394' title='bbox 620 2753 828 2794; x_wconf 71' lang='lat' dir='ltr'>premiserat</span> <span class='ocrx_word' id='word_1_395' title='bbox 841 2753 927 2794; x_wconf 86' lang='lat' dir='ltr'>(cap.</span> <span class='ocrx_word' id='word_1_396' title='bbox 944 2751 1000 2793; x_wconf 78' lang='grc'>21)</span> 
     </span>
     <span class='ocr_line' id='line_1_45' title="bbox 100 2800 999 2844; baseline -0.002 -8"><span class='ocrx_word' id='word_1_397' title='bbox 100 2802 188 2844; x_wconf 77' lang='lat' dir='ltr'>quod</span> <span class='ocrx_word' id='word_1_398' title='bbox 207 2801 386 2841; x_wconf 79' lang='lat' dir='ltr'>inungitur</span> <span class='ocrx_word' id='word_1_399' title='bbox 418 2800 469 2834; x_wconf 83' lang='lat' dir='ltr'>illi</span> <span class='ocrx_word' id='word_1_400' title='bbox 498 2804 612 2841; x_wconf 84' lang='lat' dir='ltr'>pectus</span> <span class='ocrx_word' id='word_1_401' title='bbox 634 2806 712 2835; x_wconf 89' lang='lat' dir='ltr'>ante</span> <span class='ocrx_word' id='word_1_402' title='bbox 732 2800 937 2842; x_wconf 88' lang='lat' dir='ltr'>baptismum</span> <span class='ocrx_word' id='word_1_403' title='bbox 959 2804 999 2835; x_wconf 86' lang='lat' dir='ltr'>ut</span> 
     </span>
     <span class='ocr_line' id='line_1_46' title="bbox 99 2847 998 2890; baseline -0.001 -6"><span class='ocrx_word' id='word_1_404' title='bbox 99 2850 201 2885; x_wconf 75' lang='lat' dir='ltr'>nuilae</span> <span class='ocrx_word' id='word_1_405' title='bbox 218 2850 370 2890; x_wconf 78' lang='lat' dir='ltr'>reliquiae</span> <span class='ocrx_word' id='word_1_406' title='bbox 392 2847 529 2883; x_wconf 80' lang='lat' dir='ltr'>latentis</span> <span class='ocrx_word' id='word_1_407' title='bbox 545 2848 678 2883; x_wconf 89' lang='lat' dir='ltr'>inimici</span> <span class='ocrx_word' id='word_1_408' title='bbox 703 2849 738 2882; x_wconf 89' lang='lat' dir='ltr'>in</span> <span class='ocrx_word' id='word_1_409' title='bbox 762 2860 802 2883; x_wconf 87' lang='lat' dir='ltr'>eo</span> <span class='ocrx_word' id='word_1_410' title='bbox 813 2848 998 2890; x_wconf 85' lang='lat' dir='ltr'>resideant,</span> 
     </span>
     <span class='ocr_line' id='line_1_47' title="bbox 99 2895 999 2936; baseline -0.003 -3"><span class='ocrx_word' id='word_1_411' title='bbox 99 2898 157 2934; x_wconf 77' lang='lat' dir='ltr'>sed</span> <span class='ocrx_word' id='word_1_412' title='bbox 174 2899 209 2933; x_wconf 88' lang='lat' dir='ltr'>in</span> <span class='ocrx_word' id='word_1_413' title='bbox 234 2897 300 2932; x_wconf 88' lang='lat' dir='ltr'>fide</span> <span class='ocrx_word' id='word_1_414' title='bbox 318 2900 438 2931; x_wconf 78' lang='lat' dir='ltr'>sanctae</span> <span class='ocrx_word' id='word_1_415' title='bbox 456 2895 633 2930; x_wconf 82' lang='lat' dir='ltr'>Trinitatis</span> <span class='ocrx_word' id='word_1_416' title='bbox 656 2908 750 2931; x_wconf 85' lang='lat' dir='ltr'>mens</span> <span class='ocrx_word' id='word_1_417' title='bbox 768 2900 839 2936; x_wconf 86' lang='lat' dir='ltr'>ejus</span> <span class='ocrx_word' id='word_1_418' title='bbox 865 2896 999 2932; x_wconf 87' lang='lat' dir='ltr'>confor-</span> 
     </span>
     <span class='ocr_line' id='line_1_48' title="bbox 101 2943 999 2986; baseline -0.001 -6"><span class='ocrx_word' id='word_1_419' title='bbox 101 2949 216 2980; x_wconf 85' lang='lat' dir='ltr'>tetur:</span> <span class='ocrx_word' id='word_1_420' title='bbox 238 2945 389 2985; x_wconf 84' lang='lat' dir='ltr'>Itemque</span> <span class='ocrx_word' id='word_1_421' title='bbox 408 2944 496 2985; x_wconf 65' lang='lat' dir='ltr'>qued</span> <span class='ocrx_word' id='word_1_422' title='bbox 520 2944 660 2984; x_wconf 84' lang='lat' dir='ltr'>ungitur</span> <span class='ocrx_word' id='word_1_423' title='bbox 687 2943 778 2978; x_wconf 86' lang='lat' dir='ltr'>inter</span> <span class='ocrx_word' id='word_1_424' title='bbox 794 2944 944 2986; x_wconf 83' lang='lat' dir='ltr'>scapulas</span> <span class='ocrx_word' id='word_1_425' title='bbox 961 2947 999 2979; x_wconf 83' lang='lat' dir='ltr'>ut</span> 
     </span>
     <span class='ocr_line' id='line_1_49' title="bbox 100 2990 998 3034; baseline 0 -8"><span class='ocrx_word' id='word_1_426' title='bbox 100 2994 249 3034; x_wconf 86' lang='lat' dir='ltr'>undique</span> <span class='ocrx_word' id='word_1_427' title='bbox 274 2993 447 3026; x_wconf 90' lang='lat' dir='ltr'>muniatur</span> <span class='ocrx_word' id='word_1_428' title='bbox 476 2995 511 3026; x_wconf 86' lang='lat' dir='ltr'>et</span> <span class='ocrx_word' id='word_1_429' title='bbox 536 2991 577 3025; x_wconf 88' lang='lat' dir='ltr'>ad</span> <span class='ocrx_word' id='word_1_430' title='bbox 603 2990 690 3025; x_wconf 88' lang='lat' dir='ltr'>bona</span> <span class='ocrx_word' id='word_1_431' title='bbox 718 3003 822 3033; x_wconf 85' lang='lat' dir='ltr'>opera</span> <span class='ocrx_word' id='word_1_432' title='bbox 847 2991 998 3027; x_wconf 79' lang='lat' dir='ltr'>facienda</span> 
     </span>
     <span class='ocr_line' id='line_1_50' title="bbox 100 3039 998 3083; baseline -0.002 -7"><span class='ocrx_word' id='word_1_433' title='bbox 100 3053 161 3083; x_wconf 87' lang='lat' dir='ltr'>per</span> <span class='ocrx_word' id='word_1_434' title='bbox 184 3040 242 3076; x_wconf 86' lang='lat' dir='ltr'>Dei</span> <span class='ocrx_word' id='word_1_435' title='bbox 260 3040 401 3082; x_wconf 77' lang='lat' dir='ltr'>gloriam</span> <span class='ocrx_word' id='word_1_436' title='bbox 422 3039 614 3074; x_wconf 87' lang='lat' dir='ltr'>roboretur.</span> <span class='ocrx_word' id='word_1_437' title='bbox 643 3039 690 3073; x_wconf 87' lang='lat' dir='ltr'>De</span> <span class='ocrx_word' id='word_1_438' title='bbox 712 3045 801 3075; x_wconf 83' lang='lat' dir='ltr'>veste</span> <span class='ocrx_word' id='word_1_439' title='bbox 818 3041 899 3075; x_wconf 81' lang='lat' dir='ltr'>vero</span> <span class='ocrx_word' id='word_1_440' title='bbox 925 3039 998 3074; x_wconf 82' lang='lat' dir='ltr'>alba</span> 
     </span>
     <span class='ocr_line' id='line_1_51' title="bbox 98 3086 998 3128; baseline -0.001 -6"><span class='ocrx_word' id='word_1_441' title='bbox 98 3087 148 3123; x_wconf 72' lang='lat' dir='ltr'>sic</span> <span class='ocrx_word' id='word_1_442' title='bbox 175 3088 301 3123; x_wconf 75' lang='lat' dir='ltr'>iterum</span> <span class='ocrx_word' id='word_1_443' title='bbox 329 3087 485 3121; x_wconf 85' lang='lat' dir='ltr'>Rabanus</span> <span class='ocrx_word' id='word_1_444' title='bbox 509 3086 567 3120; x_wconf 88' lang='lat' dir='ltr'>ubi</span> <span class='ocrx_word' id='word_1_445' title='bbox 593 3098 695 3127; x_wconf 86' lang='lat' dir='ltr'>supra</span> <span class='ocrx_word' id='word_1_446' title='bbox 717 3092 798 3128; x_wconf 85' lang='lat' dir='ltr'>(cap.</span> <span class='ocrx_word' id='word_1_447' title='bbox 825 3088 902 3126; x_wconf 66' lang='lat'>291:</span> <span class='ocrx_word' id='word_1_448' title='bbox 923 3087 998 3122; x_wconf 65' lang='lat' dir='ltr'>Post</span> 
     </span>
     <span class='ocr_line' id='line_1_52' title="bbox 100 3134 991 3178; baseline -0.003 -8"><span class='ocrx_word' id='word_1_449' title='bbox 100 3135 300 3178; x_wconf 70' lang='lat' dir='ltr'>baptismum</span> <span class='ocrx_word' id='word_1_450' title='bbox 330 3136 473 3170; x_wconf 82' lang='lat' dir='ltr'>traditur</span> <span class='ocrx_word' id='word_1_451' title='bbox 506 3134 689 3168; x_wconf 85' lang='lat' dir='ltr'>christiano</span> <span class='ocrx_word' id='word_1_452' title='bbox 720 3135 821 3169; x_wconf 86' lang='lat' dir='ltr'>vestis</span> <span class='ocrx_word' id='word_1_453' title='bbox 858 3134 991 3169; x_wconf 76' lang='lat' dir='ltr'>candid·</span> 
     </span>
     <span class='ocr_line' id='line_1_53' title="bbox 100 3181 1002 3223; baseline -0.001 -6"><span class='ocrx_word' id='word_1_454' title='bbox 100 3182 276 3223; x_wconf 79' lang='lat' dir='ltr'>designans</span> <span class='ocrx_word' id='word_1_455' title='bbox 290 3182 517 3216; x_wconf 83' lang='lat' dir='ltr'>innocentiam</span> <span class='ocrx_word' id='word_1_456' title='bbox 535 3186 568 3215; x_wconf 89' lang='lat' dir='ltr'>et</span> <span class='ocrx_word' id='word_1_457' title='bbox 582 3181 765 3222; x_wconf 86' lang='lat' dir='ltr'>puritatem</span> <span class='ocrx_word' id='word_1_458' title='bbox 785 3181 1002 3216; x_wconf 57' lang='lat' dir='ltr'>christianum</span> 
     </span>
     <span class='ocr_line' id='line_1_54' title="bbox 101 3228 1003 3272; baseline 0 -8"><span class='ocrx_word' id='word_1_459' title='bbox 101 3241 200 3272; x_wconf 78' lang='lat' dir='ltr'>quam</span> <span class='ocrx_word' id='word_1_460' title='bbox 214 3235 288 3271; x_wconf 91' lang='lat' dir='ltr'>post</span> <span class='ocrx_word' id='word_1_461' title='bbox 303 3230 433 3264; x_wconf 88' lang='lat' dir='ltr'>ablutas</span> <span class='ocrx_word' id='word_1_462' title='bbox 450 3235 575 3264; x_wconf 83' lang='lat' dir='ltr'>veteres</span> <span class='ocrx_word' id='word_1_463' title='bbox 594 3228 739 3262; x_wconf 88' lang='lat' dir='ltr'>maculas</span> <span class='ocrx_word' id='word_1_464' title='bbox 754 3228 864 3263; x_wconf 88' lang='lat' dir='ltr'>studio</span> <span class='ocrx_word' id='word_1_465' title='bbox 879 3232 1003 3264; x_wconf 59' lang='lat' dir='ltr'>sant-tm</span> 
     </span>
    </p>

    <p class='ocr_par' dir='ltr' id='par_1_13' title="bbox 58 3277 1000 3511">
     <span class='ocr_line' id='line_1_55' title="bbox 102 3277 1000 3314; baseline 0.001 -2"><span class='ocrx_word' id='word_1_466' title='bbox 102 3277 362 3314; x_wconf 79' lang='lat' dir='ltr'>conversationis</span> <span class='ocrx_word' id='word_1_467' title='bbox 390 3277 640 3312; x_wconf 87' lang='lat' dir='ltr'>immaculatam</span> <span class='ocrx_word' id='word_1_468' title='bbox 666 3288 799 3311; x_wconf 85' lang='lat' dir='ltr'>servare</span> <span class='ocrx_word' id='word_1_469' title='bbox 830 3277 926 3312; x_wconf 81' lang='lat' dir='ltr'>debet</span> <span class='ocrx_word' id='word_1_470' title='bbox 959 3278 1000 3313; x_wconf 85' lang='lat' dir='ltr'>ad</span> 
     </span>
     <span class='ocr_line' id='line_1_56' title="bbox 58 3323 998 3369; baseline 0.001 -10"><span class='ocrx_word' id='word_1_471' title='bbox 58 3323 62 3326; x_wconf 72' lang='grc'><strong>’</strong></span> <span class='ocrx_word' id='word_1_472' title='bbox 104 3326 365 3369; x_wconf 78' lang='lat' dir='ltr'>praesentandum</span> <span class='ocrx_word' id='word_1_473' title='bbox 402 3330 478 3359; x_wconf 81' lang='lat' dir='ltr'>ante</span> <span class='ocrx_word' id='word_1_474' title='bbox 512 3324 661 3359; x_wconf 85' lang='lat' dir='ltr'>tribunal</span> <span class='ocrx_word' id='word_1_475' title='bbox 693 3325 816 3358; x_wconf 88' lang='lat' dir='ltr'>Christi</span> <span class='ocrx_word' id='word_1_476' title='bbox 843 3336 852 3358; x_wconf 76' lang='lat' dir='ltr'><em>z</em></span> <span class='ocrx_word' id='word_1_477' title='bbox 886 3326 998 3360; x_wconf 87' lang='lat' dir='ltr'>cuncti</span> 
     </span>
     <span class='ocr_line' id='line_1_57' title="bbox 105 3371 993 3413; baseline 0 -6"><span class='ocrx_word' id='word_1_478' title='bbox 105 3373 179 3407; x_wconf 74' lang='lat' dir='ltr'>vero</span> <span class='ocrx_word' id='word_1_479' title='bbox 203 3373 310 3408; x_wconf 87' lang='lat' dir='ltr'>renati</span> <span class='ocrx_word' id='word_1_480' title='bbox 331 3372 413 3406; x_wconf 77' lang='lat' dir='ltr'>albis</span> <span class='ocrx_word' id='word_1_481' title='bbox 432 3373 621 3406; x_wconf 84' lang='lat' dir='ltr'>induuntur</span> <span class='ocrx_word' id='word_1_482' title='bbox 639 3372 784 3406; x_wconf 91' lang='lat' dir='ltr'>vestibus</span> <span class='ocrx_word' id='word_1_483' title='bbox 810 3371 852 3406; x_wconf 83' lang='lat' dir='ltr'>ad</span> <span class='ocrx_word' id='word_1_484' title='bbox 867 3375 993 3413; x_wconf 78' lang='lat' dir='ltr'>myste-</span> 
     </span>
     <span class='ocr_line' id='line_1_58' title="bbox 105 3419 996 3466; baseline -0.002 -10"><span class='ocrx_word' id='word_1_485' title='bbox 105 3420 190 3457; x_wconf 81' lang='lat' dir='ltr'>rium</span> <span class='ocrx_word' id='word_1_486' title='bbox 211 3421 412 3459; x_wconf 81' lang='lat' dir='ltr'>resurgentis</span> <span class='ocrx_word' id='word_1_487' title='bbox 434 3420 587 3454; x_wconf 78' lang='lat' dir='ltr'>Ecclesiae</span> <span class='ocrx_word' id='word_1_488' title='bbox 600 3434 611 3466; x_wconf 72' lang='lat'>5</span> <span class='ocrx_word' id='word_1_489' title='bbox 631 3419 717 3454; x_wconf 77' lang='lat' dir='ltr'>siout</span> <span class='ocrx_word' id='word_1_490' title='bbox 739 3419 807 3461; x_wconf 83' lang='lat' dir='ltr'>ipse</span> <span class='ocrx_word' id='word_1_491' title='bbox 832 3419 996 3454; x_wconf 70' lang='lat' dir='ltr'>Dominus</span> 
     </span>
     <span class='ocr_line' id='line_1_59' title="bbox 104 3467 994 3511; baseline 0 -7"><span class='ocrx_word' id='word_1_492' title='bbox 104 3468 176 3505; x_wconf 68' lang='lat' dir='ltr'>uim</span> <span class='ocrx_word' id='word_1_493' title='bbox 198 3468 397 3503; x_wconf 81' lang='lat' dir='ltr'>vestimenta</span> <span class='ocrx_word' id='word_1_494' title='bbox 418 3472 489 3508; x_wconf 80' lang='lat' dir='ltr'>ejus</span> <span class='ocrx_word' id='word_1_495' title='bbox 510 3468 598 3504; x_wconf 82' lang='lat' dir='ltr'>facta</span> <span class='ocrx_word' id='word_1_496' title='bbox 621 3471 698 3506; x_wconf 85' lang='lat' dir='ltr'>sunt</span> <span class='ocrx_word' id='word_1_497' title='bbox 721 3467 796 3503; x_wconf 85' lang='lat' dir='ltr'>alba</span> <span class='ocrx_word' id='word_1_498' title='bbox 818 3468 904 3504; x_wconf 87' lang='lat' dir='ltr'>sicut</span> <span class='ocrx_word' id='word_1_499' title='bbox 921 3473 994 3511; x_wconf 85' lang='lat' dir='ltr'>nix,</span> 
     </span>
    </p>
   </div>
   <div class='ocr_carea' id='block_1_7' title="bbox 1072 2561 1969 2650">
    <p class='ocr_par' dir='ltr' id='par_1_14' title="bbox 1072 2561 1969 2650">
     <span class='ocr_line' id='line_1_60' title="bbox 1072 2561 1968 2603; baseline 0.002 -7"><span class='ocrx_word' id='word_1_500' title='bbox 1072 2561 1215 2597; x_wconf 78' lang='lat' dir='ltr'>fantiam</span> <span class='ocrx_word' id='word_1_501' title='bbox 1245 2562 1365 2595; x_wconf 77' lang='lat' dir='ltr'>vetusti</span> <span class='ocrx_word' id='word_1_502' title='bbox 1388 2562 1516 2595; x_wconf 89' lang='lat' dir='ltr'>erroris</span> <span class='ocrx_word' id='word_1_503' title='bbox 1533 2572 1662 2602; x_wconf 85' lang='lat' dir='ltr'>pannus</span> <span class='ocrx_word' id='word_1_504' title='bbox 1691 2561 1885 2603; x_wconf 79' lang='lat' dir='ltr'>fuscaverat.</span> <span class='ocrx_word' id='word_1_505' title='bbox 1911 2562 1968 2598; x_wconf 84' lang='lat' dir='ltr'>ha·</span> 
     </span>
     <span class='ocr_line' id='line_1_61' title="bbox 1073 2608 1969 2650; baseline 0.001 -6"><span class='ocrx_word' id='word_1_506' title='bbox 1073 2609 1161 2644; x_wconf 82' lang='lat' dir='ltr'>bitus</span> <span class='ocrx_word' id='word_1_507' title='bbox 1178 2610 1329 2644; x_wconf 68' lang='lat' dir='ltr'>secundae</span> <span class='ocrx_word' id='word_1_508' title='bbox 1353 2609 1579 2649; x_wconf 81' lang='lat' dir='ltr'>generationis</span> <span class='ocrx_word' id='word_1_509' title='bbox 1594 2609 1710 2649; x_wconf 70' lang='lat' dir='ltr'>gloriae</span> <span class='ocrx_word' id='word_1_510' title='bbox 1734 2608 1889 2650; x_wconf 73' lang='lat' dir='ltr'>praeferat</span> <span class='ocrx_word' id='word_1_511' title='bbox 1911 2611 1969 2645; x_wconf 89' lang='lat' dir='ltr'>in-</span> 
     </span>
    </p>
   </div>
   <div class='ocr_carea' id='block_1_8' title="bbox 1068 2656 1970 2697">
    <p class='ocr_par' dir='ltr' id='par_1_15' title="bbox 1068 2656 1970 2697">
     <span class='ocr_line' id='line_1_62' title="bbox 1068 2656 1970 2697; baseline 0.002 -5"><span class='ocrx_word' id='word_1_512' title='bbox 1068 2656 1270 2692; x_wconf 39' lang='lat' dir='ltr'>{nitentum</span> <span class='ocrx_word' id='word_1_513' title='bbox 1293 2670 1302 2691; x_wconf 71' lang='grc' dir='ltr'><em>τ</em></span> <span class='ocrx_word' id='word_1_514' title='bbox 1328 2658 1370 2691; x_wconf 88' lang='lat' dir='ltr'>Et</span> <span class='ocrx_word' id='word_1_515' title='bbox 1396 2656 1591 2690; x_wconf 84' lang='lat' dir='ltr'>Ambrosius</span> <span class='ocrx_word' id='word_1_516' title='bbox 1617 2656 1689 2697; x_wconf 68' lang='lat' dir='ltr'>(lib.</span> <span class='ocrx_word' id='word_1_517' title='bbox 1718 2657 1767 2691; x_wconf 91' lang='lat' dir='ltr'>De</span> <span class='ocrx_word' id='word_1_518' title='bbox 1794 2657 1970 2694; x_wconf 77' lang='lat' dir='ltr'>initiandis</span> 
     </span>
    </p>
   </div>
   <div class='ocr_carea' id='block_1_9' title="bbox 1070 2703 1970 3507">
    <p class='ocr_par' dir='ltr' id='par_1_16' title="bbox 1070 2703 1970 3507">
     <span class='ocr_line' id='line_1_63' title="bbox 1077 2703 1970 2746; baseline 0.006 -10"><span class='ocrx_word' id='word_1_519' title='bbox 1077 2716 1143 2743; x_wconf 66' lang='lat' dir='ltr'>:au</span> <span class='ocrx_word' id='word_1_520' title='bbox 1162 2705 1194 2746; x_wconf 92' lang='lat'>7)</span> <span class='ocrx_word' id='word_1_521' title='bbox 1213 2719 1220 2738; x_wconf 76' lang='grc' dir='ltr'><strong><em>ε</em></strong></span> <span class='ocrx_word' id='word_1_522' title='bbox 1238 2704 1405 2745; x_wconf 81' lang='lat' dir='ltr'>Accepisti</span> <span class='ocrx_word' id='word_1_523' title='bbox 1435 2703 1574 2738; x_wconf 84' lang='lat' dir='ltr'>candida</span> <span class='ocrx_word' id='word_1_524' title='bbox 1602 2704 1801 2739; x_wconf 84' lang='lat' dir='ltr'>vestimenta</span> <span class='ocrx_word' id='word_1_525' title='bbox 1830 2710 1868 2739; x_wconf 87' lang='lat' dir='ltr'>ut</span> <span class='ocrx_word' id='word_1_526' title='bbox 1885 2711 1970 2741; x_wconf 83' lang='lat' dir='ltr'>esset</span> 
     </span>
     <span class='ocr_line' id='line_1_64' title="bbox 1074 2751 1967 2793; baseline 0.006 -10"><span class='ocrx_word' id='word_1_527' title='bbox 1074 2752 1237 2786; x_wconf 68' lang='lat' dir='ltr'>mdueium</span> <span class='ocrx_word' id='word_1_528' title='bbox 1255 2752 1345 2793; x_wconf 75' lang='lat' dir='ltr'>quod</span> <span class='ocrx_word' id='word_1_529' title='bbox 1366 2753 1496 2785; x_wconf 83' lang='lat' dir='ltr'>exueris</span> <span class='ocrx_word' id='word_1_530' title='bbox 1521 2751 1731 2785; x_wconf 89' lang='lat' dir='ltr'>involucrum</span> <span class='ocrx_word' id='word_1_531' title='bbox 1756 2758 1967 2792; x_wconf 80' lang='lat' dir='ltr'>peccatorum</span> 
     </span>
     <span class='ocr_line' id='line_1_65' title="bbox 1070 2799 1969 2840; baseline 0.004 -8"><span class='ocrx_word' id='word_1_532' title='bbox 1070 2803 1104 2832; x_wconf 57' lang='lat' dir='ltr'>et</span> <span class='ocrx_word' id='word_1_533' title='bbox 1124 2800 1275 2835; x_wconf 84' lang='lat' dir='ltr'>indueris</span> <span class='ocrx_word' id='word_1_534' title='bbox 1290 2799 1491 2834; x_wconf 68' lang='lat' dir='ltr'>innocentiae</span> <span class='ocrx_word' id='word_1_535' title='bbox 1517 2804 1605 2833; x_wconf 88' lang='lat' dir='ltr'>casta</span> <span class='ocrx_word' id='word_1_536' title='bbox 1631 2800 1808 2840; x_wconf 85' lang='lat' dir='ltr'>velamina,</span> <span class='ocrx_word' id='word_1_537' title='bbox 1827 2806 1890 2835; x_wconf 90' lang='lat' dir='ltr'>etc.</span> <span class='ocrx_word' id='word_1_538' title='bbox 1905 2801 1969 2837; x_wconf 79' lang='lat' dir='ltr'>sed</span> 
     </span>
     <span class='ocr_line' id='line_1_66' title="bbox 1073 2846 1968 2883; baseline 0.001 -1"><span class='ocrx_word' id='word_1_539' title='bbox 1073 2850 1107 2881; x_wconf 71' lang='lat' dir='ltr'>vt</span> <span class='ocrx_word' id='word_1_540' title='bbox 1125 2847 1165 2882; x_wconf 84' lang='lat' dir='ltr'>de</span> <span class='ocrx_word' id='word_1_541' title='bbox 1188 2848 1267 2882; x_wconf 83' lang='lat' dir='ltr'>salis</span> <span class='ocrx_word' id='word_1_542' title='bbox 1288 2848 1324 2882; x_wconf 90' lang='lat' dir='ltr'>in</span> <span class='ocrx_word' id='word_1_543' title='bbox 1344 2859 1380 2882; x_wconf 91' lang='lat' dir='ltr'>os</span> <span class='ocrx_word' id='word_1_544' title='bbox 1398 2847 1604 2882; x_wconf 87' lang='lat' dir='ltr'>immissione</span> <span class='ocrx_word' id='word_1_545' title='bbox 1621 2846 1668 2881; x_wconf 87' lang='lat' dir='ltr'>sic</span> <span class='ocrx_word' id='word_1_546' title='bbox 1696 2846 1850 2881; x_wconf 87' lang='lat' dir='ltr'>Rabanus</span> <span class='ocrx_word' id='word_1_547' title='bbox 1866 2849 1968 2883; x_wconf 90' lang='lat' dir='ltr'>etiam</span> 
     </span>
     <span class='ocr_line' id='line_1_67' title="bbox 1075 2894 1968 2938; baseline 0.003 -9"><span class='ocrx_word' id='word_1_548' title='bbox 1075 2894 1131 2929; x_wconf 83' lang='lat' dir='ltr'>ubi</span> <span class='ocrx_word' id='word_1_549' title='bbox 1151 2907 1250 2938; x_wconf 89' lang='lat' dir='ltr'>supra</span> <span class='ocrx_word' id='word_1_550' title='bbox 1275 2897 1359 2938; x_wconf 87' lang='lat' dir='ltr'>(cap.</span> <span class='ocrx_word' id='word_1_551' title='bbox 1381 2895 1435 2936; x_wconf 82' lang='lat'>27)</span> <span class='ocrx_word' id='word_1_552' title='bbox 1458 2906 1467 2928; x_wconf 71' lang='grc' dir='ltr'>ε</span> <span class='ocrx_word' id='word_1_553' title='bbox 1496 2896 1603 2929; x_wconf 88' lang='lat' dir='ltr'>Datur</span> <span class='ocrx_word' id='word_1_554' title='bbox 1625 2894 1671 2929; x_wconf 88' lang='lat' dir='ltr'>sal</span> <span class='ocrx_word' id='word_1_555' title='bbox 1698 2894 1914 2930; x_wconf 88' lang='lat' dir='ltr'>benedictum</span> <span class='ocrx_word' id='word_1_556' title='bbox 1933 2897 1968 2932; x_wconf 86' lang='lat' dir='ltr'>in</span> 
     </span>
     <span class='ocr_line' id='line_1_68' title="bbox 1074 2942 1970 2985; baseline 0.003 -9"><span class='ocrx_word' id='word_1_557' title='bbox 1074 2955 1110 2978; x_wconf 74' lang='lat' dir='ltr'>ns</span> <span class='ocrx_word' id='word_1_558' title='bbox 1136 2947 1174 2978; x_wconf 89' lang='lat' dir='ltr'>ut</span> <span class='ocrx_word' id='word_1_559' title='bbox 1195 2955 1256 2985; x_wconf 86' lang='lat' dir='ltr'>per</span> <span class='ocrx_word' id='word_1_560' title='bbox 1277 2943 1325 2978; x_wconf 89' lang='lat' dir='ltr'>sal</span> <span class='ocrx_word' id='word_1_561' title='bbox 1351 2943 1500 2984; x_wconf 73' lang='lat' dir='ltr'>typicum</span> <span class='ocrx_word' id='word_1_562' title='bbox 1530 2942 1700 2984; x_wconf 70' lang='lat' dir='ltr'>sapientias</span> <span class='ocrx_word' id='word_1_563' title='bbox 1723 2942 1789 2976; x_wconf 86' lang='lat' dir='ltr'>sale</span> <span class='ocrx_word' id='word_1_564' title='bbox 1818 2944 1970 2979; x_wconf 82' lang='lat' dir='ltr'>conditus</span> 
     </span>
     <span class='ocr_line' id='line_1_69' title="bbox 1074 2989 1968 3033; baseline 0.001 -8"><span class='ocrx_word' id='word_1_565' title='bbox 1074 2992 1192 3026; x_wconf 78' lang='lat' dir='ltr'>foetore</span> <span class='ocrx_word' id='word_1_566' title='bbox 1207 2996 1320 3027; x_wconf 88' lang='lat' dir='ltr'>careat</span> <span class='ocrx_word' id='word_1_567' title='bbox 1338 2990 1547 3033; x_wconf 87' lang='lat' dir='ltr'>iniquitatis,</span> <span class='ocrx_word' id='word_1_568' title='bbox 1563 3001 1624 3025; x_wconf 81' lang='lat' dir='ltr'>nec</span> <span class='ocrx_word' id='word_1_569' title='bbox 1635 2990 1653 3024; x_wconf 74' lang='lat' dir='ltr'>a</span> <span class='ocrx_word' id='word_1_570' title='bbox 1667 2989 1839 3024; x_wconf 85' lang='lat' dir='ltr'>vermibus</span> <span class='ocrx_word' id='word_1_571' title='bbox 1856 3003 1968 3032; x_wconf 84' lang='lat' dir='ltr'>pecca-</span> 
     </span>
     <span class='ocr_line' id='line_1_70' title="bbox 1075 3037 1969 3082; baseline 0.001 -8"><span class='ocrx_word' id='word_1_572' title='bbox 1075 3042 1187 3075; x_wconf 88' lang='lat' dir='ltr'>torum</span> <span class='ocrx_word' id='word_1_573' title='bbox 1215 3039 1359 3082; x_wconf 76' lang='lat' dir='ltr'>amplius</span> <span class='ocrx_word' id='word_1_574' title='bbox 1374 3038 1545 3079; x_wconf 76' lang='lat' dir='ltr'>putrefiat,</span> <span class='ocrx_word' id='word_1_575' title='bbox 1569 3037 1626 3071; x_wconf 85' lang='lat' dir='ltr'>sed</span> <span class='ocrx_word' id='word_1_576' title='bbox 1652 3037 1773 3072; x_wconf 78' lang='lat' dir='ltr'>illaesus</span> <span class='ocrx_word' id='word_1_577' title='bbox 1798 3039 1908 3079; x_wconf 76' lang='lat' dir='ltr'>potius</span> <span class='ocrx_word' id='word_1_578' title='bbox 1928 3040 1969 3075; x_wconf 87' lang='lat' dir='ltr'>ad</span> 
     </span>
     <span class='ocr_line' id='line_1_71' title="bbox 1074 3085 1965 3128; baseline 0 -6"><span class='ocrx_word' id='word_1_579' title='bbox 1074 3093 1234 3127; x_wconf 87' lang='lat' dir='ltr'>majorem</span> <span class='ocrx_word' id='word_1_580' title='bbox 1261 3088 1404 3128; x_wconf 82' lang='lat' dir='ltr'>gratiam</span> <span class='ocrx_word' id='word_1_581' title='bbox 1434 3085 1683 3127; x_wconf 88' lang='lat' dir='ltr'>percipiendam</span> <span class='ocrx_word' id='word_1_582' title='bbox 1714 3086 1927 3121; x_wconf 82' lang='lat' dir='ltr'>conservetur</span> <span class='ocrx_word' id='word_1_583' title='bbox 1954 3100 1965 3122; x_wconf 68' lang='grc' dir='ltr'><em>ε</em></span> 
     </span>
     <span class='ocr_line' id='line_1_72' title="bbox 1074 3133 1969 3173; baseline -0.001 -3"><span class='ocrx_word' id='word_1_584' title='bbox 1074 3135 1136 3170; x_wconf 88' lang='lat' dir='ltr'>Vel</span> <span class='ocrx_word' id='word_1_585' title='bbox 1167 3136 1255 3170; x_wconf 71' lang='lat' dir='ltr'>forte</span> <span class='ocrx_word' id='word_1_586' title='bbox 1283 3135 1324 3169; x_wconf 89' lang='lat' dir='ltr'>ad</span> <span class='ocrx_word' id='word_1_587' title='bbox 1357 3134 1496 3169; x_wconf 86' lang='lat' dir='ltr'>coelestis</span> <span class='ocrx_word' id='word_1_588' title='bbox 1529 3134 1691 3169; x_wconf 73' lang='lat' dir='ltr'>doctrinm</span> <span class='ocrx_word' id='word_1_589' title='bbox 1733 3133 1969 3173; x_wconf 81' lang='lat' dir='ltr'>designandam</span> 
     </span>
     <span class='ocr_line' id='line_1_73' title="bbox 1075 3181 1970 3225; baseline -0.001 -7"><span class='ocrx_word' id='word_1_590' title='bbox 1075 3183 1362 3225; x_wconf 87' lang='lat' dir='ltr'>instructionem,</span> <span class='ocrx_word' id='word_1_591' title='bbox 1399 3186 1494 3222; x_wconf 75' lang='lat' dir='ltr'>Juxta</span> <span class='ocrx_word' id='word_1_592' title='bbox 1529 3181 1613 3216; x_wconf 89' lang='lat' dir='ltr'>illud</span> <span class='ocrx_word' id='word_1_593' title='bbox 1647 3181 1737 3223; x_wconf 90' lang='lat' dir='ltr'>quod</span> <span class='ocrx_word' id='word_1_594' title='bbox 1770 3183 1970 3222; x_wconf 82' lang='lat' dir='ltr'>Augustinus</span> 
     </span>
     <span class='ocr_line' id='line_1_74' title="bbox 1072 3228 1969 3271; baseline -0.001 -6"><span class='ocrx_word' id='word_1_595' title='bbox 1072 3229 1135 3265; x_wconf 88' lang='lat' dir='ltr'>lib.</span> <span class='ocrx_word' id='word_1_596' title='bbox 1158 3240 1169 3265; x_wconf 91' lang='lat'>1</span> <span class='ocrx_word' id='word_1_597' title='bbox 1194 3230 1448 3265; x_wconf 80' lang='lat' dir='ltr'>confessionum</span> <span class='ocrx_word' id='word_1_598' title='bbox 1472 3228 1511 3262; x_wconf 85' lang='lat' dir='ltr'>de</span> <span class='ocrx_word' id='word_1_599' title='bbox 1529 3240 1562 3262; x_wconf 88' lang='lat' dir='ltr'>se</span> <span class='ocrx_word' id='word_1_600' title='bbox 1588 3228 1635 3263; x_wconf 87' lang='lat' dir='ltr'>ait</span> <span class='ocrx_word' id='word_1_601' title='bbox 1657 3229 1741 3271; x_wconf 78' lang='lat' dir='ltr'>(cap.</span> <span class='ocrx_word' id='word_1_602' title='bbox 1761 3228 1794 3271; x_wconf 70' lang='grc'>4)</span> <span class='ocrx_word' id='word_1_603' title='bbox 1819 3242 1827 3263; x_wconf 76' lang='lat' dir='ltr'>t</span> <span class='ocrx_word' id='word_1_604' title='bbox 1847 3230 1969 3264; x_wconf 84' lang='lat' dir='ltr'>Audie-</span> 
     </span>
     <span class='ocr_line' id='line_1_75' title="bbox 1074 3276 1968 3319; baseline -0.002 -6"><span class='ocrx_word' id='word_1_605' title='bbox 1074 3290 1148 3314; x_wconf 88' lang='lat' dir='ltr'>ram</span> <span class='ocrx_word' id='word_1_606' title='bbox 1163 3290 1221 3318; x_wconf 82' lang='lat' dir='ltr'>ego</span> <span class='ocrx_word' id='word_1_607' title='bbox 1244 3277 1351 3311; x_wconf 87' lang='lat' dir='ltr'>adhuc</span> <span class='ocrx_word' id='word_1_608' title='bbox 1375 3288 1460 3318; x_wconf 89' lang='lat' dir='ltr'>puer</span> <span class='ocrx_word' id='word_1_609' title='bbox 1476 3277 1516 3311; x_wconf 88' lang='lat' dir='ltr'>de</span> <span class='ocrx_word' id='word_1_610' title='bbox 1534 3276 1603 3312; x_wconf 82' lang='lat' dir='ltr'>vita</span> <span class='ocrx_word' id='word_1_611' title='bbox 1622 3282 1744 3312; x_wconf 68' lang='lat' dir='ltr'>aeterna</span> <span class='ocrx_word' id='word_1_612' title='bbox 1769 3276 1865 3311; x_wconf 89' lang='lat' dir='ltr'>nobis</span> <span class='ocrx_word' id='word_1_613' title='bbox 1884 3290 1968 3319; x_wconf 82' lang='lat' dir='ltr'>pro-</span> 
     </span>
     <span class='ocr_line' id='line_1_76' title="bbox 1075 3324 1968 3365; baseline 0.001 -5"><span class='ocrx_word' id='word_1_614' title='bbox 1075 3326 1174 3361; x_wconf 87' lang='lat' dir='ltr'>missa</span> <span class='ocrx_word' id='word_1_615' title='bbox 1193 3338 1251 3365; x_wconf 90' lang='lat' dir='ltr'>per</span> <span class='ocrx_word' id='word_1_616' title='bbox 1265 3324 1495 3358; x_wconf 83' lang='lat' dir='ltr'>humilitatem</span> <span class='ocrx_word' id='word_1_617' title='bbox 1524 3325 1661 3359; x_wconf 91' lang='lat' dir='ltr'>Domini</span> <span class='ocrx_word' id='word_1_618' title='bbox 1686 3325 1746 3359; x_wconf 89' lang='lat' dir='ltr'>Dei</span> <span class='ocrx_word' id='word_1_619' title='bbox 1774 3325 1885 3359; x_wconf 88' lang='lat' dir='ltr'>Nostri</span> <span class='ocrx_word' id='word_1_620' title='bbox 1901 3325 1968 3361; x_wconf 79' lang='lat' dir='ltr'>des·</span> 
     </span>
     <span class='ocr_line' id='line_1_77' title="bbox 1077 3371 1969 3413; baseline 0 -6"><span class='ocrx_word' id='word_1_621' title='bbox 1077 3373 1247 3410; x_wconf 85' lang='lat' dir='ltr'>cendentis</span> <span class='ocrx_word' id='word_1_622' title='bbox 1276 3372 1317 3406; x_wconf 85' lang='lat' dir='ltr'>ad</span> <span class='ocrx_word' id='word_1_623' title='bbox 1345 3371 1536 3413; x_wconf 82' lang='lat' dir='ltr'>superbiam</span> <span class='ocrx_word' id='word_1_624' title='bbox 1565 3378 1727 3413; x_wconf 81' lang='lat' dir='ltr'>nostram,</span> <span class='ocrx_word' id='word_1_625' title='bbox 1758 3376 1792 3405; x_wconf 87' lang='lat' dir='ltr'>et</span> <span class='ocrx_word' id='word_1_626' title='bbox 1816 3372 1969 3411; x_wconf 83' lang='lat' dir='ltr'>signabar</span> 
     </span>
     <span class='ocr_line' id='line_1_78' title="bbox 1076 3420 1968 3462; baseline 0.001 -8"><span class='ocrx_word' id='word_1_627' title='bbox 1076 3426 1144 3462; x_wconf 83' lang='lat' dir='ltr'>jam</span> <span class='ocrx_word' id='word_1_628' title='bbox 1166 3421 1260 3461; x_wconf 84' lang='lat' dir='ltr'>signo</span> <span class='ocrx_word' id='word_1_629' title='bbox 1279 3421 1385 3455; x_wconf 85' lang='lat' dir='ltr'>crucis</span> <span class='ocrx_word' id='word_1_630' title='bbox 1412 3424 1494 3461; x_wconf 86' lang='lat' dir='ltr'>ejus,</span> <span class='ocrx_word' id='word_1_631' title='bbox 1523 3425 1556 3455; x_wconf 87' lang='lat' dir='ltr'>et</span> <span class='ocrx_word' id='word_1_632' title='bbox 1575 3420 1756 3455; x_wconf 86' lang='lat' dir='ltr'>condiebar</span> <span class='ocrx_word' id='word_1_633' title='bbox 1779 3424 1850 3459; x_wconf 83' lang='lat' dir='ltr'>eJ&#39;us</span> <span class='ocrx_word' id='word_1_634' title='bbox 1868 3421 1934 3455; x_wconf 90' lang='lat' dir='ltr'>sale</span> <span class='ocrx_word' id='word_1_635' title='bbox 1959 3434 1968 3455; x_wconf 90' lang='lat'><strong>:</strong></span> 
     </span>
     <span class='ocr_line' id='line_1_79' title="bbox 1078 3465 1638 3507; baseline -0.002 -5"><span class='ocrx_word' id='word_1_636' title='bbox 1078 3471 1115 3502; x_wconf 78' lang='lat' dir='ltr'>id</span> <span class='ocrx_word' id='word_1_637' title='bbox 1127 3472 1180 3502; x_wconf 88' lang='lat' dir='ltr'>est</span> <span class='ocrx_word' id='word_1_638' title='bbox 1190 3465 1342 3503; x_wconf 77' lang='lat' dir='ltr'>doctrina</span> <span class='ocrx_word' id='word_1_639' title='bbox 1359 3471 1429 3507; x_wconf 69' lang='lat' dir='ltr'>ejus</span> <span class='ocrx_word' id='word_1_640' title='bbox 1451 3466 1638 3503; x_wconf 81' lang='lat' dir='ltr'>imbuebar.</span> 
     </span>
    </p>
   </div>
  </div>
 </body>
</html>
