2170 3808
150 198 235 243 310
762 189 960 243 QUAEST.
993 188 1196 240 xxxvii,
1225 188 1346 230 ART.
1375 187 1428 231 ll.

153 278 498 323 ARTICULUS
530 277 592 319 11.
614 296 672 305 —
689 284 827 316 uranu
852 282 1165 313 convnmnnrnn
1188 281 1335 312 rnnmr
1370 281 1540 314 cnmsro
1570 281 1710 312 nomm
1738 280 1959 311 mrosrrcn
1971 269 2048 324 (1).

802 333 851 366 De
871 332 923 367 his
941 331 1044 366 etiam
1066 332 1191 372 opusc.
1209 338 1265 371 Lx,
1283 341 1352 372 cap.
1373 331 1407 366 6.

168 390 169 395 ’
208 395 276 440 Ad
289 391 550 438 secundum
561 388 628 433 sic
640 387 920 447 proceditur.
934 389 956 430 1
967 421 977 430 .
986 385 1175 430 Videtur
1190 383 1316 441 quod
1331 384 1713 430 inconvenienter
1724 383 1862 428 suerit
1875 384 2052 429 Christo

155 467 337 501 nomen
362 451 648 509 impositum.
688 450 864 494 Veritas
907 447 1032 494 enim
1073 446 1342 502 evangelica
1381 446 1519 492 debet
1539 445 1913 504 praenuntiationi
1942 459 2052 502 pro—

153 517 347 575 pheticae
375 512 675 570 respondere.
700 512 789 557 Sed
810 512 1048 568 prophetae
1071 509 1197 554 aliud
1223 520 1394 552 nomen
1417 508 1477 554 de
1503 509 1681 553 Christo
1705 507 2051 565 praenuntiave-

154 583 265 623 runt
285 591 298 622 :
323 577 492 622 dicitur
515 575 640 621 enim
670 576 774 628 (lsa.
796 587 870 630 vn,
893 575 994 628 14):
1027 576 1142 615 Ecce
1172 574 1299 627 virqo
1321 573 1555 627 concipiet,
1579 574 1622 615 et
1649 574 1801 627 pariet
1823 569 1981 624 filium,
2007 573 2051 614 et

155 640 386 683 vocabitur
397 651 558 681 nomen
576 639 671 693 ejus
689 635 960 679 Emmanuel
968 649 985 691 ‚-
995 633 1180 687 (Etibid.
1191 635 1328 688 vui.,3)
1345 647 1357 676 :
1375 635 1418 674 V
1414 646 1496 676 oca
1510 647 1668 676 nomen
1681 635 1800 689 ejus.-
1810 632 2048 688 Accelera,

154 701 303 758 spolia
328 701 537 755 detrahe,
560 701 730 753 festina
750 698 989 754 praedari3
1009 699 1055 740 et
1068 699 1184 752 (cap.
1202 708 1260 749 ix,
1276 696 1341 748 6):
1365 694 1610 738 Vocabitur
1627 708 1787 738 nomen
1804 697 1899 750 ejvs
1914 708 1931 734 .·
1948 694 2051 737 Ad-

155 763 401 819 mirabilis‚
440 761 760 816 Cuminarius,
798 763 918 802 Deus
949 759 1111 813 fortis,
1137 759 1276 800 Pater
1294 758 1442 810 futuri
1463 757 1631 813 saeculi‚
1651 760 1866 811 Princeps
1892 758 2022 811 pacis
2031 769 2053 813 ‚0

155 815 209 871 et*
239 826 388 879 (Zach.
412 838 479 881 vl,
503 826 575 878 12)
598 822 769 869 dicitur
789 835 800 863 :
821 824 938 864 Ecce
959 823 1059 875 vir,·
1085 822 1245 862 oriens
1266 831 1425 862 nomen
1445 821 1557 876 ejus.
1582 821 1702 875 Ergo
1721 817 2052 862 inconvenien-

165 891 236 930 ter
259 890 474 930 vocatum
502 889 574 929 est
600 895 769 927 nomen
787 882 891 940 ejus
904 884 1054 926 Iesus.
1667 939 1671 943 ,

209 951 252 992 2.
283 951 509 992 Praeterea
529 948 633 1001 (Isa.
654 959 756 997 Lxu,
777 948 834 1001 2),
859 944 1029 990 dicitur
1050 958 1063 987 ε
1091 943 1338 987 Vocabitur
1360 942 1442 986 tibi
1463 955 1625 986 novimen
1649 956 1826 995 novum,
1861 941 1982 998 qaod
2003 955 2052 985 os

146 1013 336 1053 >Domini
354 1011 603 1052 nominavit
638 1010 712 1061 (2).
738 1007 824 1052 Sed
855 1009 942 1052 hoc
964 1018 1136 1051 nomen
1167 1009 1296 1049 [θεας
1318 1016 1414 1049 non
1446 1008 1520 1050 est
1544 1017 1711 1049 nomen
1741 1015 1941 1060 novum,
1969 1001 2052 1048 sed

154 1070 367 1127 pluribus
389 1070 475 1114 fuit
504 1070 553 1113 in
571 1069 718 1114 veteri
743 1073 1018 1114 testamento
1040 1066 1327 1124 impositum,
1350 1070 1404 1110 ut
1434 1070 1562 1122 patet
1592 1067 1732 1111 etiam
1755 1078 1814 1111 ex
1844 1067 1945 1123 ipsa
1978 1077 2055 1122 ge·

156 1132 366 1188 nealogia
388 1130 553 1176 Christi
578 1133 703 1186 (Luc.
732 1136 810 1185 ni).
833 1134 951 1186 Ergo
968 1130 1156 1176 videtur
1174 1128 1299 1186 quod
1334 1128 1715 1173 inconvenienter
1740 1133 1956 1173 vocatum
1982 1131 2054 1172 est

155 1206 328 1238 nomen
346 1194 448 1251 ejus
471 1196 622 1238 Jesus.

210 1259 252 1301 3.
280 1259 519 1312 Praeterea,
542 1256 633 1300 hoc
667 1267 838 1299 nomen
865 1257 995 1298 Jesus
1022 1253 1221 1298 salutem
1243 1251 1491 1310 significat,
1515 1256 1570 1296 ut
1590 1257 1718 1308 patet
1743 1265 1827 1310 per
1852 1253 1899 1299 id
1929 1253 2054 1310 quod

155 1317 325 1362 dicitur
336 1318 507 1371 (Matth.
524 1330 554 1373 ι,
571 1318 643 1370 21)
661 1331 671 1358 :
689 1318 846 1359 Pariet
855 1317 912 1368 (3)
926 1315 1088 1370 filium,
1107 1321 1148 1357 et
1161 1315 1338 1357 vocabis
1355 1326 1513 1357 nomen
1529 1315 1623 1369 ejvs
1637 1318 1917 1372 Iesumtipse
1934 1318 2053 1359 enim

154 1380 331 1422 salvum
361 1382 500 1433 faciet
534 1378 751 1434 populum
781 1390 909 1420 suum
943 1378 973 1420 ὰ
991 1378 1191 1433 peccatis
1218 1388 1389 1420 eorum.
1422 1375 1511 1420 Sed
1547 1376 1674 1420 salus
1702 1388 1786 1433 per
1823 1375 2053 1422 Christum

156 1454 250 1484 non
273 1445 344 1485 est
366 1441 487 1484 facta
508 1440 661 1484 solum
683 1439 733 1483 in
751 1438 1124 1494 circumcisione,
1145 1437 1227 1482 sed
1253 1437 1393 1482 etiam
1414 1437 1463 1481 in
1491 1438 1733 1494 praeputio,
1749 1442 1803 1483 ut
1821 1444 1948 1495 patet
1970 1451 2054 1496 per

155 1503 424 1558 Apostolum
454 1503 603 1557 (Rom.
624 1503 698 1556 iv).
718 1501 1106 1546 inconvenienter
1135 1511 1248 1556 ergo
1277 1500 1366 1544 hoc
1388 1511 1561 1544 nomen
1585 1499 1673 1544 fuit
1696 1500 1875 1545 Christo
1906 1501 2055 1560 impo-

157 1565 299 1608 situm
321 1564 366 1607 in
389 1576 476 1607 sua
491 1562 863 1608 circumcisione.

214 1626 301 1670 Sed
324 1628 484 1668 contra
506 1630 578 1669 est
609 1626 861 1670 auctoritas
891 1625 1162 1681 scripturae,
1188 1624 1236 1667 in
1260 1635 1353 1679 qua
1390 1622 1559 1667 dicitur
1576 1624 1699 1677 (Luc.
1722 1637 1752 1667 ιι
1767 1656 1781 1682 ‚
1808 1625 1906 1679 21),
1929 1624 2056 1681 quod

156 1691 394 1743 postquam
423 1690 724 1731 consummati
746 1690 851 1730 sunt
872 1688 968 1730 dies
991 1690 1103 1741 octo,
1127 1689 1177 1729 ut
1199 1685 1599 1729 circumcideretur
1608 1697 1741 1741 puer,
1765 1688 1973 1730 vocatum
1990 1689 2056 1730 est

158 1763 317 1792 nomen
339 1752 436 1806 eJus
453 1753 594 1792 JesuS.

204 1810 498 1850 CONCLUSIO.
523 1832 571 1839 —-
593 1810 699 1849 Cum
724 1808 886 1849 Christo
916 1809 992 1858 hoc
1016 1809 1171 1849 divinae,
1193 1809 1334 1859 gratiae
1354 1820 1512 1848 munus
1537 1809 1735 1849 collatum
1755 1809 1880 1851 fuerit
1898 1814 1946 1850 ut
1965 1821 2056 1852 om-

159 1866 282 1905 nium
299 1866 476 1905 salvator
500 1869 616 1915 esset,
639 1867 928 1905 convenienter
942 1866 979 1905 ei
1003 1876 1153 1905 nomen
1173 1866 1291 1905 Jesus
1310 1865 1361 1905 ab
1381 1863 1528 1914 angelo
1551 1864 1794 1915 impositum
1812 1865 1907 1907 fuit.

213 1921 486 1978 Respondeo
509 1922 758 1966 dicendum
789 1920 916 1978 quod
948 1921 1136 1965 nomina
1172 1921 1344 1966 debent
1379 1920 1739 1979 proprietatibus
1761 1934 1918 1967 rerum
1953 1935 2056 1968 res-

158 1983 378 2038 pondere.
403 1985 455 2027 Et
476 1983 563 2028 hoc
586 1988 714 2040 patet
735 1982 784 2027 in
811 1983 1081 2028 nominibus
1107 1995 1331 2039 generum
1353 1987 1398 2027 et
1419 1984 1695 2041 specierum,
1721 1983 1853 2040 quia,
1874 1988 1926 2028 ut
1949 1984 2056 2030 dici.

157 2051 234 2088 tur
250 2046 460 2101 (Metaph.
482 2045 562 2090 lib.
585 2060 646 2101 iv,
666 2050 780 2090 text.
799 2049 889 2101 28),
903 2046 1055 2091 «ratio
1076 2058 1218 2103 quam
1242 2045 1473 2102 significat
1495 2058 1682 2102 nomen,
1708 2049 1781 2090 est
1795 2044 2050 2103 definitio,»

158 2119 264 2163 quae
297 2106 514 2163 designat
541 2108 773 2164 propriam
804 2108 870 2153 rei
903 2113 1136 2153 naturam.
1161 2109 1356 2153 Nomina
1386 2113 1541 2153 autem
1575 2108 1884 2164 singularium
1911 2109 2058 2154 homi-

160 2180 272 2211 num
297 2180 480 2224 semper
495 2168 802 2225 imponuntur
823 2169 882 2213 ab
900 2170 1055 2227 aliqua
1074 2170 1354 2227 proprietate
1370 2169 1473 2227 ejus
1491 2170 1567 2215 cui
1587 2182 1758 2214 nomen
1777 2169 2052 2229 imponitur;

158 2229 232 2274 vel
256 2229 282 2274 a
305 2234 529 2287 ternpore,
552 2231 674 2276 sicut
693 2232 997 2289 imponuntur
1026 2233 1217 2277 nomina
1238 2232 1501 2290 aliquorum
1521 2238 1789 2278 sanctorum
1807 2233 1880 2278 his
1897 2236 1978 2292 qui
2004 2235 2054 2281 in

159 2303 322 2336 eorum
345 2292 476 2335 festis
497 2299 780 2350 nascuntur3
798 2294 873 2339 vel
891 2294 919 2338 a
934 2295 1227 2351 cognatione,
1245 2294 1365 2339 sicut
1379 2295 1487 2339 cum
1505 2295 1599 2339 filio
1614 2295 1865 2351 imponitur
1883 2309 2054 2343 nomen

159 2353 304 2408 patris
322 2353 397 2397 vel
430 2353 629 2410 alianus
652 2354 710 2399 de
743 2356 1019 2411 cognatione
1043 2356 1169 2413 ejus3
1195 2358 1316 2401 sicut
1338 2356 1585 2414 propinqui
1619 2357 1811 2401 ioannis
1840 2358 2055 2414 Baptistae

158 2415 378 2459 volebant
410 2427 519 2460 eum
538 2428 704 2461 vocare
730 2418 919 2462 nomine
940 2419 1085 2475 patris
1117 2420 1189 2463 sui
1208 2419 1491 2476 Zachariam,
1508 2432 1601 2463 non
1633 2425 1789 2464 autem
1811 2422 2052 2479 Joannem,

161 2478 267 2532 quia
301 2477 451 2520 nullus
475 2480 576 2520 erat
600 2480 649 2521 in
671 2482 936 2535 coqnatione
969 2482 1081 2536 ejus,
1103 2483 1180 2535 qui
1207 2484 1445 2524 vocaretur
1479 2480 1563 2524 Iioc
1585 2484 1778 2536 nomine,
1803 2486 1855 2526 ut
1887 2482 2056 2528 dicitur

162 2541 286 2593 (Luc.
315 2553 352 2592 ι,
383 2541 452 2593 61)
480 2539 588 2584 :vel
617 2540 756 2585 etiam
774 2541 851 2585 fab
883 2547 1087 2598 eventu,
1114 2541 1236 2586 sicut
1270 2543 1435 2599 Joseph
1473 2543 1656 2588 vocavit
1692 2543 2055 2601 primogenitum

160 2612 300 2645 suum
317 2603 590 2658 Manassem‚
605 2602 765 2647 dicens
790 2619 801 2647 ι
825 2605 1036 2648 Oblivisci
1054 2607 1162 2658 fecit
1181 2617 1252 2647 me
1280 2609 1396 2648 Deus
1415 2609 1609 2649 omnium
1627 2606 1833 2649 laborum
1853 2620 2054 2652 meorum

159 2663 338 2717 (Genes.
362 2676 447 2719 xm,
473 2667 544 2718 51)
568 2679 578 2706 :
602 2664 673 2709 vel
691 2665 831 2709 etiam
853 2679 912 2711 ex
931 2666 1085 2723 aliqua
1108 2666 1329 2723 qualitate
1351 2667 1454 2724 ejus
1475 2668 1552 2712 cui
1572 2680 1743 2712 nomen
1772 2668 2050 2728 imponitur3

160 2724 282 2768 sicut
317 2726 496 2778 (Genes.
522 2727 619 2781 xxv)
643 2727 811 2772 dicitur
833 2728 957 2785 quod
981 2729 1092 2785 quia
1112 2733 1189 2785 qui
1210 2733 1386 2786 primus
1412 2743 1615 2787 eqressus
1640 2734 1707 2774 est
1729 2732 1786 2776 de
1807 2736 1932 2775 utero
1950 2746 2054 2776 ma-

161 2789 259 2842 tri-5,
281 2789 410 2840 rufus
429 2791 544 2843 erat,
568 2792 611 2832 et
631 2792 753 2832 totus
772 2793 822 2833 in
853 2804 1020 2834 morem
1047 2792 1184 2848 pellis
1206 2792 1414 2848 hispidus
1428 2828 1440 2847 ‚
1462 2795 1673 2836 vocatum
1694 2797 1760 2837 est
1781 2807 1940 2837 nomen
1958 2797 2055 2852 φας

160 2850 299 2904 Esau,
323 2848 450 2904 quod
478 2849 807 2906 iuterpretatur
830 2852 1022 2897 rubeus.
1038 2854 1234 2898 Nomina
1260 2859 1416 2899 autem
1441 2867 1546 2912 quae
1562 2855 1867 2911 imponuntur
1886 2856 2054 2913 aliqui-

159 2906 250 2973 bus
282 2909 520 2966 divinitus,
539 2924 722 2969 semper
748 2914 1014 2970 significant
1045 2916 1232 2973 aliquod
1264 2916 1519 2973 gratuitum
1544 2918 1721 2962 donum
1743 2917 1811 2963 eis
1833 2918 2054 2965 divinitus

160 2970 337 3024 datum,
383 2973 504 3018 sicut
533 2976 660 3028 (Gen.
688 2989 800 3033 xvu,
825 2979 869 3033 5)
893 2977 1069 3023 dictum
1102 2984 1173 3024 est
1204 2979 1398 3035 Abrahae
1419 2994 1431 3024 ε
1451 2980 1763 3037 Appellaberis
1795 2982 2051 3038 Abraham,

160 3035 265 3086 quia
287 3037 467 3088 patrem
490 3036 737 3081 multarum
755 3043 953 3095 peritiam
984 3045 1192 3086 constitui
1211 3046 1269 3086 te.
1300 3044 1353 3086 Et
1371 3043 1539 3096 (Matth.
1562 3057 1649 3097 xvl,
1686 3045 1757 3098 18)
1779 3043 1954 3088 dictum
1983 3049 2055 3090 est

162 3095 294 3164 Petro
305 3107 327 3165 ,ε
355 3099 418 3138 Tu
441 3110 487 3140 es
509 3102 696 3156 Petrus,
735 3106 780 3146 et
810 3115 948 3160 super
975 3104 1097 3147 hanc
1123 3108 1309 3161 petram
1349 3105 1580 3160 aedilicabo
1614 3106 1864 3151 Ecclesiam
1888 3120 2049 3153 meam.

160 3157 272 3208 Qula
304 3157 446 3213 igitur
465 3159 641 3204 Christo
660 3163 748 3208 hoc
769 3175 945 3209 munus
965 3167 1124 3222 gratiae
1145 3167 1365 3211 collatum
1391 3172 1490 3212 erat
1516 3171 1570 3212 ut
1600 3179 1682 3224 per
1715 3166 1869 3224 ipsum
1892 3181 2053 3214 omnes

200 3245 246 3287 (4)
265 3246 311 3280 Ea
329 3247 371 3281 de
385 3258 422 3282 re
436 3247 678 3286 conferendum
693 3253 845 3289 officium
861 3267 928 3296 quo
943 3267 1066 3291 nomen
1151 3257 1336 3297 Simonem,
1350 3261 1402 3292 cui
1417 3257 1628 3300 promittitur
1638 3269 1760 3292 nomen
1780 3259 2053 3298 novum,scilicet

159 3292 238 3327 Iesu
255 3294 405 3347 §Ecclesia
425 3295 574 3331 celebrat
591 3298 628 3332 in
653 3300 831 3336 Dominica
852 3311 878 3336 11
900 3308 974 3343 post
988 3304 1066 3343 Epi·
1151 3317 1273 3340 nomen
1302 3306 1457 3341 Ecclesiae
1483 3305 1607 3341 Christi
1632 3305 1814 3348 populique
1844 3307 1988 3348 romani,
2012 3314 2052 3342 ut

161 3338 333 3381 Phssfflflm·
402 3390 411 3398 ·
1151 3361 1322 3396 exponunt
1342 3355 1581 3397 Hieronymus,
1603 3354 1747 3395 cyrillus
1762 3359 1795 3390 et
1811 3355 1871 3390 alii
1885 3356 2010 3391 Patres.

202 3388 243 3428 (2)
273 3389 378 3424 Locus
401 3394 465 3426 iste
494 3403 556 3433 per
571 3396 913 3431 accommodationem
933 3398 1066 3433 Christo
1191 3402 1233 3444 (5)
1257 3402 1326 3444 Al„
1347 3403 1490 3437 Paries.

160 3436 345 3480 tribuitur,-
373 3440 409 3473 in
432 3452 531 3475 sensu
555 3446 666 3477 autem
694 3445 832 3486 proprio
858 3446 1006 3487 pertinet
1024 3448 1065 3482 ad
