2170 3808
748 186 946 247 QuAEsr.
975 193 1093 251 nvn,
1126 195 1243 238 ΛΒΤ.
1271 194 1323 238 n.
1893 194 1975 236 479

96 281 249 324 veniat
269 279 444 324 Christo
479 276 738 323 secundum
765 276 970 320 divinam
996 280 1224 319 naturam.
1257 273 1429 317 Dicitur
1451 273 1574 317 enim
1596 273 1728 326 (Psal.
1753 286 1867 322 xtvi,
1899 276 1970 327 6):

93 343 309 386 Ascendit
327 347 446 385 Deus
467 339 822 396 injubilatione3
841 342 887 382 et
911 339 1109 392 (Deuter.
1134 349 1262 378 xxxin
1277 369 1288 391 a
1313 339 1384 390 26)
1406 350 1417 377 :
1439 338 1662 379 Ascensor
1683 335 1785 379 coelz‘
1796 367 1811 391 ,
1837 338 1975 379 auxt-

95 406 235 449 tiator
258 409 374 449 tuus.
414 405 500 448 Sed
522 404 611 447 ista
631 401 851 446 dicuntur
880 400 938 445 de
966 402 1057 444 Deo
1086 399 1227 443 etiam
1256 405 1364 442 ante
1390 398 1552 442 Christi
1586 398 1969 444 incarnationem.

93 470 212 524 Ergo
233 467 410 512 Christo
428 465 644 511 convenit
665 463 920 508 ascendere
936 462 985 506 in
1008 460 1194 509 coelum,
1223 459 1395 505 secund
1404 460 1482 504 um
1500 461 1625 517 qued
1648 464 1784 505 Deus,

149 532 194 574 2.
225 531 471 585 Praeterea,
494 526 702 585 ejusdem
725 529 797 570 est
818 523 1068 570 ascendere
1089 522 1138 566 in
1165 522 1336 566 coelum
1357 522 1494 578 cujus
1516 525 1587 566 est
1613 522 1894 567 descendere
1916 522 1975 568 de

95 591 230 648 coelo,
255 590 514 636 secundum
535 589 651 634 illud
670 589 815 643 (Joan.
837 600 901 643 m,
920 588 992 638 13)
1018 599 1030 629 ε
1056 588 1194 629 Nemo
1217 584 1424 627 ascendit
1447 587 1496 626 in
1514 584 1696 638 coetum,
1719 587 1807 627 nisi
1825 587 1900 640 qui
1918 585 1975 628 de

96 653 206 697 coelo
225 653 480 709 descendit5
503 656 550 696 et
573 650 750 706 (Ephes.
777 663 835 706 lv,
862 651 932 703 10)
961 664 971 692 z
998 649 1084 703 Qui
1109 647 1363 702 descendit,
1387 648 1484 703 ipse
1507 651 1569 688 est
1592 649 1634 689 et
1656 649 1731 701 qui
1752 647 1969 692 ascendit.

96 714 184 759 Sed
203 713 410 759 Christus
433 713 673 759 descendit
695 712 752 757 de
778 711 924 767 coelo,
946 721 1040 754 non
1064 709 1322 753 secundum
1345 707 1469 764 quod
1500 706 1639 751 homo
1654 741 1666 763 ,
1691 707 1775 752 sed
1803 719 1976 752 secun-

95 775 207 821 dum
229 776 350 834 qued
371 778 518 832 Deus;
544 787 638 819 non
661 774 785 819 enim
806 773 1010 817 humana
1030 770 1132 827 eJus
1156 777 1322 814 natura
1344 775 1452 815 ante
1475 769 1522 813 in
1542 769 1661 814 coelo
1691 769 1867 824 suerat,
1891 769 1974 815 sed

96 835 268 882 divina.
289 840 408 895 Ergo
427 836 612 882 videtur
633 835 759 894 qued
779 834 985 878 Christus
1006 833 1266 877 ascenderit
1285 832 1333 875 in
1358 831 1544 888 coelum,
1569 831 1829 876 secundum
1848 830 1973 888 qued

94 903 228 946 Deus.

150 965 192 1007 3.
222 964 459 1018 Praeterea‚
481 961 687 1006 Christus
706 963 792 1006 sua
814 959 1087 1004 ascensione
1114 958 1323 1003 ascendit
1343 957 1403 1003 ad
1422 958 1617 1002 Patrem.
1640 956 1729 1001 Sed
1749 956 1809 1002 ad
1830 956 1975 1002 Patris

97 1023 404 1081 aequalitatem
431 1037 525 1068 non
549 1022 785 1080 pervenit,
818 1019 1077 1067 secundum
1098 1019 1223 1076 qued
1240 1020 1402 1075 homo;
1427 1018 1495 1063 sic
1523 1017 1648 1064 enim
1671 1018 1781 1064 dicit
1801 1032 1814 1063 :
1836 1022 1975 1062 Pater

97 1089 247 1143 major
268 1099 337 1129 me
359 1090 440 1143 est,
464 1090 517 1130 ut
539 1085 737 1130 habetur
764 1086 909 1138 (Joan.
934 1094 1019 1139 x1v,
1048 1085 1135 1136 28).
1161 1083 1280 1138 Ergo
1306 1080 1490 1126 videtur
1511 1080 1637 1138 quod
1662 1080 1868 1125 Christus
1895 1093 1975 1125 as-

96 1148 315 1204 cenderit,
341 1148 597 1193 secundum
616 1147 740 1204 qued
760 1150 895 1192 Deus,
1610 1150 1613 1154 ·

151 1209 241 1255 Sed
259 1214 421 1254 contra
433 1215 502 1256 est
525 1206 650 1266 quo’d
672 1208 853 1264 (EpheS.
877 1221 919 1252 w
943 1216 1084 1263 super
1108 1205 1224 1251 illud
1245 1222 1256 1249 ε
1287 1206 1418 1260 ραόἀ
1440 1208 1592 1248 autem
1619 1205 1842 1262 ascendit,
1863 1206 1974 1261 quid

96 1276 186 1326 est,
209 1274 298 1315 nisi
322 1274 428 1326 quia
456 1274 500 1314 et
531 1267 825 1322 descendum
847 1267 957 1312 dicit
986 1267 1146 1311 Glossa
1176 1266 1343 1320 (ordin.
1373 1266 1491 1310 Petri
1522 1265 1696 1316 Lomb.)
1714 1282 1726 1310 ε
1747 1283 1767 1303 α
1787 1268 1973 1310 Constat

95 1331 221 1389 qued
238 1330 495 1377 Secundum
514 1330 848 1376 humanitatem
866 1330 1074 1374 Christus
1095 1328 1333 1373 descendit
1354 1332 1401 1372 et
1419 1328 1644 1372 ascendit.
1668 1346 1688 1367 υ

142 1399 428 1440 CONCLUSIO.
448 1421 494 1428 -
519 1397 713 1446 Ascendit
727 1397 917 1438 Christus
941 1397 985 1437 in
1007 1395 1176 1446 coelum‚
1199 1408 1281 1436 non
1301 1395 1526 1436 secundum
1549 1394 1737 1435 divinam
1765 1399 1974 1447 naturam,

44 1465 54 1473 ·
95 1465 186 1506 quae
199 1465 418 1506 nunquam
434 1454 582 1495 coelum
602 1452 794 1502 deseruit,
816 1452 886 1493 sed
900 1453 1129 1493 secundum
1152 1452 1260 1504 quod
1280 1452 1403 1492 homo
1419 1452 1570 1490 virtute
1595 1450 1827 1490 divinitatis
1851 1463 1972 1503 pene-

95 1509 222 1549 travit
240 1508 374 1549 coelos

151 1571 421 1628 Respondeo
439 1569 687 1616 dicendum
709 1569 835 1628 qued
856 1569 905 1628 ly
920 1569 1166 1614 secundem
1185 1569 1278 1614 duo
1296 1572 1448 1626 potest
1464 1572 1640 1624 notare,
1666 1568 1841 1614 scilicet
1860 1582 1973 1613 con-

98 1632 318 1678 ditionem
339 1634 649 1689 ascendentis,
674 1637 720 1677 et
741 1643 932 1677 causam
954 1631 1258 1677 ascensionis.
1283 1634 1337 1676 Et
1357 1632 1397 1678 si
1418 1630 1603 1688 quidem
1627 1631 1842 1687 designet
1862 1644 1973 1676 con-

98 1694 317 1740 ditionem
340 1695 662 1751 ascendentiS‚
693 1700 803 1739 tunc
833 1695 1088 1740 ascendere
1112 1707 1207 1740 non
1234 1698 1386 1752 potest
1411 1693 1660 1739 convenire
1690 1693 1865 1739 Christo
1896 1707 1975 1740 se-
2009 1692 2011 1695 ’

97 1757 300 1802 cundum
319 1757 627 1801 conditionem
650 1756 820 1802 divinae
846 1761 1051 1812 naturae;
1076 1762 1175 1802 tum
1196 1756 1305 1814 quia
1332 1755 1442 1799 nihil
1465 1761 1536 1799 est
1558 1754 1798 1800 divinitate
1817 1756 1970 1814 altius,

97 1830 191 1875 quo
211 1818 359 1875 possit
379 1818 651 1869 ascendere;
678 1823 777 1863 tum
799 1818 940 1863 etiam
959 1819 1067 1876 quia
1089 1819 1301 1863 ascensio
1330 1822 1401 1862 est
1422 1822 1576 1861 motus
1597 1818 1776 1873 localis,
1799 1818 1876 1875 qni
1901 1819 1973 1864 di-

96 1880 220 1924 vinae
237 1884 415 1925 naturae
433 1893 528 1926 non
547 1881 787 1938 competit,
809 1892 915 1938 quae
941 1886 1014 1927 est
1037 1881 1288 1926 immobilis
1309 1885 1358 1925 et
1378 1881 1606 1925 inlocalis.
1633 1881 1719 1925 Sed
1747 1893 1831 1937 per
1848 1882 1974 1927 hunc

98 1941 287 1986 modum
318 1942 530 1987 ascensio
560 1941 779 1999 competit
809 1941 986 1987 Christo
1017 1943 1279 1988 secundum
1309 1942 1563 1986 humanam
1595 1946 1834 1999 naturam,
1867 1957 1973 2001 quae

97 2003 360 2047 continetur
381 2003 507 2057 loco,
539 2007 585 2048 et
605 2003 750 2048 motui
780 2002 946 2061 subjici
970 2009 1138 2060 potest.
1163 2003 1292 2049 Unde
1322 2003 1411 2048 sub
1438 2004 1525 2048 hoc
1554 2015 1697 2048 sensu
1720 2005 1975 2060 poterimus

97 2063 248 2109 dicere
271 2065 394 2123 qued
414 2065 619 2110 Christus
642 2065 852 2111 ascendit
870 2067 919 2110 in
937 2067 1107 2112 coelum
1127 2102 1138 2122 ,
1165 2066 1423 2110 secundum
1452 2064 1578 2122 qued
1599 2067 1753 2122 homo,
1781 2079 1874 2111 non
1901 2080 1972 2113 se-

97 2127 303 2172 cundum
333 2128 456 2184 quod
486 2131 621 2173 Deus.
647 2128 690 2172 Si
712 2128 823 2172 vere
845 2128 894 2185 ly
917 2130 1161 2172 secundum
1185 2127 1400 2184 designet
1430 2139 1621 2172 causam
1654 2128 1970 2185 ascensionis,

97 2189 205 2233 cum
229 2189 436 2233 Christus
465 2201 523 2234 ex
547 2190 716 2234 virtute
738 2189 993 2235 divinitatis
1023 2190 1069 2234 in
1100 2190 1274 2235 coelum
1294 2189 1577 2244 ascenderit,
1610 2202 1704 2233 non
1728 2194 1884 2234 autem
1915 2203 1974 2235 ex

97 2249 267 2294 virtute
287 2250 502 2294 humanae
519 2255 696 2294 naturae
721 2252 795 2306 (4),
822 2251 1069 2297 dicendum
1092 2256 1163 2296 est
1183 2251 1309 2308 qued
1331 2251 1537 2295 Christus
1566 2249 1775 2295 ascendit
1806 2251 1853 2295 in
1883 2264 1976 2297 coe-

98 2310 210 2365 lum,
236 2323 325 2354 non
346 2311 603 2356 secundum
616 2311 741 2369 qued
760 2312 914 2369 homo,
941 2313 1025 2358 sed
1045 2313 1303 2358 secundum
1332 2311 1458 2368 qued
1478 2315 1614 2356 Deus·
1639 2311 1768 2366 Unde
1793 2315 1973 2370 Augus-

99 2371 222 2416 tinus
250 2373 360 2416 dicit
383 2372 446 2426 (in
480 2385 618 2417 serm.
660 2374 717 2418 de
737 2377 926 2419 Ascens.
967 2377 993 2420 3
1032 2375 1077 2418 in
1111 2387 1166 2419 eo
1199 2375 1317 2418 festo
1347 2373 1525 2430 impl.):
1557 2390 1578 2410 «
1598 2373 1658 2418 De
1694 2378 1853 2419 nostro
1888 2375 1974 2420 fuit

97 2433 220 2492 qued
241 2434 379 2479 Filius
399 2434 475 2479 Dei
498 2436 718 2492 pependit
739 2435 785 2479 in
807 2447 959 2492 cruce,
983 2437 1063 2481 sed
1084 2436 1142 2481 de
1165 2448 1251 2480 suo
1273 2434 1396 2493 qued
1421 2435 1645 2481 ascendit.
1671 2454 1692 2476 n

150 2495 217 2542 Ad
235 2499 431 2553 primum
457 2508 567 2552 ergo
597 2495 860 2551 dicendum,
886 2497 1011 2554 qued
1032 2498 1332 2542 auctoritates
1352 2496 1444 2541 illae
1461 2496 1729 2553 prophetice
1753 2496 1973 2543 dicuntur

97 2557 155 2602 de
176 2560 267 2602 Deo
288 2557 544 2602 seeundum
567 2557 692 2614 quod
724 2564 823 2603 erat
850 2559 1181 2604 incarnandus.
1201 2562 1352 2604 Potest
1375 2563 1529 2603 tamen
1554 2558 1642 2603 dici
1668 2558 1788 2615 qued
1807 2572 1973 2604 ascen-

97 2620 206 2665 dere
225 2620 311 2666 etsi
332 2633 424 2665 non
448 2621 632 2677 proprie
650 2622 898 2667 conveniat
920 2623 1092 2668 divinae
1113 2628 1307 2678 naturae,
1328 2627 1480 2678 potest
1503 2626 1658 2666 tamen
1680 2622 1719 2666 ei
1742 2624 1974 2679 metapho-

95 2680 190 2726 rice
199 2681 462 2737 convenire,
483 2687 620 2738 prout
636 2683 810 2728 scilicet
826 2685 992 2729 dicitur
1014 2685 1062 2729 in
1085 2697 1164 2730 cor
1183 2684 1384 2729 hominis
1402 2683 1669 2739 ascendere,
1692 2684 1878 2739 quando
1894 2697 1974 2730 cor

95 2742 297 2787 hominis
318 2756 369 2787 se
389 2743 575 2798 subjicit
599 2748 645 2788 et
666 2745 877 2790 humiliat
896 2750 1014 2803 De03
1042 2750 1088 2791 et
1117 2746 1279 2791 eodem
1307 2745 1445 2790 modo
1466 2745 1779 2801 metaphorice
1807 2745 1975 2792 dicitur

96 2804 346 2849 ascendere
365 2810 579 2860 respectu
599 2807 848 2862 cujuslibet
865 2812 1103 2864 creaturae,
1126 2821 1185 2853 ex
1206 2821 1260 2853 eo
1283 2806 1407 2864 qued
1426 2819 1530 2852 eam
1552 2806 1739 2864 subjicit
1757 2806 1861 2851 sibi.

149 2865 215 2910 Ad
235 2866 478 2908 secundum
497 2866 760 2922 dicendum,
785 2868 909 2924 qued
931 2869 1030 2925 ipse
1052 2869 1175 2914 idem
1194 2869 1361 2925 estqui
1382 2868 1591 2913 ascendit
1609 2873 1654 2912 et
1676 2868 1755 2925 qui
1780 2868 1973 2915 descen-

96 2926 178 2971 dit.
202 2926 314 2971 Dicit
345 2927 468 2972 enim
498 2929 784 2984 Augustinus
805 2932 881 2983 (De
911 2931 1152 2988 symbolo,
1186 2931 1266 2975 lib.
1300 2945 1358 2987 iv,
1387 2943 1492 2988 cap.
1517 2934 1559 2985 7)
1582 2945 1592 2974 ε
1615 2948 1635 2968 «
1656 2930 1766 2984 Quis
1794 2936 1864 2975 est
1892 2931 1973 2989 qui

95 2987 362 3034 descendit?
384 2992 503 3034 Deus
534 2990 690 3036 homo,
725 2990 834 3044 Quis
869 2997 938 3037 est
963 2993 1042 3050 qui
1075 2992 1313 3037 ascendit?
1343 2992 1465 3037 idem
1489 2992 1587 3049 ipse
1615 2995 1735 3037 Deus
1767 2993 1922 3038 homo.
1946 3010 1970 3029 ι·

93 3051 353 3094 Descensus
375 3055 529 3096 tamen
555 3050 727 3108 duplex
758 3053 1023 3098 attribuitur
1055 3055 1231 3099 Christo
1253 3071 1264 3099 ε
1288 3066 1414 3099 unus
1444 3054 1656 3111 quidem,
1682 3066 1776 3111 quo
1806 3054 1974 3101 dicitur

95 3109 388 3156 descendisse
407 3112 464 3157 de
481 3112 626 3165 coelo3
650 3112 729 3169 qui
754 3113 940 3170 quidem
962 3115 1226 3160 attribuitur
1246 3118 1338 3160 Deo
1356 3115 1548 3172 homini,
1570 3116 1830 3161 secundum
1849 3116 1971 3173 qued

94 3233 240 3269 eundum
263 3232 446 3267 humanam
469 3237 638 3273 naturam,
656 3236 748 3273 Juxta
763 3233 850 3268 illud
865 3236 987 3270 concil.
1113 3238 1156 3278 (l)
1172 3238 1235 3271 Hic
1249 3237 1399 3278 loquitur
1414 3238 1450 3272 S.
1466 3237 1592 3272 Doctor
1607 3236 1659 3272 vel
1676 3238 1716 3272 de
1731 3237 1858 3272 virtute
1876 3237 1971 3279 prin—

94 3282 249 3316 Lateran.
271 3280 463 3315 Descendit
483 3281 530 3315 ad
550 3280 701 3324 inferos,
727 3283 940 3316 resurrexit
964 3283 988 3318 d
1072 3283 1186 3326 cipali,
1203 3284 1258 3318 vel
1282 3283 1323 3320 de
1351 3284 1511 3326 naturali,
1536 3297 1611 3327 quae
1637 3284 1792 3326 procedit
1811 3297 1849 3319 ex
1878 3284 1971 3325 prin·

94 3330 246 3364 mortuis
261 3356 269 3368 ,
291 3329 455 3363 ascendit
481 3331 524 3364 in
545 3330 692 3369 coelum,
710 3329 773 3364 sed
801 3329 988 3365 descendit
1073 3331 1170 3373 cipiis
1185 3336 1323 3367 naturae.
1340 3332 1414 3366 Tali
1434 3333 1524 3367 enim
1547 3332 1675 3367 virtute
1690 3330 1905 3366 manifestum
1921 3335 1972 3367 est

95 3377 288 3417 inanima,
307 3378 517 3411 resurrexit
537 3378 579 3411 in
604 3385 729 3418 carne,
751 3378 987 3422 ascenditque
1073 3379 1161 3420 quiid
1190 3380 1343 3415 Christus
1373 3380 1408 3414 in
1433 3379 1553 3414 coelum
1584 3391 1652 3413 non
1680 3378 1841 3419 ascendit,
1863 3382 1903 3413 ut
1925 3377 1972 3412 ait

95 3426 238 3467 pariter
255 3426 297 3459 in
318 3429 484 3468 utroque.
1073 3428 1119 3460 (in
1140 3432 1203 3461 art.
1221 3440 1289 3468 seq.
1302 3428 1336 3461 in
1355 3440 1472 3468 corp).
