2170 3808
2027 13 2030 15 -
2059 22 2062 25 .
2114 0 2170 35 ts

2156 45 2170 58 ’Μ

125 243 208 285 324
665 239 866 291 QUAEST.
895 238 1076 293 XXXIX,
1105 237 1224 280 ART.
1254 238 1290 280 Π
1319 238 1384 281 ΕΤ
1412 239 1481 283 ΙΙΙ.

128 322 374 378 Gregorius
405 322 722 366 Nazianzenus
749 320 860 365 dicit
889 320 992 374 (loc.
1018 319 1096 364 cit.
1132 322 1220 362 art.
1254 321 1429 376 praec),
1467 337 1488 359 α
1520 320 1701 366 30001111
1736 319 1944 365 Christus
1963 320 2022 367 ad

128 382 414 441 baptismum
436 382 626 428 Joannis
646 382 1020 427 sanctificaturus
1041 380 1327 437 baptismum
1340 383 1414 437 (1).
1440 400 1461 422 2>

183 446 250 491 Ad
271 449 476 502 primum
500 458 611 502 ergo
630 445 899 502 dicendum,
931 444 1072 502 quod,
1098 444 1219 488 sicut
1249 455 1390 500 supra
1422 444 1597 489 dictum
1628 448 1701 490 est
1724 445 1827 499 (art.
1848 447 2022 501 praec.),

128 508 336 552 Christus
354 508 575 564 baptizari
598 507 760 565 voluit,
778 513 832 552 ut
854 519 941 551 nos
956 506 1170 562 exemplo
1190 518 1277 550 suo
1309 505 1551 552 induceret
1569 506 1628 551 ad
1651 505 1952 563 baptismum.
1970 507 2023 551 Et

127 569 232 615 ideo
254 570 313 615 ad
336 571 423 615 hoc
451 570 578 627 quod
599 575 723 616 esset
750 570 981 614 efficacior
1002 569 1106 626 ejus
1130 568 1357 625 inductio,
1377 569 1529 613 voluit
1546 568 1769 626 baptizari
1791 568 2023 624 baptismo

128 642 222 687 quo
245 633 491 678 manifeste
522 645 617 678 11011
641 632 893 688 indigebat,
929 636 982 676 ut
1010 630 1223 675 homiues
1246 630 1305 676 ad
1323 630 1607 687 baptismum
1632 631 1907 676 accederent
1930 642 2024 687 quo
2100 659 2105 663 -

126 693 416 750 indigebant.
439 695 567 740 Unde
595 694 863 740 Ambrosius
882 694 993 739 dicit
1020 695 1183 750 (Super
1205 696 1332 749 Luc..
1357 705 1462 750 sup.
1485 693 1599 738 illud
1619 706 1721 751 cap.
1747 697 1773 738 3
1798 707 1810 738 ε
1830 696 2024 736 Factum

128 758 196 800 est
220 760 385 811 autem)
407 773 417 802 ε
443 774 462 795 α
483 760 624 802 Νο1110
652 756 854 812 refugiat
877 755 1114 800 lavacrum
1139 755 1316 812 gratiae,
1338 755 1526 812 quando
1549 756 1755 800 Christus
1786 754 2022 799 lavacrum

126 818 415 874 poenitentiae
434 833 528 863 non
550 819 736 875 refugit.
760 837 780 857 »

183 880 248 925 Ad
271 883 516 926 secundum
540 880 804 935 dicendum,
827 879 952 935 quod
980 878 1242 936 baptismus
1269 879 1534 924 Judaeorum
1556 879 1604 923 in
1638 879 1737 936 iege
1765 882 2023 936 praeceptus

127 946 227 986 erat
263 943 414 987 solum
449 942 658 999 figuralis
679 955 690 984 :
711 941 972 998 baptismus
1013 946 1169 985 autem
1205 940 1396 985 Joannis
1438 941 1700 998 aliqualiter
1732 946 1830 986 erat
1868 940 2022 996 realis,

127 1003 404 1060 inquantum
421 1004 671 1050 Inducebat
689 1003 903 1048 homines
925 1002 984 1047 ad
1001 1002 1331 1048 abstinendum
1354 1002 1382 1046 a
1401 1003 1630 1060 peccatis3
1654 1003 1915 1061 baptismus
1943 1015 2024 1048 au-

128 1067 221 1110 tem
245 1068 406 1111 Christi
431 1068 569 1112 habet
598 1066 853 1112 efficaciam
882 1064 1141 1110 mundandi
1174 1065 1202 1109 a
1223 1068 1413 1122 peccato
1435 1069 1481 1109 et
1519 1065 1716 1122 gratiam
1737 1064 2022 1111 conferendi.

127 1128 335 1173 Christus
358 1135 515 1174 autem
538 1141 690 1186 neque
709 1128 948 1184 indigebat
978 1127 1218 1184 percipere
1240 1127 1565 1172 remissionem
1587 1131 1900 1184 peccatorum,
1922 1139 2026 1185 quae

126 1188 176 1233 in
201 1202 256 1235 eo
278 1203 373 1235 non
397 1196 544 1248 erant,
570 1203 722 1248 neque
743 1191 948 1247 recipere
970 1189 1184 1246 gratiam,
1201 1191 1295 1246 qua
1312 1189 1481 1246 plenus
1502 1194 1601 1234 erat
1622 1203 1634 1235 :
1660 1189 1868 1234 similiter
1886 1190 2024 1234 etiam

127 1254 236 1297 011111
261 1253 361 1309 ipsc
397 1254 457 1298 sit
477 1254 664 1308 veritaS,
687 1265 783 1297 non
812 1252 1103 1309 competebat
1124 1252 1166 1296 ei
1196 1251 1243 1296 id
1280 1252 1405 1308 quod
1430 1252 1477 1295 in
1519 1252 1619 1296 sola
1659 1252 1810 1308 figura
1835 1251 2025 1308 gereba-

128 1318 205 1359 tur
227 1317 303 1369 (2).
320 1318 374 1359 Et
411 1316 514 1361 ideo
537 1315 688 1371 magis
710 1326 972 1371 congruum
1004 1313 1092 1358 suit
1111 1313 1237 1370 quod
1274 1313 1585 1370 baptizaretur
1620 1314 1852 1371 baptismo
1874 1314 2025 1359 medio

129 1376 274 1434 quam
299 1377 455 1434 aliquo
474 1383 800 1422 extremorum.

182 1439 247 1484 Ad
270 1443 455 1483 tertium
484 1440 752 1495 dicendum,
787 1438 914 1496 quod
942 1437 1205 1508 baptismus
1237 1441 1311 1483 est
1342 1437 1576 1494 quoddam
1603 1438 1844 1510 spirituale
1877 1451 2025 1484 reme-

128 1499 296 1546 dium:
317 1502 493 1559 quanto
519 1507 676 1546 autem
710 1500 886 1557 aliquid
917 1504 987 1544 est
1006 1500 1156 1556 magis
1174 1500 1447 1556 perfectum,
1468 1499 1597 1543 tanto
1625 1500 1791 1545 minori
1822 1500 2026 1546 remedio

127 1563 321 1619 indiget.
342 1564 470 1608 Unde
493 1576 552 1609 ex
573 1563 686 1608 hoc'
676 1574 778 1620 ipso
797 1561 922 1619 quod
945 1562 1151 1607 Christus
1171 1566 1245 1606 est
1264 1561 1466 1606 maxime
1483 1562 1730 1623 perfectus,
1744 1574 1864 1608 conv
1866 1562 2027 1608 eniens

127 1624 215 1669 fuit
233 1626 359 1681 quod
378 1638 470 1670 non
493 1626 803 1683 baptizaretur
816 1624 1151 1682 perfectissimo
1164 1623 1420 1682 baptism03
1441 1624 1560 1668 510111
1581 1624 1658 1669 1110
1680 1624 1759 1688 qui
1774 1629 1847 1670 est
1866 1636 2026 1685 sanus,

128 1698 222 1731 non
243 1688 421 1744 indiget
445 1688 621 1732 efficaci
643 1686 890 1732 medicina.

128 1764 474 1808 ARTICULUS
494 1767 577 1808 111.
581 1777 789 1807 —u‘rmm
809 1775 1003 1807 cumsrus
1019 1775 1292 1807 couvssutssmi
1309 1775 1499 1806 TEMPORE
1521 1775 1669 1806 rusum·
1691 1775 1939 1807 narramus
1955 1765 2024 1818 (3).

129 1837 178 1873 De
192 1837 246 1872 his
264 1837 368 1873 etiam
393 1840 488 1874 Sent.
508 1847 558 1880 lv,
574 1838 652 1873 dist.
669 1838 702 1879 4,
722 1841 837 1880 quaest.
865 1846 916 1878 111,
933 1841 1000 1872 art.
1016 1838 1048 1878 t,
1066 1842 1184 1879 quaest.
1200 1846 1232 1879 1,
1250 1841 1284 1873 et
1298 1837 1377 1872 dist.
1396 1838 1452 1880 ⁴4,
1473 1837 1510 1872 in
1524 1837 1637 1879 princ.
1655 1836 1879 1880 Expositionis
1891 1832 2026 1874 littera.

183 1906 247 1951 Ad
275 1908 461 1952 tertium
496 1907 563 1952 sic
585 1906 861 1965 proceditur.
897 1909 941 1952 1.
977 1906 1166 1951 Videtur
1195 1904 1321 1963 quod
1353 1918 1448 1950 non
1485 1905 1783 1950 convenienti
1822 1909 2026 1962 tempore

133 1968 337 2013 Christus
375 1969 514 2014 fuerit
541 1969 816 2026 baptizatus.
839 1968 905 2013 Ad
940 1969 1029 2013 hoc
1050 1968 1176 2013 enim
1206 1967 1416 2013 Chlistus
1456 1966 1721 2024 baptizatus
1755 1972 1830 2012 est
1870 1972 1921 2011 ut
1942 1979 2027 2015 suo

128 2032 341 2098 exemplo
364 2033 479 2077 alios
511 2032 570 2078 ad
597 2033 881 2090 baptismum
912 2044 996 2089 pro
1000 2037 1199 2077 v.ocaret
1229 2031 1313 2077 Sed
1353 2031 1514 2077 fideles
1541 2031 1706 2076 Christi
1738 2031 2028 2077 laudabiliter

128 2085 421 2150 baptizantur
445 2108 540 2139 non
563 2095 713 2140 50111111
752 2100 861 2139 ante
884 2094 1176 2150 trigesimum
1205 2105 1410 2150 annum
1441 2093 1526 2138 sed
1558 2093 1698 2138 etiam
1741 2093 1790 2137 in
1827 2093 2027 2138 infantili

130 2161 280 2202 aetate.
301 2161 420 2215 Ergo
445 2158 627 2203 videtur
647 2158 774 2215 quod
796 2159 883 2202 cm
885 2157 1003 2203 istus
1021 2170 1113 2202 non
1139 2157 1352 2202 debuerit
1370 2156 1592 2213 baptizari
1616 2157 1664 2200 in
1685 2159 1820 2200 aetate
1840 2157 2027 2214 triginta

129 2230 376 2264 annorum.

185 2283 227 2325 2.
258 2282 500 2337 Praeterea,
534 2280 740 2325 Christus
771 2293 867 2325 non
903 2280 1073 2337 legitur
1114 2280 1332 2325 docuisse
1354 2279 1429 2325 vel
1465 2279 1691 2324 miracula
1716 2278 1882 2324 fecisse
1921 2286 2029 2330 ante

132 2342 420 2416 baptismum
455 2344 497 2396 (4
502 2347 532 2394 ).
572 2342 660 2387 Sed
691 2342 853 2387 utilius
889 2343 1055 2388 fuisset
1096 2341 1350 2398 1111111110,51
1381 2342 1522 2398 priori
1546 2346 1752 2399 tempore
1776 2342 2027 2414 docuisset

130 2404 364 2461 incipiens
383 2404 410 2449 a
428 2404 655 2460 vigesimo
677 2404 903 2462 311110,νο1
925 2405 1064 2450 etiam
1083 2405 1228 2461 prius.
1242 2407 1358 2459 Ergo
1380 2404 1565 2449 videtur
1579 2404 1935 2462 quemchristus,
1949 2418 2028 2463 qui

129 2479 215 2525 pro
234 2467 430 2512 utilitate
447 2467 689 2511 hominum
705 2472 914 2521 venerat,
934 2473 1041 2511 ante
1062 2467 1353 2522 trigesimum
1373 2478 1549 2510 annum
1562 2466 1774 2511 debuerit
1791 2466 2025 2523 baptizari.

187 2532 229 2574 3.
262 2531 501 2585 Praeterea
524 2529 747 2573 indicium
769 2528 1008 2586 sapientiae
1027 2529 1250 2574 divinitus
1271 2529 1440 2572 infusae
1462 2528 1664 2572 maxime
1699 2528 1858 2573 debuit
1880 2529 2027 2575 mani-

131 2591 289 2636 festari
322 2591 370 2633 in
402 2590 594 2634 Christo.
617 2592 695 2634 Est
713 2595 868 2634 autem
889 2590 1272 2635 manifestatum'
1261 2603 1307 2633 111
1322 2589 1508 2634 Daniele
1531 2595 1738 2646 tempoie
1760 2602 1858 2635 suae
1872 2591 2027 2647 pueri-

132 2654 222 2713 tiae,
244 2653 503 2698 secundum
523 2651 637 2696 illud
657 2655 784 2707 (Dan.
802 2666 892 2709 xm
919 2656 1029 2708 45st
1049 2655 1294 2697 Suscitavit
1322 2655 1540 2696 Dominus
1563 2655 1776 2709 spiritum
1800 2656 1935 2709 pueri
1953 2655 2029 2709 Ju-

130 2719 288 2772 nioris,
313 2729 439 2770 cuyus
471 2728 630 2758 nomen
660 2715 842 2759 Daniel.
865 2717 988 2771 Ergo
1022 2715 1170 2759 multo
1205 2715 1356 2772 magis
1391 2711 1600 2759 Christus
1639 2713 1690 2758 in
1718 2726 1804 2759 sua
1832 2715 2029 2771 pueritia

133 2778 295 2824 debuit
316 2776 537 2834 baptizari
557 2781 604 2821 et
623 2776 805 2821 docere.

184 2843 228 2884 4.
260 2841 499 2893 Praeterea,
524 2838 784 2894 baptismus
807 2838 999 2883 Joannis
1018 2837 1259 2883 ordinatur
1296 2838 1355 2883 ad
1391 2837 1675 2894 baptismum
1708 2836 1872 2883 Christi
1909 2837 2030 2883 sicut

132 2900 193 2946 ad
209 2897 369 2944 finem.
393 2901 478 2944 Sed
493 2899 599 2943 finis
619 2904 690 2944 est
710 2898 835 2955 prior
853 2899 902 2943 in
930 2899 1188 2944 intentione
1210 2903 1258 2944 et
1279 2899 1508 2956 posterior
1530 2899 1578 2943 in
1605 2898 1895 2943 executione.
1911 2901 2029 2956 Ergo
2070 2951 2072 2953 ¹

131 2961 207 3006 vel
221 2962 429 3007 Christus
443 2961 603 3006 debuit
626 2961 806 3018 primus
828 2961 857 3005 a
877 2964 1054 3006 Joanne
1078 2961 1312 3019 baptizari,
1332 2961 1407 3005 vel
1428 2961 1638 3006 ultimus.

191 3024 279 3069 Sed
300 3028 461 3068 contra
481 3022 690 3080 estquod
712 3023 879 3068 dicitur
903 3025 1030 3084 (Luc.
1051 3038 1113 3082 111,
1129 3027 1200 3080 21)
1219 3039 1231 3068 z
1252 3027 1447 3068 Factum
1484 3028 1549 3067 est
1579 3024 1681 3067 cum
1715 3023 2029 3079 baptizaretur

178 3161 219 3205 (1)
247 3163 344 3197 Tunc
377 3162 470 3197 dedit
499 3163 592 3203 aquis
619 3163 782 3198 virtutem
814 3162 1037 3203 regenerandi
1165 3163 1209 3205 (5)
1228 3163 1334 3198 Docet
1360 3164 1396 3197 S.
1413 3162 1538 3196 Doctor
1552 3161 1588 3196 in
1606 3161 1671 3195 hoc
1689 3160 1832 3195 articulo
1858 3160 2026 3195 Christum

134 3209 274 3250 animas,
295 3213 328 3243 et
344 3209 423 3244 hinc
437 3210 608 3244 concludit
627 3212 662 3244 S.
686 3211 814 3245 Doctor
830 3209 1037 3251 baptismum
1124 3210 1363 3245 convenienter
1387 3209 1598 3251 baptizatum
1624 3207 1796 3248 trigesimo
1827 3208 1936 3244 aetatis
1962 3219 2028 3243 sue

134 3256 218 3298 legis
234 3269 328 3293 novae
343 3257 390 3292 ita
405 3257 505 3292 fuisse
520 3258 714 3292 institutum
729 3258 795 3299 (Cf.
807 3263 923 3299 quaest.
942 3267 1036 3298 LXVI,
1123 3270 1226 3294 anno.

134 3309 200 3340 nrt.
218 3305 265 3346 2).
1165 3307 1209 3346 (li)
1231 3307 1363 3350 Quippe
1380 3307 1455 3341 011111
1476 3305 1626 3347 primum
1654 3304 1787 3345 signum
1801 3316 1859 3339 seu
1880 3303 2028 3339 miracu·⁴

175 3353 218 3395 (2)
245 3354 464 3388 circumcisio
483 3358 554 3387 erat
577 3365 708 3393 quoque
733 3354 923 3395 figurativa,
951 3359 1035 3389 atta·
1120 3356 1191 3390 lum
1213 3355 1422 3390 describatur
1436 3355 1552 3389 fecisse
1568 3354 1701 3395 quando
1717 3365 1835 3395 aquam
1860 3353 1894 3387 111
1911 3353 2025 3387 vinum

134 3412 212 3435 men
236 3414 309 3435 cum
325 3401 512 3435 observavit
533 3400 684 3434 Christus
699 3407 838 3442 propter
856 3403 1004 3436 rationes
1017 3403 1037 3436 ὲ
1121 3405 1226 3438 vertit
1245 3405 1353 3445 (Joan.
1373 3403 1424 3445 11).
1445 3403 1510 3445 Qui
1529 3407 1597 3443 jam
1611 3403 1718 3444 (Joan.
1740 3409 1764 3442 1)
1779 3400 2025 3443 supponebatur

137 3447 341 3489 figuratione.
358 3449 514 3488 diversas,
534 3455 571 3483 ut
586 3454 676 3490 patet
701 3460 741 3484 ex
765 3455 883 3491 quoest.
905 3459 1036 3492 xxxvii,
1122 3451 1320 3492 baptizatus.

135 3502 201 3532 art.
215 3501 249 3532 «1.
