2170 3808
955 0 1027 7 -w—-x
1049 0 1068 7 κ
1124 0 1265 5 ww--qr

89 258 171 301 620
647 252 846 304 QUAEST.
879 252 999 307 Lxx,
1030 252 1148 295 ART.
1181 252 1234 294 m
1262 252 1327 294 ET
1354 253 1422 295 lv.

90 337 178 392 filii
200 337 299 391 δαίς
323 329 371 379 et
393 336 544 388 (Josuc
566 345 610 388 v,
634 335 674 384 2>
698 331 867 377 dicitur
887 346 898 375 ε
924 332 1022 375 Fac
1053 333 1132 375 tibi
1161 331 1364 376 cultellos
1392 332 1615 389 lapideos,
1644 337 1689 376 et
1713 333 1988 376 circumcide

90 398 284 442 secundo
314 398 430 451 filios
460 394 639 451 Israel‚·
670 407 754 451 per
785 395 910 451 quod
941 394 1230 449 figurabatur
1260 394 1660 440 circumcisionem
1699 395 1988 452 spiritualem

90 471 195 504 esse
215 458 477 503 faciendam
501 468 584 512 per
607 457 858 512 Christum,
884 455 942 500 de
965 468 1058 513 quo
1081 456 1251 500 dicitur
1273 458 1319 508 (Ι.
1344 457 1546 502 Corinth.
1571 472 1614 516 x,
1638 460 1683 512 4)
1705 472 1716 501 ε
1741 460 1882 501 Petra
1901 470 1988 501 au-

91 523 180 565 tem
203 524 305 564 erat
328 519 554 562 Christus.

144 583 212 628 Ad
229 585 409 626 tertium
434 580 683 625 dicendum
698 614 709 633 ,
733 581 860 638 quod
881 585 1076 626 octavus
1100 580 1201 625 dies
1225 580 1623 626 determinabatur
1644 581 1986 626 circumcisioni

91 648 188 689 tum
213 649 401 700 propter
430 642 734 700 mysterium,
760 643 871 700 quia
900 643 948 686 in
971 648 1136 688 octava
1159 647 1318 698 aetate,
1341 654 1448 699 quae
1476 643 1562 688 erit
1591 648 1706 688 aetas
1735 654 1985 698 resurgen-

81 706 220 761 tium,
245 705 380 762 quasi
403 705 451 749 in
475 710 640 749 octavo
660 705 735 750 die
752 704 1020 766 perficietur
1038 717 1121 761 per
1145 704 1374 749 Christum
1397 704 1652 761 spiritualis
1676 704 1985 761 circumcisio,

90 768 280 825 quando
298 768 478 813 auferet
501 768 560 812 ab
581 767 743 812 electis
774 780 868 811 non
889 767 1042 812 solum
1066 766 1278 823 culpam,
1309 767 1392 812 sed
1415 767 1555 811 etiam
1584 779 1769 812 omnem
1793 765 1988 823 poenali-

91 833 260 878 tatem:
286 834 386 875 tum
398 829 540 874 etiam
556 833 746 885 propter
767 829 1127 873 teneritudinem
1143 828 1336 872 infantis
1348 833 1457 873 ante
1471 834 1685 873 octavum
1701 829 1841 873 diem.
1859 827 1988 872 Unde

90 891 230 936 etiam
252 892 311 937 de
333 892 613 936 animalibus
641 891 800 945 (Levit.
824 905 930 947 xxn,
964 894 1035 945 37)
1058 891 1326 948 praecipitur
1346 906 1358 934 ε
1381 894 1485 948 Bos,
1510 895 1607 935 ovis
1635 894 1680 935 et
1701 904 1861 947 capra,
1886 890 1988 933 ciam

89 959 242 1011 penita
262 958 450 1010 suerint,
470 957 640 1011 septem
659 955 816 998 diebus
834 957 969 998 erunt
989 955 1069 997 sub
1087 954 1219 997 ubere
1238 956 1406 997 matris
1424 966 1543 1010 suae5
1563 954 1638 998 die
1657 957 1809 998 autem
1828 955 1988 996 octavo

89 1019 134 1060 et
155 1018 367 1073 deinceps
395 1019 552 1072 offerri
572 1019 786 1072 poterunt
810 1020 1019 1060 Domino.
1047 1018 1154 1061 Erat
1177 1020 1335 1060 autem
1358 1020 1552 1061 octavus
1579 1015 1679 1061 dies
1703 1015 1760 1061 de
1779 1014 1989 1060 necessi-

88 1082 185 1123 tate
207 1079 442 1138 praecepti,
469 1079 531 1122 ita
550 1078 730 1123 scilicet
749 1078 874 1135 quod
895 1083 1115 1123 octavum
1138 1078 1262 1123 diem
1284 1077 1689 1135 praetermittentes
1713 1077 1985 1134 peccabant,

89 1140 273 1186 etiamsi
294 1146 421 1186 esset
440 1141 717 1198 sabbatum,
751 1141 1011 1187 secundum
1039 1141 1156 1186 illud
1185 1143 1330 1194 (Joan.
1353 1155 1440 1197 vn,
1463 1142 1533 1196 23)
1556 1155 1568 1185 ι
1597 1142 1989 1185 Circumcisionem

89 1206 258 1260 accipit
279 1203 411 1247 homo
428 1207 477 1247 in
495 1204 701 1260 sabbam,
724 1207 775 1247 ut
795 1217 887 1247 non
908 1204 1112 1247 solvatur
1133 1201 1209 1247 [αι’
1226 1205 1385 1260 Moysi.
1408 1205 1507 1248 Non
1527 1207 1684 1247 tamen
1707 1207 1806 1247 erat
1827 1202 1886 1247 de
1907 1213 1989 1246 ne—

89 1267 305 1311 cessitate
328 1266 625 1321 sacramenti,
647 1265 758 1322 quia
779 1265 819 1310 si
839 1265 981 1322 aliqui
1003 1265 1278 1309 omittebant
1299 1270 1519 1310 octavum
1541 1265 1662 1309 diem
1677 1297 1690 1320 ,
1721 1270 1882 1320 postea
1904 1275 1990 1321 po-

90 1330 243 1372 terant
261 1328 548 1373 circumcidi.
570 1327 765 1381 Quidam
785 1328 923 1371 etiam
940 1327 1101 1371 dicunt
1120 1327 1244 1384 quod
1260 1332 1449 1384 propter
1464 1326 1723 1384 periculum
1742 1325 1990 1371 imminen-

91 1390 151 1434 tis
181 1391 346 1436 mortis
380 1396 560 1448 poterat
592 1395 788 1435 octavus
820 1391 921 1435 dies
955 1390 1215 1447 praeveniri.
1253 1390 1341 1436 Sed
1376 1391 1466 1436 hoc
1501 1401 1589 1436 nec
1623 1402 1683 1435 ex
1718 1388 1991 1434 auctoritate

91 1454 357 1510 Scripturae,
380 1467 468 1499 nec
486 1467 544 1499 ex
563 1453 907 1499 consuetudine
921 1453 1187 1498 Judaeorum
1207 1453 1368 1498 haberi
1392 1457 1562 1510 potest.
1587 1452 1718 1497 Unde
1737 1452 1904 1497 mellus
1923 1451 1990 1497 di·

92 1516 293 1560 cendum
317 1521 411 1572 est,
445 1516 568 1561 sicut
589 1516 728 1561 etiam
753 1518 885 1572 Hugo
908 1515 967 1560 de
990 1517 1034 1559 S.
1055 1515 1234 1559 Victore
1257 1515 1368 1560 dicit.
1387 1518 1467 1570 (De
1489 1527 1687 1560 sacram.
1708 1515 1786 1559 lib.
1816 1528 1846 1570 1,
1868 1519 1986 1571 part.

90 1580 162 1634 12,
187 1591 291 1634 cap.
309 1581 354 1634 2,
373 1578 402 1622 a
426 1578 582 1633 med),
604 1577 728 1633 quod
747 1582 941 1622 octavus
960 1577 1059 1622 dies
1078 1577 1207 1620 nulla
1225 1576 1502 1622 necessitate
1524 1576 1898 1633 praeveniebatur
1912 1578 1989 1630 (1).

91 1639 221 1684 Unde
244 1652 385 1696 super
408 1639 523 1684 illud
555 1638 789 1694 (Proverb.
815 1641 872 1693 iv)
893 1652 905 1683 ;
937 1641 1198 1695 Uniqenitus
1219 1652 1346 1682 eram
1374 1652 1530 1682 coram
1553 1643 1700 1682 matre
1727 1641 1854 1694 med,
1882 1638 1993 1684 dicit

91 1700 250 1745 Glossa
282 1700 418 1755 (ord.)
437 1733 451 1758 ,
478 1700 603 1758 quod
625 1700 744 1744 alius
773 1700 1011 1744 Bersabeae
1033 1700 1258 1756 parvulus
1283 1713 1376 1746 non
1399 1705 1720 1757 computatur,
1754 1699 1863 1757 quia
1884 1705 1992 1746 ante

89 1768 306 1807 octavum
335 1763 460 1807 diem
490 1768 707 1808 mortuus
734 1763 1004 1807 nominatus
1029 1775 1123 1807 non
1151 1763 1264 1820 fuit,
1289 1767 1335 1808 et
1363 1775 1447 1820 per
1470 1775 1766 1820 consequens
1791 1775 1878 1807 nec
1900 1763 1992 1808 cir-

89 1825 328 1870 cumcisus
349 1828 421 1879 (Ξ).

89 1888 435 1932 ARTICULUS
463 1890 548 1932 IV.
568 1912 625 1921 —
647 1902 783 1932 urium
809 1901 1069 1932 cincunclsio
1092 1901 1359 1932 conensem·
1382 1900 1558 1932 curun
1581 1901 1891 1932 susriricmran
1913 1890 1988 1944 (3).

91 1957 140 1992 De
160 1956 214 1992 his
233 1958 335 1992 etiam
355 1969 468 2000 supra,
487 1961 606 2000 quast.
623 1966 712 1999 uu,
728 1962 794 1993 art.
809 1959 830 1992 6
850 1957 892 1992 ad
912 1958 945 1998 5,
963 1961 998 1992 et
1012 1958 1106 1992 Sent.
1125 1965 1173 1999 lv,
1191 1956 1271 1992 dist.
1288 1958 1302 1991 l
1317 1984 1326 1997 ‚
1346 1962 1463 1998 quaest.
1479 1958 1519 1998 1'1,
1536 1959 1603 1992 art.
1617 1957 1651 2000 4,
1667 1961 1702 1992 et
1720 1957 1768 1991 De
1786 1968 1858 1992 ver.
1875 1960 1990 1999 quaest.

670 2014 794 2048 xxvm,
810 2011 877 2040 art.
892 2007 914 2041 2
929 2006 969 2040 ad
994 2006 1048 2046 42,
1063 2010 1098 2040 et
1112 2006 1212 2042 Rom.
1226 2014 1276 2048 iv,
1294 2006 1373 2040 lect.
1388 2008 1422 2040 5.

143 2060 212 2106 Ad
234 2065 451 2118 quartum
472 2061 539 2106 sic
565 2062 846 2118 proceditur.
868 2066 911 2106 1.
936 2061 1124 2106 Videtur
1147 2061 1273 2118 quod
1296 2061 1587 2106 circumcisio
1607 2073 1701 2106 non
1726 2061 1992 2108 conferebat

91 2122 287 2179 gratiam
306 2122 660 2180 Justificantem.
691 2124 808 2168 Dicit
834 2124 959 2169 enim
991 2124 1240 2181 Apostolus
1270 2123 1432 2177 (Galat.
1458 2137 1506 2180 n,
1530 2125 1601 2178 21)
1623 2136 1635 2167 :
1655 2126 1704 2167 Sz·
1735 2137 1791 2167 ex
1812 2125 1906 2180 leye
1923 2127 1991 2168 est

89 2187 289 2242 justitia,
315 2185 524 2230 Christus
552 2190 698 2243 gyratis
719 2191 926 2230 mortu-us
949 2190 1031 2243 est,
1066 2186 1113 2231 id
1142 2190 1239 2242 est,
1270 2187 1372 2231 sine
1402 2197 1559 2230 causa.
1592 2186 1679 2231 Sed
1701 2186 1990 2232 circumcisio

90 2252 189 2291 erat
208 2247 421 2303 quaedam
442 2247 666 2303 obligatio
688 2248 807 2305 legis
826 2248 1093 2306 implendae,
1116 2248 1378 2293 secundum
1399 2247 1514 2293 illud
1535 2247 1697 2303 (Galat.
1718 2263 1760 2305 v,
1785 2250 1828 2298 3)
1852 2261 1864 2291 ε
1889 2253 1991 2293 Tes-

92 2309 240 2362 tificor
259 2312 382 2351 omni
397 2311 573 2353 homini
590 2311 934 2355 circumcidenti
953 2324 1015 2367 se,
1039 2314 1254 2366 quoniam
1274 2310 1449 2354 debitor
1469 2314 1537 2354 est
1556 2313 1774 2355 universae
1793 2312 1904 2367 leqz's
1917 2314 1992 2366 sa-

91 2370 277 2415 ciendae.
300 2373 418 2427 Ergo
439 2371 477 2416 si
501 2384 559 2416 ex
583 2371 937 2417 circumcisione
958 2377 1029 2417 est
1052 2371 1234 2429 ¹justitia
1249 2407 1261 2426 ,
1287 2372 1494 2416 Christus
1514 2372 1679 2430 gratis,
1703 2372 1751 2417 id
1771 2378 1865 2430 est,
1890 2373 1992 2418 sine

90 2444 250 2487 causa,
270 2439 485 2477 mortuus
508 2439 594 2478 est.
615 2434 703 2479 Sed
721 2435 811 2478 hoc
827 2439 899 2479 est
922 2434 1273 2479 inconveniens.
1299 2437 1398 2478 Non
1422 2446 1533 2491 ergo
1562 2445 1622 2479 ex
1643 2434 1993 2481 circumcisione

90 2498 191 2538 erat
211 2495 359 2551 gratia
377 2494 643 2550 Justificans
668 2495 695 2539 a
718 2500 926 2553 peccato.

146 2557 189 2600 2.
222 2557 460 2615 Praeterea,
488 2562 597 2602 ante
618 2557 959 2603 institutionem
978 2557 1348 2603 circumcisionis
1366 2559 1465 2603 sola
1485 2558 1600 2604 fides
1621 2559 1679 2603 ad
1698 2558 1991 2616 Justificatio·

91 2631 199 2664 nem
224 2621 514 2677 sufficiebam
539 2620 653 2666 dicit
686 2622 812 2667 enim
840 2621 1088 2679 Gregorius
1115 2621 1286 2675 (Moral.
1319 2621 1401 2668 lib.
1428 2635 1496 2679 iv,
1526 2634 1630 2678 cap.
1655 2625 1709 2679 3,
1733 2622 1761 2666 a
1786 2623 1988 2679 princ.):

94 2700 116 2721 «ι
137 2681 267 2735 Quod
288 2682 411 2738 apud
436 2694 524 2728 nos
546 2683 671 2727 valet
691 2696 813 2740 aqua
837 2684 1153 2741 baptismatis,
1179 2685 1267 2729 hoc
1293 2684 1388 2740 egit
1410 2683 1536 2742 apud
1564 2689 1744 2729 veteres
1770 2698 1855 2741 pro
1882 2699 1993 2743 par-

91 2743 213 2788 vulis
235 2743 333 2788 sola
356 2742 490 2789 fides.
520 2762 542 2783 2»
579 2744 668 2790 Sed
690 2745 839 2789 virtus
870 2746 976 2790 fidei
1001 2758 1096 2789 non
1129 2750 1201 2790 est
1224 2745 1471 2790 imminuta
1492 2757 1576 2803 per
1595 2746 1871 2791 mandatum
1903 2747 1990 2793 cir·
2037 2745 2046 2756 ⁸

92 2805 409 2851 cumcisionis.
434 2809 554 2863 Ergo
572 2807 673 2852 sola
693 2806 810 2852 fides
831 2808 1052 2864 parvulos
1066 2807 1370 2865 justificabat,
1390 2812 1438 2853 et
1461 2820 1555 2853 non
1579 2808 1886 2856 circumcisio.

149 2869 194 2914 3.
225 2869 451 2913 Praeterea
488 2871 642 2921 (Josue
664 2883 706 2926 v,
732 2872 774 2924 5)
789 2904 801 2923 ‚
826 2870 999 2927 legitur
1021 2870 1143 2926 quod
1164 2870 1355 2927 populus
1377 2874 1452 2926 qui
1474 2873 1608 2914 natus
1630 2874 1695 2914 est
1723 2874 1770 2914 in
1797 2871 1989 2930 deserto,

92 2942 175 2985 per
192 2931 508 2987 quadraqz‘nta
526 2944 669 2975 annos
688 2935 1028 2977 incircumcisus
1043 2935 1151 2987 fuit.
1174 2933 1217 2976 Si
1238 2944 1350 2988 ergo
1378 2945 1461 2990 per
1484 2932 1886 2978 circumcisionem
1904 2946 1992 2980 au-

94 2991 328 3036 ferebatur
351 2998 595 3049 peccatum
619 2994 863 3052 originale,
888 2995 1073 3040 videtur
1098 2995 1225 3052 quod
1247 3008 1411 3040 omnes
1436 2996 1513 3052 qui
1538 2995 1586 3040 in
1611 2996 1796 3041 deserto
1821 2997 1991 3042 mortui

94 3057 221 3108 sunt,
245 3058 338 3097 tam
362 3055 546 3110 parvuli
572 3056 714 3113 quam
734 3057 907 3110 adulti,
928 3058 1101 3102 fuerint
1123 3058 1347 3103 damnati.
1367 3061 1421 3103 Et
1442 3058 1605 3104 eadem
1627 3058 1826 3114 objectio
1844 3063 1916 3104 est
1934 3059 1992 3104 de

95 3114 254 3169 pueris
273 3115 353 3171 qui
378 3117 702 3162 moriebantur
720 3123 828 3164 ante
850 3124 1066 3164 octavum
1092 3119 1214 3164 diem
1237 3119 1624 3175 circumcisionis,
1647 3119 1728 3177 qui
1746 3120 1990 3177 praeveniri

97 3186 187 3219 non
210 3175 424 3233 debebat,
450 3182 504 3222 ut
524 3179 700 3224 dictum
725 3184 797 3224 est
813 3183 916 3234 (art.
934 3194 1071 3238 praec.
1096 3182 1155 3226 ad
1173 3184 1229 3234 3).

136 3310 181 3352 (l)
202 3311 247 3344 Ex
265 3310 318 3345 his
339 3313 432 3352 patet
456 3310 546 3345 diem
572 3315 727 3347 octavum
754 3313 855 3349 fuisse
878 3315 918 3349 de
942 3327 1000 3349 ne·
1089 3327 1136 3351 erc
1150 3326 1259 3357 opere
1279 3319 1432 3358 operato
1447 3316 1613 3358 passive,·
1635 3313 1743 3355 quoad
1759 3312 1890 3348 adultos
1909 3314 1989 3348 verb

96 3359 247 3394 cessitate
270 3358 440 3400 vraecepfi·
1088 3363 1194 3405 magis
1224 3363 1331 3398 fervet
1362 3364 1612 3405 controversia,
1645 3362 1746 3397 multi
1779 3362 1990 3396 contendunt

135 3406 179 3446 (2)
204 3407 298 3442 Nihil
318 3407 400 3441 dicit
418 3408 545 3443 Auctor
570 3408 610 3442 de
635 3409 904 3446 circumcisionis
927 3411 1002 3446 loco
1088 3424 1161 3446 eam
1182 3424 1249 3446 non
1267 3412 1446 3447 contulisse
1463 3411 1618 3453 gratiam,
1635 3410 1698 3445 nisi
1720 3420 1768 3446 θα)
1785 3421 1892 3454 opere
1908 3420 1987 3454 ope-

98 3458 131 3492 εἲ
144 3455 311 3496 ministro,
330 3455 408 3495 qnia
436 3455 523 3489 nihil
552 3457 727 3499 Scriptura
749 3458 1001 3494 determinavit.
1087 3460 1222 3495 rancis.

136 3503 179 3545 (5)
209 3504 250 3538 ln
270 3504 385 3545 pueris
407 3504 621 3540 circumcisio
640 3505 835 3542 conferebat
860 3507 1000 3546 gratiam
