2170 3808
701 208 902 262 QUAEST.
926 209 1104 262 XXVIII,
1132 209 1251 253 ART.
1282 209 1316 252 11
1344 209 1410 252 ΕΤ
1438 209 1505 252 111.
1976 210 2060 253 237

169 291 352 350 petebat
371 266 638 348 proprietati
651 289 754 348 ejus
773 289 853 346 qui
877 288 1174 347 nascebatur,
1194 288 1275 347 qui
1289 293 1360 334 est
1381 288 1579 334 Verbum
1602 287 1699 334 Dei.
1722 290 1836 333 Nam
1857 288 2060 334 Verbum

169 365 264 398 non
290 353 440 398 solum
458 352 509 397 in
526 350 666 397 corde
689 351 868 408 absque
891 351 1190 409 corruptione
1207 351 1483 410 concipitur,
1501 350 1586 397 sed
1602 350 1742 396 etiam
1760 349 1941 407 absque
1954 361 2063 394 cor-

169 415 381 472 ruptione
400 426 458 460 ex
482 412 623 459 corde
646 412 869 470 procedit.
892 412 1021 459 Unde
1048 417 1102 458 ut
1120 412 1445 458 ostenderetur
1462 412 1589 469 quod
1604 412 1720 457 illud
1748 415 1874 457 esset
1889 421 2063 468 corpus

169 477 316 534 ipsius
337 474 471 522 Verbi
493 475 590 531 Dei,
616 475 901 520 conveniens
919 474 1009 521 fuit
1028 478 1082 520 ut
1102 474 1160 520 de
1190 474 1459 531 incorrupto
1476 474 1674 532 virginis
1691 477 1825 519 utero
1843 484 2062 518 nascere-

171 542 262 584 tur.
287 538 415 585 Unde
446 537 495 582 in
527 548 743 582 sermone
771 537 976 594 quodam
996 535 1214 593 Ephesini
1232 535 1416 580 concilii
1435 535 1540 591 (loc.
1564 535 1657 587 cit.)
1681 535 1881 591 legitur:
1909 552 1930 574 α
1949 537 2063 589 Quae

171 601 290 658 parit
319 611 504 646 carnem
534 610 719 657 puram,
744 598 773 643 a
795 598 1059 655 virginitate
1090 602 1258 643 cessat.
1282 597 1371 642 Sed
1394 596 1504 654 quia
1532 601 1696 641 natum
1732 602 1804 642 est
1835 597 1885 641 in
1919 609 2060 646 carne
2133 626 2155 645 ο

171 663 367 708 Verbum
386 662 495 719 Dei,
518 660 722 707 custodit
743 660 1074 717 virginitatem,
1098 659 1305 716 seipsum
1335 670 1419 716 per
1446 659 1535 703 hoc
1563 659 1816 703 ostendens
1839 659 2056 706 Verbum.

167 726 325 782 Neque
355 724 481 769 enim
516 727 730 776 nostrum
760 722 984 779 verbum,
1005 722 1113 766 cum
1144 721 1338 778 paritur,
1361 719 1616 777 corrumpit
1644 725 1882 765 mentem:
1905 733 2058 779 neque

167 787 287 834 Deus
298 786 498 831 Verbum
511 784 818 830 substantiale
831 790 1017 842 partum
1037 784 1232 841 eligens,
1244 782 1440 840 peremit
1460 781 1790 838 virginitatem.
1810 801 1830 821 „
1849 783 2058 828 Secundo

166 846 255 893 hoc
268 853 340 894 est
356 846 641 893 conveniens
663 849 889 903 quantum
906 846 967 891 ad
984 846 1201 891 effectum
1216 844 1549 889 incarnationis
1563 844 1744 888 Christi.
1764 845 1877 888 Nam
1897 845 1958 890 ad
1970 845 2060 891 hoc

171 909 297 955 venit
330 916 384 954 ut
414 914 622 954 nostram
657 908 1003 965 corruptionem
1028 906 1241 952 tolleret:
1281 906 1402 951 unde
1434 918 1530 951 non
1567 905 1655 950 fuit
1682 905 1967 950 conveniens
2004 909 2061 952 ut

171 970 476 1028 virginitatem
511 970 673 1015 matris
710 969 945 1016 nascendo
984 972 1316 1026 corrumperet.
1341 968 1472 1014 Unde
1504 966 1793 1024 Augustinus
1813 966 1904 1022 (vel
1939 967 2060 1013 alius

167 1033 344 1089 auctor)
368 1033 480 1078 dicit
498 1032 547 1076 in
565 1031 768 1090 quodam
788 1044 926 1077 serm.
950 1032 1007 1077 de
1020 1031 1170 1076 Nativ.
1190 1030 1370 1075 Domini
1390 1045 1402 1072 ε
1426 1047 1446 1068 «ε
1462 1033 1548 1075 Fas
1562 1042 1658 1074 non
1679 1034 1779 1074 erat
1791 1033 1844 1074 ut
1857 1041 1940 1085 per
1955 1030 1995 1086 ej
2003 1041 2060 1075 us

167 1092 423 1139 adventum
440 1094 691 1141 violaretur
714 1093 972 1150 integritas,
993 1092 1074 1150 qui
1091 1097 1283 1137 venerat
1313 1102 1479 1136 sanare
1500 1094 1737 1148 corrupta.
1762 1108 1783 1128 »
1806 1090 1954 1134 Tertio
1971 1090 2059 1135 fuit

165 1156 450 1202 conveniens
474 1168 534 1201 ne
551 1156 714 1201 matris
743 1155 970 1200 honorem
992 1153 1238 1213 nascendo¹
1249 1153 1532 1198 diminueret
1553 1153 1633 1209 qui
1651 1155 1869 1209 parentes
1883 1165 2059 1208 praece-

169 1222 295 1271 perat
311 1217 622 1262 honorandos.
1155 1225 1158 1228 ⁴

219 1280 287 1323 Ad
298 1283 502 1336 primum
519 1290 630 1331 ergo
653 1278 918 1334 dicendum,
944 1277 1070 1335 quod
1090 1277 1364 1322 Ambrosius
1398 1276 1510 1321 dicit
1531 1276 1638 1331 hoc,
1672 1287 1911 1332 exponens
1942 1275 2057 1320 illud

164 1339 291 1393 quod
332 1340 626 1396 Evangelista
646 1341 770 1394 (Luc.
796 1343 838 1391 11)
858 1339 916 1384 de
937 1339 1041 1395 lege
1063 1338 1275 1384 induxit:
1300 1340 1440 1381 Omne
1461 1336 1764 1381 masculinum
1783 1337 2061 1393 adaperiens

167 1401 346 1444 vulvam
379 1405 585 1445 sanctum
612 1403 802 1444 Domino
831 1401 1079 1445 vocabitur.
1112 1401 1242 1458 Quod
1261 1401 1460 1455 quidem,
1482 1404 1536 1444 ut
1558 1398 1682 1443 Beda
1711 1397 1822 1443 dicit
1839 1399 1959 1457 (cap.
1981 1411 2060 1442 vni

167 1460 213 1504 in
237 1463 378 1520 Luc.),
419 1481 438 1501 κ
455 1468 691 1508 consuetae
711 1463 964 1507 nativitatis
997 1475 1126 1508 more
1158 1462 1381 1519 loquitur,
1406 1473 1502 1506 non
1536 1460 1661 1522 quod
1683 1460 1907 1505 Dominus
1938 1459 2060 1506 sacri

170 1523 338 1568 ventris
367 1524 634 1588 hospitium,
664 1525 789 1582 quod
811 1525 1051 1582 ingressus
1084 1524 1478 1579 sanctificaverat,
1500 1535 1719 1580 egressus
1740 1522 2059 1579 devirginasse

167 1585 427 1631 credendus
455 1587 529 1631 sit.
557 1605 578 1626 »
617 1586 745 1632 Unde
779 1586 858 1630 illa
892 1586 1129 1643 adapertio
1170 1598 1265 1630 non
1301 1586 1532 1642 significat
1568 1584 1898 1630 reserationem
1930 1596 2059 1630 com-

168 1657 357 1692 munem
392 1649 582 1693 claustri
620 1649 810 1706 pudoris
846 1648 1075 1706 virginei,
1113 1648 1196 1694 sed
1231 1648 1383 1693 solum
1421 1647 1597 1692 exitum
1636 1647 1781 1704 prolis
1817 1659 1877 1692 ex
1921 1652 2057 1693 utero

171 1707 344 1756 matris.

222 1769 288 1813 Ad
317 1772 559 1814 secundum
585 1771 850 1826 dicendum,
872 1771 998 1828 qudd
1016 1771 1079 1815 ita
1103 1770 1309 1815 Christus
1323 1770 1470 1814 voluit
1492 1771 1736 1815 veritatem
1760 1770 1834 1814 sui
1850 1769 2059 1827 corporis

171 1829 488 1876 demonstrare
508 1865 521 1887 ,
557 1832 682 1888 quod
716 1833 856 1877 etiam
897 1832 1034 1877 simul
1071 1832 1174 1889 eJus
1209 1833 1435 1878 Divinitas
1471 1832 1786 1878 declararetur
1817 1847 1828 1876 ε
1867 1836 1914 1877 et
1952 1832 2059 1878 ideo

172 1892 443 1948 permiscuit
464 1894 580 1938 mira
615 1894 885 1940 humilibus.
910 1896 1055 1951 Unde,
1090 1900 1144 1940 ut
1175 1908 1345 1952 corpus
1378 1896 1481 1952 eJ‘us
1517 1908 1682 1940 verum
1716 1895 2056 1954 ostenderetur,

172 1953 379 1999 nascitur
413 1967 473 2000 ex
501 1955 673 2000 femina
692 1970 706 2012 ς
728 1957 811 2002 sed
832 1961 886 2001 ut
913 1958 1236 2002 ostenderetur
1258 1958 1360 2014 ejus
1391 1958 1627 2012 Divinitas,
1653 1958 1860 2002 nascitur
1881 1971 1941 2002 ex
1961 1958 2061 2003 vir-

165 2015 292 2071 giness
323 2017 447 2060 Talis
469 2017 594 2062 enim
615 2021 779 2074 partus
810 2020 931 2062 decet
958 2024 1119 2075 Deum,
1154 2025 1207 2063 ut
1228 2020 1497 2064 Ambrosius
1530 2019 1642 2064 dicit
1662 2020 1710 2062 in
1740 2021 1915 2076 hymno
1931 2020 2059 2065 Nati-

170 2076 338 2122 vitatis.

222 2139 289 2184 Ad
326 2143 507 2183 tertium
546 2141 812 2197 dicendum,
836 2142 962 2199 qudd
997 2142 1186 2198 quidam
1221 2143 1439 2187 dixerunt
1472 2143 1703 2187 Christum
1732 2143 1780 2186 in
1817 2155 1903 2187 sua
1938 2145 2059 2189 nati·

170 2199 308 2245 vitate
329 2201 485 2246 dotem
505 2201 770 2247 subtilitatis
794 2203 1132 2259 assumpsisse3
1149 2205 1269 2248 sicut
1287 2204 1474 2260 quando
1495 2204 1752 2249 ambulavit
1774 2203 1912 2249 siccis
1931 2205 2059 2262 pedi-

169 2259 258 2306 bus
279 2274 420 2319 super
435 2274 580 2319 mare,
611 2263 774 2309 dicunt
807 2277 917 2309 eum
950 2265 1261 2321 assumpsisse
1294 2265 1448 2311 dotem
1472 2266 1706 2322 agilitatis.
1732 2266 1818 2310 Sed
1850 2266 1939 2311 hoc
1960 2279 2057 2313 non

168 2323 385 2369 convenit
416 2324 490 2369 his
525 2337 630 2382 quae
663 2339 804 2382 supra
828 2326 1135 2371 determinata
1176 2333 1287 2371 sunt
1310 2331 1489 2383 (quaest.
1514 2330 1617 2383 xiv).
1642 2328 1913 2385 HuJusmodi
1931 2330 2057 2374 enim

168 2380 300 2430 dotes
314 2387 519 2443 corporis
537 2387 723 2444 gloriosi
740 2389 1017 2444 proveniunt
1031 2401 1088 2433 ex
1107 2389 1415 2434 redundantia
1434 2389 1592 2446 gloriae
1607 2390 1775 2434 animae
1791 2390 1847 2434 ad
1868 2403 2055 2448 corpus,

169 2450 220 2491 ut
256 2446 375 2491 infra
412 2447 605 2501 dicetur,
637 2452 744 2492 cum
775 2449 1049 2493 tractabitur
1085 2449 1142 2494 de
1179 2450 1453 2506 corporibus
1487 2450 1703 2507 gloriosis
1726 2450 1790 2504 (in
1820 2452 2056 2508 supplem.

168 2512 334 2564 quaest.
349 2512 460 2564 xcv).
485 2510 662 2554 Dictum
688 2515 758 2554 est
778 2516 933 2555 autem
956 2523 1098 2567 supra
1115 2514 1296 2568 (quaest.
1319 2526 1407 2567 xiv,
1425 2517 1512 2557 art.
1526 2517 1547 2557 1
1567 2513 1625 2557 ad
1645 2516 1687 2567 2)
1708 2513 1833 2569 qued
1847 2514 2057 2559 Christus

169 2575 275 2614 ante
293 2572 558 2627 passionem
579 2572 873 2629 permittebat
901 2573 1029 2617 carni
1049 2586 1149 2618 suae
1168 2586 1306 2630 agere
1325 2579 1371 2618 et
1389 2575 1484 2631 pati
1507 2587 1611 2632 quae
1630 2576 1814 2631 propria
1831 2589 1844 2631 ς
1866 2587 1954 2620 nec
1970 2575 2057 2621 fie-

171 2632 249 2676 bat
279 2631 384 2677 talis
406 2634 712 2679 redundantia
734 2635 894 2691 gloriae
915 2635 974 2679 ab
1005 2636 1160 2680 anima
1182 2635 1242 2680 ad
1276 2648 1462 2693 corpus.
1487 2639 1541 2681 Et
1576 2637 1681 2681 ideo
1714 2636 1963 2682 dicendum
1983 2642 2058 2683 est

170 2692 294 2749 quod
312 2695 469 2738 omnia
490 2696 578 2740 ista
598 2697 721 2742 facta
741 2702 853 2742 sunt
874 2698 1150 2742 miraculose
1181 2710 1264 2755 per
1299 2698 1518 2743 virtutem
1546 2699 1768 2743 divinam.
1802 2700 1930 2744 Unde
1965 2704 2057 2745 Au-

168 2755 384 2809 gustinus
404 2757 513 2802 dicit
535 2761 697 2815 (Super
716 2761 847 2804 Joan.
868 2764 1001 2804 tract.
1026 2762 1125 2814 121,
1156 2759 1278 2804 inter
1300 2760 1423 2805 med.
1449 2765 1496 2805 et
1508 2760 1610 2813 fin.)
1631 2775 1642 2803 :
1673 2778 1693 2799 «
1713 2760 1811 2805 Moli
1830 2762 2059 2821 corporis,

173 2814 253 2859 ubi
269 2817 488 2863 Divinitas
510 2825 624 2876 erat,
644 2821 763 2865 ostia
780 2821 939 2866 clausa
955 2834 1050 2865 non
1073 2820 1378 2877 obstiterunt3
1399 2822 1477 2867 ille
1496 2822 1669 2879 quippe
1683 2834 1778 2866 non
1797 2822 1864 2867 eis
1883 2823 2056 2880 apertis

173 2874 341 2921 intrare
367 2879 531 2936 potuit,
553 2893 646 2937 quo
674 2888 895 2927 nascente
931 2881 1175 2939 virginitas
1207 2882 1369 2926 matris
1405 2882 1625 2927 inviolata
1646 2884 1915 2940 permansit.
1943 2902 1964 2924 »a
2002 2887 2057 2930 Et

174 2936 419 2996 Dionysius
435 2939 545 2985 dicit
563 2942 628 2996 (in
649 2944 850 2999 quadam
871 2945 1005 3001 epist.
1031 2947 1058 2989 3
1088 2944 1147 2989 ad
1164 2944 1339 3000 Caium,
1364 2944 1474 2989 circ.
1497 2944 1639 2997 med.)
1662 2945 1788 3002 qued
1812 2945 2054 2992 «Christus

173 3010 315 3054 super
331 3000 565 3046 hominem
583 3005 860 3060 operabatur
878 3019 933 3053 ea
954 3019 1060 3064 quae
1078 3011 1190 3050 sunt
1218 3006 1449 3050 hominis:
1473 3011 1520 3052 et
1547 3007 1633 3051 hoc
1666 3012 1894 3052 monstrat
1922 3010 2054 3065 virgo

174 3063 585 3131 supernaturaliter
598 3067 877 3125 concipiens,
885 3074 932 3113 et
947 3080 1069 3124 aqua
1086 3067 1314 3112 instabilis
1329 3073 1615 3114 terrenorum
1631 3069 1803 3125 pedum
1816 3071 2055 3117 sustinens

162 3128 463 3176 gravitatem.
483 3143 504 3163 »ι

174 3184 510 3229 ARTICULUS
542 3189 623 3230 111.
662 3211 716 3219 —-
749 3201 884 3233 urnuu
913 3204 1047 3234 MATER
1075 3204 1144 3234 nm
1173 3204 1458 3234 PERMANSEMT
1488 3204 1612 3236 vmco
1642 3206 1746 3237 ros'r
1776 3206 1937 3237 PARTuu
1971 3195 2050 3248 (1).

806 3258 854 3292 De
868 3259 920 3293 his
934 3259 1034 3293 etiam
1052 3260 1174 3300 opusc.
1191 3268 1232 3299 11,
1246 3270 1318 3301 cap.
1333 3258 1408 3295 223.

230 3305 295 3350 Ad
313 3307 498 3352 tertium
518 3308 584 3353 sic
603 3310 881 3365 proceditur.
898 3315 918 3356 1
931 3345 942 3355 .
955 3313 1142 3357 Videtur
1157 3313 1281 3369 quod
1298 3317 1443 3358 mater
1461 3315 1623 3359 Christi
1638 3327 1732 3359 non
1748 3316 2054 3371 permanserit

209 3430 261 3471 (Ἰ)
281 3429 489 3466 ΔΗίι-ιῃιῐίνὸ
519 3433 695 3474 respondet
723 3434 759 3469 S.
775 3433 910 3475 Doctor.
939 3438 971 3470 et
998 3435 1069 3470 haee
1093 3435 1245 3471 doctrina
1268 3436 1308 3472 de
1336 3437 1403 3472 fide
1426 3444 1477 3472 est
1505 3442 1624 3472 eontra
1645 3436 1842 3471 Helvidium
1868 3441 1903 3471 et
1926 3435 2053 3472 antidi·
