2170 3808
213 225 298 269 536
795 220 995 273 QUAEST.
1026 219 1163 276 Lxlv,
1194 219 1314 262 ART.
1343 221 1361 263 l
1389 220 1455 264 ΕΤ
1480 220 1534 264 11.

270 304 339 351 Ad
357 305 561 362 primum
582 313 694 359 ergo
712 300 980 358 dicendum,
1001 300 1129 359 quod
1157 299 1395 359 purgatio,
1415 301 1676 347 secundum
1703 298 1830 358 quod
1854 300 2122 349 attribuitur

218 364 444 411 ministris
463 362 698 420 Ecclesiae‚
718 374 813 407 non
850 368 921 408 est
945 362 973 406 a
1000 365 1217 420 peccat03
1251 361 1335 407 sed
1360 361 1581 407 dicuntur
1610 361 1795 407 diaconi
1811 374 2030 420 purgare,
2053 364 2122 409 in-

218 431 446 485 quantum
475 425 552 471 vel
581 425 851 471 immundos
879 425 1072 484 ejiciunt
1099 424 1127 469 a
1156 428 1284 470 coetu
1312 423 1537 483 fidelium,
1561 424 1637 471 vel
1674 437 1756 470 eos
1783 425 1930 470 sacris
1959 425 2119 471 admo-

162 524 164 526 >
217 486 474 534 nitionibus
515 486 775 545 disponunt
815 487 874 533 ad
910 491 1312 533 sacramentorum
1352 486 1682 544 receptionem.
1722 485 1940 532 Similiter
1981 487 2122 534 etiam

219 548 487 595 sacerdotes
524 548 793 595 illuminare
815 549 1037 595 dicuntur
1061 559 1249 595 sacrum
1281 547 1526 606 populum,
1560 561 1655 594 non
1691 548 1882 606 quidem
1925 549 2123 606 gratiam

216 610 509 656 infundendo
527 646 539 668 ,
562 611 647 656 sed
679 615 974 657 sacramenta
1013 610 1174 668 gratiae
1206 608 1449 667 tradendo,
1480 613 1536 655 ut
1570 614 1698 668 patet
1731 621 1817 668 per
1849 609 2123 668 Dionysium
2155 651 2157 653 .

217 673 406 720 ibidem.
2118 671 2120 674 ’
2152 679 2170 688 ’·

271 736 339 782 Ad
356 737 601 782 secundum
612 735 1020 793 dicendum,quod
1034 735 1269 780 orationes
1290 746 1396 792 quae
1416 733 1636 780 dicuntur
1657 736 1706 780 in
1722 739 2123 780 sacramentorum
2167 758 2170 762 ·

217 797 481 856 collatione,
511 803 841 857 proponuntur
875 801 985 858 Dec,
1013 811 1109 843 non
1140 810 1198 844 ex
1237 804 1367 855 parte
1404 795 1658 855 singularis
1691 809 1922 856 personae,
1947 796 2034 843 sed
2064 808 2124 842 ex
2163 819 2170 858 3

219 853 349 918 p‘arte
363 860 507 906 totius
525 859 759 918 Ecclesiae,
777 859 914 918 cujus
932 872 1095 918 preces
1111 863 1224 905 sunt
1237 859 1362 917 apud
1376 861 1522 905 Deum
1539 858 1847 920 exaudibiles,
1862 857 2124 905 secundum
2161 906 2170 924 .-

215 920 334 970 illud
349 924 514 975 (Matth.
538 937 656 980 xvm,
678 925 748 979 19)
772 936 783 966 ε
804 925 856 967 Si
875 924 967 967 duo
987 935 1046 967 ex
1065 923 1186 967 vobis
1215 924 1520 967 consenserint
1539 935 1678 981 super
1699 925 1891 980 terram,
1912 922 1971 967 de
2002 923 2124 966 omni
2159 932 2170 949 ‘-

211 995 269 1030 ‘re
298 999 620 1043 quamcumque
639 989 868 1044 petierint,
890 988 967 1042 fiet
988 985 1083 1029 illis
1099 985 1130 1030 ὰ
1152 987 1293 1030 Patre
1315 997 1426 1030 meo.
1453 983 1572 1030 Nihil
1583 988 1742 1030 tamen
1770 983 1984 1043 prohibet
2010 982 2124 1041 quin

217 1046 402 1093 devotio
415 1047 502 1093 viri
512 1048 629 1107 Justi
655 1049 714 1094 ad
733 1048 823 1093 hoc
842 1047 1016 1106 aliquid
1034 1051 1272 1106 operetur.
1293 1046 1415 1094 Illud
1429 1051 1587 1093 tamen
1604 1045 1733 1106 quod
1743 1051 1819 1093 est
1841 1045 2123 1092 sacramenti
2156 1051 2170 1094 ,ἐ

217 1108 428 1166 effectus,
452 1122 548 1156 non
566 1110 845 1168 impetratur
864 1109 1078 1156 oratione
1095 1109 1312 1156 Ecclesiae
1328 1108 1405 1156 vel
1434 1107 1635 1155 ministri
1658 1110 1733 1166 (1),
1765 1108 1851 1154 sed
1877 1120 1937 1154 ex
1958 1106 2125 1153 merito

216 1171 450 1229 passionis
488 1173 672 1230 Christi,
715 1172 852 1231 cujus
884 1173 1034 1218 virtus
1075 1177 1296 1231 operatur
1322 1171 1373 1217 in
1410 1170 1734 1228 sacramentiS,
1753 1175 1809 1216 ut
1837 1170 2015 1216 dictum
2052 1173 2128 1215 est
2163 1171 2170 1227 ’ᾗ

218 1235 401 1292 (quaest.
422 1248 525 1295 an,
546 1239 631 1280 art.
653 1237 711 1290 5).
734 1235 865 1280 Unde
889 1234 1084 1280 effectus
1106 1233 1387 1280 sacramenti
1407 1246 1503 1279 non
1524 1233 1659 1279 datur
1679 1231 1846 1279 melior
1859 1244 1943 1291 per
1960 1229 2128 1277 melio-
2168 1248 2170 1250 ·

217 1306 317 1341 rem
337 1295 621 1342 ministrum.
645 1297 830 1355 Aliquid
853 1301 1009 1342 tamen
1031 1308 1270 1342 annexum
1289 1295 1527 1354 impetrari
1542 1299 1697 1354 potest
1710 1293 1953 1352 recipienti
1967 1305 2127 1339 sacra·
2159 1325 2167 1347 ,ς

216 1363 430 1404 mentum
452 1373 535 1418 per
563 1360 857 1406 devotionem
876 1360 1103 1416 ministri3
1127 1372 1214 1405 nec
1240 1364 1397 1405 tamen
1416 1359 1631 1405 mInister
1652 1358 1768 1404 illud
1787 1363 2024 1416 operatur,
2041 1355 2126 1403 sed

217 1419 436 1478 impetrat
454 1423 745 1479 operandum
771 1424 799 1468 a
812 1426 919 1469 Deo.
2167 1466 2170 1469 .

272 1483 339 1528 Ad
371 1487 553 1529 tertium
592 1485 863 1539 dicendum,
888 1483 1014 1541 quod
1042 1495 1119 1529 res
1150 1483 1419 1528 inanimatae
1454 1495 1551 1528 non
1580 1487 1833 1540 operantur
1853 1480 2029 1540 aliquid
2066 1480 2129 1529 ad
2168 1492 2170 1542 j

219 1543 487 1590 interiorem
508 1546 744 1604 effectum,
772 1546 863 1592 nisi
882 1544 1320 1599 instrumentaliter,
1343 1550 1399 1590 ut
1416 1544 1594 1590 dictum
1616 1548 1688 1590 est
1706 1544 1772 1600 (in
1799 1545 1963 1601 corp.).
1989 1545 2044 1590 Et
2059 1543 2127 1590 si·

218 1606 388 1653 militer
423 1608 636 1654 homines
670 1621 766 1654 non
795 1613 1051 1665 operantur
1080 1607 1141 1653 ad
1169 1611 1572 1653 sacramentorum
1601 1606 1870 1653 interiorem
1888 1606 2126 1666 effectum,

217 1667 308 1715 nisi
328 1682 412 1726 per
432 1671 627 1716 modum
647 1670 911 1727 ministerii,
931 1675 985 1716 ut
1008 1670 1185 1716 dictum
1205 1674 1277 1715 est
1299 1669 1465 1726 (ibid.).

330 1735 674 1778 ARTICULUS
703 1737 764 1778 ΙΙ.
795 1759 852 1766 -
886 1747 1022 1778 uranu
1059 1746 1330 1777 sAanuEnrA
1360 1745 1450 1777 sim·
1479 1744 1615 1777 somn
1643 1744 1698 1776 ex
1734 1743 2016 1777 lus-murmur:

1050 1808 1190 1840 mvuu
1219 1798 1298 1851 (2).

302 1864 352 1899 De
365 1863 421 1899 his
440 1865 544 1900 etiam
559 1865 654 1901 sent.
671 1873 721 1906 lv,
735 1864 815 1901 dist.
834 1865 869 1907 5,
885 1867 1000 1907 quaest.
1013 1873 1038 1905 ι.
1056 1869 1122 1899 art.
1133 1864 1167 1905 2,
1185 1862 1386 1907 quaestiune.
1396 1872 1424 1899 11
1440 1875 1534 1905 corp.
1550 1865 1586 1898 et
1601 1862 1682 1899 dist.
1697 1862 1732 1905 5,
1746 1864 1866 1905 quast.
1880 1869 1908 1904 1.
1922 1868 1991 1899 nrt.
2007 1862 2041 1898 4.

272 1919 340 1964 Ad
360 1920 624 1966 secundum
639 1918 708 1966 sic
727 1919 1011 1977 proceditur.
1032 1922 1074 1964 1.
1090 1919 1282 1964 Videtur
1296 1917 1422 1977 quod
1433 1921 1728 1964 sacramenta
1746 1930 1842 1963 non
1865 1917 1961 1963 sint
1973 1917 2127 1964 solum

218 1995 279 2029 ex
299 1981 594 2028 institutione
631 1981 806 2028 divina.
838 1984 901 2027 Ea
934 1981 1062 2027 enim
1098 1993 1206 2038 quae
1241 1985 1355 2026 sunt
1383 1980 1607 2026 divinitus
1628 1979 1857 2038 instituta,
1879 1980 2128 2026 traduntur

219 2044 356 2092 nobis
373 2044 417 2089 in
446 2055 581 2089 sacra
601 2043 852 2100 Scriptura.
879 2043 968 2089 Sed
990 2043 1207 2100 quaedam
1228 2046 1436 2101 aguntur
1452 2042 1502 2088 in
1532 2042 1858 2098 sacramentiS,
1879 2041 2127 2102 dequibus

219 2107 350 2153 nulla
367 2106 420 2152 fit
437 2105 614 2152 mentio
634 2106 684 2150 in
705 2118 840 2151 sacra
863 2106 1116 2162 Scriptura,
1137 2105 1253 2164 puta
1281 2105 1341 2152 de
1372 2105 1642 2163 chrismate,
1659 2117 1754 2163 quo
1770 2104 1986 2151 homines
2013 2118 2126 2151 con-

218 2172 481 2227 firmantur,
509 2173 557 2214 et
594 2168 652 2214 de
685 2167 789 2213 oleo
819 2181 913 2225 quo
940 2168 1207 2214 sacerdotes
1235 2167 1546 2226 inunguntur,
1565 2171 1613 2214 et
1635 2167 1694 2213 de
1714 2166 1875 2212 multis
1896 2166 2002 2213 aliis
2029 2171 2126 2212 tam

218 2233 375 2279 verbis
397 2233 541 2289 quam
573 2231 725 2287 factiS,
747 2231 920 2288 quibus
947 2231 1125 2276 utimur
1153 2231 1201 2276 in
1226 2230 1549 2277 sacramentis,
1568 2231 1668 2276 Non
1690 2242 1804 2288 ergo
1834 2235 2128 2276 sacramenta

219 2299 332 2340 sunt
345 2294 498 2340 solnm
519 2305 580 2339 ex
601 2293 894 2338 institutione
914 2293 1089 2339 divina.

274 2360 317 2402 2.
355 2359 599 2412 Praeterea,
637 2360 930 2400 sacramenta
965 2361 1078 2401 sunt
1109 2355 1327 2413 quaedam
1360 2355 1511 2413 signa.
1554 2357 1645 2401 Res
1677 2358 1836 2400 autem
1879 2354 2128 2402 sensibiles

219 2417 492 2464 naturaliter
511 2417 726 2475 quaedam
753 2417 1041 2474 significant3
1060 2429 1148 2462 nec
1176 2420 1334 2463 tamen
1358 2421 1512 2474 potest
1530 2416 1620 2463 dici
1642 2416 1770 2475 qued
1787 2420 1910 2462 Deus
1932 2417 2128 2476 quibus·
2161 2456 2163 2458 .

220 2481 329 2526 dam
364 2479 787 2538 significationibus
820 2479 1093 2535 delectetur,
1123 2483 1170 2524 et
1198 2491 1294 2524 non
1314 2479 1434 2536 aliis,
1451 2479 1563 2537 quia
1592 2478 1693 2537 ipse
1707 2478 1867 2524 omnia
1895 2492 2001 2537 quae
2018 2479 2129 2526 fecit
2166 2499 2167 2502 ¹

220 2542 469 2601 approbat3
503 2541 594 2587 hoc
622 2546 780 2588 autem
809 2542 1050 2599 proprium
1085 2541 1270 2586 videtur
1297 2554 1403 2587 esse
1433 2540 1717 2598 daemonum,
1758 2545 1812 2586 ut
1844 2541 2128 2599 quibusdam

220 2605 370 2664 signis
395 2605 456 2651 ad
493 2604 670 2663 aliquid
703 2605 991 2661 alliciantur3
1013 2603 1125 2650 dicit
1147 2603 1275 2649 enim
1292 2603 1581 2661 Augustinus
1602 2606 1680 2656 (De
1696 2603 1785 2649 civ.
1808 2604 1906 2662 Dei,
1927 2604 2009 2651 lib.
2038 2619 2125 2667 xxi,
2161 2635 2164 2639 -

220 2673 307 2715 art.
325 2672 369 2726 6,
385 2667 495 2714 circ.
514 2668 658 2722 med.)
680 2681 693 2713 ι
721 2685 741 2705 «
765 2667 1028 2712 Illiciuntur
1043 2667 1280 2712 daemones
1304 2667 1363 2712 ad
1382 2666 1741 2713 inhabitandum
1765 2678 1850 2725 per
1869 2671 2125 2725 creaturas,

220 2743 340 2790 quas
358 2742 454 2776 non
473 2729 581 2788 ipsi,
602 2727 686 2775 sed
704 2732 829 2775 Deus
849 2730 1072 2787 condidit,
1095 2729 1447 2776 delectabilibus
1464 2742 1551 2788 pro
1571 2742 1659 2775 sua
1685 2729 1956 2777 diversitate
1971 2730 2129 2777 diver·
2164 2782 2167 2786 ,

220 2794 302 2850 sis,
324 2806 420 2839 non
442 2798 498 2839 ut
513 2792 729 2838 animalia
749 2793 889 2854 cibiS,
908 2794 993 2839 sed
1011 2798 1064 2838 ut
1087 2792 1277 2851 spiritus
1307 2791 1472 2851 signis·
1494 2812 1515 2833 n
1542 2793 1641 2838 Non
1663 2804 1779 2851 ergo
1796 2792 1983 2839 videtur
2001 2792 2129 2851 qued
2159 2819 2163 2822 <

219 2859 516 2903 sacramenta
530 2855 772 2912 indigeant
793 2868 898 2902 esse
918 2869 975 2901 ex
993 2855 1287 2901 institutione
1308 2855 1480 2902 divina.

274 2922 318 2964 3.
354 2920 599 2975 Praeterea,
637 2918 833 2976 apostoli
869 2920 1020 2964 vicem
1056 2918 1134 2964 Dei
1170 2922 1418 2975 gesserunt
1449 2918 1499 2963 in
1534 2917 1697 2975 terris3
1727 2916 1857 2964 unde
1881 2917 2129 2977 Apostolus
2160 2964 2167 2970 ,

219 2980 332 3026 dicit
350 2983 416 3038 (11.
444 2982 545 3026 Cor.
575 2995 619 3040 11,
644 2983 744 3037 10):
770 2985 892 3026 Nam
911 2985 956 3027 ct
976 2996 1055 3039 eqo
1083 2981 1202 3039 quod
1223 2983 1410 3038 donavi,
1436 2984 1476 3025 si
1499 2981 1611 3038 quid
1632 2981 1816 3038 donavi,
1839 2984 2032 3038 propter
2053 2992 2129 3029 voe
2157 3016 2170 3035 ,-

265 3106 309 3149 (Ι)
341 3106 441 3150 Quasi
470 3106 543 3142 hmo
561 3109 671 3142 oratio
687 3106 731 3141 sit
757 3117 836 3142 vera
866 3118 964 3141 causa
993 3120 1055 3142 cur
1075 3107 1130 3142 hic
1217 3108 1371 3142 sentent.
1392 3108 1600 3141 censuerunt
1619 3108 1805 3142 extremm
1829 3104 2030 3142 unctionem
2052 3111 2126 3150 pont

223 3155 365 3191 erfectus
379 3155 594 3197 impetretur,
605 3155 683 3196 quia
693 3154 739 3188 sic
750 3159 950 3196 sequeretur
967 3156 1054 3196 quod
1066 3156 1132 3197 quo
1217 3155 1445 3190 ascensionem
1474 3154 1599 3190 Christi
1620 3154 1662 3189 ab
1679 3153 1840 3196 apostolis
1866 3153 1971 3188 fuisse
1988 3153 2125 3192 institu-

223 3202 348 3239 melior
366 3206 402 3238 et
418 3202 567 3237 sanctior
588 3202 747 3237 minister
765 3207 862 3245 esset,
883 3205 923 3239 eo
947 3202 1068 3238 melior
1081 3215 1132 3239 sa·
1217 3209 1300 3238 tam.
1328 3203 1516 3238 Alexander
1544 3202 1675 3239 Alensis
1694 3207 1729 3237 et
1748 3203 1782 3236 S.
1808 3203 2046 3239 Bonaventura
2068 3202 2125 3238 do-

223 3250 390 3286 cramenti
417 3250 559 3285 effectus
583 3250 816 3297 conferretur3
848 3257 966 3287 contra
987 3251 1021 3286 id
1042 3251 1132 3294 quod
1217 3258 1362 3288 cuerunt
1393 3252 1687 3288 confirmationem
1720 3251 1915 3287 institutam
1952 3251 2056 3287 fuisso
2084 3252 2124 3289 al·

224 3298 370 3334 inculcat
389 3302 460 3333 tam
475 3299 560 3339 sepe
579 3299 785 3339 Augustinus
805 3305 840 3335 et
858 3299 1071 3340 potissimum
1090 3301 1131 3335 de
1217 3301 1363 3336 Ecclesia
1389 3300 1425 3336 in
1450 3300 1592 3335 concilio
1608 3299 1773 3337 meldensi
1790 3312 1845 3336 an.
1867 3301 1956 3343 8453
1974 3299 2033 3336 sed
2051 3311 2117 3336 sen-
2162 3303 2170 3321 Ἀ

225 3347 405 3389 baptismo,
423 3350 463 3381 ut
478 3357 539 3380 suo
557 3346 632 3381 loeo
649 3347 795 3382 dicetur.
1216 3350 1323 3385 tentia
1342 3349 1513 3384 contraria
1537 3352 1632 3390 patet
1658 3360 1696 3383 ex
1716 3348 1918 3384 auctoritate
1943 3348 2044 3389 hujus
2067 3347 2124 3383 de·
2159 3352 2170 3365 '‘·

265 3396 307 3437 (2)
327 3393 690 3435 Contenduntquidam
708 3395 839 3436 antiqui
854 3395 1002 3437 theologi
1019 3397 1133 3432 omnia
1216 3397 1299 3432 creti
1331 3409 1402 3438 syn.
1426 3397 1582 3432 Trident.
1615 3409 1623 3431 :
1644 3397 1689 3431 Si
1713 3398 1795 3442 quis
1822 3397 1966 3432 dixerit
2000 3405 2125 3431 sacra·
2166 3400 2170 3401 ⁷

221 3447 432 3479 sacramenta
451 3453 545 3478 novae
565 3442 649 3482 legis
664 3455 731 3476 non
751 3443 853 3478 fuisse
871 3446 889 3478 a
910 3445 1044 3479 Christo
1066 3444 1131 3479 im·
1215 3449 1337 3479 menta
1356 3456 1457 3480 uovoe
1483 3445 1572 3488 leqis
1602 3455 1678 3480 non
1702 3445 1816 3488 fuisse
1838 3446 1964 3480 omnia
1993 3444 2017 3479 ὰ
2036 3443 2124 3478 Jesu
2167 3464 2170 3465 ν

224 3491 369 3527 mediate
403 3490 573 3527 instituta.
603 3491 700 3532 Hugo
739 3491 870 3527 Victor.
905 3497 939 3527 et
971 3492 1131 3535 Magister
1217 3493 1366 3528 Christo
1383 3493 1596 3528 instituta...
1617 3495 1814 3529 anathema
1834 3494 1898 3529 sit.
