2170 3808
713 273 911 323 QUAEST.
942 273 1104 322 XXVII,
1136 273 1256 314 ART.
1285 272 1335 313 V.
1886 271 1961 312 231

86 367 248 401 earum
269 367 409 400 usum
429 365 670 411 nunquam
691 353 982 398 exercuerit:
1004 365 1098 397 non
1122 352 1247 397 enim
1270 350 1441 407 legitur
1469 361 1550 394 aut
1570 348 1784 395 docuisse
1798 382 1809 399 ,
1842 349 1970 406 quod

88 421 160 462 est
181 421 312 461 actus
331 414 595 472 sapientiae;
616 418 697 459 aut
714 415 939 459 miracula
958 413 1141 470 fecisse,
1165 412 1291 469 quod
1310 416 1381 457 est
1398 416 1530 456 actus
1549 411 1708 468 gratiae
1727 409 1872 466 gratis
1890 410 1970 455 da-

85 482 159 523 tae.
180 479 278 523 Non
297 477 437 533 igitur
455 475 617 520 habuit
637 475 975 532 plenitudinem
996 473 1268 531 gratiarum.

142 539 230 585 Sed
247 542 404 582 contra
422 542 493 582 est
510 537 636 594 quod
652 537 849 594 angelus
865 537 924 581 ad
941 548 1044 580 eam
1069 535 1185 580 dixit
1203 536 1329 589 (Luc.
1349 548 1381 589 1,
1398 536 1468 588 28)
1487 548 1500 578 z
1518 537 1627 592 Ave,
1647 536 1804 591 qratia
1815 532 1966 590 plena.

88 601 219 655 Quod
240 611 477 658 exponens
493 598 805 657 Hieronymus
819 598 884 653 (in
905 609 1044 642 serm.
1067 597 1124 642 de
1143 595 1486 652 Assumptionc,
1506 608 1591 639 seu
1606 596 1741 652 epist.
1764 595 1823 639 ad
1839 594 1966 639 Paul.

87 665 134 707 et
162 661 394 716 Eustoch.‚
427 659 549 704 inter
584 671 659 716 op.
685 660 860 717 reject„
894 658 1014 703 inter
1034 657 1184 715 princ.
1214 661 1259 701 et
1290 656 1433 710 med.)
1457 656 1594 701 dicit:
1618 674 1638 694 «
1671 658 1792 700 Bene
1822 655 1972 712 gratia

86 722 239 779 plena,
265 722 372 780 quia
391 721 571 766 caeteris
593 733 677 778 per
698 726 856 778 partes
875 724 1138 778 praestatur,
1159 718 1308 763 Mariae
1325 718 1435 762 vero
1454 730 1505 762 se
1527 721 1622 762 tota
1642 717 1784 762 simul
1803 716 1971 762 infudit

87 784 247 840 gratiae
265 782 516 841 plenitud0.
544 801 564 821 n

134 851 420 893 CONCLUSIO.
436 872 486 879 —
506 849 702 900 Majorem
725 849 842 890 beata
869 849 985 901 virgo
1010 849 1137 889 Maria
1165 847 1306 898 gratiae
1333 857 1418 899 prae
1444 846 1600 886 caeteris
1628 843 1972 897 plenitudinem&

85 905 246 946 Christo
258 905 437 947 obtinere
450 903 606 950 debuit.
630 916 721 956 quae
735 908 865 944 mater
880 903 996 944 illius
1008 916 1094 944 esse
1109 903 1279 950 meruit,
1295 901 1370 953 qui
1384 904 1445 942 est
1470 901 1608 940 omnis
1633 899 1777 951 gratim
1797 900 1912 951 origo
1925 911 1972 939 ac

85 971 351 1013 principium.

142 1022 410 1080 Respondeo
429 1022 681 1067 dicendum
702 1021 824 1078 quod
850 1021 1025 1078 quanto
1048 1020 1223 1081 aliquid
1247 1018 1396 1074 magis
1422 1017 1766 1074 appropinquat
1794 1015 1972 1074 princi-

84 1084 163 1141 pio
190 1085 239 1129 in
260 1084 466 1141 quolibet
498 1095 692 1142 genere,
726 1082 854 1127 tanto
883 1082 1035 1138 magis
1064 1079 1308 1138 participat
1336 1080 1552 1124 effectum
1581 1079 1706 1123 illius
1737 1077 1968 1136 principii.

85 1148 214 1193 Unde
233 1148 480 1206 Dionysius
499 1147 609 1192 dicit
623 1147 749 1201 (Coel.
775 1146 1003 1190 hierarch.
1036 1157 1137 1201 cap.
1159 1148 1204 1199 4,
1226 1148 1335 1188 ante
1354 1143 1515 1198 med),
1548 1141 1674 1200 quod
1696 1142 1866 1199 angeli,
1891 1141 1971 1199 qui

85 1213 197 1254 sunt
219 1210 308 1254 Deo
337 1207 707 1265 propinquiores,
733 1206 883 1262 magis
913 1206 1192 1262 participant
1224 1205 1282 1250 de
1310 1203 1596 1248 bonitatibus
1629 1203 1800 1248 divinis
1828 1205 1969 1261 quam

83 1270 311 1315 homines.
342 1270 549 1315 Christus
583 1272 741 1312 autem
771 1271 842 1311 est
872 1267 1153 1323 principium
1177 1267 1364 1322 gratiae,
1389 1265 1647 1310 secundum
1677 1265 1970 1311 Divinitatem

83 1328 272 1388 quidem
287 1330 619 1387 auctoritative,
636 1329 894 1374 secundum
909 1328 1246 1373 humanitatem
1261 1328 1372 1372 vero
1387 1327 1821 1372 instrumentaliter.
1840 1328 1970 1373 Unde

82 1397 131 1438 et
149 1395 294 1448 (Joan.
316 1408 347 1452 r,
369 1396 441 1446 17)
468 1383 642 1437 'dicitur
667 1405 679 1433 :
703 1393 871 1436 Gratia
903 1394 947 1434 et
988 1394 1159 1434 veritas
1186 1404 1275 1447 per
1294 1394 1443 1434 Jesvum
1466 1390 1700 1433 Christum
1731 1391 1863 1444 facta
1883 1394 1969 1436 est.

82 1455 218 1500 Beata
240 1459 395 1500 autem
421 1454 558 1511 Virgo
579 1453 715 1498 Maria
735 1453 1129 1510 propinquissima
1148 1453 1327 1498 Christo
1359 1453 1446 1496 fuit
1471 1451 1730 1496 secundum
1752 1452 1972 1497 humani-

83 1520 238 1571 tatem,
259 1516 367 1573 quia
382 1528 441 1561 ex
454 1528 510 1560 ea
526 1515 703 1572 accepit
721 1515 973 1559 humanam
996 1518 1228 1559 naturam.
1248 1517 1302 1558 Et
1319 1513 1422 1558 ideo
1441 1526 1536 1570 prae
1553 1512 1733 1558 caeteris
1748 1515 1806 1569 (1)
1824 1512 1969 1571 maj0-

82 1588 181 1621 rem
199 1577 358 1622 debuit
376 1576 404 1620 a
424 1577 603 1622 Christo
626 1575 784 1632 gratiae
802 1573 1141 1632 plenitudinem
1161 1575 1387 1620 obtinere.

137 1639 205 1684 Ad
223 1642 421 1695 primum
441 1650 551 1695 ergo
573 1638 840 1694 dicendum,
864 1637 989 1693 quod
1010 1637 1265 1694 unicuique
1288 1637 1315 1681 a
1337 1640 1429 1681 Deo
1452 1636 1589 1681 datur
1610 1637 1774 1693 gratia,
1800 1649 1972 1681 secun-

86 1699 197 1744 dum
217 1701 304 1744 hoc
323 1700 382 1745 ad
400 1699 526 1756 quod
546 1699 748 1756 eligitur.
772 1701 826 1743 Et
847 1699 957 1756 quia
985 1699 1209 1757 Christus,
1228 1699 1510 1755 inquantum
1534 1702 1605 1742 est
1622 1698 1777 1754 homo,
1803 1698 1862 1743 ad
1882 1698 1971 1743 hoc

85 1759 173 1804 fuit
191 1761 546 1817 praedestinatus
568 1765 615 1804 et
633 1760 811 1805 electus
835 1765 888 1804 ut
920 1767 1045 1805 esset
1066 1760 1207 1804 Filius
1236 1761 1313 1804 Dei
1336 1761 1384 1804 in
1413 1761 1585 1804 virtute
1617 1759 1936 1805 sanctificandi
1953 1793 1967 1817 ,

84 1822 175 1866 hoc
194 1822 282 1865 fuit
302 1823 343 1867 ei
366 1823 607 1878 proprium
629 1827 684 1866 ut
704 1821 897 1866 haberet
918 1822 1057 1867 talem
1087 1822 1426 1878 plenitudinem
1458 1822 1619 1878 gratiae
1649 1822 1775 1878 quod
1796 1822 1971 1867 redun-

78 1883 216 1939 ,daret
232 1883 279 1926 in
305 1895 487 1940 omnes,
508 1884 768 1928 secundum
787 1883 910 1940 quod
931 1883 1099 1928 dicitur
1119 1885 1262 1937 (Joan.
1288 1897 1317 1941 ι,
1343 1887 1414 1938 16)
1443 1899 1455 1927 :
1488 1887 1555 1927 De
1573 1883 1858 1940 plenitudine
1877 1886 1972 1938 ejus

85 1958 164 1989 nos
188 1958 337 1988 omnes
353 1946 624 2001 accepimus.
647 1945 734 1989 Sed
754 1945 890 1989 beata
910 1945 1046 2000 Virgo
1065 1945 1199 1989 Maria
1219 1950 1397 1989 tantam
1418 1946 1578 2002 gratiae
1599 1945 1800 1988 obtinuit
1819 1945 1972 2002 pleni*

86 2005 313 2061 tudinem,
335 2012 390 2050 ut
416 2011 540 2051 esset
560 2006 954 2063 propinquissima
983 2007 1161 2051 auctori
1190 2007 1350 2063 gratiae
1372 2022 1382 2051 ι
1408 2007 1473 2051 ita
1501 2006 1628 2063 quod
1656 2017 1766 2050 eum
1799 2008 1879 2064 qui
1901 2014 1973 2052 est

84 2067 248 2124 plenus
266 2067 393 2111 omni
414 2068 578 2124 gratia,
602 2068 650 2112 in
670 2080 721 2112 se
742 2068 992 2123 reciperet,
1014 2071 1062 2112 et
1092 2079 1201 2112 eum
1227 2068 1449 2125 pariendo
1464 2100 1476 2124 ,
1501 2068 1844 2125 quodammodo
1864 2081 1973 2126 gra-

84 2127 197 2172 tiam
216 2127 276 2172 ad
296 2139 460 2172 omnes
479 2127 711 2172 derivaret
729 2130 805 2181 (2).

137 2189 203 2234 Ad
227 2191 469 2232 secundum
491 2188 759 2243 dicendum,
786 2188 910 2245 quod
937 2188 986 2233 in
1015 2189 1156 2234 rebus
1190 2191 1479 2235 naturalibus
1500 2190 1649 2248 primo
1682 2190 1872 2247 quidem
1902 2197 1975 2237 est

84 2251 301 2308 perfectio
320 2251 648 2308 dispositionis,
665 2251 778 2308 puta
799 2251 907 2295 oiim
922 2252 1116 2311 materia
1134 2259 1205 2297 est
1219 2253 1419 2309 perfecte
1441 2253 1498 2297 ad
1520 2253 1717 2297 formam
1732 2252 1971 2309 disposita.

83 2312 291 2357 Secundo
309 2316 464 2357 autem
482 2316 553 2357 est
569 2312 789 2368 perfectio
808 2312 983 2367 formae,
1004 2325 1110 2369 quae
1129 2317 1202 2358 est
1225 2314 1373 2369 potior
1398 2329 1408 2357 :
1435 2326 1544 2358 nam
1561 2318 1608 2358 et
1628 2314 1728 2370 ipse
1747 2314 1874 2358 calor
1903 2322 1973 2361 est

84 2374 326 2430 perfectior
342 2374 423 2430 qui
445 2374 656 2446 provenit
672 2386 729 2418 ex
746 2374 894 2418 forma
910 2374 1048 2431 ignis,
1068 2375 1211 2431 quam
1229 2375 1306 2420 ille
1328 2376 1408 2432 qui
1433 2375 1493 2421 ad
1519 2376 1716 2420 formam
1738 2375 1862 2431 ignis
1876 2376 1971 2421 dis-

83 2435 298 2492 ponebat.
322 2436 470 2480 Tertio
491 2440 646 2480 autem
667 2440 739 2480 est
770 2436 989 2491 perfectio
1012 2433 1143 2491 finis3
1168 2437 1289 2482 sicut
1318 2437 1442 2493 ignis
1473 2437 1807 2494 perfectissime
1835 2438 1973 2485 habet

83 2498 291 2554 proprias
312 2497 575 2555 qualitates,
600 2498 708 2542 cum
734 2498 794 2543 ad
820 2498 975 2543 locum
999 2511 1138 2543 suum
1157 2500 1438 2556 pervenerit.
1462 2503 1515 2543 Et
1540 2500 1750 2550 similiter
1768 2500 1817 2544 in
1836 2503 1974 2546 Beata

82 2558 266 2616 Virgine
282 2561 370 2605 fuit
399 2561 566 2618 triplex
589 2561 809 2617 perfectio
836 2562 1010 2617 gratiae.
1035 2562 1184 2606 Prima
1214 2563 1402 2619 quidem
1428 2564 1559 2619 quasi
1583 2563 1865 2619 dispositiva,
1890 2577 1974 2621 per

85 2631 226 2678 quam
247 2621 526 2667 reddebatur
546 2623 712 2667 idonea
731 2623 789 2668 ad
809 2624 897 2667 hoc
914 2623 1039 2681 quod
1053 2629 1176 2669 esset
1198 2630 1347 2670 mater
1366 2625 1531 2669 Christi
1552 2640 1562 2669 :
1588 2631 1635 2670 et
1652 2626 1752 2669 haec
1768 2625 1855 2670 fuit
1870 2638 1972 2682 per-

83 2679 218 2725 fectio
236 2683 624 2727 sanctificationis.
642 2684 849 2728 Secunda
864 2690 1018 2728 autem
1037 2685 1256 2741 perfectio
1279 2685 1436 2742 gratiae
1454 2685 1541 2729 fuit
1570 2685 1618 2728 in
1637 2685 1774 2729 beata
1794 2686 1973 2742 Virgine

86 2752 144 2786 ex
173 2743 416 2799 praesentia
446 2743 544 2788 Filii
577 2743 655 2788 Dei
675 2744 725 2789 in
754 2744 857 2800 ejus
878 2750 1010 2790 utero
1033 2746 1275 2790 incarnati.
1307 2747 1456 2791 Tertia
1479 2751 1635 2790 autem
1657 2751 1728 2790 est
1750 2748 1973 2802 perfectio

86 2801 208 2860 finis,
238 2816 376 2861 quam
399 2805 537 2850 habet
569 2804 617 2849 in
642 2805 801 2862 gloria.
826 2831 882 2839 —
912 2807 1041 2860 Quod
1063 2812 1219 2852 autem
1256 2808 1461 2852 secunda
1494 2808 1715 2864 perfectio
1747 2808 1806 2852 sit
1825 2810 1975 2865 potior

88 2865 228 2921 quam
242 2866 406 2922 prima,
427 2871 474 2911 et
487 2867 619 2912 tertia
632 2868 771 2925 quam
790 2869 1010 2925 secunda,
1029 2874 1157 2926 patet
1175 2870 1363 2926 quidem
1384 2883 1479 2914 uno
1497 2870 1635 2914 modo
1651 2882 1731 2926 per
1750 2870 1975 2915 liberatio.

87 2936 197 2969 nem
218 2924 245 2968 a
262 2927 384 2970 malo
405 2939 417 2970 :
447 2940 556 2972 nam
577 2929 725 2985 primo
747 2929 796 2973 in
828 2943 913 2974 sua
936 2931 1298 2975 sanctificatione
1318 2931 1403 2975 suit
1422 2931 1614 2975 liberata
1630 2931 1657 2974 a
1677 2931 1814 2987 culpa
1832 2932 1974 2988 origi-

87 2986 207 3041 nali;
230 2987 451 3045 secundo,
466 2989 515 3033 in
532 2991 830 3046 conceptione
850 2993 948 3036 Filii
971 2992 1049 3036 Dei
1068 2994 1155 3038 fuit
1175 2994 1374 3038 totaliter
1394 2993 1421 3037 a
1435 2994 1593 3037 fomite
1611 2994 1862 3050 mundata,
1883 2999 1974 3039 ter-

89 3047 151 3099 tio
167 3048 344 3093 veroin
367 3049 440 3094 sui
456 3050 783 3106 glorificatione
802 3054 888 3098 fuit
910 3054 1102 3098 liberata
1123 3055 1263 3098 etiam
1278 3055 1336 3099 ab
1354 3055 1481 3098 omni
1501 3055 1703 3099 miseria.
1721 3055 1818 3100 Alio
1833 3056 1974 3101 modo

86 3121 171 3166 per
197 3109 404 3155 ordinem
435 3111 495 3156 ad
527 3111 700 3156 bonum
724 3128 737 3157 ε
776 3126 882 3160 nam
919 3116 1068 3172 primo
1103 3116 1152 3159 in
1187 3129 1272 3161 sua
1309 3114 1673 3161 sanctificatione
1709 3118 1873 3175 adepta
1903 3123 1975 3163 est

127 3213 171 3255 (1)
192 3213 269 3247 Sive
295 3214 433 3256 angelis,
458 3215 527 3249 sive
555 3215 768 3255 hominibus.
787 3216 856 3252 sive
875 3217 984 3258 quoad
1067 3218 1140 3259 cipe
1166 3218 1335 3253 nniversel
1359 3219 1399 3253 de
1428 3218 1460 3253 la
1476 3211 1704 3261 grace,'nous
1729 3232 1771 3254 en
1804 3220 1973 3256 recevions

86 3261 311 3296 extensionem
325 3289 334 3301 ,
354 3262 421 3296 sive
433 3264 541 3304 quoad
560 3263 794 3297 intensionem.
1068 3277 1200 3305 encore,
1217 3278 1278 3307 par
1299 3278 1360 3300 son
1384 3268 1575 3308 entremise,
1593 3268 1640 3301 les
1657 3267 1801 3301 diverses
1825 3267 1973 3307 applica·

126 3309 168 3350 (2)
178 3310 269 3343 Unde
284 3310 474 3345 Bossuetius
491 3311 594 3345 :Dien
607 3316 706 3352 ayant
726 3323 791 3346 une
807 3311 869 3346 fois
883 3313 983 3346 voulu
1068 3312 1156 3346 tions
1172 3313 1253 3347 dans
1267 3319 1341 3348 tous
1356 3314 1402 3347 les
1417 3315 1682 3350 dtatsdirffirents
1706 3315 1763 3356 qui
1782 3317 1973 3354 composent

86 3368 170 3392 nous
186 3357 316 3392 donner
331 3359 551 3393 Je'sus-Christ
569 3370 629 3399 par
653 3359 686 3393 la
710 3359 817 3393 sainte
839 3358 982 3400 Vierge‚
1067 3358 1101 3393 la
1124 3360 1177 3395 vie
1202 3361 1397 3395 chretienne
1417 3365 1530 3396 (serm.
1550 3363 1616 3396 Sur
1642 3364 1671 3396 la
1694 3361 1855 3396 Devotion
1877 3360 1917 3394 de
1938 3361 1973 3397 la

87 3410 140 3439 cet
151 3407 252 3440 ordre
273 3418 314 3440 ne
338 3418 372 3440 se
391 3407 516 3448 change
536 3407 610 3448 plus
629 3411 663 3441 et
677 3407 725 3441 les
739 3407 821 3441 (lons
843 3407 882 3440 dc
900 3408 983 3441 Dieu
1068 3407 1173 3441 sainte
1192 3408 1336 3449 Vierge,
1357 3409 1484 3443 edition
1506 3410 1547 3444 de
1574 3410 1761 3448 versantes,
1795 3415 1874 3442 toni.
1901 3416 1966 3448 xv,

87 3457 162 3486 sont
181 3464 256 3488 sans
276 3458 490 3494 repentance.
506 3455 533 3488 Il
555 3458 605 3497 est
621 3460 654 3488 et
675 3465 745 3488 sera
765 3458 914 3493 toujours
931 3457 983 3489 ve-
1066 3465 1141 3495 pag.
1162 3454 1229 3498 60).

0 3536 11 3542 ,
86 3498 219 3544 rItable,
242 3499 484 3546 qu'ayantrecu
507 3513 566 3542 par
582 3501 645 3536 elle
666 3514 731 3537 une
755 3501 981 3542 foislep1·in,—
