2170 3808
659 197 858 251 QUAEST.
891 199 974 253 Lll,
1002 199 1120 242 ART.
1153 199 1188 241 11
1215 199 1280 241 ΕΤ
1307 198 1376 242 111.
1874 199 1952 243 441

92 277 372 324 lifferebatur
392 290 534 336 poena
564 276 726 322 diluvii
747 293 757 321 :
783 278 910 323 unde
934 278 1092 323 subdit
1114 273 1127 322 ἰ
1147 281 1201 322 ln
1225 278 1376 321 diebus
1398 281 1507 334 Noe,
1534 278 1634 321 ciam
1651 276 1957 332 fabricaretur

90 353 202 384 zrca.

128 400 196 446 Ad
221 404 437 458 quaa-tum
457 399 706 445 dicendum
723 430 736 454 ,
758 400 884 455 quod
906 399 1037 444 sinus
1058 398 1251 444 Abrahae
1272 404 1424 456 potest
1451 400 1711 445 secundum
1734 398 1826 444 duo
1846 410 1955 444 con·
1998 398 2003 400 ⁷

88 461 282 507 ;iderari.
311 463 410 506 Uno
442 460 579 505 modo
603 459 861 504 secundum
889 459 1118 518 quietem,
1145 459 1225 517 qui
1247 459 1309 504 ihi
1327 465 1425 505 erat
1446 459 1474 503 a
1496 473 1635 517 poena
1659 458 1884 517 sensibili,
1907 464 1954 507 et

89 525 301 578 {uantum
334 521 395 568 ad
426 521 514 566 hoc
532 532 627 566 non
651 522 869 578 competit
887 521 930 566 ei
964 532 1050 566 nec
1069 532 1239 566 nomen
1269 521 1455 576 inferni,
1488 533 1573 565 nec
1595 526 1704 567 sunt
1724 521 1787 566 ibi
1807 520 1951 579 aliqui

87 581 271 629 loloreS.
307 583 406 629 Alio
445 582 584 628 modo
620 586 772 639 potest
809 582 1092 628 considerari
1116 585 1340 640 quantum
1363 582 1423 628 ad
1458 582 1762 638 privationem
1796 583 1954 641 gloriae

85 648 270 699 3peratae
284 660 298 689 ε
319 647 367 690 et
388 643 646 689 secundum
664 644 752 689 hoc
772 643 911 690 habet
931 644 1156 689 rationem
1177 643 1346 688 inferni
1359 647 1406 689 et
1426 642 1615 688 doloriS.
1630 645 1684 687 Et
1703 643 1808 689 ideo
1825 655 1955 692 nunc

85 701 238 749 licitur
259 703 391 750 sinus
412 702 606 750 Abrahae
630 703 710 748 illa
741 704 924 762 requies
946 704 1202 761 beatorum,
1227 716 1319 748 non
1346 708 1500 748 tamen
1532 703 1700 748 dicitur
1722 703 1950 764 infernus,

81 776 160 810 aec
178 765 398 812 dicuntur
414 778 541 811 nunc
560 765 609 811 in
625 766 732 812 sinu
753 766 944 812 Abrahae
965 778 1068 812 esse
1091 766 1289 812 doloreS.

128 825 194 872 Ad
216 830 420 883 quintum
442 826 688 872 dicendum
707 860 721 883 ,
747 826 871 884 quod
904 826 1023 872 sicut
1055 826 1299 883 Gregorius
1329 826 1501 873 ibidem
1521 827 1538 882 (
1551 825 1704 871 Mor-al.
1738 824 1819 870 lib.
1856 839 1948 883 xm,

72 898 174 944 ¹sap.
193 888 278 934 ult.
297 887 357 934 ad
373 887 474 942 fin.)
503 888 629 945 dicit,
647 888 750 945 ipsa
768 889 1004 946 superiora
1031 888 1132 933 loca
1150 887 1317 933 inferni
1339 906 1360 926 «
1378 887 1791 946 profundissimum
1808 886 1952 932 infer-

78 961 183 992 num
202 954 355 994 vocat.
393 949 438 994 Si
466 950 592 995 enim
611 951 839 1008 quantum
863 950 923 996 ad
958 949 1278 996 celsitudinem
1300 950 1406 996 coeli
1436 963 1515 995 aer
1547 950 1635 995 iste
1668 947 1951 1005 caliginosus

76 1009 282 1056 infernus
300 1015 401 1066 estz,
421 1012 650 1069 quantum
669 1011 727 1057 ad
755 1011 965 1068 eiusdem
998 1011 1119 1056 aeris
1140 1011 1447 1068 altitudinem,
1475 1015 1613 1066 terra,
1628 1022 1733 1068 quae
1756 1009 1950 1055 inferius

69 1071 205 1128 jacet,
241 1075 288 1118 et
307 1072 519 1118 infernus
550 1073 762 1131 intelligi,
785 1077 833 1118 et
853 1073 1134 1130 profundum
1165 1077 1343 1131 potest3
1367 1073 1594 1130 quantum
1612 1071 1723 1117 vero
1743 1070 1802 1117 ad
1822 1071 1952 1129 ejus-

75 1133 175 1177 dem
199 1137 334 1179 terrae
356 1135 647 1181 altitudinem
682 1140 728 1181 et
749 1136 850 1180 loca
885 1135 963 1180 illa
998 1133 1197 1190 inferni,
1216 1148 1324 1192 quae
1347 1133 1584 1191 superiora
1613 1137 1724 1178 sunt
1745 1133 1847 1178 aliis
1877 1145 1949 1179 re-

69 1196 320 1252 ceptaculis
348 1196 532 1253 inferni,
570 1198 658 1242 hoc
690 1196 829 1242 modo
866 1196 1036 1241 inferni
1055 1196 1403 1253 profundissimi
1427 1195 1731 1252 appellatione
1766 1194 1942 1252 signifi-

68 1260 248 1302 cantur.
274 1275 296 1298 »

192 1326 532 1370 ARTICULUS
567 1327 651 1369 111.
678 1347 735 1358 —
763 1338 902 1369 ornum
931 1337 1124 1370 cnmsrus
1153 1339 1302 1369 rmum·
1328 1337 1457 1369 'ro‘rns
1485 1337 1526 1368 m
1554 1334 1730 1368 ιΝι-Ὲιιιιο
1760 1324 1837 1377 (1).

699 1393 747 1428 De
768 1393 821 1429 his
836 1393 939 1428 etiam
958 1394 1080 1435 opusc.
1097 1401 1221 1436 ψεαρ.
1233 1394 1310 1429 256.

119 1451 187 1498 Ad
207 1452 395 1498 tertium
416 1453 484 1498 sic
505 1453 785 1511 proceditur.
808 1458 852 1499 1.
873 1453 1059 1499 Videtur
1076 1453 1202 1511 quod
1235 1454 1439 1499 Christus
1459 1466 1553 1498 non
1574 1452 1713 1498 fuerit
1744 1455 1869 1498 totus
1897 1450 1949 1498 in

65 1512 263 1559 inferno.
284 1517 459 1571 Corpus
474 1515 604 1559 enim
625 1515 789 1561 Christi
808 1520 879 1560 est
899 1529 1008 1573 pars
1032 1515 1150 1573 eJ'us.
1182 1516 1271 1562 Sed
1298 1528 1469 1573 corpus
1490 1515 1654 1561 Christi
1674 1526 1768 1559 non
1791 1513 1879 1560 fuit
1898 1512 1946 1559 in

66 1573 263 1620 inferno.
283 1578 403 1632 Ergo
429 1582 552 1621 totus
573 1576 779 1622 Christus
796 1590 892 1621 non
911 1577 1000 1622 fuit
1018 1578 1067 1621 in
1090 1577 1286 1622 inferno.

120 1639 164 1681 2.
195 1639 435 1695 Praeterea,
472 1638 602 1695 nihil,
626 1638 762 1696 cujus
783 1643 940 1697 partes
972 1639 1032 1684 ab
1050 1639 1253 1684 invicem
1272 1642 1498 1696 separatae
1519 1642 1648 1695 sunt,
1679 1641 1833 1695 potest
1857 1637 1948 1683 dici

67 1699 228 1742 totum.
251 1699 340 1744 Sed
369 1711 538 1756 corpus
556 1703 603 1744 et
628 1699 800 1756 anima,
829 1712 935 1757 quae
967 1704 1080 1745 sunt
1110 1704 1265 1757 partes
1285 1699 1503 1744 humanae
1535 1704 1739 1757 naturae,
1759 1698 1949 1744 fuerunt

64 1758 124 1804 ab
155 1759 356 1805 invicem
376 1766 602 1817 separatae
620 1765 727 1818 post
748 1767 963 1817 mortem,
983 1766 1036 1806 ut
1051 1774 1192 1819 supra
1211 1761 1388 1807 dictum
1416 1765 1489 1807 est
1510 1763 1691 1819 (quaest.
1722 1774 1763 1819 ι,
1783 1764 1869 1806 art.
1886 1762 1945 1816 4).

63 1821 310 1926 ?e?⁰‘}ndit
329 1826 485 1867 autem
501 1822 559 1867 ad
579 1822 807 1866 infernum
826 1827 1039 1868 mortuus
1054 1823 1275 1869 existens,
1295 1824 1394 1868 Non
1412 1834 1524 1879 ergo
1537 1821 1687 1879 potuit
1699 1833 1804 1867 esse
1826 1824 1949 1866 totus

82 1894 114 1926 n
131 1894 180 1926 m
202 1894 330 1928 erno.

89 1945 160 1989 -3.
193 1947 429 2001 Praeterea,
454 1945 570 1991 illud
588 1949 736 1990 totum
752 1945 919 1990 dicitur
939 1957 1044 1991 esse
1062 1946 1112 1990 in
1130 1946 1286 2003 aliquo
1301 1946 1419 2004 loco,
1439 1944 1574 2002 cujus
1599 1943 1713 1989 nihil
1731 1949 1801 1988 est
1816 1949 1947 1988 extra

62 2004 217 2051 locum
251 2006 400 2051 illum.
432 2006 519 2052 Sed
546 2005 719 2064 aliquid
753 2006 917 2052 Christi
940 2011 1041 2052 erat
1072 2012 1202 2052 extra
1226 2006 1458 2052 infernum
1473 2039 1488 2063 ,
1510 2005 1618 2063 quia
1650 2017 1820 2062 corpus
1848 2010 1947 2052 erat

61 2065 113 2174 {n
145 2068 378 2125 sepulum,
412 2072 460 2113 et
490 2067 708 2114 divinitas
745 2068 934 2126 ubique.
978 2071 1096 2126 Ergo
1134 2069 1340 2114 Christus
1378 2080 1472 2113 non
1504 2067 1591 2112 fuit
1624 2071 1749 2112 totus
1786 2067 1834 2112 in
1869 2066 1946 2112 in-

81 2139 210 2176 ern0.
785 2176 787 2178 ,

33 2224 38 2230 .
119 2190 206 2236 Sed
229 2195 389 2236 contra
411 2195 482 2236 est
495 2190 620 2248 quod
639 2190 924 2247 Augustinus
943 2191 1054 2237 dicit
1073 2192 1395 2250 (Desymb010,
1414 2191 1494 2236 lib.
1518 2204 1580 2248 ιιι,
1604 2203 1708 2248 cap.
1733 2192 1802 2246 7):
1832 2208 1853 2229 et
1867 2193 1947 2237 To-

63 2256 143 2298 tus
154 2252 295 2298 Filius
319 2252 443 2310 apud
460 2255 657 2311 Patrem,
677 2258 800 2299 totus
819 2254 867 2299 in
890 2254 1025 2313 coe10,
1050 2259 1176 2300 totus
1198 2255 1245 2299 in
1269 2259 1391 2299 terra
1406 2289 1416 2308 ,
1434 2258 1560 2298 totus
1579 2253 1628 2298 in
1652 2258 1783 2298 utero
1810 2253 1946 2311 Virgi-

63 2312 156 2422 318,
176 2318 302 2359 totus
318 2314 367 2358 in
390 2326 545 2373 cruce,
567 2319 692 2359 totus
709 2315 757 2359 ln
778 2315 976 2371 inferno,
991 2320 1116 2361 totus
1130 2316 1179 2360 in
1191 2315 1421 2372 paradiSO,
1447 2326 1539 2372 quo
1557 2314 1787 2359 latronem
1805 2315 1946 2360 intro-

95 2375 212 2421 UXit.
235 2394 257 2415 n

111 2443 401 2484 CONCLUSIO.
426 2466 474 2472 —
495 2445 599 2484 Cilm
614 2454 831 2505 nunquam
855 2444 979 2484 fuerit
1004 2456 1096 2485 caro
1124 2445 1187 2485 vel
1208 2444 1347 2485 anima
1366 2443 1519 2484 Christi
1533 2444 1557 2484 a
1571 2455 1740 2494 persona
1756 2443 1853 2484 Filii
1874 2445 1945 2485 Dei

62 2499 262 2548 separata,
281 2496 361 2538 fuit
385 2499 498 2537 totus
519 2497 707 2538 Christus
722 2510 767 2538 111
784 2499 985 2550 sepulcro,
1007 2498 1051 2539 in
1074 2499 1248 2548 inferno,
1274 2501 1315 2538 et
1331 2498 1495 2550 ubique.

119 2560 390 2617 Respondeo
411 2559 661 2605 dicendum
683 2559 825 2618 quod,
847 2560 969 2605 sicut
987 2567 1114 2618 patet
1131 2574 1189 2607 ex
1211 2561 1285 2606 his
1308 2573 1413 2618 quae
1433 2560 1481 2604 in
1501 2560 1650 2616 prima
1671 2564 1802 2617 parte
1823 2559 1944 2606 dicta

63 2626 176 2667 sunt
193 2624 373 2679 (quaest.
388 2636 502 2679 xxxi,
526 2626 614 2667 art.
642 2625 672 2668 2
692 2622 752 2668 ad
764 2624 825 2682 4),
844 2624 1158 2669 masculinum
1181 2635 1331 2680 genus
1359 2623 1556 2668 refertur
1577 2622 1637 2667 ad
1655 2622 1942 2680 hypostasim

62 2681 139 2727 vel
157 2695 430 2740 personam,
456 2687 674 2728 neutrum
702 2688 859 2729 autem
882 2697 1034 2742 genus
1054 2686 1256 2743 pertinet
1274 2685 1332 2729 ad
1355 2689 1586 2729 naturam.
1608 2686 1658 2727 ln
1687 2686 1835 2729 morte
1857 2695 1943 2728 au·-

63 2745 158 2787 tem
187 2744 351 2788 Christi
381 2745 486 2788 licet
523 2745 680 2789 anima
708 2744 849 2790 fuerit
874 2751 1086 2804 separata
1110 2747 1137 2790 a
1166 2758 1384 2803 corpore,
1414 2749 1632 2789 neutrum
1670 2748 1827 2788 tamen
1858 2744 1943 2790 fuit

63 2809 327 2861 separatum
346 2805 373 2849 a
394 2818 592 2862 persona
607 2806 706 2852 Filii
729 2807 825 2860 Dei,
847 2812 901 2853 ut
929 2820 1072 2865 supra
1101 2808 1276 2853 dictum
1301 2811 1371 2852 est
1394 2808 1578 2863 (quaest.
1609 2819 1651 2861 L,
1674 2811 1761 2849 art.
1794 2806 1854 2859 2).
1889 2808 1944 2851 Et

63 2866 168 2912 ideo
189 2866 238 2926 in
260 2866 338 2910 illo
361 2867 514 2912 triduo
537 2868 697 2912 mortis
719 2869 882 2914 Christi
905 2869 1153 2916 dicendum
1172 2873 1260 2926 est,
1280 2867 1406 2926 quod
1420 2873 1545 2913 totus
1566 2867 1771 2912 Christus
1788 2866 1877 2912 fuit
1893 2867 1940 2911 in

63 2928 294 2985 sepulcrO,
317 2928 426 2985 quia
461 2932 556 2972 tota
576 2941 774 2986 persona
798 2930 885 2974 fuit
907 2931 970 2975 ibi
992 2944 1075 2988 per
1104 2942 1273 2988 corpus
1302 2930 1390 2974 sibi
1413 2929 1625 2985 unitum3
1666 2932 1712 2973 et
1733 2927 1943 2974 similiter

66 2992 189 3034 totus
208 2988 295 3034 fuit
322 2989 371 3033 in
402 2989 598 3046 inferno,
621 2990 731 3047 quia
762 2995 859 3036 tota
874 3005 1076 3050 persona
1094 2993 1258 3038 Christi
1282 2991 1367 3036 fuit
1384 2991 1448 3036 ibi
1470 2991 1647 3035 ratione
1669 2989 1835 3034 animae
1852 2989 1941 3035 sibi

62 3049 223 3106 unitae,
241 3054 365 3095 totus
384 3051 520 3095 etiam
540 3051 745 3095 Christus
768 3056 882 3097 tuno
902 3058 1001 3098 erat
1018 3053 1191 3110 ubique
1213 3052 1391 3097 ratione
1414 3051 1582 3097 divinae
1603 3055 1782 3097 naturae
1798 3052 1872 3107 (2).

119 3111 183 3156 Ad
212 3115 410 3167 primum
442 3124 551 3168 ergo
580 3112 843 3169 dicendum,
882 3116 1007 3172 quod
1038 3127 1209 3172 corpus
1235 3114 1361 3171 quod
1383 3118 1496 3158 tunc
1516 3117 1614 3159 erat
1636 3113 1684 3157 in
1705 3113 1935 3171 sepulcro,

63 3184 156 3217 non
188 3178 260 3218 est
282 3187 390 3230 pars
424 3186 633 3229 personae
654 3174 868 3220 increatae
885 3210 897 3231 ,
924 3177 1008 3222 sed
1027 3182 1205 3222 naturae
1227 3181 1493 3233 assumptae.
1527 3178 1582 3221 Et
1603 3174 1706 3222 ideo
1737 3188 1821 3232 per
1850 3177 1937 3220 hoo

63 3234 187 3292 quod
203 3248 371 3291 corpus
393 3235 553 3280 Christi
573 3248 667 3279 non
686 3236 772 3280 fuit
792 3237 838 3279 in
855 3237 1053 3294 inferno,
1075 3251 1166 3282 non
1185 3238 1445 3283 excluditur
1463 3237 1576 3295 quin
1589 3241 1710 3283 totus
1729 3237 1934 3282 Christus

86 3384 88 3387 ·
102 3370 128 3410 (ί
137 3377 145 3409 l
159 3370 368 3407 Affirmavive
382 3372 561 3413 respondet
578 3373 610 3406 S.
633 3371 769 3413 Dat-tos,
781 3373 859 3414 qaia
871 3383 955 3406 mas·
1078 3372 1122 3413 (2)
1134 3373 1289 3406 Attamen
1303 3384 1371 3407 non
1394 3371 1461 3408 fuit
1484 3372 1534 3407 ih'i
1548 3371 1709 3414 totaliter,
1735 3376 1772 3406 ut
1791 3377 1883 3413 patet
1899 3383 1938 3405 ex

63 3416 212 3451 culinum
233 3429 335 3458 genus
352 3418 470 3460 (totus)
487 3418 633 3453 refertur
645 3419 688 3454 ad
711 3419 925 3461 hypostasim.
1039 3431 1168 3460 repons.
1190 3420 1232 3454 ad
1247 3432 1315 3463 seq.
