2170 3808
660 183 860 235 QUAEST.
888 183 1053 238 XXXV,
1082 183 1201 225 ART.
1230 182 1283 225 lv
1312 181 1378 224 ET
1403 181 1454 225 V.
1926 180 2013 225 289

115 268 240 314 Unde
261 276 549 323 consequens
567 267 637 308 est
656 264 781 320 quod
790 267 839 309 Β.
855 264 995 318 Virgo
1011 264 1121 308 vere
1142 262 1322 308 dicatur
1342 267 1491 307 mater
1505 260 1598 306 Dei.
1623 261 1778 305 Solum
1797 258 1924 304 enim
1939 260 2009 304 sic

115 330 272 385 negari
292 333 449 386 posset
465 329 512 371 B.
537 326 771 382 Virginem
792 339 895 370 esse
917 329 1113 370 matrem
1134 325 1227 380 Dei,
1251 325 1291 368 si
1312 325 1386 369 vel
1401 323 1668 369 humanitas
1690 322 1819 379 prius
1841 322 2008 366 fuisset

114 393 319 448 subjecta
356 388 647 445 conceptioni
680 392 726 432 et
758 388 1010 443 nativitati,
1055 386 1196 443 quam
1236 387 1375 430 homo
1414 385 1491 430 ille
1528 385 1692 429 fuisset
1732 384 1871 453 Filius
1910 383 2007 437 Dei,

115 454 235 497 sicut
252 451 471 496 Photinus
505 449 690 506 posuit3
716 449 790 493 vel
812 448 1076 492 humanitas
1109 459 1202 490 non
1238 447 1402 490 fuisset
1437 452 1676 501 assumpta
1707 445 1755 489 in
1784 448 2010 489 unltatem

119 526 341 569 personae,
359 511 434 556 vel
447 509 713 568 hypostasis
732 509 862 553 Verbi
878 509 973 567 Dei,
999 508 1120 552 sicut
1141 508 1296 564 posuit
1309 507 1563 551 Nestorius.
1587 510 1840 563 ‘Utrumque
1855 511 2010 550 autem

113 575 281 618 horum
306 577 379 618 est
404 583 665 616 erroneum.
702 571 829 615 Unde
864 569 1135 614 haereticum
1167 573 1239 612 est
1265 579 1438 624 negare
1460 568 1506 611 B.
1532 567 1764 623 Virginem
1787 580 1891 612 esse
1911 580 2011 612 ma-

119 642 235 680 trem
253 634 347 678 Dei.

169 696 236 740 Ad
255 698 450 752 primum
469 704 580 749 ergo
592 692 856 749 dicendum,
871 692 996 749 quod
1020 694 1117 735 haec
1133 691 1221 736 fuit
1241 690 1438 747 obJ'ectio
1455 690 1676 735 Nestorii:
1695 702 1802 746 quae
1821 691 2009 747 quidem

114 757 309 802 solvitur
319 768 378 800 ex
388 755 477 798 hoc
491 754 748 811 quodlicet,
763 767 854 798 non
873 753 1134 798 inveniatur
1145 753 1366 809 expresse
1381 753 1428 796 in
1449 752 1684 808 Scriptura
1694 752 1868 796 dictum
1884 753 2009 809 quod

113 821 162 863 B.
187 819 322 875 Virgo
343 817 403 862 sit
420 821 567 861 mater
588 816 684 874 Dei,
713 816 947 860 invenitur
965 821 1121 860 tamen
1157 813 1378 871 expresse
1405 814 1452 858 in
1479 814 1712 870 Scriptura
1731 813 1857 870 quod
1876 816 2011 860 Jesus

114 880 320 925 Christus
342 885 414 924 est
432 890 574 923 verus
595 881 730 933 DeUS,
747 883 799 921 ut
817 883 942 934 patet
964 880 1012 932 (1.
1035 880 1165 921 Joan.
1187 877 1307 933 ula),
1331 882 1376 921 et
1395 875 1521 933 quod
1540 878 1589 920 B.
1614 875 1750 931 Virgo
1770 881 1842 920 est
1863 880 2011 921 mater

113 943 221 986 Jesu
235 940 398 986 Christi
419 943 494 997 (1),
525 944 577 985 ut
605 945 729 997 patet
751 940 920 993 (Matth.
940 942 988 994 1).
1011 940 1140 984 Unde
1169 938 1379 995 sequitur
1406 950 1466 982 ex
1484 938 1758 982 necessitate
1777 949 1836 982 ex
1858 938 2010 983 verbis

116 1003 360 1060 scripturae
379 1001 506 1059 quod
525 1002 586 1046 sit
606 1005 754 1045 mater
768 1001 860 1045 Dei.
884 1001 1056 1046 Dicitur
1071 1001 1210 1045 etiam
1226 1003 1373 1053 (Rom.
1393 1013 1451 1052 ix,
1468 1001 1528 1055 5),
1544 999 1671 1056 quod
1681 1012 1738 1044 ex
1759 1000 1930 1044 Iudaeis
1939 1008 2012 1045 est

114 1066 354 1108 secundum
382 1077 566 1108 carnem
590 1063 815 1120 Christus,
840 1066 916 1118 qui
938 1067 1155 1119 estsuper
1176 1065 1327 1105 omnia
1346 1066 1464 1105 Deus
1485 1062 1737 1106 benedictus
1757 1065 1806 1105 in
1827 1063 2008 1113 saecula,

114 1127 211 1170 Non
232 1131 390 1171 autem
412 1131 483 1170 est
503 1138 563 1171 ex
585 1124 771 1181 Judaeis‚
797 1124 887 1169 nisi
901 1125 1134 1170 mediante
1151 1127 1199 1168 B.
1225 1124 1424 1179 Virgine.
1450 1123 1579 1168 Unde
1596 1124 1674 1169 ille
1693 1124 1774 1180 qui
1788 1129 1858 1168 est
1872 1137 2012 1182 super

113 1188 268 1232 omnia
287 1192 405 1232 Deus
423 1187 673 1231 benedictus
689 1189 739 1229 in
754 1187 935 1243 saecula,
960 1191 1031 1231 est
1048 1186 1157 1230 vere
1178 1190 1316 1230 natus
1341 1197 1399 1230 ex
1416 1188 1464 1229 B.
1492 1186 1678 1243 Virgine
1697 1187 1818 1232 sicut
1840 1199 1899 1232 ex
1925 1199 2012 1232 sua

115 1254 282 1294 matre.

168 1311 235 1355 Ad
264 1312 506 1355 secundum
527 1308 790 1362 dicendum,
812 1308 938 1366 quod
964 1308 1043 1353 illa
1062 1314 1132 1354 est
1167 1309 1364 1366 obJectio
1394 1309 1604 1354 Nestorii.
1629 1310 1717 1355 Sed
1738 1310 1937 1368 Gyrillus
1959 1310 2010 1355 in

114 1372 311 1428 quadam
333 1371 526 1428 epistola
555 1376 718 1415 contra
734 1371 993 1415 Nestorium
1015 1383 1122 1428 quae
1143 1371 1340 1416 habetur
1369 1371 1417 1415 in
1439 1371 1635 1415 concilio
1663 1371 1808 1428 Ephes
1827 1376 1958 1428 (part.
1979 1385 2009 1429 1,

115 1446 214 1489 cap.
236 1437 279 1488 2,
303 1445 430 1478 num.
458 1435 546 1488 12),
584 1444 688 1476 eam
711 1432 862 1488 solvit,
888 1433 955 1477 sic
979 1433 1141 1478 dicens
1165 1447 1177 1478 :
1206 1434 1363 1478 «Sicut
1380 1433 1580 1478 hominis
1603 1434 1758 1478 anima
1780 1446 1889 1478 cum
1908 1446 2011 1490 pro-

117 1495 214 1549 prio
234 1507 426 1552 corpore
447 1494 653 1538 nascitur
672 1501 719 1539 et
737 1499 960 1551 tanquam
982 1507 1132 1539 unum
1149 1499 1409 1551 reputatum
1432 1500 1479 1540 et
1499 1495 1540 1539 si
1561 1495 1759 1540 voluerit
1780 1496 2010 1553 quispiam

114 1555 283 1612 dicere,
299 1555 425 1611 quod
438 1559 509 1599 est
525 1554 724 1611 genitrix
738 1555 908 1610 carnis,
925 1568 1019 1599 non
1039 1561 1192 1600 tamen
1210 1560 1255 1600 et
1272 1556 1439 1600 animae
1457 1555 1674 1612 genitrix,
1691 1556 1830 1602 nimis
1849 1570 2011 1613 super-

115 1617 205 1661 flue
216 1617 442 1673 loquiturt,
461 1616 551 1660 tale
568 1615 744 1672 aliquid
757 1621 941 1673 gestum
956 1616 1240 1673 percipimus
1255 1617 1305 1662 in
1325 1617 1625 1674 generatione
1638 1618 1800 1663 Christi
1815 1634 1827 1675 ;
1849 1624 2012 1664 natum

116 1683 186 1721 est
205 1678 329 1723 enim
347 1690 405 1722 ex
423 1677 501 1722 Dei
518 1677 664 1722 Patris
682 1677 945 1722 substantia
966 1678 1047 1723 Dei
1070 1678 1267 1723 Verbum
1294 1694 1305 1724 ι
1330 1680 1440 1736 quia
1461 1678 1573 1724 vero
1594 1691 1782 1725 carnem
1798 1693 2012 1738 assump-

116 1739 191 1795 sit,
202 1739 518 1783 necessarium
527 1742 598 1784 est
609 1739 818 1783 confiteri
830 1739 954 1796 quod
966 1745 1130 1785 natum
1142 1745 1212 1785 est
1224 1742 1483 1786 secundum
1495 1753 1685 1785 carnem
1697 1754 1754 1786 ex
1764 1742 1974 1788 muliere.
1986 1762 2009 1783 η

117 1800 366 1844 Dicendum
385 1805 457 1845 est
487 1812 599 1856 ergo
632 1800 758 1857 quod
785 1803 836 1845 Β.
859 1801 995 1857 Virgo
1018 1802 1187 1847 dicitur
1214 1808 1363 1848 mater
1391 1803 1486 1858 Dei,
1516 1815 1612 1847 non
1643 1804 1753 1860 quia
1784 1804 1844 1848 sit
1864 1810 2012 1850 mater

116 1861 387 1914 Divinitatis,
413 1860 495 1905 sed
518 1861 626 1918 quia
644 1874 855 1918 personae
871 1862 1087 1908 habentis
1106 1864 1395 1910 divinitatem
1414 1870 1461 1910 et
1475 1865 1810 1911 humanitatem
1824 1871 1895 1911 est
1910 1879 2012 1911 ma-

118 1929 186 1967 ter
213 1922 473 1968 secundum
492 1923 844 1968 humanitatem.

170 1984 236 2028 Ad
251 1986 434 2028 tert-ium
451 1984 718 2042 dicendum,
737 1985 863 2042 quod
875 1985 964 2031 hoc
978 1999 1149 2032 nomen
1162 1992 1279 2031 Deus
1301 1988 1518 2045 quamvis
1530 1989 1590 2033 sit
1601 2001 1848 2034 commune
1862 1990 2012 2035 tribus

115 2045 342 2100 personis,
363 2049 519 2090 tamen
546 2046 767 2102 supponit
785 2047 1065 2104 quandoque
1088 2061 1172 2104 pro
1202 2049 1301 2093 sola
1323 2061 1523 2105 persona
1543 2050 1703 2103 Patris,
1730 2052 2012 2109 quandoque
2075 2081 2078 2086 ,

113 2116 198 2160 pro
220 2105 318 2149 sola
330 2117 529 2161 persona
542 2107 640 2150 Filii
656 2107 732 2151 vel
742 2108 939 2163 Spiritus
954 2109 1119 2166 sancti,
1140 2114 1194 2153 ut
1208 2122 1350 2166 supra
1372 2110 1581 2154 habitum
1599 2116 1673 2156 est
1695 2111 1791 2167 (qu.
1816 2126 1904 2169 xvi,
1922 2121 2009 2158 art.

113 2172 135 2210 1
162 2172 208 2211 et
222 2170 281 2220 2).
298 2170 351 2211 Et
372 2168 435 2211 ita
450 2168 556 2213 cum
573 2168 742 2212 dicitur
765 2183 775 2210 :
797 2172 940 2213 Beata
958 2173 1097 2226 Vir-90
1113 2175 1178 2214 est
1194 2175 1342 2215 mater
1356 2175 1455 2228 Dei,
1474 2172 1564 2216 hoc
1583 2184 1757 2217 nomen
1772 2177 1890 2217 Deus
1900 2187 2010 2232 sup-

115 2228 244 2284 ponit
265 2241 351 2285 pro
372 2229 471 2273 sola
501 2242 700 2286 persona
721 2230 817 2274 Filii
843 2231 1097 2276 incarnata.

307 2300 654 2342 ARTICULUS
676 2301 735 2343 V.
755 2323 810 2331 —
839 2313 972 2344 uranu
992 2314 1031 2344 m
1047 2314 1220 2345 cmusro
1240 2315 1330 2346 sm‘r
1351 2316 1442 2347 DUAE
1465 2316 1718 2348 muniorzsss
1739 2306 1814 2358 (2).

120 2363 168 2397 De
185 2363 237 2398 his
253 2363 357 2399 etiam
384 2366 479 2400 Svnt.
495 2375 548 2406 lu.
568 2366 646 2402 dist.
664 2367 696 2408 8,
719 2372 784 2402 art.
800 2368 834 2409 5,
853 2373 889 2402 et
905 2369 1020 2409 quodi.
1036 2373 1141 2452 ''ssu“
1156 2369 1188 2410 2,
1207 2375 1241 2405 et
1258 2370 1371 2411 quodl.
1388 2379 1443 2411 11,
1462 2375 1579 2412 quaest.
1591 2379 1630 2411 11,
1650 2375 1713 2406 art.
1731 2373 1764 2411 5,
1797 2378 1830 2407 et
1850 2373 1974 2414 opusc.

978 2428 1051 2459 cap.
1066 2436 1093 2452 ..1
1111 2436 1114 2439 .
1133 2444 1143 2453 .

171 2473 238 2517 Ad
257 2473 471 2529 quintum
493 2475 561 2518 sic
582 2476 861 2531 proceditur.
887 2480 929 2522 1.
951 2479 1140 2524 Videtur
1157 2480 1283 2537 quod
1306 2481 1354 2524 in
1377 2480 1553 2525 Christo
1573 2481 1667 2526 sint
1688 2480 1794 2526 duae
1818 2482 2009 2527 filiatio-

116 2545 215 2579 nes.
233 2534 452 2579 Nativitas
472 2535 596 2580 enim
607 2541 687 2580 'est
700 2550 842 2581 causa
851 2538 1100 2585 filiationis.
1124 2542 1211 2586 Sed
1228 2541 1277 2585 in
1290 2541 1465 2586 Christo
1480 2546 1590 2587 sunt
1607 2543 1712 2587 duae
1728 2544 2006 2589 nativitates.

114 2597 232 2651 Ergo
249 2595 388 2639 etiam
409 2596 458 2639 in
482 2597 660 2642 Christo
684 2603 796 2643 sunt
831 2599 936 2645 duae
956 2601 1216 2648 filiationes.

170 2659 212 2700 2.
243 2658 482 2714 Praeterea,
527 2657 685 2703 filiatio
724 2662 818 2714 qua
849 2661 954 2717 quis
997 2662 1166 2707 dicitur
1208 2664 1333 2709 filius
1369 2665 1567 2720 alicujus
1606 2665 1681 2710 vel
1718 2666 1896 2721 matris,
1933 2669 2008 2712 vel

119 2716 274 2771 patris,
315 2717 544 2773 dependet
579 2719 839 2776 aliqualiter
859 2722 919 2766 ab
951 2723 1068 2779 ipso,
1107 2725 1216 2781 quia
1249 2738 1353 2771 esse
1375 2725 1610 2770 relationis
1641 2731 1712 2771 est
1740 2727 1800 2772 ad
1834 2727 2007 2785 aliquid

117 2777 371 2832 aliqualiter
398 2791 449 2822 se
482 2780 688 2825 hahere:
727 2782 851 2827 unde
873 2788 919 2828 et
955 2784 1233 2842 interempto
1266 2800 1362 2831 uno
1397 2787 1695 2832 relativorum
1730 2788 2009 2835 interimitur

117 2837 259 2882 aliud.
283 2840 371 2883 Sed
395 2838 554 2886 filiatio
586 2847 775 2901 aeterna,
811 2847 904 2901 qua
932 2847 1140 2892 Christus
1161 2854 1233 2893 est
1252 2849 1392 2893 Filius
1416 2850 1495 2893 Dei
1516 2849 1677 2903 Patris,
1706 2862 1800 2894 non
1834 2851 2007 2908 depen-

119 2899 196 2943 det
217 2899 244 2942 a
274 2905 436 2956 matre,
460 2903 568 2958 quia
590 2905 772 2950 nullum
802 2911 1027 2952 aeternum
1051 2909 1281 2966 dependet
1311 2911 1339 2954 a
1373 2911 1631 2966 temporali.
1652 2914 1773 2967 Ergo
1802 2913 2008 2960 Christus

122 2972 212 3027 uon
251 2969 321 3004 est
351 2961 473 3005 tilius
509 2965 668 3008 matris
705 2967 923 3012 filiatione
958 2973 1146 3014 aeterna.
1186 2976 1273 3015 Aut
1313 2983 1425 3027 ergo
1452 2972 1582 3016 nullo
1603 2972 1741 3017 modo
1778 2978 1850 3018 est
1884 2974 2007 3020 filius

118 3031 237 3088 ejus,
268 3021 393 3076 quod
415 3026 484 3066 est
520 3027 681 3067 contra
711 3028 929 3081 praedicta
968 3031 1070 3082 (art.
1110 3034 1284 3087 praee),
1317 3038 1397 3076 aut
1430 3038 1610 3088 oportet
1641 3034 1766 3089 quod
1789 3034 1848 3079 sit
1882 3035 2007 3081 filius

117 3092 219 3136 ejus
237 3082 438 3136 quadam
457 3083 546 3126 alia
564 3084 784 3130 filiatione
805 3090 1062 3146 temporali.
1086 3094 1200 3136 Sunt
1217 3105 1326 3149 ergo
1343 3093 1391 3136 in
1415 3094 1591 3137 Christo
1610 3094 1714 3138 duae
1743 3095 2003 3141 filiationes.

158 3215 201 3255 (l)
226 3215 359 3254 (Matth.
387 3216 411 3256 1)
429 3230 437 3250 ε
456 3218 506 3252 De
523 3229 594 3261 qua
625 3223 736 3252 ‘natus
753 3223 804 3253 est
830 3221 935 3256 Jesus
952 3226 1017 3266 qui
1141 3227 1185 3267 (2)
1210 3227 1330 3262 Tradit
1358 3228 1392 3261 S.
1421 3228 1544 3262 hoctor
1560 3228 1640 3262 duas
1667 3240 1736 3262 esse
1763 3229 1943 3263 filiationes
1966 3240 2002 3263 m

117 3266 272 3296 coeatur
290 3262 474 3298 Christus.
491 3266 584 3306 (Luc.
602 3269 638 3305 ιι)
655 3279 663 3299 :
682 3267 787 3301 Dixit
802 3273 919 3303 mater
934 3273 1013 3313 ejus
1100 3274 1244 3315 Christo,
1256 3275 1283 3309 si
1304 3275 1513 3309 attendamus
1537 3278 1682 3312 rationes
1701 3277 1901 3311 filiationis:
1926 3278 2001 3310 uni-

118 3309 166 3341 (ια
180 3309 310 3344 illum.
329 3311 437 3351 (Joan.
459 3314 498 3352 ιι)
522 3326 530 3346 :
561 3314 658 3347 Erat
674 3315 795 3348 Mater
820 3315 926 3350 Jesus
943 3317 1007 3352 ibi.
1098 3334 1170 3356 cam
1188 3324 1265 3356 vero
1278 3323 1306 3356 si
1325 3324 1537 3358 attendamus
1554 3325 1739 3364 subjectum
1757 3324 1844 3365 quod
1859 3330 1907 3357 est
1923 3337 2000 3365 per·

118 3355 214 3390 Dicit
235 3360 352 3391 mater
371 3360 447 3400 ejus
473 3361 668 3395 ministris.
686 3361 784 3401 (ibid.
813 3362 883 3403 nx)
903 3363 1013 3398 :Stnc-
1097 3381 1177 3403 sona
1196 3371 1314 3405 Verbi.

117 3402 298 3445 batjuxca
317 3417 457 3440 crucem
472 3413 590 3442 macer
610 3409 701 3450 eJus.

250 3471 312 3500 vt.
1776 3466 1829 3506 10
