2170 3808
675 169 871 220 QUAEST.
901 169 985 225 LII,
1014 170 1131 213 ART.
1162 170 1232 213 Vll
1258 171 1324 213 ET
1350 170 1448 213 Vlll.
1917 175 1998 216 447

124 249 329 298 adstricti
343 253 472 294 reatu
484 247 720 304 originalis
735 249 926 306 peccati,
938 249 1215 306 inquantum
1232 250 1420 307 respicit
1429 250 1681 295 humanam
1695 253 1909 297 naturam
1919 254 1953 304 (1
1964 254 1995 309 )‚

123 315 280 357 tamen
306 310 487 356 liberati
517 313 650 354 erant
666 321 748 366 per
774 309 911 355 fidem
947 311 1111 355 Christi
1133 310 1192 356 ab
1215 311 1343 356 omni
1374 311 1556 356 macula
1583 312 1760 369 peccati
1777 327 1807 355 :⁴
1827 314 1875 358 et
1894 312 1997 358 ideo

123 384 317 431 capaces
335 375 467 418 erant
486 371 610 416 illius
628 371 912 416 liberationis
935 384 1075 430 quam
1097 372 1299 418 Christus
1320 373 1473 418 attulit
1495 373 1782 420 descendens
1804 374 1864 420 ad
1877 374 1995 420 infe·

123 445 215 480 ros.
255 433 343 479 Sed
367 434 455 479 hoc
489 433 546 478 de
588 432 744 489 pueris
777 433 866 478 dici
901 445 995 478 non
1035 437 1211 494 potest,
1255 437 1309 478 ut
1342 445 1402 479 ex
1442 435 1719 492 supradictis
1751 439 1876 493 patet
1911 437 1928 492 (
1946 435 1994 480 in

123 506 203 540 cor
238 530 248 540 .
273 497 395 549 art.).

177 509 242 601 ΑΞ
259 556 497 599 secundum
526 553 788 613 dicendum,
823 554 948 613 quod
968 558 1076 600 cum
1104 554 1348 612 Apostolus
1376 555 1488 601 dicit
1518 557 1643 614 quod
1669 559 1817 614 gratia
1845 557 1923 603 Dei
1944 557 1993 603 in

122 617 278 676 plures
298 615 566 674 abundavit,
589 615 639 673 ly
657 617 813 672 plures
832 628 924 662 non
948 620 1020 662 est
1041 616 1360 673 accipiendum
1383 617 1709 674 comparative,
1734 618 1868 677 quasi
1887 618 1995 677 plu-

122 690 199 724 res
218 689 410 723 numero
429 677 522 722 sint
551 677 714 722 salvati
740 690 823 735 per
845 678 1039 736 gratiam
1072 677 1234 723 Christi
1254 678 1392 735 quam
1425 678 1630 724 damnati
1652 692 1734 737 per
1754 685 1993 737 peccatum

121 739 251 795 Adae3
273 738 357 784 sed
384 738 595 784 absolute
616 751 671 783 ac
691 739 729 783 si
765 739 937 785 diceret
971 738 1094 797 quod
1118 739 1267 796 gratia
1300 739 1441 791 unius
1475 740 1636 792 Christi
1670 741 1924 787 abundavit
1946 742 1994 787 in

122 799 310 857 multos,
334 800 454 846 sicut
467 804 514 844 et
531 805 771 857 peccatum
791 801 933 847 unius
949 802 1055 846 Adae
1072 800 1283 859 pervenit
1301 801 1359 846 ad
1381 802 1568 846 multos.
1595 802 1681 847 Sed
1701 803 1820 847 sicut
1835 815 1993 859 pecca-

122 866 222 906 tum
241 861 348 908 Adae
369 860 430 907 ad
447 873 527 907 eos
556 862 736 920 tantum
760 863 970 919 pervenit
989 863 1067 920 qui
1097 875 1179 920 per
1211 863 1482 908 seminalem
1507 863 1731 909 rationem
1749 864 1993 909 carnaliter

122 921 182 968 ab
199 935 255 968 eo
272 922 625 982 descenderunt,
644 923 708 969 ita
728 925 874 982 gratia
905 924 1067 970 Christi
1091 924 1150 971 ad
1178 924 1283 970 illos
1306 929 1487 970 tantum
1514 926 1726 982 pervenit
1742 925 1819 984 qui
1854 926 1992 983 spiri-

123 983 234 1030 tuali
251 985 599 1042 regeneratione
623 986 725 1044 ejus
743 987 954 1032 membra
975 993 1087 1032 sunt
1102 986 1211 1033 facti
1230 989 1288 1043 (2)
1306 1000 1318 1032 ι
1339 987 1464 1044 quod
1485 1000 1579 1033 non
1597 988 1817 1046 competit
1834 988 1992 1045 pueris

124 1045 452 1092 decedentibus
469 1058 576 1092 cum
597 1047 807 1104 orIgiuali
830 1054 1037 1105 peccato,

176 1107 244 1153 Ad
266 1109 448 1152 tertium
464 1107 729 1165 dicendum,
748 1108 871 1166 quod
889 1108 1148 1166 baptismus
1165 1107 1409 1154 adhibetur
1429 1109 1693 1156 hominibus
1711 1111 1759 1156 in
1777 1111 1864 1156 hac
1878 1111 1989 1168 vita,

120 1167 170 1213 in
189 1181 281 1226 qua
299 1169 437 1215 homo
451 1175 603 1227 potest
617 1170 915 1216 transmutari
927 1170 984 1214 de
997 1169 1134 1226 culpa
1153 1169 1199 1213 in
1214 1170 1433 1227 gratiam3
1457 1172 1539 1217 sed
1555 1172 1811 1219 descensus
1824 1173 1989 1229 Christi

121 1228 181 1275 ad
200 1230 372 1275 inferos
390 1230 622 1276 exhibitus
641 1231 729 1277 fuit
753 1230 996 1275 animabus
1019 1235 1123 1287 post
1143 1231 1264 1276 hanc
1291 1230 1432 1276 vitam
1455 1235 1528 1289 (3),
1550 1232 1629 1278 ubi
1655 1247 1746 1279 non
1777 1238 1890 1279 sunt
1909 1247 1991 1279 ca-

117 1302 258 1347 paces
280 1292 680 1337 transmutationis
699 1291 945 1348 praedictae.
962 1294 1015 1336 Et
1045 1291 1151 1337 ideo
1170 1304 1253 1350 per
1273 1292 1557 1350 baptismum
1584 1296 1715 1352 pueri
1733 1295 1991 1342 liberantur

118 1350 348 1411 &peccato
372 1353 585 1411 originali
600 1358 645 1399 et
667 1353 726 1398 ab
744 1353 943 1410 inferno,
967 1366 1063 1399 non
1084 1358 1238 1400 autem
1260 1367 1342 1412 per
1360 1355 1635 1402 descensum
1652 1358 1813 1403 Christi
1831 1357 1892 1402 ad
1913 1358 1989 1403 in-

116 1414 255 1460 feros.

171 1478 515 1540 ARTlcULus
538 1480 665 1523 VIII.
688 1502 743 1510 -—
767 1491 905 1522 urium
932 1491 1132 1523 cums-rus
1153 1492 1227 1524 suo
1253 1492 1462 1525 nsscssusu
1490 1494 1763 1525 unamvssnrr
1786 1495 1932 1526 amma

885 1553 910 1583 Δ
943 1552 1214 1586 PURGATORIO.

291 1607 342 1643 De
356 1607 408 1642 his
420 1607 522 1643 etiam
541 1608 635 1642 Sent.
655 1615 708 1648 111,
728 1606 806 1643 dist.
823 1607 878 1649 2⁴,
892 1612 1009 1651 quaest.
1024 1617 1064 1650 11,
1081 1613 1145 1644 art.
1159 1610 1192 1652 2,
1208 1612 1324 1652 quaest.
1339 1618 1387 1653 Π,
1401 1613 1436 1646 et
1452 1610 1575 1652 opusc.
1588 1619 1629 1651 11,
1646 1622 1716 1653 cap.
1732 1611 1807 1647 244.

171 1661 237 1708 Ad
259 1666 470 1707 octavum
489 1661 556 1706 sic
575 1661 853 1718 proceditur.
890 1666 933 1708 1.
962 1663 1150 1709 Videtur
1180 1664 1302 1721 quod
1326 1664 1533 1710 Christus
1566 1677 1652 1711 suo
1681 1665 1909 1712 descensu
1928 1667 1983 1713 ad
2013 1699 2015 1701 -

117 1722 290 1769 inferos
320 1723 583 1769 liberaverit
610 1723 789 1769 animas
810 1724 838 1769 a
858 1725 1139 1782 purgatorio.
1163 1725 1277 1774 Dicit
1298 1727 1420 1771 enim
1448 1727 1734 1783 Augustinus
1762 1727 1824 1783 (in
1847 1728 1982 1785 epist.

116 1785 176 1831 ad
197 1784 437 1842 Evodium,
456 1787 556 1842 164,
575 1785 635 1830 al.
658 1787 729 1843 99,
748 1790 856 1832 ante
872 1787 1037 1842 med.):
1064 1804 1083 1824 «
1106 1787 1221 1840 Quia
1238 1787 1467 1834 evidentia.
1493 1788 1755 1834 testimonia
1778 1794 1824 1835 et
1840 1789 1984 1834 infer-

115 1859 230 1892 num
249 1851 613 1893 commemorant
631 1851 678 1892 et
703 1847 904 1906 dolores,
938 1848 1064 1893 nulla
1094 1861 1236 1894 causa
1256 1850 1457 1895 occurrit
1475 1863 1558 1895 cur
1571 1850 1657 1912 'illo
1674 1850 1886 1896 credatur
1907 1864 1985 1897 ve-

115 1908 244 1954 nisse
257 1908 478 1967 Salvator,
499 1909 585 1954 nisi
601 1913 653 1953 ut
664 1908 724 1954 ab
741 1908 917 1956 eisdem
929 1910 1165 1956 doloribus
1178 1912 1331 1957 salvos
1345 1912 1529 1958 faceret.
1550 1913 1637 1958 Sed
1654 1915 1810 1957 utrum
1821 1925 1983 1958 omnes

116 1970 290 2029 quosin
313 1970 382 2016 eis
397 1970 590 2026 invenit,
611 1983 669 2015 an
690 1971 917 2027 quosdam
931 1984 1051 2029 quos
1071 1972 1150 2017 illo
1162 1973 1388 2018 beneficio
1399 1974 1567 2031 dignos
1575 1974 1818 2034 judicavit,
1834 1974 1986 2021 adhuc

76 2033 314 2091 Nrequire.
330 2031 489 2078 Fuisse
508 2037 663 2078 tamen
683 2034 910 2078 Christum
932 2034 1055 2092 apud
1074 2035 1261 2092 inferOS,
1283 2035 1391 2080 etin
1416 2048 1576 2081 eorum
1599 2035 1834 2081 doloribus
1849 2049 1985 2083 cons-

117 2094 266 2140 titutis
292 2093 383 2139 hoc
410 2094 689 2139 beneficium
709 2095 992 2153 praestitisse,
1018 2109 1110 2140 non
1135 2096 1312 2142 dubito.
1335 2117 1356 2138 »
1379 2101 1476 2142 Non
1498 2103 1651 2143 autem
1674 2098 1884 2155 praestitit
1902 2098 1984 2145 be-

113 2155 330 2202 neficium
351 2155 636 2202 liberationis
659 2156 908 2214 damnatis,
927 2158 1048 2203 sicut
1063 2171 1204 2216 supra
1222 2159 1397 2205 dictum
1411 2166 1483 2205 est
1501 2163 1604 2215 (art.
1623 2163 1650 2206 6
1665 2160 1762 2217 huj·
1781 2164 1981 2218 quaest.).

112 2219 279 2262 Praeter
300 2228 383 2263 eos
413 2222 568 2262 autem
589 2218 703 2263 nulli
741 2222 853 2264 sunt
879 2219 925 2262 in
948 2219 1185 2265 doloribus
1206 2221 1468 2277 poenalibus
1502 2221 1758 2279 constituti,
1794 2222 1883 2267 nisi
1916 2223 1979 2268 illi

114 2278 192 2337 qui
213 2278 390 2324 suntin
413 2279 695 2337 purgatorio.
718 2283 837 2338 Ergo
857 2280 1063 2327 Christus
1081 2282 1261 2327 animas
1277 2283 1335 2328 de
1354 2282 1621 2340 purgatorio
1641 2282 1870 2329 liberavit.

167 2342 211 2385 2.
238 2341 475 2398 Praeterea,
494 2340 594 2398 ipsa
611 2341 773 2386 Christi
794 2342 1038 2399 praesentia
1057 2355 1150 2387 non
1178 2346 1404 2389 minorem
1426 2344 1640 2388 effectum
1662 2344 1824 2390 habuit
1840 2346 1980 2403 quam

112 2404 400 2447 sacramenta
420 2400 583 2458 ipsius.
603 2401 690 2447 Sed
707 2414 792 2459 per
811 2408 1100 2448 sacramenta
1114 2404 1276 2450 Christi
1300 2404 1554 2450 liberantur
1573 2405 1737 2450 animae
1758 2405 1786 2449 a
1808 2418 1982 2463 purga-

111 2461 244 2521 toriQ
256 2466 303 2509 et
311 2461 544 2520 praecipue
556 2475 638 2520 per
646 2464 942 2509 Eucharistiae
953 2472 1311 2523 sacramentum,
1325 2471 1378 2511 ut
1395 2467 1514 2512 infra
1532 2467 1711 2514 dicetur
1728 2469 1977 2525 (Supplem.

110 2528 276 2581 quaest.
295 2537 406 2577 mxxi,
428 2527 514 2569 art.
541 2526 602 2580 9).
630 2527 749 2582 Ergo
770 2526 918 2571 multo
947 2528 1097 2584 magis
1126 2541 1208 2584 per
1228 2529 1522 2586 praesentiam
1541 2529 1706 2573 Christi
1727 2530 1785 2574 ad
1810 2530 1980 2576 inferos

110 2584 434 2631 descendentis
456 2589 568 2632 sunt
581 2586 750 2632 animae
767 2587 795 2631 a
815 2589 1082 2645 purgatorio
1101 2589 1318 2635 liberatae.

163 2648 206 2692 3.
236 2648 473 2701 Praeterea,
498 2664 518 2684 «
535 2647 757 2704 Christus,
775 2660 1095 2706 quoscumque
1117 2651 1297 2695 curavit
1314 2651 1362 2695 in
1379 2650 1468 2695 hac
1489 2650 1597 2704 vita,
1623 2650 1822 2695 totaliter
1841 2665 1978 2698 cura—

110 2706 194 2763 vit,
211 2726 232 2748 υ
257 2712 311 2753 ut
330 2707 617 2765 Augustinus
648 2709 760 2754 dicit
776 2710 838 2765 (in
868 2710 949 2755 lib.
978 2714 1038 2756 De
1062 2712 1249 2768 poenit.3
1276 2712 1395 2757 alius
1415 2715 1576 2756 auctor
1594 2715 1655 2756 De
1673 2724 1782 2757 vera
1800 2718 1845 2757 et
1862 2714 1980 2759 falsa

109 2768 353 2826 poenitent.
374 2782 476 2827 cap.
500 2784 560 2829 rx,
576 2770 604 2815 a
622 2771 781 2828 med.)‚
809 2777 856 2819 et
883 2774 1025 2827 (Joan.
1052 2787 1126 2829 vn,
1148 2777 1218 2828 23)
1245 2774 1463 2818 Dominus
1491 2773 1627 2818 dicit:
1659 2777 1817 2818 Totum
1834 2776 1979 2820 homi-

39 2832 44 2835 *
109 2842 209 2874 nem
222 2830 398 2876 salvum
411 2833 500 2887 feci
512 2834 562 2875 in
581 2833 782 2878 sabbato·
801 2834 888 2880 Sed
901 2835 1106 2880 Christus
1122 2848 1203 2880 eos
1217 2835 1296 2893 qui
1313 2835 1360 2880 in
1379 2834 1646 2892 purgatorio
1668 2841 1801 2880 erant
1818 2836 1980 2883 libera-

111 2890 177 2936 vit
189 2889 219 2935 a
237 2895 366 2936 reatu
377 2904 530 2949 poenae
544 2892 719 2950 damni,
740 2906 834 2951 quo
855 2895 1221 2941 excludebantur
1236 2897 1263 2941 a
1283 2897 1443 2954 gloria.
1468 2900 1586 2953 Ergo
1608 2896 1746 2942 etiam
1769 2897 1979 2944 liberavit

111 2962 188 2996 eos
209 2951 238 2995 a
258 2957 388 2997 reatu
408 2965 561 3010 poenae
581 2955 848 3011 purgatorii.

163 3013 251 3058 Sed
273 3018 429 3057 contra
462 3019 534 3059 est
556 3016 678 3072 quod
702 3018 946 3073 Gregorius
977 3018 1086 3064 dicit
1120 3019 1287 3074 (Moral.
1307 3019 1387 3063 lib.
1413 3032 1502 3075 xm,
1526 3031 1628 3076 cap.
1652 3021 1722 3076 15,
1756 3021 1814 3066 ad
1842 3021 1974 3078 fin.):

112 3090 132 3110 «ι
152 3074 265 3118 Dum
290 3074 499 3119 conditor
520 3087 575 3120 ac
608 3076 869 3133 redemptor
899 3084 1057 3124 noster
1090 3080 1291 3124 claustra
1318 3080 1486 3124 inferni
1516 3086 1783 3137 penetrans,
1805 3082 1977 3129 electo-

108 3143 210 3186 rum
233 3135 399 3181 exinde
421 3137 599 3182 animas
623 3138 794 3195 eduxit3
819 3152 906 3184 nos
936 3141 1013 3185 illo
1036 3143 1101 3186 ire
1127 3154 1219 3185 non
1242 3141 1428 3198 patitur,
1454 3142 1579 3186 unde
1602 3141 1700 3197 jam
1735 3142 1852 3188 alios
1872 3144 1976 3190 des-

144 3242 185 3281 (Ι)
200 3242 236 3276 Id
247 3247 295 3277 est
305 3245 463 3284 quantum
488 3244 528 3278 ad
541 3255 669 3286 poenam
689 3246 878 3285 generalem
895 3260 994 3289 quam
1078 3249 1293 3289 intelligitur,
1308 3248 1515 3285 sufficienter
1535 3254 1647 3286 tamen
1663 3252 1773 3294 quoad
1799 3252 1881 3287 alios
1905 3265 1975 3287 om·

104 3299 164 3329 per
182 3289 267 3324 illud
283 3290 439 3329 incurrit,
457 3298 492 3325 ut
508 3292 536 3325 oi
558 3292 675 3326 coeiuni
698 3293 921 3335 clauderetur,
943 3296 994 3331 vel
1080 3308 1147 3330 nes,

105 3338 256 3376 generale
276 3338 552 3379 impedimentum
571 3342 764 3383 apertionis.
780 3349 844 3378 etc.
1121 3346 1161 3385 (5)
1179 3344 1232 3379 Sic
1248 3345 1390 3384 intelligi
1409 3345 1530 3381 dehent
1556 3348 1697 3382 concilia
1720 3348 1880 3383 nonnulla
1901 3359 1974 3389 quae

146 3385 186 3425 (2)
201 3385 329 3427 Quippe
343 3386 467 3421 adillos
478 3389 608 3422 tantum
622 3388 805 3425 efficienter
819 3391 998 3431 pervenire
1079 3403 1140 3434 pro
1164 3392 1329 3427 damnatis
1351 3393 1517 3429 Christum
1541 3406 1611 3430 esse
1637 3399 1809 3430 mortuum
1838 3399 1972 3435 negant.
