2170 3808
97 300 182 346 142
663 293 858 346 QUAEST.
891 292 976 345 XV,
1007 292 1124 334 Am.
1156 291 1244 333 VIII
1271 289 1337 332 ET
1363 291 1432 334 IX.

260 377 610 424 ARTICULUS
638 377 766 419 vlu.
798 400 854 407 —-
884 388 1017 418 urunt-1
1049 387 1089 416 m
1117 386 1290 416 cnmsro
1317 386 1467 416 runnu·
1497 382 1727 415 mummio
1753 370 1836 423 (1).

374 448 422 481 Ile
436 446 489 480 his
510 445 612 479 etiam
627 446 725 479 Cont.
744 448 836 485 gent.
865 443 928 478 Iib.
948 450 997 483 lv.
1017 454 1090 484 cap-
1104 442 1147 477 55
1170 442 1232 477 fin.
1249 448 1284 479 et
1301 443 1424 480 naith.
1440 450 1503 482 vu,
1523 452 1608 475 com.
1626 439 1648 473 5
1663 438 1723 473 fin.
1943 453 1946 456 ·

156 503 223 549 Ad
242 507 457 547 octavum
479 500 546 544 sie
579 499 860 556 proceditur.
886 501 928 543 1.
947 498 1134 543 Videtur
1156 499 1281 555 quod
1313 499 1359 543 in
1384 496 1560 542 Christo
1587 506 1678 538 non
1695 491 1834 536 fuerit
1849 490 1995 536 admi·

101 566 235 612 ratio.
271 564 386 609 Dicit
408 563 534 608 enim
564 562 867 618 Philosophus
902 562 1167 618 (Metaphys.
1199 561 1281 606 lib.
1306 573 1336 618 i,
1372 570 1477 616 cap.
1511 560 1557 614 Ξ,
1593 557 1640 601 in
1671 554 1830 609 med.),
1871 551 1992 610 qued

100 627 343 673 admiratio
375 631 596 671 causatur
632 637 689 669 ex
713 625 802 668 hoc
836 622 962 680 quod
1000 623 1170 679 aliquis
1189 623 1316 669 videt
1347 622 1562 667 effectum
1602 622 1650 664 et
1677 617 1861 673 ignorat
1881 627 1994 660 cau-

100 700 200 735 sam
234 692 316 732 :et
349 688 417 732 sie
451 686 667 732 admirari
702 696 798 730 non
829 689 902 730 est
932 683 1023 729 nisi
1058 685 1335 740 ignorantis.
1365 682 1454 729 Sed
1488 682 1538 727 in
1567 679 1747 726 Christo
1778 690 1872 722 non
1909 675 1996 748 fuit

99 750 382 809 ignorantia,
406 755 460 795 ut
491 749 668 795 dietum
688 753 762 792 est
786 750 890 802 (art.
925 749 954 791 2
981 746 1081 804 huj.
1102 749 1301 803 quaest).
1336 749 1456 802 Ergo
1488 743 1537 789 in
1575 742 1754 788 Christo
1783 752 1878 784 non
1910 739 1996 784 fuit

100 812 360 858 admiratio,
652 822 654 825 ’
872 846 875 851 .

155 877 199 920 2.
230 878 471 930 Praeterea,
486 876 802 918 Damascenus
825 869 937 915 dicit
959 870 1100 925 (Orth.
1122 870 1202 916 fid.
1223 871 1305 916 lib.
1329 884 1375 925 11,
1395 881 1497 926 cap.
1513 869 1600 922 15),
1621 864 1748 924 quod
1765 882 1785 902 «
1798 862 1996 909 admira-

100 936 166 982 tio
184 940 257 982 est
290 936 427 980 timor
454 948 508 981 ex
546 944 718 991 magna
736 931 1129 990 imaginatIOne3»
1155 939 1203 979 et
1220 933 1324 978 ideo
1359 930 1663 986 Philosophus
1696 927 1808 972 dicit
1834 925 1995 979 (Ethic.

100 998 181 1043 lib.
202 1011 263 1052 iv,
280 1008 383 1055 cap.
401 999 446 1051 3,Λ
460 997 518 1041 ad
530 993 631 1052 fin.)
654 995 780 1053 quod
794 994 1124 1051 magnanimus
1146 1007 1240 1040 non
1257 999 1329 1040 est
1347 992 1666 1039 admirativus.
1685 989 1772 1034 Sed
1792 988 1998 1033 Christus

100 1060 187 1106 fuit
209 1060 411 1105 maxime
425 1060 775 1117 magnanimus,
793 1060 912 1115 Ergo
933 1056 983 1102 in
1005 1058 1183 1103 Christo
1210 1069 1303 1102 non
1326 1057 1413 1102 fuit
1431 1053 1690 1100 admiratio.

157 1125 199 1168 3.
230 1126 471 1179 Praeterea,
489 1121 650 1167 nullus
665 1118 920 1166 admiratur
932 1120 993 1165 de
1009 1132 1065 1165 eo
1080 1120 1207 1178 quod
1222 1119 1320 1177 ipse
1340 1120 1492 1164 facere
1507 1119 1675 1174 potest.
1691 1114 1780 1159 Sed
1791 1113 1999 1159 Christus

102 1185 254 1229 faeere
269 1189 450 1242 poterat
471 1182 700 1242 quidquid
712 1194 938 1241 magnum
955 1182 1118 1228 eratin
1134 1183 1294 1228 rebus,
1317 1185 1437 1238 Ergo
1451 1179 1633 1224 videtur
1649 1177 1773 1235 quod
1794 1177 1852 1222 de
1871 1174 2000 1220 nullo

103 1246 435 1293 admirabatur.

159 1309 245 1354 Sed
264 1314 423 1354 contra
438 1314 509 1354 est
532 1307 659 1366 quod
681 1308 847 1354 dicitur
862 1309 1035 1363 (Matth.
1052 1320 1147 1365 vm,
1163 1308 1236 1364 10)
1259 1321 1271 1350 ι
1287 1306 1490 1351 Audiens
1502 1308 1648 1358 lesus,
1664 1301 1841 1346 scilieet
1857 1299 2000 1345 verba

104 1371 411 1429 centurionis,
428 1374 622 1415 miratus
637 1373 718 1414 est.
1091 1395 1093 1397 ·

151 1433 447 1480 CONCLUSIO.
464 1459 512 1469 —-
524 1438 630 1480 Cum
643 1435 806 1479 Christo
820 1435 1050 1478 secundum
1070 1436 1110 1478 di
1117 1438 1260 1478 vinam
1277 1440 1317 1478 et
1337 1436 1523 1476 infusam
1542 1432 1782 1481 scientiam,
1802 1430 1912 1470 nihil
1926 1439 2000 1471 no-

105 1495 381 1543 vum‘fuerit,
412 1506 496 1535 non
522 1494 657 1545 potuit
681 1494 727 1533 in
756 1492 831 1533 illo
856 1492 996 1545 aliqua
1021 1492 1240 1534 admiratio
1268 1502 1352 1532 esse
1369 1522 1381 1542 ‚
1410 1490 1491 1530 nisi
1527 1487 1757 1530 seeundum
1787 1487 2000 1528 scientiam

103 1549 476 1600 experimentalem.

160 1612 434 1669 Respondeo
452 1611 703 1657 dicendum
722 1610 847 1668 quod
865 1610 1109 1656 admiratio
1129 1610 1314 1669 proprie
1330 1614 1401 1656 est
1416 1609 1647 1664 deTaliquo
1670 1617 1792 1650 novo
1811 1609 1857 1650 et
1870 1604 2001 1650 inso—

106 1674 200 1718 lito.
216 1677 266 1718 In
287 1674 464 1718 Christo
484 1678 640 1718 autem
655 1685 750 1717 non
775 1677 954 1730 poterat
977 1685 1084 1718 esse
1102 1673 1279 1730 aliquid
1302 1684 1476 1717 novum
1499 1675 1544 1716 et
1564 1669 1822 1723 insolitum,
1849 1678 2000 1724 quan-

106 1739 203 1780 turn
226 1737 285 1781 ad
307 1736 552 1781 scientiam
575 1735 800 1792 divinam,
827 1735 920 1792 qua
943 1735 1258 1792 cognoscebat
1280 1747 1356 1780 res
1389 1734 1437 1778 in
1473 1732 1648 1783 Verbo:
1688 1741 1841 1786 neque
1861 1729 2000 1774 etiam

104 1798 330 1854 quantum
343 1797 401 1842 ad
423 1797 666 1842 scientiam
680 1797 951 1854 humanam,
969 1800 1064 1855 qua
1077 1796 1392 1854 cognoscebat
1405 1808 1482 1841 res
1503 1807 1586 1851 per
1607 1791 1786 1850 speeies
1799 1791 1998 1836 inditast

105 1859 256 1915 potuit
273 1864 428 1904 tamen
448 1859 625 1916 aliquid
649 1871 753 1904 esse
767 1859 855 1915 ipsi
873 1871 1047 1904 novum
1066 1865 1114 1905 et
1131 1860 1369 1904 insolitum
1384 1857 1644 1903 seeundum
1661 1854 1905 1900 scientiam
1922 1866 2003 1899 ex-

106 1922 475 1978 perimentalem,
489 1921 751 1967 secundum
767 1933 910 1978 quam
932 1922 974 1966 ei
993 1926 1206 1979 poterant
1225 1920 1429 1979 quotidie
1441 1920 1596 1976 aliqua
1608 1930 1729 1963 nova
1741 1928 2000 1962 occurrere.
2023 1922 2039 1935 ²

106 1985 159 2027 Et
182 1983 286 2029 ideo
311 1984 350 2029 si
380 1984 627 2041 loquamur
649 1983 707 2029 de
737 1983 840 2040 ipso
861 1985 1091 2041 quantum
1114 1984 1172 2028 ad
1193 1983 1436 2028 scientiam
1459 1982 1665 2027 divinam
1695 1985 1745 2024 et·
1759 1979 2001 2024 seientiam

106 2046 288 2091 beatam
310 2047 384 2091 vel
403 2047 541 2091 etiam
565 2046 788 2102 infusam,
810 2058 905 2090 non
930 2047 1019 2092 fuit
1041 2047 1087 2091 in
1111 2047 1290 2091 Christo
1312 2045 1577 2099 admit-atim
1602 2043 1643 2087 si
1662 2048 1818 2087 autem
1838 2041 2000 2099 loqua-

106 2120 212 2152 mur
226 2108 284 2153 de
301 2121 356 2152 eo
372 2109 599 2165 quantum
622 2108 680 2154 ad
698 2108 938 2154 scientiam
962 2109 1393 2166 experimentalem,
1408 2107 1478 2152 sie
1498 2106 1741 2151 admiratio
1760 2105 1807 2148 in
1822 2116 1878 2148 eo
1895 2115 2004 2149 esse

107 2171 285 2226 potuit:
312 2176 355 2215 et
377 2171 632 2227 assumpsit
655 2172 781 2215 hunc
803 2172 1022 2216 affectum
1047 2172 1108 2216 ad
1126 2177 1334 2216 nostram
1355 2169 1727 2223 instructionem,
1751 2173 1804 2211 ut
1825 2167 2001 2212 scilicet

107 2232 274 2276 doceat
291 2244 394 2277 esse
409 2233 675 2277 mirandum
698 2233 822 2289 quod
848 2233 986 2278 etiam
1014 2233 1114 2290 ipse
1134 2232 1404 2277 mirabatur.
1427 2231 1556 2276 Unde
1582 2230 1695 2275 dicit
1714 2228 2004 2284 Augustinus
2074 2253 2077 2255 —

108 2295 270 2352 (Super
289 2295 401 2339 Gen.
421 2299 583 2339 contra
604 2295 895 2351 manichaeos,
914 2307 1016 2352 cap.
1029 2298 1075 2352 8,
1096 2295 1155 2340 ad
1169 2295 1284 2350 fine),
1309 2312 1329 2331 «r
1343 2294 1471 2348 Quod
1492 2292 1749 2338 mirabatur
1761 2291 1998 2349 Dominus,

110 2355 246 2400 nobis
263 2356 527 2401 mirandum
544 2368 648 2402 esse
670 2356 925 2412 signifieat,
952 2356 1124 2412 quibus
1140 2356 1293 2401 adhuc
1312 2369 1431 2412 opus
1450 2360 1521 2400 est
1539 2354 1607 2399 sic
1625 2353 1817 2399 moveri.
1831 2355 2001 2398 Omnes

108 2429 231 2489 ergo·
253 2417 368 2489 tales
405 2422 562 2463 motus
588 2418 696 2475 ejus
730 2430 825 2462 non
859 2418 1116 2475 perturbati
1150 2418 1289 2463 animi
1326 2419 1463 2474 signa
1497 2423 1634 2474 sunt,
1669 2416 1751 2462 sed
1792 2416 2002 2461 docentis

109 2484 452 2597 mffigcisffi’vssum
467 2552 580 2598 ergo
602 2541 870 2595 dicendum,
892 2541 1035 2600 quod,
1058 2541 1167 2587 lleet
1183 2542 1394 2587 Christus
1414 2542 1531 2586 nihil
1553 2542 1802 2598 ignoraret,
1822 2545 2003 2598 poterat

110 2607 267 2675 tamen
285 2603 457 2660 aliquid
473 2602 532 2648 de
544 2615 667 2648 novo
684 2614 929 2649 occurrere
944 2603 1292 2662 experimentali
1303 2604 1409 2662 ejus
1422 2603 1650 2659 scientiae,
1671 2615 1729 2648 ex
1744 2614 1839 2660 quo
1855 2601 2001 2648 admi-

107 2668 229 2772 mffi
243 2668 783 2784 {tggssgitgrbicendum'
802 2726 928 2784 quod
948 2727 1156 2772 Christus
1189 2740 1282 2772 non
1301 2727 1617 2772 admirabatur
1642 2727 1700 2772 de
1721 2725 1812 2771 fide
1829 2728 2003 2771 Centu-

108 2788 321 2863 rionisea
332 2789 511 2860 ration-e
524 2789 650 2846 qued
664 2794 791 2834 esset
806 2801 976 2846 magna
989 2790 1218 2847 quantum
1231 2790 1290 2835 ad
1305 2790 1477 2847 ipsum,
1493 2789 1576 2835 sed
1592 2789 1702 2846 quia
1716 2793 1816 2834 erat
1830 2799 2003 2845 magna

107 2851 767 2970 quffgtffaetaenffhgsieendum,
818 2913 945 2971 quod
989 2913 1088 2972 ipse
1128 2918 1309 2972 poterat
1345 2914 1497 2959 facere
1546 2912 1704 2958 omnia
1746 2912 2003 2958 secundum

109 2974 327 3020 virtutem
349 2976 571 3033 divinam,
597 2977 856 3022 secundum
875 2988 1021 3034 quam
1053 2977 1102 3021 in
1130 2989 1187 3022 eo
1209 2976 1453 3036 admiratio
1478 2988 1573 3021 non
1610 2982 1726 3032 erat,
1749 2974 1833 3021 sed
1852 2975 2004 3021 solum

107 3037 371 3082 secundum
408 3038 663 3083 humanam
699 3038 942 3084 scientiam
961 3038 1391 3096 experimentalem,
1414 3043 1468 3084 ut
1485 3037 1663 3084 dictum
1691 3041 1764 3083 est
1792 3036 1857 3092 (in
1874 3048 2004 3094 corp.

112 3102 232 3151 am).
403 3163 746 3206 ARTICULUS
768 3165 850 3207 IX.
882 3188 937 3196 —
964 3175 1100 3207 urium
1122 3142 1165 3207 in
1187 3174 1362 3207 cimmo
1381 3174 1532 3208 Fimmr
1547 3174 1616 3206 nm
1637 3164 1713 3218 (2).

505 3231 554 3263 De
570 3230 623 3264 his
636 3231 736 3265 etiam
753 3232 853 3268 Sent.
868 3240 923 3273 111,
945 3232 1022 3267 dist.
1038 3232 1092 3273 51,
1109 3237 1225 3274 quaest.
1240 3242 1280 3274 n,
1299 3236 1362 3268 art.
1382 3233 1416 3275 2,
1432 3238 1548 3275 quoest.
1568 3240 1610 3266 11.

165 3282 232 3328 Ad
258 3295 436 3327 nonum
460 3283 528 3329 sic
556 3286 838 3341 proceditur.
864 3291 908 3332 1.
928 3287 1115 3332 Videtur
1130 3288 1253 3345 quod
1290 3288 1339 3332 in
1359 3287 1537 3332 Christo
1554 3299 1648 3332 non
1667 3285 1807 3331 fuerit
1827 3285 1911 3331 ira.
1929 3285 2003 3331 Di-

149 3393 195 3433 (l)
217 3391 410 3427 Admiratio
434 3404 501 3437 non
524 3398 573 3428 est
590 3405 662 3435 ipsa
686 3395 737 3430 rei
754 3405 848 3430 novoe
870 3407 908 3431 ac
924 3395 1014 3432 inso-
1102 3398 1183 3440 quid
1201 3397 1271 3433 sive
1288 3397 1456 3439 ignotum,
1483 3397 1554 3432 sive
1584 3396 1758 3432 insolitum
1777 3400 1810 3431 et
1826 3397 2000 3432 excellens.

112 3440 182 3474 lita
201 3440 361 3481 cognitio,
381 3440 437 3475 sed
459 3440 492 3475 id
508 3441 596 3482 quod
623 3454 696 3476 eam
712 3442 747 3476 in
774 3444 888 3478 animo
903 3444 1016 3485 sequi·
1144 3446 1189 3487 (2)
1217 3445 1433 3480 Affirmative
1461 3445 1639 3486 respondet
1673 3446 1708 3479 S.
1738 3446 1883 3486 Ductor-3
1911 3445 2000 3486 quod

111 3493 178 3528 tur,
201 3488 327 3522 scilicet
346 3490 476 3522 intenta
494 3489 614 3524 animm
634 3491 813 3531 applicatio
831 3503 893 3533 por
911 3496 1016 3526 atten·
1100 3496 1193 3533 patet
1210 3505 1249 3527 ex
1269 3493 1455 3535 Scripturis
1471 3505 1479 3526 τ
1504 3492 1815 3535 circumspiciens
1835 3502 1900 3527 nos
1918 3501 2000 3527 cum

111 3536 239 3570 tionem
268 3535 321 3572 vel
343 3536 517 3579 affectum,
546 3550 584 3572 ex
600 3549 639 3572 eo
655 3538 745 3580 quod
768 3543 923 3575 occurrat
945 3538 1014 3574 ali-
1100 3540 1166 3575 ira
1193 3541 1310 3581 (Marc.
1336 3541 1400 3583 ιιι).
1423 3541 1453 3575 Ο
1473 3542 1659 3584 qeneratio
1678 3540 1874 3576 incredula
1892 3543 2000 3584 atque
