2170 3808
192 259 193 262 ¹
219 248 306 290 190
783 240 1003 292 sQUAEST.
1030 239 1139 286 xxi.
1171 240 1288 283 ART.
1321 240 1358 283 11
1383 239 1449 283 ET
1475 239 1545 283 111.

224 329 442 372 voluntas
458 359 471 383 ,
496 323 736 383 proprium
768 321 961 379 aliquid,
982 326 1026 365 et
1046 325 1269 378 tanquam
1292 321 1526 378 privatum
1556 321 1729 365 volens.
1758 321 1845 367 Sed
1864 322 1974 379 quia
1997 328 2124 369 recto

225 390 362 435 corde
381 389 482 433 vult
500 399 604 431 esse
623 385 858 430 hominem
882 388 929 428 et
947 384 1005 429 ad
1024 386 1169 428 Deum
1187 383 1340 440 dirigi,
1359 383 1544 429 subdit:
1563 386 1886 428 Verumtamen
1905 397 1996 427 non
2009 389 2123 431 sicut

224 467 302 509 eqo
325 452 439 506 volo,
458 451 535 492 sed
557 450 672 491 sicut
694 451 774 503 ττι,-
795 459 850 491 ac
869 446 1078 491 sidicat:
1106 445 1216 491 Vide
1246 450 1292 491 te
1324 445 1374 489 in
1406 458 1499 501 me,
1527 446 1638 504 quia
1663 450 1795 503 potes
1826 445 2000 503 aliquid
2013 458 2124 504 ‚pro-

224 514 379 571 prium
400 511 535 566 velle,
556 510 641 555 etsi
674 513 795 555 Deus
826 508 956 554 aliud
979 508 1104 553 velit.
1125 526 1145 547 »

277 576 343 620 Ad
363 578 566 631 primum
586 583 698 628 ergo
716 570 983 626 dicendum,
1003 569 1129 627 quod
1153 581 1260 614 caro
1289 568 1468 614 exultat
1486 570 1533 614 in
1556 573 1700 615 Deum
1720 570 1899 628 vivum,
1922 583 2017 615 non
2042 582 2126 628 per

223 643 378 681 actum
407 634 562 680 carnis
585 633 918 678 ascendentem
950 632 997 676 in
1035 634 1198 687 Deum.
1235 631 1317 676 sed
1353 643 1434 688 per
1465 632 1827 677 redundantiam
1861 632 1887 676 a
1915 633 2055 678 corde
2075 633 2122 679 in

221 710 430 755 carnem,
449 697 729 754 inquantum
759 695 994 752 appetitus
1017 693 1271 738 sensitivus
1304 693 1516 750 sequitur
1539 698 1718 739 motum
1739 693 1972 752 appetitus
1994 694 2126 740 ratio-

226 759 362 803 nalis.

275 821 340 866 Ad
361 821 609 864 secundum
634 817 903 875 dicendum,
924 816 1051 874 quod
1072 815 1180 861 licet
1207 816 1490 861 sensualitas
1510 816 1602 862 hoc
1622 816 1824 862 voluerit
1851 818 1976 875 quod
2011 817 2125 864 ratio
2148 822 2170 866 ³5-

223 883 424 938 petebat‚
443 882 531 927 hoc
548 886 702 925 tamen
723 879 901 924 orando
922 883 1079 937 petere
1109 891 1203 923 non
1231 883 1331 924 erat
1367 879 1703 937 sensualitatis,
1739 881 1823 926 sed
1847 880 2056 936 rationis,
2075 886 2127 926 ut
2155 927 2170 937 Λ,

222 945 403 991 dictum
423 948 495 988 est
516 944 579 999 (in
602 954 729 998 corp.
745 943 868 994 art).
2159 987 2161 990 Α

277 1007 343 1051 Ad
369 1009 554 1049 tertium
578 1003 847 1059 dicendum,
874 1002 997 1060 quod
1017 1002 1132 1047 unio
1154 1001 1204 1046 in
1227 1014 1428 1058 persona
1454 1006 1526 1048 est
1549 1002 1809 1048 secundum
1839 1014 1943 1047 esse
1974 1015 2128 1059 perso-

227 1068 347 1123 nale,
373 1067 499 1125 quod
521 1065 721 1123 pertinet
746 1065 804 1110 ad
826 1064 1082 1123 quamlibet
1111 1069 1290 1121 partem
1314 1065 1535 1109 humanae
1562 1069 1742 1108 naturae
1767 1079 1778 1109 ε
1800 1064 1881 1109 sed
1916 1064 2126 1110 ascensio
2162 1111 2163 1114 ,

223 1128 445 1174 orationis
469 1132 542 1173 est
567 1139 652 1185 per
681 1133 838 1171 actum
871 1126 951 1183 qui
983 1138 1076 1170 non
1101 1126 1321 1170 convenit
1348 1125 1435 1170 nisi
1467 1125 1653 1182 rationi,
1687 1130 1740 1170 ut
1762 1126 1941 1171 dictum
1972 1132 2042 1170 est
2065 1127 2134 1180 (in'
2159 1147 2163 1154 ν

222 1203 348 1251 corp.
378 1191 502 1244 art).
530 1189 659 1233 Unde
681 1201 775 1232 non
800 1193 871 1233 est
890 1187 1057 1232 similis
1075 1188 1206 1231 ratio.

295 1253 640 1297 ARTICULUS
658 1253 740 1294 111.
759 1274 816 1283 -
836 1263 972 1294 ornum
991 1262 1144 1293 ruamr
1165 1261 1426 1294 convnmsus
1445 1262 1650 1294 culusum
1669 1262 1747 1293 vno
1764 1261 1813 1293 sa
1832 1262 1967 1293 omns
1988 1252 2056 1301 (1).

369 1322 416 1356 De
436 1321 489 1356 his
505 1320 610 1358 etiam
629 1321 723 1354 Sent.
742 1327 795 1360 m,
812 1318 891 1354 dist.
915 1318 969 1360 47,
989 1322 1056 1354 art.
1082 1319 1115 1358 5.
1137 1323 1252 1361 quaest.
1268 1327 1311 1361 ιι,
1327 1322 1362 1354 et
1383 1318 1509 1360 opusc.
1525 1327 1589 1360 vn,
1607 1322 1642 1352 et
1658 1318 1755 1353 Joan.
1771 1325 1834 1361 ¹11,
1851 1315 1932 1354 lect.
1951 1317 1983 1353 4.
2167 1340 2170 1346 ·

277 1376 345 1422 Ad
370 1375 556 1421 tertium
581 1374 649 1419 sic
668 1373 951 1431 proceditur.
966 1378 1008 1418 1.
1027 1374 1214 1418 Videtur
1229 1372 1353 1431 quod
1375 1374 1552 1418 Christo
1572 1386 1664 1417 non
1682 1373 1821 1418 fuerit
1844 1372 2125 1418 conveniens
2139 1404 2144 1406 -

223 1451 307 1496 pro
322 1451 373 1483 se
397 1451 546 1483 orare.
571 1437 686 1482 Dicit
709 1436 836 1480 enim
853 1436 1053 1480 Hilarius
1090 1438 1168 1490 (De
1207 1436 1366 1481 Trinit.
1395 1436 1476 1480 lib.
1502 1450 1543 1493 x,
1566 1436 1691 1480 circa
1712 1435 1812 1490 fin.)
1839 1451 1850 1480 ε
1878 1437 2023 1480 «cum
2040 1435 2125 1481 sibi
2167 1481 2170 1488 ,

223 1513 317 1546 non
340 1500 584 1558 proficeret
607 1498 946 1555 deprecationis
966 1510 1145 1551 sermo,
1169 1497 1228 1543 ad
1254 1498 1514 1555 profectum
1538 1503 1693 1542 tamen
1730 1502 1901 1542 nostrae
1923 1497 2031 1542 fidei
2061 1497 2127 1542 lo·
2159 1538 2170 1550 ,,

223 1562 470 1619 quebatur.
495 1580 515 1600 >›
553 1561 624 1605 Sic
641 1572 752 1616 ergo
771 1560 957 1606 videtur
979 1561 1103 1617 quod
1125 1560 1334 1605 Christus
1353 1573 1447 1604 non
1481 1561 1587 1619 sihi,
1604 1559 1687 1605 sed
1706 1559 1839 1604 nobiS
1857 1559 2072 1604 oraverit.
2157 1614 2164 1618 ι

281 1628 323 1669 2.
362 1628 606 1682 Praeterea,
629 1624 790 1669 nullus
808 1628 910 1668 orat
935 1623 1024 1667 nisi
1055 1634 1139 1680 pro
1162 1635 1215 1668 eo
1241 1623 1362 1681 quod
1386 1623 1486 1668 vult
1510 1638 1521 1667 z
1545 1623 1670 1680 quia,
1695 1623 1816 1667 sicut
1846 1622 2022 1667 dictum
2056 1626 2128 1667 est

222 1689 325 1740 (art.
347 1690 367 1730 1
396 1686 494 1743 huj.
522 1688 725 1743 quaest),
764 1685 911 1729 oratio
945 1691 1016 1730 est
1050 1686 1266 1742 quaedam
1303 1685 1550 1742 explicatio
1586 1684 1840 1730 voluntatis
1862 1696 1954 1741 per
1983 1686 2127 1728 Deum
2166 1710 2170 1714 «

224 1749 486 1806 implendae.
520 1748 608 1793 Sed
641 1748 851 1792 Christus
874 1747 1060 1792 volebat
1081 1749 1176 1805 pati
1208 1761 1262 1793 ea
1286 1761 1391 1806 quae
1425 1748 1717 1805 patiebatur3
1741 1747 1852 1792 dicit
1877 1746 2002 1797 enim
2034 1750 2127 1790 Au·
2168 1759 2170 1764 ·

222 1811 443 1868 gustinus
460 1812 643 1866 (Contra
661 1812 814 1855 Faust.
832 1810 912 1855 lib.
934 1824 1050 1866 xxvi,
1074 1810 1183 1855 circ.
1206 1811 1333 1866 fin.):
1363 1829 1383 1849 «
1405 1814 1549 1856 Homo
1569 1810 1862 1867 plerumque,
1885 1807 1972 1853 etsi
1997 1809 2124 1864 nolit,

224 1875 460 1930 irascitur3
495 1873 582 1918 etsi
609 1873 742 1929 nolit,
766 1873 1095 1930 contristatur3
1123 1873 1210 1918 etsi
1242 1873 1375 1928 nolit,
1402 1873 1602 1929 dormit;
1625 1872 1713 1917 etsi
1747 1871 1876 1931 nolit,
1907 1871 2052 1916 esurit
2073 1883 2128 1917 ac
2165 1925 2170 1929 ,

223 1936 318 1981 sitit
345 1952 355 1980 :
377 1936 454 1980 ille
476 1940 650 1991 autem,
684 1935 860 1980 scilicet
882 1935 1106 1987 ChristUS,
1135 1937 1294 1980 omnia
1316 1935 1407 1980 ista
1429 1935 1555 1993 fecit,
1575 1934 1684 1992 quia
1707 1933 1867 1979 voluit.
1889 1953 1908 1974 »ι
1934 1935 2053 1992 Ergo
2083 1934 2126 1980 ei

225 2011 315 2042 non
340 1997 634 2055 competebat
655 2011 739 2055 pro
759 1997 915 2055 seipso
935 2011 1083 2042 orare.
2168 1998 2170 2004 '

279 2064 320 2105 3.
348 2063 589 2113 Praeterea,
612 2059 875 2117 Cyprianus
895 2059 1007 2104 dicit
1040 2060 1104 2114 (in
1139 2060 1219 2105 lib.
1246 2065 1307 2106 De
1340 2061 1550 2107 oratione
1578 2058 1828 2116 dominica,
1852 2059 2076 2117 aliquant.
2097 2056 2125 2104 a

223 2124 389 2181 princ.)
414 2138 424 2166 :
450 2141 469 2161 «
496 2123 627 2168 Pacis
659 2123 823 2168 doctor
851 2125 898 2168 et
919 2124 1115 2169 unitatis
1145 2125 1369 2181 magister
1399 2124 1550 2168 noluit
1574 2122 1812 2180 sigillatim
1835 2127 1882 2167 et
1911 2122 2127 2179 privatim

223 2197 386 2242 preces
406 2185 525 2242 fieri,
549 2190 604 2230 ut
630 2186 754 2242 quis,
777 2186 886 2230 cum
910 2191 1144 2243 precatur,
1169 2199 1254 2243 pro
1279 2198 1329 2231 se
1354 2186 1536 2230 tantum
1558 2189 1792 2242 precetur.
1813 2203 1834 2224 »
1871 2184 1959 2229 Sed
1976 2183 2128 2228 Chris-

223 2254 299 2292 tus
319 2247 434 2292 illud
453 2247 662 2304 implevit
684 2248 811 2304 quod
835 2247 1008 2304 docuit,
1031 2248 1294 2293 secundum
1311 2248 1426 2293 illud
1448 2250 1562 2301 (Act.
1582 2261 1614 2304 ι,
1634 2248 1676 2302 1)
1703 2261 1714 2291 :
1737 2248 1886 2303 Goepit
1899 2249 2029 2290 lesus
2049 2249 2127 2302 sa-

220 2322 321 2352 cere
337 2311 382 2352 et
405 2309 581 2352 docere.
606 2311 726 2366 Ergo
749 2308 962 2353 Christus
983 2321 1226 2366 nunquam
1246 2321 1331 2366 pro
1353 2321 1405 2354 se
1425 2309 1525 2353 solo
1543 2307 1706 2353 oravit.

279 2370 365 2415 Sed
387 2375 544 2414 contra
573 2376 646 2415 est
667 2370 792 2427 quod
812 2370 913 2428 ipse
932 2371 1159 2416 Dominus
1182 2371 1361 2416 orando
1383 2371 1496 2416 dicit
1515 2373 1664 2427 (Joan.
1680 2384 1784 2428 xvn,
1804 2371 1846 2426 1)
1866 2384 1878 2413 :
1906 2370 2126 2426 clarifica

223 2434 398 2476 Filium
419 2436 564 2476 tuum.

272 2500 567 2542 CONCLUSIO.
595 2522 642 2529 —
669 2500 813 2540 Oravit
826 2501 1015 2541 Christus
1033 2512 1106 2552 pro
1126 2512 1184 2549 se,
1205 2512 1290 2540 non
1311 2500 1434 2540 modo
1450 2499 1746 2550 sensualitatis,
1766 2499 1829 2541 vel
1842 2501 2044 2552 simplicis
2060 2513 2128 2542 vo·

226 2556 414 2605 luntatis,
431 2555 498 2594 sed
517 2555 640 2595 etiam
660 2553 890 2596 deliberatae
910 2556 1138 2596 voluntatis
1156 2556 1346 2596 affectum
1362 2554 1641 2607 exprimendo,
1659 2559 1707 2595 ut
1726 2555 1846 2596 nobis
1862 2555 2005 2596 orandi
2020 2567 2129 2609 prae-

224 2612 334 2651 beret
354 2608 603 2661 exemplum,
621 2613 663 2650 et
677 2610 836 2650 Patrem
854 2622 981 2651 suum
1003 2612 1142 2651 omnis
1164 2611 1262 2651 boni
1278 2614 1487 2650 auctorem
1502 2609 1745 2651 ostendeoet.

280 2673 553 2729 Respondeo
575 2673 825 2717 dicendum
846 2673 971 2730 quod
990 2673 1199 2719 Christus
1220 2686 1304 2731 pro
1324 2686 1374 2718 se
1396 2673 1545 2718 oravit
1562 2673 1810 2730 dupliciter
1831 2688 1845 2719 ε
1868 2687 1964 2719 uno
1990 2675 2128 2721 modo

223 2734 529 2791 exprimendo
550 2735 771 2780 affectum
798 2736 1130 2790 sensualitatis,
1163 2745 1215 2781 ut
1239 2749 1380 2793 supra
1399 2736 1577 2781 dictum
1607 2741 1680 2781 est
1714 2739 1816 2790 (art.
1847 2740 2022 2793 praee),
2054 2737 2126 2784 vel

225 2797 366 2841 etiam
382 2797 636 2842 voluntatis
653 2797 896 2854 simplicis,
918 2810 1023 2856 quae
1043 2799 1366 2844 consideratur
1391 2803 1442 2844 ut
1460 2803 1650 2854 natura3
1670 2798 1791 2844 sicut
1805 2801 1913 2843 cum
1932 2800 2079 2844 oravit
2101 2799 2127 2845 a

223 2870 275 2902 se
295 2857 486 2902 calicem
508 2858 741 2915 passionis
767 2859 1030 2915 transferri3
1062 2860 1153 2904 alio
1176 2861 1314 2905 modo
1337 2860 1642 2918 exprimendo
1663 2860 1879 2905 affectum
1910 2860 2127 2907 volunta-

224 2919 281 2964 tis
306 2920 588 2976 deliberatae,
614 2933 720 2978 quae
745 2922 1071 2967 consideratur
1090 2927 1142 2967 ut
1161 2922 1279 2967 ratio
1299 2937 1310 2965 ε
1337 2923 1459 2967 sicut
1477 2923 1584 2967 cum
1608 2922 1739 2980 petiit
1755 2922 1950 2979 gloriam
1971 2936 2126 2969 resur—

223 2982 458 3027 rectionis.
475 2984 528 3026 Et
544 2982 632 3026 hoc
654 2982 1005 3029 rationabiliter.
1036 2984 1162 3029 Sicut
1183 2984 1310 3044 enim
1340 2984 1516 3029 dictum
1537 2990 1609 3030 est
1638 2987 1741 3040 (art.
1771 2987 1792 3029 1
1830 2984 1928 3042 huj.
1959 2990 2123 3042 quaest·

225 3043 283 3086 ad
315 3045 382 3098 ¹1),
417 3043 624 3088 Christus
649 3045 708 3089 ad
738 3045 826 3090 hoc
859 3045 927 3090 uti
962 3046 1111 3090 voluit
1151 3046 1360 3091 oratione
1398 3046 1458 3091 ad
1490 3048 1694 3103 Patrem,
1729 3050 1782 3092 ut
1821 3046 1957 3091 n0b1s
1998 3046 2127 3092 daret

223 3104 493 3160 exemplum
517 3106 699 3162 orandi,
722 3110 769 3151 et
790 3114 843 3152 ut
865 3107 1132 3153 ostenderet
1154 3110 1336 3153 Patrem
1365 3121 1504 3153 suum
1532 3121 1635 3154 esse
1655 3113 1893 3153 auctorem
1919 3108 1945 3152 a
1968 3121 2060 3166 quo
2079 3113 2124 3154 et

225 3166 505 3211 aeternaliter
524 3170 753 3224 processit
774 3171 1036 3215 secundum
1058 3171 1266 3215 divinam
1287 3176 1522 3229 naturam,
1550 3176 1597 3217 et
1621 3171 1881 3217 secundum
1912 3176 2122 3216 naturam

225 3227 478 3272 humanam
494 3229 552 3273 ab
568 3242 623 3274 eo
640 3231 780 3276 habet
795 3233 1022 3290 quidquid
1041 3233 1150 3277 boni
1171 3233 1325 3278 habet.
1349 3233 1474 3278 Sicut
1489 3238 1646 3278 autem
1664 3233 1713 3277 in
1732 3233 1937 3277 humana
1960 3240 2123 3278 natura

226 3291 442 3347 quaedam
462 3291 587 3335 bona
611 3293 812 3339 habebat
832 3296 859 3339 a
891 3298 1022 3340 Patre
1038 3295 1137 3353 jam
1166 3301 1402 3353 percepta,
1431 3296 1496 3341 ita
1515 3296 1656 3341 etiam
1681 3295 1955 3352 expectabat
1986 3296 2043 3340 ab
2070 3308 2123 3340 eo

226 3352 440 3408 quaedam
460 3351 583 3396 bona
613 3355 823 3399 nondum
839 3357 1015 3414 habita,
1039 3358 1123 3403 sed
1146 3358 1460 3415 percipienda.
1495 3360 1548 3402 Et
1585 3357 1690 3402 ideo
1724 3357 1845 3402 sicut
1870 3370 1955 3414 pro
1989 3357 2124 3401 bonis

268 3446 311 3488 (Ι)
330 3448 428 3482 Juxta
446 3452 595 3482 mentem
618 3450 657 3483 D.
684 3449 821 3485 Thomae
841 3455 1042 3487 conveniens
1065 3453 1132 3488 fuit
1215 3453 1330 3495 hebet,
1352 3453 1464 3495 qualia
1488 3457 1567 3488 sunt
1585 3466 1658 3495 quoe
1678 3453 1769 3487 dicta
1797 3457 1878 3487 sunt
1898 3453 2028 3494 (quaest.
2052 3459 2121 3491 xix,

225 3494 396 3529 Christum
423 3507 531 3531 orasse
550 3502 587 3531 ut
610 3497 776 3539 acciperet
801 3512 874 3541 quae
897 3501 1048 3535 nondum
1072 3502 1131 3536 ha·
1215 3507 1279 3536 art.
1295 3503 1340 3543 5).
2113 3507 2120 3513 ’
