2170 3808
205 91 289 136 156
757 88 956 141 QUAEST.
989 87 1096 140 xvl,
1117 86 1236 130 ΛΒΤ.
1264 85 1335 129 vll
1361 85 1428 129 ET
1455 84 1558 129 vm.

208 176 431 218 estvera.
419 186 431 196 ·
451 173 537 214 Hic
551 170 682 214 homo
706 169 844 212 hodie
871 171 1021 222 sactus
1040 170 1107 210 est
1127 166 1278 222 albus,
1271 182 1281 192 ·
1299 166 1401 211 haec
1417 171 1572 211 tamen
1585 169 1658 210 est
1674 164 1821 210 falsa:
1842 169 1936 208 Hoc
1951 165 2102 210 album

210 234 346 277 hodie
367 235 540 287 sactum
557 234 626 275 est
650 231 801 275 homo.
829 230 873 275 Si
900 235 1056 276 tamen
1085 240 1144 274 ex
1165 233 1297 285 parte
1315 228 1517 285 subJecti
1542 232 1794 284 poneretur
1811 226 1996 284 aliquod
2026 230 2109 272 no-‘
2168 268 2170 270 .

210 308 318 341 men
335 295 606 351 significans
626 297 842 337 naturam
859 292 1111 336 humanam
1137 291 1183 335 in
1205 290 1456 345 abstracto,
1476 295 1636 347 posset
1657 289 1744 334 hoc
1766 288 1903 333 modo
1927 288 2103 344 signifi·
2167 294 2170 302 ·

210 359 303 403 cari
322 363 372 401 ut
390 355 655 412 subjectum
670 353 901 407 factionis,
929 354 1042 411 puta
1060 352 1098 397 si
1125 352 1306 397 dicatur
1328 352 1454 409 quod
1475 357 1643 396 natura
1665 351 1871 395 humana
1895 350 2016 394 facta
2033 354 2104 396 est

210 418 610 525 FiffilffsslCULUS
632 482 762 523 vlu.
787 503 838 511 —
861 492 996 522 uranu
1018 491 1111 522 uAEc
1141 491 1205 522 sir
1233 489 1342 520 vmm
1373 491 1386 521 z
1417 488 1615 520 cnms'rus
1644 488 1718 519 Esr
1746 477 1986 528 caenum(
1975 475 2048 529 (1).

212 550 261 584 De
280 549 334 583 his
349 549 450 583 etiam
469 548 571 589 infra,
586 552 706 590 quaest.
730 556 789 589 xx,
814 552 878 582 art.
898 548 913 582 Ι
936 546 979 581 ad
996 547 1026 587 i.
1052 551 1085 581 et
1100 549 1188 589 part.
1206 546 1234 586 Ι,
1254 548 1372 587 quaest.
1387 552 1457 586 xm,
1474 547 1540 579 art.
1559 544 1581 579 5
1603 555 1696 584 corp.
1717 546 1753 576 et
1771 542 1812 577 ad
1838 544 1870 584 zi,
1891 547 1925 576 et
1940 543 2034 577 Sent.
2050 551 2104 586 lu,

252 595 331 630 dist.
355 597 387 637 4,
417 601 533 637 quaest.
548 605 586 638 11,
606 599 670 630 art.
687 596 708 630 2
735 595 777 630 ad
794 596 827 631 4,
847 600 880 630 et
899 595 980 629 dist.
996 595 1050 634 Η,
1067 599 1184 635 quaest.
1204 603 1228 633 ι,
1247 597 1313 628 art.
1335 592 1378 631 2,
1405 598 1440 627 et
1458 592 1537 626 dist.
1559 592 1615 632 2¹,
1634 595 1754 632 quaest.
1775 599 1800 630 Ι,
1820 596 1886 625 art.
1911 591 1934 625 5
1951 590 1993 625 ad
2011 590 2054 630 2.
2070 595 2107 626 ot
2145 607 2153 615 ·=

252 645 485 727 ξεηῗὲἰῐςεόηῐ.
504 642 628 685 lib.1v,
647 655 721 684 cap.
739 644 793 684 48,
807 647 845 678 et
863 643 910 677 De
926 653 996 677 ver.
1013 647 1132 684 quaest.
1146 650 1244 682 xxix,
1261 645 1328 676 art.
1350 640 1364 675 -Ι
1385 639 1428 674 ad
1447 641 1480 683 «Ι,
1499 643 1533 674 et
1552 640 1674 682 Opusc.
1690 647 1728 680 n,
1749 649 1822 679 cap.
1838 638 1914 679 225,
1936 644 1970 672 et
1983 638 2009 673 1.
2028 639 2105 674 Cor.

267 747 331 791 Ad
363 753 580 791 octavum
603 745 671 790 sic
690 745 971 802 proceditur.
1003 748 1046 789 1.
1069 744 1257 789 Videtur
1281 742 1406 799 quod
1439 743 1538 787 haec
1563 743 1624 788 sit
1649 754 1788 786 vera:
1810 742 2022 785 Christus
2042 745 2106 787 est

210 812 444 853 creatura.
469 808 585 852 Dicit
605 807 728 851 enim
745 808 833 850 Leo
849 818 967 861 papa
985 805 1114 862 (quid
1132 804 1282 849 simile
1301 804 1439 848 habet
1453 816 1595 849 serm.
1612 807 1639 848 3
1651 806 1902 848 Pentecost.
1893 836 1923 859 .,
1942 812 2106 859 parum
2126 804 2142 826 ³⁴

213 883 241 913 a
262 870 408 927 princ.
414 873 453 920 )·
478 887 500 907 «
516 871 642 912 Nova
655 872 702 912 et
717 867 926 911 inaudita
940 865 1216 910 conventio:
1232 868 1352 909 Deus
1370 864 1450 921 qui
1471 869 1555 920 est,
1578 870 1625 909 et
1643 870 1758 921 erat,
1778 864 1829 908 fit
1848 869 2074 908 creatura.
2082 882 2102 904 ι»
2134 876 2137 914 3

214 932 301 976 Sed
319 930 432 975 illud
454 935 605 987 potest
628 929 867 986 praedicari
899 929 957 973 de
977 928 1154 972 Christo
1174 927 1299 984 quod
1326 926 1467 971 Filius
1490 928 1566 971 Dei
1586 927 1736 971 sactus
1758 931 1830 971 est
1851 937 1935 982 per
1957 925 2107 970 incar·
2129 918 2138 949 ἵ

213 994 464 1038 nationem.
490 995 608 1048 Ergo
631 992 731 1036 haec
750 998 823 1036 est
844 1003 989 1035 Vtera
1008 992 1216 1034 Christus
1239 993 1304 1034 est
1326 994 1559 1033 creatura.

267 1058 311 1099 2.
344 1058 584 1110 Praeterea,
614 1053 918 1110 proprietates
952 1052 1198 1109 utriusque
1231 1056 1410 1096 natulae
1442 1054 1640 1120 possunt
1660 1049 1899 1107 praedicari
1930 1049 1989 1094 de
2017 1049 2106 1107 hy·
2134 1097 2138 1100 ,

211 1115 386 1173 postasi
410 1115 648 1160 communi
671 1116 915 1171 utriusque
943 1119 1136 1170 naturae,
1162 1125 1458 1171 quocumque
1490 1112 1678 1156 nomine
1713 1110 2016 1167 significetur,
2054 1115 2107 1156 ut
2134 1111 2143 1130 ³

214 1190 356 1234 supra
375 1178 551 1222 dictum
568 1182 638 1221 est
659 1180 760 1231 (art.
778 1179 805 1221 5
825 1176 921 1232 huj.
943 1178 1057 1232 qu.).
1082 1175 1169 1220 Sed
1194 1175 1452 1232 proprietas
1471 1174 1691 1219 humanae
1713 1178 1893 1218 naturae
1910 1177 1982 1217 est
2003 1184 2106 1219 esse

213 1245 494 1295 creaturam,
530 1239 651 1284 sicut
679 1244 726 1283 et
747 1238 1007 1295 proprietas
1030 1237 1200 1283 divinae
1224 1242 1403 1281 naturae
1432 1240 1505 1281 est
1537 1247 1642 1280 esse
1670 1241 1940 1281 creatorem.
1989 1238 2106 1292 Ergo
2140 1290 2143 1291 ⁷

215 1306 467 1358 utrumque
485 1305 638 1358 potest
656 1300 746 1346 dici
762 1300 819 1345 de
839 1300 1039 1356 Christ03
1067 1299 1243 1344 scilicet
1261 1299 1386 1356 quod
1407 1297 1468 1343 sit
1486 1304 1715 1357 creatura,
1742 1303 1788 1343 et
1808 1298 1934 1355 quod
1953 1297 2012 1342 sit
2036 1297 2105 1341 in·
2135 1303 2140 1342 ζ
2163 1313 2170 1324 κ

211 1370 393 1409 creatus
416 1369 464 1408 et
477 1372 657 1408 creator
673 1366 745 1417 (2).
2154 1387 2164 1414 ,;

268 1429 312 1471 3.
345 1428 585 1481 Praeterea,
625 1424 921 1482 principalior
958 1436 1066 1480 pars
1100 1424 1303 1470 hominis
1337 1429 1409 1469 est
1436 1424 1593 1468 anima
1629 1422 1771 1480 quam
1792 1434 1977 1478 corpus.
2020 1422 2105 1468 Sed

212 1489 422 1533 Christus
441 1488 620 1532 ratione
642 1486 866 1543 corporis,
890 1486 1012 1543 quod
1037 1486 1095 1531 de
1114 1486 1299 1543 VIrgine
1325 1486 1479 1540 traxit,
1509 1485 1680 1531 dicitur
1704 1497 1808 1530 esse
1839 1483 2107 1541 simpliciter
2144 1502 2170 1539 ,f

211 1555 348 1595 natus
370 1551 427 1596 de
450 1550 650 1606 Virgine.
675 1551 793 1605 Ergo
812 1548 990 1593 ratione
1007 1548 1193 1606 animae,
1211 1561 1316 1606 quae
1337 1553 1491 1594 creata
1513 1552 1584 1592 est
1598 1548 1626 1592 a
1646 1550 1755 1604 Deo,
1773 1546 1911 1592 debet
1929 1546 2106 1604 simpli-
2168 1560 2170 1610 j

212 1612 326 1657 citer
339 1612 430 1656 dici
447 1611 570 1669 quod
597 1611 805 1656 Christus
823 1611 888 1655 ‘sit
910 1615 1137 1655 creatura.

270 1674 358 1720 Sed
377 1678 539 1719 contra
557 1679 629 1719 est
650 1674 776 1730 quod
798 1673 1069 1719 Ambrosius
1090 1674 1201 1719 dicit
1224 1677 1303 1729 (De
1324 1674 1447 1719 Trin.
1471 1674 1552 1719 lib.
1575 1686 1608 1730 ι,
1628 1685 1710 1718 sen
1732 1675 1794 1717 De
1808 1671 1900 1717 fide
1918 1670 1977 1716 ad
2000 1673 2106 1715 Gra·

211 1737 324 1781 tian.
349 1749 451 1794 cap.
479 1741 522 1792 7,
553 1736 663 1781 circ.
690 1735 857 1790 med.):
881 1736 1148 1792 «Numquid
1181 1736 1305 1781 dicto
1333 1736 1483 1780 factus
1517 1741 1588 1780 est
1618 1734 1852 1779 Christus?
1878 1733 2107 1790 numquid
2146 1743 2148 1746 ’

210 1799 431 1843 mandato
447 1804 633 1843 creatus
652 1802 723 1843 est
738 1797 972 1842 Christus?
990 1816 1010 1837 ι»
1037 1798 1172 1854 quasi
1192 1798 1332 1854 dicat,
1350 1810 1461 1843 non.
1476 1797 1605 1843 Unde
1625 1797 1784 1841 subdit
1803 1810 1815 1841 z
1834 1796 2107 1849 «Quomodo

211 1866 367 1905 autem
389 1866 603 1905 creatura
625 1859 672 1904 in
694 1862 786 1904 Deo
805 1871 909 1904 esse
928 1863 1105 1916 potest?
1120 1859 1292 1904 etenim
1316 1863 1438 1904 Deus
1459 1865 1638 1904 naturae
1659 1858 1884 1915 simplicis
1902 1864 1990 1914 est,
2013 1868 2106 1903 non

208 1922 489 1978 conjunctae.
506 1941 526 1960 »
549 1924 667 1978 Ergo
691 1921 791 1966 haec
806 1933 900 1964 non
916 1927 987 1965 est
1007 1921 1303 1966 concedenda
1322 1934 1333 1964 :
1358 1922 1567 1964 Christus
1589 1924 1656 1964 est
1678 1923 1913 1964 creatura.

257 1990 551 2030 CONCLUSIO.
573 2012 623 2019 —
647 1990 706 2030 Ne
723 1989 1008 2030 haereticorum
1021 1990 1145 2030 errori
1170 1989 1301 2030 favere
1325 1989 1557 2038 videamur,
1580 2000 1664 2028 non
1685 1991 1744 2029 est
1762 1987 1947 2028 absolute
1970 1987 2107 2030 diceu-
2155 1982 2157 2018 Ϊ

208 2046 326 2095 dum,
346 2045 455 2097 quod
469 2045 660 2085 Christus
681 2045 738 2085 sit
751 2048 953 2095 creatura,
969 2045 1037 2086 sed
1052 2056 1149 2086 cum
1162 2045 1515 2095 determinatione,
1534 2045 1687 2085 scilicet
1711 2043 1938 2084 secundum
1958 2043 2108 2084 huma·
2141 2096 2150 2104 ο

208 2113 309 2142 nam
332 2105 536 2140 naturam.

263 2163 536 2220 Respondeo
554 2162 806 2208 dicendum
826 2163 967 2220 quod,
990 2162 1112 2208 sicut
1125 2164 1437 2220 Hieronymus
1460 2162 1571 2208 dicit
1591 2162 1781 2220 (implic.
1804 2161 1851 2206 in
1869 2173 1971 2218 cap.
1995 2166 2023 2208 5
2046 2163 2107 2208 ad

209 2225 341 2281 Gal.)‚
364 2242 383 2262 α
400 2237 460 2268 ex
469 2223 626 2269 verbis
642 2223 905 2269 inordinate
918 2224 1109 2281 prolatis
1123 2224 1376 2269 incurritur
1387 2224 1577 2268 haeresis
1590 2239 1603 2281 3
1616 2243 1637 2263 n
1661 2223 1787 2268 unde
1798 2235 1906 2268 cum
1921 2224 2106 2269 haereti-

208 2287 277 2332 cis
298 2299 383 2330 nec
400 2285 591 2330 nomina
605 2285 831 2330 debemus
850 2286 1020 2330 habere
1042 2286 1327 2342 communia,
1349 2299 1408 2331 ne
1422 2298 1586 2331 eorum
1606 2285 1750 2331 errori
1771 2286 1929 2331 favere
1947 2286 2122 2337 videa-¹

208 2361 316 2394 mur
332 2350 409 2404 (3).
432 2346 589 2391 Ariani
608 2353 762 2391 autem
785 2347 987 2392 haeretici
1010 2348 1237 2392 Christum
1256 2348 1475 2393 dixerunt
1496 2361 1600 2394 esse
1620 2353 1883 2393 creaturam
1895 2352 1941 2393 et
1955 2348 2104 2394 mino-

207 2423 308 2456 rem
332 2413 479 2464 Patre‚
507 2421 601 2453 non
626 2409 779 2453 solum
809 2409 986 2453 ratione
1014 2410 1230 2454 humanae
1250 2417 1446 2467 naturae‚
1470 2411 1550 2456 sed
1571 2411 1711 2456 etiam
1730 2410 1911 2455 ratione
1934 2410 2105 2455 divinae

207 2483 436 2531 personae.
456 2474 510 2515 Et
531 2471 636 2516 ideo
667 2483 758 2515 non
791 2476 862 2515 est
878 2470 1091 2516 absolute
1114 2472 1365 2517 dicendum
1395 2473 1519 2530 quod
1543 2473 1752 2518 Christus
1784 2475 1844 2517 sit
1871 2475 2100 2530 creatura,
2142 2495 2143 2498 =

207 2535 282 2580 vel
315 2538 465 2578 minor
484 2537 652 2588 Patre3
677 2533 758 2578 sed
796 2545 906 2577 cum
938 2532 1338 2590 determinatione,
1375 2535 1553 2580 scilicet
1575 2535 1830 2580 secundum
1852 2535 2102 2580 humanam

208 2601 443 2642 naturam.
469 2619 524 2627 —
541 2597 604 2639 Ea
626 2595 737 2639 vero
751 2594 810 2639 de
829 2595 1002 2651 quibus
1024 2596 1250 2653 suspicari
1274 2609 1368 2641 non
1389 2602 1542 2653 potest
1561 2597 1686 2654 qued
1705 2596 1874 2642 divinae
1892 2608 2104 2654 personae

207 2659 489 2704 conveniant
506 2657 767 2702 secundum
789 2657 1008 2714 seipsam,
1027 2663 1224 2715 possunt
1241 2658 1513 2715 simpliciter
1533 2659 1622 2704 dici
1653 2659 1711 2704 de
1731 2659 1907 2703 Christo
1927 2659 2105 2704 ratione

209 2722 426 2766 humanae
445 2725 654 2775 naturae3
676 2719 798 2764 sicut
825 2719 1099 2776 simpliciter
1127 2720 1327 2765 dicimus
1347 2721 1577 2766 Christum
1607 2733 1711 2766 esse
1744 2732 1951 2779 passum,
1981 2732 2104 2766 mor-

208 2791 339 2827 tuum
361 2788 406 2827 et
426 2781 662 2838 sepultum
684 2794 697 2825 2
718 2781 841 2826 sicut
859 2782 999 2826 etiam
1019 2781 1066 2826 in
1096 2782 1239 2827 rebus
1266 2783 1587 2840 corporalibus
1607 2788 1654 2828 et
1673 2782 1908 2838 humanis,
1924 2795 1979 2827 ea
2000 2795 2107 2840 quae

207 2847 253 2890 in
275 2844 610 2890 dubitationem
630 2844 791 2888 venire
814 2849 1014 2901 possunt
1036 2857 1095 2888 an
1119 2846 1398 2890 conveniant
1418 2846 1499 2890 toti
1526 2845 1603 2890 vei
1621 2845 1757 2902 parti,
1775 2843 1814 2889 si
1834 2844 1996 2890 insunt
2018 2845 2103 2890 aii-

207 2908 281 2952 cui
298 2907 434 2963 parti,
454 2919 546 2950 non
563 2906 861 2950 attribuimus
882 2906 961 2950 toti
979 2907 1264 2964 simpliciter,
1285 2908 1331 2953 id
1346 2914 1433 2961 est,
1455 2908 1557 2952 sine
1575 2907 1992 2952 determinatione:
2012 2919 2100 2952 non
2168 2949 2170 2966 ,

206 2970 331 3014 enim
343 2969 541 3014 dicimus
554 2968 681 3025 quod
693 2968 897 3025 AEthiops
910 2973 982 3012 est
997 2969 1148 3029 albus,
1167 2969 1249 3014 sed
1262 2969 1387 3026 quod
1403 2975 1473 3015 est
1486 2970 1621 3014 albus
1636 2969 1897 3014 secundum
1913 2969 2102 3024 dentese,
2168 2969 2170 2978 ⁴

246 3093 290 3135 (i)
310 3091 470 3132 Negative
493 3091 675 3132 respondet
700 3093 736 3127 S.
772 3093 908 3133 noctur,
936 3092 1039 3134 idque
1069 3096 1108 3127 ut
1232 3081 1276 3135 (5)
1292 3093 1395 3129 Addit
1408 3094 1443 3128 S.
1457 3093 1705 3133 Doctor(Sent.
1723 3092 1786 3135 ΙΙΙ,
1802 3092 1882 3128 dist.
1900 3094 1956 3135 Η,
1975 3094 2104 3135 nrt.2):

206 3140 353 3175 evitetur
378 3139 511 3175 haeresis
531 3140 603 3173 Arii
624 3140 881 3181 dogmatizantis
901 3140 1027 3175 Filium
1046 3139 1108 3175 Dei
1195 3141 1348 3176 Christus
1370 3153 1437 3175 non
1460 3145 1570 3183 potest
1590 3140 1655 3175 dici
1679 3144 1843 3182 creatura,
1868 3153 1937 3176 non
1971 3142 2103 3176 tantum
2165 3155 2168 3198 i

206 3199 276 3223 esse
306 3187 429 3221 factum
452 3192 485 3221 et
507 3193 670 3227 creatum,
696 3193 813 3223 contra
837 3201 935 3230 quam
963 3192 1064 3230 (part.
1079 3189 1108 3229 Ι,
1195 3189 1237 3223 ad
1254 3189 1453 3224 evitandum
1470 3201 1623 3223 errorem
1645 3189 1732 3231 Arii,
1752 3194 1791 3223 ut
1807 3187 1948 3230 quidam
1967 3189 2101 3234 dicunt5

207 3239 322 3276 quaest.
345 3234 715 3274 ambert-hactum
736 3241 797 3270 est.
1196 3236 1254 3270 sed
1292 3237 1396 3271 etiam
1439 3237 1481 3271 ad
1521 3236 1714 3271 evitandam
1768 3236 1966 3271 falsitatem.
2009 3236 2103 3270 ldem
2166 3235 2167 3242 ¹

247 3282 289 3335 ti}
308 3283 370 3317 Pro
390 3294 457 3316 uno
474 3288 508 3316 ct
521 3283 639 3316 eodem
659 3285 819 3325 positum,
836 3284 915 3325 quia
938 3296 1043 3319 unum
1062 3284 1113 3318 al·
1198 3284 1300 3319 sentit
1320 3284 1397 3326 (tib.
1416 3293 1451 3319 lv
1465 3312 1475 3325 ,
1497 3288 1587 3319 cant.
1611 3285 1644 3324 5,
1663 3290 1698 3319 et
1714 3296 1744 3319 c.
1768 3285 1823 3326 48,
1855 3288 1971 3325 quaest.
1994 3284 2037 3319 29
2056 3284 2104 3318 De
2164 3271 2167 3284 Ι

206 3334 272 3365 teri
297 3341 464 3365 annexum
483 3335 543 3370 est.
562 3335 600 3364 ut
617 3330 662 3365 sit
679 3337 811 3366 creator
830 3332 911 3374 quia
928 3333 1111 3368 increatus.
1199 3332 1299 3368 verit.
1311 3338 1376 3368 art.
1394 3334 1408 3367 ⁴
1426 3332 1468 3367 ad
1479 3333 1523 3375 i),
1539 3337 1572 3367 et
1585 3332 1645 3367 illa
1659 3331 1826 3367 sententia
1837 3332 2026 3367 communis
2040 3334 2103 3367 est.
