2170 3808
706 192 908 244 QUAEST.
938 190 1047 235 xvi,
1076 187 1192 231 ART.
1222 187 1255 229 1.
1315 192 1318 195 ’
1837 179 1920 220 145

97 285 163 331 Ad
183 281 423 327 secundum
435 274 697 327 dicendum,
718 270 841 327 quod
860 267 1096 313 beatitudo
1114 262 1427 322 principaliter
1438 265 1484 306 et
1505 257 1687 331 proprie
1708 260 1921 326 consistit

0 371 1 374 =
45 349 76 393 ir
125 346 278 391 anima
299 339 555 387 secundnm
578 338 803 386 mentem3
836 327 1112 376 secundario
1132 333 1310 381 tamen,
1335 330 1381 369 et
1399 335 1533 393 quasi
1559 317 1920 390 instrumentall-

54 388 115 452 trr
132 405 429 463 requiruntur
453 399 508 444 ad
543 394 876 441 beatitudinem
897 389 1101 447 corporis
1136 388 1280 442 bona3
1302 385 1425 429 sicut
1456 389 1594 452 etiam
1618 379 1920 449 Philosophus

55 468 156 514 deit
170 467 325 512 smnio.
341 463 419 509 lib.
436 475 467 518 ι,
480 471 581 516 cap.
605 461 647 514 8,
667 457 775 501 circ.
791 455 908 514 fin),
919 451 1041 509 quod
1053 448 1279 493 exteriora
1289 447 1412 491 bona
1425 444 1642 501 organice
1658 442 1921 486 deserviunt

56 526 367 636 teffltffltngff
381 582 641 636 dicendum,
663 578 789 636 quod
803 589 896 621 non
915 580 985 619 est
999 573 1161 619 eadem
1178 570 1295 615 ratio
1317 570 1375 613 de
1391 568 1636 612 animabus
1654 569 1921 609 sanctorum

54 656 101 696 et
120 652 174 697 de
195 650 384 703 Christo,
399 649 584 704 propter
600 643 707 688 duc.
725 639 872 685 Primo
886 637 1092 695 quidem,
1110 632 1219 690 quia
1236 632 1403 704 animae
1417 635 1680 674 sanctorum
1700 638 1793 670 non
1812 629 1922 698 sunt

53 714 290 770 passibiles
313 712 432 757 sicut
452 708 539 753 fuit
559 706 714 751 anima
735 701 920 756 Christi3
956 697 1181 769 secundo,
1204 707 1319 764 qula
1334 705 1526 749 corpora
1558 703 1648 763 non
1667 693 1814 745 agunt
1835 688 1922 759 ali-

53 775 177 832 csuid„
201 787 283 833 per
301 771 422 830 quod
442 771 487 814 in
514 767 846 813 beatitudinem
863 762 1069 816 tendant,
1088 763 1207 804 stcut
1222 758 1426 826 Christus
1439 752 1695 822 secundum
1717 761 1922 806 corporis

54 819 288 890 passiones
305 836 352 880 in
365 830 696 878 beatitudinem
719 825 935 872 tendebat
949 821 1175 881 quantum
1197 819 1255 864 ad
1269 818 1463 875 gloriam
1479 826 1701 871 corporis.

738 948 1041 1016 QUAESTIO
1086 945 1222 1001 XVI.

53 1082 113 1117 nn
139 1077 545 1123 comanuEN'rmns
570 1073 798 1120 UNloNEM,
830 1067 1054 1114 nummu
1087 1067 1148 1102 An
1179 1065 1241 1100 ΕΑ
1268 1062 1377 1106 QUAE
1402 1061 1701 1099 conveniunt
1722 1058 1922 1097 cflms'ro

188 1141 432 1178 SECUNDUM
460 1139 574 1175 Essn
611 1137 670 1172 ΕΤ
704 1134 828 1170 rimu
858 1121 947 1180 (ι),
986 1129 1034 1165 m
1066 1126 1302 1164 nnonncm
1333 1123 1590 1161 Auricunos
1617 1123 1784 1159 n1v1sA.

95 1237 247 1279 Deinde
270 1234 609 1278 considerandum
633 1234 693 1272 est
712 1230 761 1270 de
783 1228 846 1268 his
867 1239 958 1279 quae
976 1226 1283 1276 consequuntur
1304 1222 1508 1283 unionem·
1525 1234 1535 1260 :
1559 1223 1598 1260 et
1617 1219 1767 1272 primo,
1790 1229 1919 1270 quan-

52 1293 140 1334 tum
157 1292 209 1332 ad
222 1303 268 1332 ea
283 1302 374 1343 quae
394 1287 641 1330 conveniunt
658 1284 817 1325 Christo
842 1280 1067 1323 secundum
1089 1291 1151 1328 se;
1174 1279 1350 1318 secundo
1365 1308 1375 1324 ‚
1402 1277 1450 1317 de
1470 1276 1535 1315 his
1557 1286 1659 1336 quae·
1671 1277 1924 1315 conveniunt

50 1346 208 1387 Christo
225 1357 292 1397 per
305 1343 643 1396 comparationem
657 1339 709 1380 ad
727 1339 856 1378 Deum
873 1337 1055 1383 Patrem;
1073 1333 1203 1381 tertio,
1222 1331 1271 1372 de
1294 1333 1359 1372 his
1378 1343 1469 1394 quae
1491 1332 1743 1393 conveniunt
1762 1329 1924 1394 Christo

50 1412 118 1452 per
136 1391 480 1451 comparationem
500 1396 552 1437 ad
571 1407 657 1436 nos.
677 1395 790 1433 Circa
807 1391 987 1443 primum
1006 1389 1156 1439 duplex
1180 1388 1447 1428 consideratio
1465 1388 1654 1426 occurrit.
1670 1385 1811 1446 *Prima
1829 1397 1921 1438 qui-

50 1454 143 1495 dem
154 1455 203 1495 de
218 1454 281 1493 his
300 1464 391 1504 quae
406 1450 657 1492 conveniunt
673 1446 830 1489 Christo
847 1444 1071 1485 secundum
1088 1453 1172 1482 esse
1194 1445 1232 1482 et
1253 1441 1358 1490 tieri3
1380 1439 1555 1480 secunda
1571 1438 1620 1478 de
1638 1439 1703 1478 h1s
1721 1451 1812 1491 quae
1830 1452 1923 1480 con-

53 1508 391 1549 veniuntChristo
403 1505 627 1546 secundum
645 1502 844 1543 rationem
865 1498 1054 1538 unitatis.
1075 1497 1190 1537 Circa
1212 1497 1395 1547 primum
1417 1498 1659 1547 quaeruutur
1676 1493 1893 1536 duodecim
1910 1510 1921 1537 :

58 1569 90 1602 1·
108 1564 252 1604 Utrum
270 1562 356 1602 haec
370 1562 425 1601 sit
439 1571 532 1601 vera
548 1573 557 1599 :
576 1561 678 1598 Deus
692 1563 748 1596 est
769 1559 913 1595 Homo.
934 1575 981 1582 -
1005 1560 1043 1592 2⁰
1066 1553 1211 1592 Utrum
1238 1551 1323 1591 haec
1344 1552 1398 1590 sit
1418 1561 1512 1589 vera
1532 1562 1543 1589 ε
1566 1552 1695 1588 Homo
1719 1557 1774 1588 εει
1803 1552 1922 1592 Deus.

54 1639 98 1647 —
120 1623 159 1658 3⁰
176 1617 320 1657 Utrum
341 1614 523 1659 Christus
543 1613 667 1665 possit
686 1611 767 1652 dici
789 1610 911 1650 homo
928 1606 1175 1649 dominicus.
1196 1629 1242 1636 —
1261 1611 1300 1647 4⁰
1324 1605 1470 1647 Utrum
1491 1616 1536 1644 ea
1557 1615 1648 1655 quae
1672 1608 1925 1648 conveniunt

54 1672 156 1712 Filio
173 1671 367 1718 hominis,
389 1673 546 1722 possint
565 1666 771 1720 praedicari
789 1666 837 1705 de
854 1664 957 1704 Filio
985 1663 1070 1711 Dei,
1100 1668 1139 1703 et
1159 1663 1180 1702 e
1210 1660 1426 1702 contrario.
1456 1682 1503 1688 —
1531 1666 1569 1698 5⁰
1601 1660 1747 1700 Utrum
1769 1673 1815 1701 ea
1833 1675 1925 1714 quae

55 1726 299 1767 conveniunt
317 1723 421 1764 Filio
443 1723 636 1771 hominis,
652 1720 808 1773 possint
826 1718 1033 1771 praedicari
1049 1718 1098 1758 de
1114 1717 1255 1758 divina
1269 1719 1430 1763 natura,
1446 1718 1484 1755 et
1502 1714 1551 1754 de
1570 1713 1752 1755 humana
1768 1728 1814 1756 ea
1831 1729 1927 1768 quae

54 1779 303 1820 conveniunt
327 1777 431 1817 Filio
463 1777 547 1816 Dei.
579 1798 626 1805 —
648 1783 687 1815 δ’·
712 1774 858 1814 Utrum
886 1773 971 1812 haec
997 1772 1052 1811 sit
1081 1783 1200 1812 vera:
1226 1772 1356 1810 Filius
1385 1771 1457 1808 Dei
1480 1769 1611 1819 sactus
1632 1776 1689 1809 est
1724 1771 1858 1811 homo.
1877 1795 1926 1802 —

55 1839 94 1874 7⁰
111 1835 255 1876 Utrum
278 1833 362 1873 haec
385 1831 439 1871 sit
458 1843 549 1871 vera
570 1844 580 1870 ι
601 1833 730 1870 Homo
749 1829 878 1878 factus
900 1834 955 1867 est
974 1830 1092 1867 Deus.
1115 1848 1163 1856 -
1186 1831 1224 1865 8⁰
1243 1825 1388 1865 Utrum
1406 1825 1490 1864 haec
1515 1824 1569 1863 sit
1589 1836 1708 1867 vera:
1738 1828 1923 1868 Christus

55 1895 113 1929 est
132 1893 337 1928 creatura.
361 1908 407 1915 -
433 1889 473 1924 9⁰
495 1884 637 1925 Utrum
662 1883 747 1924 haec
773 1883 825 1922 sit
843 1893 936 1922 vera
961 1895 971 1922 ι
1000 1884 1078 1921 Iste
1100 1881 1240 1926 homo,
1268 1880 1543 1919 demonstrato
1567 1878 1751 1929 Christo,
1777 1883 1926 1932 incepit

55 1955 148 1992 εεεε,
164 1944 228 1983 vel
241 1943 319 1992 suit
339 1952 510 1990 semper.
528 1961 575 1967 -
598 1945 655 1978 ιο0
675 1938 818 1979 Utrum
841 1937 926 1977 haec
945 1935 1000 1976 sit
1014 1947 1132 1975 vera:
1153 1936 1340 1974 Christus
1362 1934 1574 1973 secundum
1597 1935 1705 1984 quod
1730 1936 1848 1975 homo
1868 1942 1926 1976 est

56 2003 257 2037 creatura.
279 2018 326 2026 —
359 2001 420 2035 11⁰
442 1994 587 2036 Utrum
615 1993 700 2032 haec
721 1993 777 2032 sit
802 2003 897 2032 vera
918 2005 928 2030 :
956 1992 1138 2031 Christus
1160 1990 1374 2030 secundum
1397 1990 1502 2038 quod
1522 1989 1640 2028 homo
1659 1996 1716 2029 est
1745 1993 1862 2031 Deus.
1879 2014 1925 2021 —

0 2062 1 2077 ¹
57 2057 117 2091 12⁶
140 2053 285 2092 Utrum
309 2051 396 2090 haec
421 2052 474 2089 sit
495 2060 614 2088 vera:
642 2048 825 2086 Christus
840 2076 850 2094 ,
872 2046 1084 2085 secundam
1111 2045 1216 2094 quod
1236 2045 1352 2084 homo
1368 2073 1381 2092 ‚
1404 2049 1461 2083 est
1491 2044 1722 2093 hypostasis
1744 2047 1809 2085 vel
1828 2057 1927 2096 per-

52 2117 165 2146 30726.

270 2165 609 2210 ARTICULUS
638 2167 674 2207 Ι.
707 2187 764 2196 -—-
793 2176 926 2206 urnun
951 2174 1042 2205 nAEc
1072 2175 1134 2206 sn·
1158 2174 1270 2205 vans
1292 2176 1304 2206 ε
1340 2174 1443 2204 nnus
1469 2174 1544 2205 nsi·
1571 2173 1702 2207 nouo.

339 2235 387 2270 De
399 2233 452 2269 his
465 2233 567 2268 etiam
582 2233 676 2267 sent.
699 2240 753 2273 m,
769 2231 847 2267 dist.
859 2233 894 2271 7,
909 2234 1025 2272 quoest.
1042 2239 1067 2272 1,
1085 2234 1149 2265 art.
1165 2231 1198 2272 4,
1218 2235 1249 2264 et
1265 2242 1322 2264 un.
1339 2233 1403 2264 art.
1418 2230 1439 2263 4
1450 2241 1541 2272 corp.
1559 2230 1619 2265 fin.

107 2289 173 2335 Ad
199 2289 398 2347 primum
415 2288 482 2333 sic
498 2286 772 2345 proceditur.
791 2289 834 2331 1.
854 2285 1039 2330 Videtur
1060 2284 1186 2341 quod
1205 2285 1303 2329 haec
1323 2284 1383 2328 sit
1398 2284 1539 2329 falsa:
1562 2285 1678 2328 Deus
1696 2290 1763 2330 est
1777 2288 1923 2335 homo.

54 2350 210 2396 Omnis
236 2350 358 2395 enim
387 2348 634 2406 propositio
656 2347 931 2395 affirmativa
958 2346 1006 2389 in
1029 2345 1223 2391 materia
1250 2349 1426 2390 remota
1453 2351 1526 2390 est
1554 2346 1685 2391 salsa.
1709 2348 1796 2393 Sed
1826 2350 1926 2396 haec

53 2410 325 2467 propositio:
351 2415 467 2453 Deus
490 2413 555 2453 est
573 2410 720 2464 Ιιοηιο,
742 2412 814 2453 est
834 2408 882 2451 in
905 2407 1097 2451 materia
1119 2412 1320 2451 remota:
1344 2406 1453 2463 quia
1475 2406 1635 2451 formae
1655 2408 1926 2465 significatae

53 2485 134 2529 per
154 2472 413 2529 subjectum
435 2476 481 2516 et
498 2470 792 2527 praedieatum
806 2475 917 2514 sunt
935 2468 1133 2513 maxime
1156 2468 1394 2512 distantes.
1418 2470 1530 2513 Cum
1550 2481 1661 2526 ergo
1676 2472 1926 2529 propositio

53 2533 271 2590 praedicta
287 2533 347 2578 sit
359 2531 644 2589 affirmativa,
669 2531 849 2576 videtur
869 2531 992 2587 quod
1013 2530 1072 2575 sit
1088 2530 1218 2574 falsa.

109 2598 152 2639 2.
169 2597 403 2649 Praeterea,
419 2594 567 2650 magis
581 2594 858 2638 conveniunt
873 2595 931 2647 (Ξ)
949 2598 1039 2637 tres
1054 2604 1266 2649 personae
1281 2591 1449 2636 divinae
1469 2593 1529 2638 ad
1546 2594 1762 2650 invicem,
1781 2597 1922 2654 quam

55 2655 256 2700 humana
288 2661 451 2700 natura
489 2659 535 2700 et
563 2655 731 2700 divina.
761 2655 848 2700 Sed
885 2654 933 2698 in
963 2654 1184 2711 mysterio
1217 2653 1448 2698 Trinitatis
1478 2667 1572 2698 una
1604 2668 1802 2712 persona
1830 2671 1923 2703 non

57 2717 326 2771 praedicatur
353 2717 410 2763 de
432 2717 547 2761 alia:
581 2729 674 2761 non
698 2717 821 2761 enim
843 2716 1039 2761 dicimus
1061 2716 1185 2772 quod
1218 2718 1349 2759 Pater
1375 2720 1445 2760 est
1477 2716 1634 2773 Fssius,
1663 2718 1737 2763 vel
1759 2720 1785 2764 e
1815 2732 1924 2765 con·

58 2788 208 2821 verso.
226 2780 342 2834 Ergo
371 2778 551 2823 videtur
569 2778 693 2835 qued
713 2790 798 2823 nec
819 2778 1022 2822 humana
1043 2782 1208 2821 natura
1237 2776 1382 2832 possit
1404 2777 1643 2832 praedicari
1663 2779 1722 2824 de
1744 2783 1849 2837 Dec,
1872 2787 1925 2826 ut

59 2836 234 2884 dicatur
253 2839 375 2895 quod
391 2843 509 2884 Deus
528 2840 765 2884 esthemo.

111 2901 152 2943 3.
177 2902 409 2953 Praeterea,
427 2901 699 2946 Athanasius
718 2902 827 2946 dicit
848 2901 912 2956 (in
933 2901 1089 2960 Symb.
1113 2900 1226 2956 fid.)‚
1249 2899 1373 2956 quod
1399 2917 1419 2938 α
1443 2900 1563 2945 sicut
1581 2902 1735 2946 anima
1758 2908 1803 2947 et
1817 2916 1925 2949 caro

59 2972 181 3004 unus
204 2966 273 3005 est
303 2961 455 3014 homo,
475 2962 537 3005 ita
558 2965 677 3006 Deus
706 2967 750 3006 et
773 2964 910 3007 homo
929 2976 1051 3007 unus
1073 2967 1143 3007 est
1164 2962 1386 3006 Christus.
1403 2980 1422 3000 »
1450 2962 1537 3006 Sed
1559 2963 1658 3007 haec
1680 2969 1752 3008 est
1773 2964 1889 3009 falsa
1909 2981 1921 3010 z

58 3024 222 3064 Anima
243 3025 309 3065 est
325 3035 500 3079 corp-us,
519 3025 636 3078 Ergo
653 3023 789 3068 etiam
810 3025 908 3069 haec
926 3031 998 3069 est
1012 3024 1152 3069 falsa:
1173 3029 1291 3066 Deus
1311 3027 1375 3067 est
1398 3024 1544 3068 homo,

110 3088 153 3128 4.
176 3087 412 3142 Praeterea,
430 3085 549 3131 sicut
568 3085 614 3129 in
632 3086 777 3142 prima
799 3095 926 3143 parte
949 3088 1155 3132 habitum
1170 3092 1238 3132 est
1252 3089 1432 3143 (quaest.
1454 3101 1592 3144 xxxix,
1610 3094 1696 3134 art.
1714 3092 1775 3145 3),
1795 3091 1923 3147 quod

97 3207 140 3249 (1)
168 3208 235 3241 Seu
263 3207 305 3241 de
335 3207 634 3242 communicatione
663 3207 874 3249 idiomatum,
906 3214 943 3244 ut
1026 3222 1210 3252 earumque
1232 3210 1476 3252 proprietatum
1497 3211 1538 3245 do
1564 3223 1599 3247 se
1627 3212 1772 3248 invicem
1807 3218 1922 3247 mutua

59 3254 151 3290 aiunt
174 3255 340 3299 theologi3
368 3256 435 3292 sive
447 3256 487 3291 «lo
503 3256 600 3291 modo
615 3256 773 3298 loquendi
793 3257 833 3290 de
858 3269 942 3298 mys·
1027 3258 1231 3299 praedicatio.
1252 3267 1267 3287 ¹³

60 3304 141 3337 tei-io
164 3303 417 3338 Inoni-nationis.
453 3304 720 3339 Communicatio
745 3304 944 3339 idiomatum
1076 3306 1119 3346 (2)
1143 3305 1182 3340 Id
1212 3306 1406 3348 est,ma9¹‘s
1438 3317 1554 3341 unum
1581 3311 1679 3349 sunt,
1710 3308 1787 3349 quia
1823 3307 1922 3341 unius

59 3350 187 3385 definiri
213 3356 344 3393 potest:
374 3364 390 3386 ι
422 3357 550 3387 natnrae
586 3352 705 3389 divinas
737 3358 769 3387 et
788 3352 943 3388 humanm
1029 3354 1176 3389 essentie
1193 3353 1457 3395 simplicissimae,
1471 3356 1670 3390 unicissimae
1691 3360 1723 3390 et
1745 3355 1918 3390 indivisae.
