2170 3808
602 226 801 276 QUAEST.
833 225 1008 278 LXVlll,
1038 224 1156 266 ART.
1186 223 1274 265 Vlll
1303 223 1367 265 ET
1396 223 1466 266 IX.
1895 202 1976 264 5337

88 312 166 356 lib.
188 324 246 365 ix,
266 309 402 365 epist.
425 309 498 358 61,
515 305 542 349 a
567 306 749 362 princ),
770 305 882 349 dicit
902 320 913 353 ;
945 322 963 341 «
990 304 1054 348 Ab
1085 304 1276 359 antiqua
1300 307 1485 359 patrum
1501 301 1792 346 institutione
1814 300 1979 345 didici-

88 385 193 417 mus
215 379 268 415 ut
289 371 369 427 qui
388 368 512 426 apud
526 368 743 412 haeresim
765 367 812 410 in
832 367 1065 410 Trinitatis
1087 366 1274 409 nomine
1295 365 1604 421 baptizantur,
1628 367 1735 408 611111
1756 363 1814 406 ad
1839 374 1978 406 sanc-

91 438 182 478 tam
204 432 456 477 Ecclesiam
493 430 707 484 redeunt,
728 434 809 473 aut
830 428 1053 472 unctione
1075 426 1357 482 chrismatiS,
1377 430 1458 470 aut
1477 425 1772 481 impositione
1792 426 1975 473 manus,

89 499 170 539 aut
190 494 289 538 sola
311 491 602 549 professione
626 490 731 534 fidei
752 490 811 534 ad
833 490 987 534 sinum
1006 487 1169 532 matris
1191 487 1406 531 Ecclesiae
1428 492 1722 530 revocentur.
1741 504 1761 524 a»
1784 487 1875 528 Hoc
1893 496 1979 527 au-

89 559 183 601 tem
209 567 302 599 non
327 557 465 608 esset,
493 552 533 597 si
558 557 683 596 recta
702 551 817 595 fides
835 556 961 595 esset
976 550 1033 595 de
1055 549 1334 594 necessitate
1353 546 1589 604 baptismi.
1605 550 1703 591 Non
1722 559 1834 603 ergo
1854 549 1975 590 recta

89 617 205 662 fides
226 629 287 662 ex
309 614 590 660 necessitate
607 613 858 669 requiritur
880 612 937 657 ad
961 611 1305 667 susceptionem
1328 609 1565 668 baptismi..
1787 615 1789 617 ’

138 684 479 725 CONCLUSIO.—
502 683 559 721 Ex
577 684 691 732 parte
705 680 859 731 gratiae,
882 691 1008 730 quam
1030 679 1126 730 quis
1148 690 1216 730 per
1234 677 1489 728 baptismum
1503 677 1787 728 consequitur,
1802 675 1980 727 exigitur

88 736 135 780 in
154 739 399 790 suscipiente
419 738 538 785 fides;
554 748 603 776 ex
619 740 732 788 parte
746 736 839 776 vero
859 735 1102 774 characteris
1120 745 1201 772 non
1221 733 1444 773 necessaria
1465 735 1539 772 est.

146 800 416 857 Respondeo
435 799 685 844 dicendum
714 797 855 855 qued,
890 797 1011 842 sicut
1041 809 1100 841 ex
1120 796 1254 841 dictis
1276 800 1403 852 patet
1429 798 1610 850 (quaest.
1633 807 1736 849 mxu,
1764 798 1848 837 art.
1871 796 1915 849 9,
1933 796 1979 838 et

90 867 254 919 quaest.
280 875 393 917 val,
420 865 506 904 art.
529 863 590 916 9),
611 860 705 904 duo
725 859 994 904 efficiuntur
1012 858 1059 902 in
1081 857 1238 901 anima
1252 870 1335 913 per
1354 857 1655 912 baptismum,
1673 855 1850 899 scilicet
1869 854 1978 898 cha·

88 931 240 968 166161
260 928 306 968 61
322 924 483 979 gratia.
509 923 759 978 Dupliciter
778 932 889 976 ergo
908 919 1081 976 aliquid
1105 932 1162 963 ex
1189 919 1463 964 necessitate
1476 918 1724 975 requiritur
1740 916 1798 960 ad
1814 915 1979 972 baptis-

88 999 249 1032 mum:
272 1001 369 1032 uno
389 987 543 1045 mode,
571 987 671 1031 sine
692 999 785 1042 quo
816 985 963 1041 gratia
982 984 1140 1028 haberi
1166 997 1261 1028 non
1279 988 1453 1040 potest,
1472 995 1577 1039 quae
1594 986 1665 1026 est
1694 981 1888 1025 ultimus
1909 980 1980 1024 ef-

88 1049 239 1094 fectus
251 1049 554 1102 sacramenti,
573 1053 619 1092 et
634 1048 721 1092 hoc
736 1047 872 1095 modo
891 1050 1017 1090 recta
1031 1046 1146 1090 fides
1163 1058 1221 1090 ex
1239 1045 1516 1090 necessitate
1529 1043 1778 1101 requiritur
1796 1042 1855 1086 ad
1868 1041 1980 1098 bap-

89 1111 296 1168 tismum,
318 1111 443 1167 quia,
468 1110 589 1154 sicut
608 1109 775 1154 dicitur
795 1110 939 1163 (Rom.
974 1121 1034 1164 111,
1066 1109 1152 1162 2⁶2),
1171 1109 1362 1162 ⁸justitia
1394 1110 1479 1150 Dei
1505 1110 1573 1149 est
1592 1119 1676 1161 per
1707 1105 1841 1159 fidem
1873 1107 1979 1147 Jesu

92 1175 282 1216 Christi.
293 1173 390 1216 Alio
402 1171 540 1215 modo
560 1170 809 1226 requiritur
829 1168 1002 1224 aliquid
1022 1181 1079 1212 ex
1094 1168 1370 1212 necessitate
1385 1168 1443 1211 ad
1460 1167 1761 1223 baptismum,
1772 1165 1873 1209 sine
1885 1176 1979 1220 quo

91 1235 326 1278 character
348 1233 638 1290 baptismatis
653 1230 855 1287 imprimi
875 1242 969 1273 non
994 1234 1175 1286 potest,
1201 1234 1247 1274 et
1266 1229 1334 1273 sic
1354 1234 1481 1273 recta
1512 1229 1628 1272 fides
1646 1227 1863 1284 baptizati
1884 1238 1978 1269 non

90 1296 341 1353 requiritur
361 1308 416 1340 ex
441 1293 716 1338 necessitate
735 1292 794 1336 ad
822 1291 1124 1347 baptismum,
1148 1291 1270 1334 sicut
1293 1302 1381 1334 nec
1402 1293 1527 1334 recta
1551 1289 1668 1333 fides
1685 1287 1977 1344 baptizantis,

90 1356 343 1400 dummodo
373 1355 529 1399 adsint
557 1357 722 1397 caetera
746 1356 984 1408 quaesunt
1009 1351 1066 1396 de
1089 1351 1364 1395 necessitato
1386 1350 1694 1405 sacramenti3
1728 1362 1824 1393 non
1854 1347 1980 1392 enim

90 1421 435 1461 sacramentum
455 1415 693 1472 perficitur
708 1427 790 1471 per
804 1413 1034 1471 justitiam
1058 1414 1258 1458 hominis
1277 1413 1431 1458 dantis
1449 1413 1524 1457 vel
1549 1411 1845 1468 suscipientis
1863 1410 1981 1466 bap-

89 1478 297 1533 tismum,
319 1478 403 1523 sed
424 1491 507 1536 per
521 1478 739 1520 virtutem
762 1477 855 1520 Dei.

146 1541 214 1584 Ad
230 1543 433 1597 primum
466 1552 577 1596 ergo
606 1538 857 1583 dicendum
870 1573 880 1591 ‚
910 1538 1034 1594 quod
1061 1537 1282 1581 Dominus
1315 1537 1522 1594 loquitur
1558 1536 1620 1580 ibi
1658 1535 1715 1580 de
1749 1534 1981 1591 baptismo

90 1602 352 1647 secundum
368 1600 494 1658 quod
514 1600 727 1657 perducit
749 1600 963 1644 homines
983 1599 1044 1644 ad
1062 1599 1260 1643 salutem
1291 1611 1375 1654 per
1404 1598 1600 1654 gratiam
1629 1597 1979 1654 Justificantem,

92 1663 217 1720 quod
235 1663 422 1720 quidem
444 1662 545 1707 sine
559 1666 686 1706 recta
707 1661 799 1706 fide
824 1673 927 1706 esse
952 1673 1046 1705 non
1067 1665 1246 1718 potest3
1274 1665 1318 1704 et
1340 1660 1443 1705 ideo
1466 1661 1706 1716 signanter
1733 1658 1869 1703 dicit:
1895 1662 1982 1715 Qui

93 1726 353 1781 crediderit,
375 1728 418 1768 et
438 1725 696 1780 baptizatus
711 1725 868 1779 suerit,
897 1723 1052 1765 salvus
1073 1725 1179 1766 erit.

146 1786 214 1831 Ad
244 1788 489 1829 secundum
511 1785 758 1830 dicendum
772 1818 784 1840 ,
810 1784 935 1841 quod
958 1784 1162 1828 Ecclesia
1184 1784 1386 1828 intendit
1406 1783 1622 1828 homines
1643 1782 1904 1839 baptizare,
1929 1786 1982 1827 ut

93 1847 409 1892 emundentur
431 1846 459 1891 a
480 1851 689 1902 peccato,
709 1846 968 1890 secundum
990 1845 1104 1891 illud
1128 1848 1202 1896 (Is.
1221 1859 1352 1904 xxvn,
1374 1847 1417 1899 9)
1442 1861 1453 1889 :
1481 1847 1568 1888 Hic
1601 1848 1667 1888 est
1690 1847 1833 1887 omnis
1858 1846 1982 1898 sruc-

94 1911 169 1951 tus
189 1912 242 1952 ut
263 1912 508 1961 auferatur
525 1911 778 1964 peccatum.
809 1910 863 1952 Et
884 1906 988 1952 ideo
1011 1910 1238 1963 quantum
1257 1911 1330 1951 est
1351 1907 1409 1952 de
1427 1919 1478 1952 se
1495 1940 1507 1963 ,
1531 1919 1626 1951 non
1657 1905 1854 1950 intendit
1872 1905 1983 1952 dare

93 1968 377 2026 baptismum
397 1968 487 2013 nisi
507 1968 789 2012 habentibus
813 1975 987 2013 rectam
1008 1967 1163 2021 fidem,
1190 1967 1291 2012 sine
1309 1980 1403 2024 qua
1425 1979 1520 2011 non
1542 1973 1613 2012 est
1634 1966 1846 2011 remissio
1874 1979 1982 2023 pec-

63 2044 67 2045 ’
95 2035 332 2086 catorum,
357 2034 404 2075 et
422 2034 612 2087 propter
632 2031 720 2075 1106
741 2030 997 2085 interrogat
1018 2029 1293 2074 accedentes
1312 2030 1371 2074 ad
1389 2030 1670 2086 baptismum
1690 2041 1750 2072 an
1772 2029 1981 2074 credant.

95 2092 138 2136 Si
157 2096 314 2137 tamen
330 2091 433 2136 sine
451 2096 576 2135 recta
595 2091 686 2136 fide
705 2090 874 2147 aliquis
892 2091 1177 2147 baptismum
1202 2091 1425 2147 suscipiat
1445 2095 1577 2136 extra
1597 2089 1863 2147 Ecclesiam,
1889 2102 1982 2134 non

93 2152 289 2210 percipit
309 2152 425 2197 illud
448 2153 507 2196 ad
527 2165 661 2196 suam
683 2152 896 2197 salutem.
920 2152 1049 2197 Unde
1071 2152 1359 2208 Augustinus
1379 2152 1492 2196 dicit
1508 2154 1585 2207 (De
1607 2151 1836 2208 baptismo
1854 2156 1978 2196 cont.

94 2215 318 2259 Donat1st.
350 2214 432 2258 lib.
467 2228 523 2270 iv,
548 2215 596 2257 in
620 2214 822 2270 princ.):
849 2232 869 2252 ιι
898 2214 1100 2259 Ecclesia
1128 2214 1345 2271 paradiso
1367 2219 1632 2271 comparata
1652 2213 1826 2258 indicat
1847 2213 1983 2259 nobis

95 2287 233 2330 posse
255 2275 443 2332 quidem
463 2275 748 2331 baptismum
773 2275 876 2331 ejus
896 2276 1108 2320 homines
1127 2276 1266 2320 etiam
1287 2275 1399 2320 foris
1420 2276 1631 2333 accipere
1645 2307 1658 2332 ,
1681 2275 1766 2321 sed
1783 2275 1982 2321 salutem

95 2336 397 2382 beatitudinis
415 2342 547 2382 extra
567 2350 669 2381 eam
689 2338 924 2382 neminem
943 2338 1180 2395 percipere
1199 2337 1273 2381 vol
1293 2342 1465 2382 tenere.
1493 2355 1514 2378 υ

150 2399 217 2444 Ad
239 2402 425 2443 tertium
446 2399 712 2455 dicendum,
738 2399 863 2456 quod
883 2400 1023 2444 etiam
1043 2412 1137 2444 non
1161 2400 1339 2444 habens
1358 2404 1532 2444 rectam
1558 2399 1695 2444 fidem
1724 2399 1846 2444 circa
1868 2399 1982 2445 alios

94 2460 330 2516 articulos,
355 2464 509 2517 potest
530 2461 701 2504 habere
720 2465 893 2505 rectam
913 2461 1051 2506 fidem
1076 2462 1135 2516 (1)
1158 2462 1280 2505 circa
1302 2465 1646 2505 sacramentum
1667 2460 1913 2517 baptismi,
1935 2467 1983 2507 et

94 2521 158 2566 ita
176 2534 271 2566 non
297 2522 547 2579 impeditur
567 2522 680 2578 quin
711 2523 859 2578 possit
881 2523 1053 2568 habere
1077 2523 1384 2568 intentionem
1411 2522 1692 2579 suscipiendi
1717 2535 1984 2568 sacramen·-

96 2587 196 2627 tum
213 2582 450 2640 baptismi.
475 2583 518 2627 Si
542 2588 696 2628 tamen
720 2584 858 2629 etiam
891 2585 1013 2630 circa
1042 2585 1131 2630 hoc
1154 2588 1499 2630 sacramentum
1525 2596 1619 2628 non
1640 2584 1764 2629 16616
1786 2585 1980 2643 sentiat,

97 2645 270 2689 sufficit
289 2645 348 2689 ad
367 2646 711 2701 perceptionem
728 2647 1006 2691 sacramenti
1026 2647 1255 2703 generalis
1277 2646 1489 2702 intentio,
1510 2646 1604 2702 qua
1621 2645 1821 2691 intendit
1841 2646 1982 2692 susci-

99 2717 208 2762 pere
227 2705 530 2763 baptismum,
552 2707 673 2751 sicut
691 2707 899 2753 Christus
918 2709 1025 2753 insti
1033 2709 1136 2766 tuit,
1160 2712 1207 2753 et
1226 2707 1349 2753 sicut
1365 2707 1567 2752 Ecclesia
1586 2707 1737 2752 tradit.

153 2766 219 2812 Ad
240 2769 456 2823 quartum
478 2766 743 2825 dicendum,
766 2770 891 2826 quod
911 2770 1032 2814 sicut
1050 2775 1395 2814 sacramentum
1412 2768 1629 2825 baptismi
1659 2781 1754 2813 non
1776 2773 1846 2813 est
1866 2782 1983 2814 6011-

96 2828 342 2873 serendum
360 2828 403 2872 ei
424 2827 504 2884 qui
528 2840 622 2872 11011
645 2829 748 2874 vult
776 2831 835 2875 ab
859 2832 961 2876 aliis
984 2831 1187 2888 peccatis
1209 2831 1454 2886 recedere,
1476 2831 1540 2874 ita
1559 2830 1699 2875 etiam
1728 2842 1816 2875 nec
1838 2830 1879 2876 61
1901 2831 1983 2890 qui

99 2900 194 2932 non
212 2888 315 2933 vult
332 2887 649 2933 infidelitatem
671 2889 902 2937 deserere.
925 2893 1126 2949 Uterque
1154 2896 1313 2937 tamen
1335 2890 1530 2948 suscipit
1550 2895 1919 2950 sacramentum,
1941 2892 1983 2939 si

98 2951 141 2995 ei
163 2950 444 3006 conferatur,
468 2949 576 2994 licet
594 2963 688 2994 11011
709 2952 768 2996 ad
790 2953 1004 2999 salutem.

403 3013 744 3056 ARTICULUS
764 3016 914 3058 1x.—
933 3027 1067 3058 [11111111
1089 3028 1212 3058 rur-:m
1235 3027 1324 3059 sim·
1341 3027 1581 3057 mmmmm
1605 3016 1680 3069 (2).

100 3078 150 3115 Do
164 3078 220 3115 1111
230 3077 336 3115 etiam
350 3079 445 3115 Sont.
460 3088 508 3121 ιν,
533 3079 610 3116 dist.
628 3083 660 3124 4,
680 3086 798 3122 quaest.
811 3091 864 3125 m,
880 3087 945 3118 art.
960 3083 994 3124 l,
1008 3088 1126 3126 quoest.
1140 3092 1171 3125 1,
1191 3087 1226 3118 et
1243 3084 1291 3118 Do
1308 3082 1411 3126 malo,
1428 3087 1548 3125 quaest.
1563 3091 1599 3119 lv
1612 3108 1623 3125 ,
1640 3088 1707 3119 art.
1729 3085 1743 3118 l
1764 3095 1857 3126 corp.
1872 3085 1981 3127 princ.

552 3132 588 3162 et
604 3129 720 3170 quodl.
739 3138 788 3170 lv,
805 3134 871 3165 art.
886 3132 929 3166 ⁴0
942 3141 1034 3173 corp.
1051 3135 1085 3167 et
1101 3131 1216 3173 quodl.
1233 3139 1280 3172 ιι,
1295 3136 1360 3166 art.
1374 3132 1418 3166 22
1435 3143 1528 3173 corp.

154 3182 223 3228 Ad
239 3194 419 3227 nonum
440 3183 508 3228 sic
528 3183 808 3240 proceditur.
830 3188 871 3229 1.
892 3186 1081 3231 Videtur
1100 3186 1224 3242 quod
1243 3185 1374 3243 pueri
1395 3198 1490 3230 non
1515 3186 1610 3231 sint
1628 3186 1906 3245 baptizandi.
1932 3191 1981 3233 In

142 3304 184 3346 (1)
206 3305 291 3341 Nam
317 3306 468 3343 divinam
495 3307 565 3343 sive
587 3307 821 3349 theologicam,
847 3309 904 3342 sed
929 3309 996 3345 hu·
1059 3310 1176 3347 ,recle
1191 3311 1342 3351 sentiae,
1358 3313 1424 3347 etc.
1443 3309 1539 3346 unde
1555 3323 1624 3346 non
1653 3311 1764 3346 obstat
1791 3312 1881 3353 quod
1900 3313 1932 3354 (2
1947 3312 1980 3354 2,

99 3364 235 3407 manum
274 3366 348 3396 quae
379 3355 660 3397 qualemcumque
694 3360 825 3390 rectum
864 3368 998 3392 sensum
1083 3362 1200 3399 quaest.
1216 3367 1248 3397 V,
1265 3365 1330 3392 art.
1350 3359 1383 3401 5)
1406 3359 1487 3394 dicit
1510 3360 1611 3395 unius
1627 3360 1763 3395 articuli
1787 3360 1890 3394 fidem
1911 3362 1983 3396 sine

101 3411 188 3434 circa
212 3401 416 3443 baptismum
436 3403 614 3446 significat,
635 3407 674 3438 ut
698 3415 736 3438 ex
756 3404 916 3438 antithesi
941 3404 999 3438 ad·-
1085 3406 1150 3441 alio
1163 3417 1230 3439 non
1250 3405 1381 3441 haberi.

102 3453 215 3491 juncta
238 3454 330 3491 patet
348 3462 358 3486 ε
378 3452 422 3486 Si
437 3453 536 3486 circa
556 3453 620 3486 hoc
636 3454 910 3488 sacramentum
924 3462 1000 3488 non
1125 3453 1226 3496 (2)1)e
1240 3454 1304 3490 fide
1317 3459 1366 3490 est
1382 3458 1499 3490 contra
1510 3456 1693 3497 valdenses,
1709 3453 1975 3497 petrobusiauus,
