2170 3808
700 236 898 288 QuAEsr.
928 202 1187 290 ΧιιιΪΑιιΤ.
1218 235 1287 278 1v.
1854 233 1939 275 125

56 339 77 367 c
90 323 436 380 mnipotentiam
451 322 659 376 respectu
677 318 964 363 executionis
985 318 1183 374 propriae
1197 317 1465 361 voluntatis.
1489 315 1661 359 Dicitur
1674 313 1798 359 enim
1815 315 1936 365 <Mar-

56 388 96 429 ci
127 387 202 439 vn)
237 383 362 441 qued
390 383 631 437 ingressus
652 379 841 424 domum
869 379 1102 423 neminem
1134 378 1281 422 voluit
1306 378 1451 433 scire,
1486 383 1532 421 et
1561 389 1654 419 non
1689 374 1838 431 potuit
1867 374 1938 418 la-

60 455 155 492 tere
175 450 251 500 (1).
283 447 379 489 Non
404 454 513 499 ergo
534 441 683 498 potuit
703 442 750 485 in
771 441 989 485 omnibus
1011 439 1179 496 exequi
1202 440 1489 495 propositum
1508 450 1607 495 suae¹
1626 436 1890 482 voluntatis.

111 509 154 551 Ξ.
184 510 420 560 Praeterea,
443 508 724 560 praeceptum
755 507 827 547 est
850 501 1038 558 signum
1061 500 1338 553 voluntatis,
1358 506 1410 543 ut
1440 500 1487 542 in
1511 499 1660 554 prima
1688 503 1818 555 parte
1837 498 1938 542 dic-

59 573 159 612 tum
185 569 457 623 est(quaest.
479 577 576 616 xix,
607 568 693 608 art.
718 566 807 616 12).
839 562 926 607 Sed
959 561 1181 606 Dominus
1212 561 1426 617 quaedam
1449 559 1661 604 facienda
1691 559 1935 616 praecepit,

58 642 256 686 quorum
279 626 508 672 contraria
530 625 829 670 acciderunt:
855 624 1024 670 dicitur
1042 624 1164 668 enim
1186 624 1356 676 (Matth.
1380 636 1438 677 ix,
1457 625 1553 676 31),
1578 621 1704 677 quod
1725 622 1860 666 caecis
1876 621 1938 665 il-

60 690 297 735 luminatis
318 688 627 733 comminatus
659 691 732 731 est
752 688 903 740 Jesus,
925 685 1086 731 dicens
1114 700 1126 729 ε
1154 684 1311 727 Videte
1332 696 1388 726 ne
1406 686 1503 739 quis
1522 685 1655 726 sciat.
1685 682 1763 725 Illi
1785 686 1937 742 autem

61 756 270 794 exeuntes
292 752 644 806 diffamaverunt
665 749 800 791 illum
819 760 905 804 per
927 750 1073 791 totam
1094 750 1267 790 terram
1290 745 1440 788 illam.
1464 746 1562 788 Non
1582 754 1695 798 ergo
1715 742 1763 786 in
1784 743 1938 786 omni-

63 813 149 856 bus
171 813 320 869 potuit
340 810 504 867 exequi
522 810 813 870 propositum
836 821 934 853 suae
956 808 1224 853 voluntatis.

115 877 158 919 3.
188 878 424 926 Praeterea,
447 873 493 918 id
512 873 635 930 quod
656 876 807 929 potest
826 871 992 928 aliquis
1015 872 1189 925 facere,
1214 883 1306 914 non
1336 868 1450 925 petit
1469 868 1527 912 ab
1547 868 1654 911 alio.
1679 867 1765 912 Sed
1784 866 1939 909 Domi-

62 949 152 980 nus
174 938 334 993 petivit
361 936 387 980 a
406 939 560 986 Patre,
587 935 787 990 orande,
819 933 932 978 illud
958 933 1081 990 quod
1113 933 1210 978 fieri
1240 931 1455 976 volebat:
1487 930 1654 974 dicitur
1685 928 1809 973 enim
1832 930 1940 981 (Lu-

62 1010 128 1041 cae
146 1012 204 1053 vi,
226 1001 311 1054 12),
339 997 461 1054 quod
481 1000 592 1040 eoeiit
613 1000 661 1039 in
683 999 877 1039 montem
898 1008 1056 1049 orare,
1079 999 1123 1038 et
1143 998 1242 1037 erat
1255 996 1525 1050 pernoctans
1548 995 1596 1034 in
1614 994 1815 1034 oratione
1837 992 1936 1033 Dei.

61 1061 180 1116 Ergo
199 1073 288 1104 non
310 1059 456 1116 potuit
475 1058 640 1116 exequi
658 1058 705 1102 in
724 1057 940 1102 omnibus
961 1056 1246 1112 propositum
1267 1067 1366 1099 suae
1389 1053 1659 1099 voluntatis.

117 1122 203 1165 Sed
232 1125 387 1164 contra
416 1125 486 1164 est
503 1120 625 1177 quod
650 1117 1062 1175 dicitAugustinus
1082 1117 1218 1172 (alius
1236 1119 1413 1171 auctor)
1433 1118 1491 1169 (Ξ)
1513 1115 1657 1159 inlib.
1676 1115 1753 1165 (De
1773 1117 1936 1170 quaest.

61 1182 230 1226 veteris
263 1188 308 1227 et
331 1181 435 1226 novi
454 1180 746 1236 Testamenti,
769 1184 934 1236 quaest.
959 1182 1029 1234 77,
1047 1178 1092 1222 in
1113 1179 1311 1235 princ.):
1329 1195 1349 1215 ·‹
1368 1177 1816 1233 impossibile-estut
1840 1175 1939 1219 Sal-

62 1244 234 1288 vatoris
265 1244 478 1289 voluntas
507 1255 601 1287 non
627 1241 898 1298 impleatur-3
919 1253 1005 1285 nec
1025 1246 1179 1297 potest
1204 1240 1321 1284 velle
1343 1240 1469 1297 quod
1496 1240 1582 1283 scit
1605 1237 1702 1282 fieri
1735 1249 1828 1281 non
1851 1237 1938 1281 de-

63 1305 190 1350 bere.
208 1324 228 1344 n
471 1342 474 1356 ,

110 1373 400 1414 CONCLUSIO.
419 1394 467 1402 —
481 1373 632 1413 Anima
649 1372 801 1413 Christi
814 1372 968 1412 virtute
982 1372 1145 1423 propria
1156 1401 1167 1421 ,
1183 1383 1230 1411 ea
1255 1371 1396 1411 omnia
1421 1371 1575 1411 efficere
1589 1371 1745 1421 potuit,
1762 1379 1853 1419 quae
1871 1377 1940 1418 per

64 1427 236 1478 seipsam
251 1428 404 1467 efficere
417 1427 550 1466 voluit
567 1441 578 1467 z
601 1439 694 1478 quae
709 1427 803 1467 vero
819 1427 962 1467 divina
981 1427 1069 1466 fieri
1088 1426 1242 1467 virtute
1257 1425 1411 1474 voluit,
1428 1425 1595 1464 nonnisi
1611 1428 1658 1464 ut
1672 1423 1790 1463 Verbi
1804 1422 1939 1462 divini

65 1482 385 1522 instrumentum
403 1482 556 1522 effic-ere
577 1482 726 1533 potuit.

119 1544 387 1600 Respondeo
409 1543 656 1588 dicendum
675 1542 801 1600 quod
823 1544 978 1588 anima
1002 1543 1163 1588 Christi
1187 1543 1432 1600 dupliciter
1449 1541 1623 1598 aliquid
1645 1540 1823 1585 voluit:
1842 1551 1939 1582 uno

66 1607 202 1649 modo
231 1606 360 1661 quasi
388 1617 472 1661 per
492 1617 544 1649 se
575 1605 863 1661 implendum
886 1620 898 1649 z
921 1610 969 1650 et
989 1605 1058 1650 sic
1081 1605 1328 1650 dicendum
1354 1608 1426 1648 est
1447 1603 1571 1660 quod
1601 1600 1827 1659 quidquid
1857 1612 1939 1643 vo-

67 1667 177 1723 luit,
198 1667 372 1724 potuit,
396 1679 487 1710 non
517 1667 639 1710 enim
663 1667 932 1711 conveniret
954 1667 1191 1723 sapientiae
1214 1667 1315 1723 eJus
1338 1671 1390 1711 ut
1421 1665 1595 1722 aliquid
1620 1664 1757 1709 vellet
1783 1675 1866 1719 per
1888 1674 1940 1706 se

67 1728 217 1773 facere
238 1728 360 1784 quod
384 1740 481 1771 suae
501 1728 659 1772 virtuti
692 1740 785 1772 non
816 1721 1091 1784 subjaceret.
1124 1729 1222 1772 Alio
1252 1727 1390 1772 modo
1407 1727 1554 1771 voluit
1578 1725 1752 1782 aliquid
1778 1731 1831 1768 ut
1850 1724 1940 1768 im-

66 1789 288 1847 plendum
308 1789 476 1833 virtute
496 1789 676 1844 divinat,
701 1790 819 1834 sicut
839 1789 1239 1835 resuscitationem
1259 1789 1430 1846 proprii
1453 1788 1660 1844 corporis
1682 1791 1727 1831 et
1745 1786 1834 1829 alia
1857 1786 1941 1828 hu-

66 1849 268 1905 jusmodi
284 1849 562 1894 miraculosa
579 1862 718 1906 opera
738 1864 749 1892 ι
775 1862 881 1906 quae
907 1850 1093 1907 quidem
1118 1863 1211 1894 non
1235 1855 1412 1907 poterat
1437 1849 1623 1906 propria
1639 1848 1833 1904 virtute,
1858 1847 1942 1891 sed

68 1910 324 1955 secundum
347 1909 471 1967 quod
493 1915 592 1955 erat
615 1911 975 1956 instrumentum
999 1911 1279 1969 Divinitatis,
1303 1915 1356 1955 ut
1375 1910 1551 1955 dictum
1573 1913 1645 1953 est
1661 1910 1765 1964 (art.
1785 1911 1812 1951 2
1842 1908 1940 1964 huJ.

69 1975 270 2028 quaest.).
1505 2010 1507 2012 .

121 2034 185 2079 Ad
205 2037 402 2090 primum
421 2046 532 2090 ergo
556 2034 819 2089 dicendum,
842 2035 982 2092 quod,
1003 2035 1122 2080 sicut
1144 2036 1431 2092 Augustinus
1450 2034 1559 2080 dicit
1580 2034 1677 2089 (lib.
1704 2036 1766 2077 De
1785 2044 1942 2090 quaes-

69 2095 270 2139 tionibus
292 2096 460 2140 veteris
480 2100 528 2140 et
545 2096 654 2140 novi
673 2097 967 2151 Testamenti,
987 2103 1039 2141 ut
1056 2100 1181 2154 sup.)
1195 2130 1207 2154 ,
1233 2115 1253 2135 α
1284 2097 1409 2154 quod
1431 2097 1607 2141 factum
1635 2100 1729 2153 est,
1749 2096 1837 2138 hoc
1856 2107 1943 2139 vo-

67 2156 210 2201 luisse
231 2156 454 2202 dicendus
471 2162 543 2202 est
559 2158 779 2202 Christus.
809 2158 1152 2204 Advertendum
1170 2164 1242 2204 est
1260 2160 1384 2204 enim
1408 2159 1533 2215 quod
1560 2158 1676 2203 illud
1695 2157 1741 2200 in
1766 2156 1941 2200 finibus

69 2224 250 2273 gestum
269 2224 340 2263 est
362 2219 633 2274 Gentilium,
663 2220 834 2277 quibus
855 2221 1007 2266 adhuc
1035 2226 1220 2277 tempus
1242 2221 1522 2277 praedicandi
1555 2233 1650 2264 non
1675 2224 1789 2264 erat.
1818 2218 1943 2262 Ultro

69 2287 222 2327 tamen
244 2283 482 2327 venientes
503 2283 561 2328 ad
578 2283 716 2328 fidem
736 2296 829 2327 non
854 2284 1107 2341 suscipere,
1135 2285 1321 2329 invidiae
1342 2290 1457 2329 erat.
1482 2289 1516 2329 A
1540 2284 1639 2329 suis
1661 2296 1771 2340 ergo
1794 2283 1944 2327 noluit

68 2344 332 2402 praedicari,
369 2344 538 2401 requiri
560 2350 716 2390 autem
738 2358 789 2390 se
813 2346 959 2390 voluit
985 2362 996 2391 z
1027 2351 1074 2391 et
1108 2347 1172 2391 ita
1193 2347 1366 2391 factum
1390 2351 1478 2391 est.
1512 2366 1532 2385 »ι
1570 2345 1647 2390 Vel
1670 2350 1823 2402 potest
1852 2344 1942 2389 dici

69 2405 192 2460 quod
211 2405 310 2450 haec
328 2405 541 2450 voluntas
563 2407 724 2451 Christi
747 2419 840 2451 non
861 2407 948 2452 fuit
966 2408 1024 2452 de
1043 2419 1099 2453 eo
1117 2409 1241 2465 quod
1267 2420 1350 2464 per
1372 2420 1474 2453 eam
1496 2405 1702 2452 fiendum
1722 2411 1837 2462 erat,
1860 2406 1944 2451 sed

70 2467 127 2512 de
149 2479 203 2512 eo
225 2467 344 2524 quod
366 2472 465 2513 erat
485 2469 691 2513 fiendum
710 2481 793 2526 per
811 2469 926 2513 alios
947 2471 1034 2525 (3),
1061 2469 1187 2526 quod
1206 2482 1299 2513 non
1331 2471 1602 2527 subJacebat
1627 2470 1845 2513 humanae
1862 2481 1943 2512 vo-

70 2529 233 2574 luntati
253 2530 413 2585 ipsius.
438 2531 565 2576 Unde
583 2530 631 2574 in
652 2531 843 2587 epistola
865 2532 1116 2588 Agathonis
1141 2544 1272 2589 papae
1293 2535 1414 2588 (quae
1439 2537 1510 2577 est
1532 2536 1718 2588 recepta
1743 2532 1787 2573 in
1812 2536 1943 2574 sexta

71 2591 263 2647 synodo,
286 2591 458 2635 scilicet
474 2593 710 2637 Constant.
731 2606 775 2636 ιιι
792 2626 804 2648 ,
828 2598 918 2637 act.
937 2597 982 2649 4,
1007 2594 1034 2637 a
1057 2594 1178 2638 med.
1199 2594 1370 2652 epist.),
1391 2595 1562 2651 legitur
1582 2608 1594 2638 z
1623 2611 1643 2631 «
1668 2595 1844 2648 Ergone
1867 2593 1943 2637 ille

71 2653 275 2700 omnium
297 2653 511 2697 Conditor
537 2666 591 2698 ac
619 2655 910 2712 Redemptor,
938 2655 987 2699 in
1017 2655 1151 2700 terris
1173 2656 1317 2701 latere
1348 2657 1508 2701 volens
1535 2668 1628 2700 non
1656 2656 1830 2712 potuit?
1854 2655 1942 2700 nisi

72 2715 159 2760 hoc
185 2716 243 2760 ad
261 2717 510 2760 humanam
528 2717 629 2774 ejus
651 2718 937 2763 voluntatem
950 2750 963 2774 ,
983 2730 1123 2775 quam
1150 2719 1464 2775 temporaliter
1483 2723 1556 2763 est
1573 2718 1792 2774 dignatus
1811 2731 1944 2763 assu-

73 2787 213 2831 mere,
234 2777 481 2834 redigatur.
506 2796 527 2818 »

126 2836 192 2881 Ad
217 2839 455 2905 seeundum
473 2838 735 2896 dicendum,
757 2842 897 2899 quod,
913 2842 1033 2887 sicut
1052 2842 1297 2898 Gregorius
1312 2842 1425 2886 dicit
1442 2841 1611 2896 (Moral.
1628 2840 1710 2885 lib.
1727 2855 1814 2896 xix,
1837 2854 1942 2897 cap.

71 2900 142 2967 14,
168 2896 194 2940 a
211 2900 393 2953 princ),
406 2910 488 2967 per
507 2900 594 2944 hoc
608 2901 731 2957 quod
750 2921 770 2941 «
791 2904 1011 2948 Dominus
1030 2904 1246 2960 praecepit
1265 2903 1402 2948 taceri
1423 2904 1618 2947 virtutes
1635 2915 1746 2947 suas
1761 2936 1773 2959 ,
1797 2904 1944 2947 servis

72 2969 168 3028 suis
183 2970 234 3002 se
251 2959 551 3014 sequentibus
564 2963 827 3018 exemplum
844 2965 986 3022 dedit,
1003 2970 1056 3009 ut
1070 2965 1155 3022 ipsi
1175 2964 1361 3022 quidem
1374 2965 1569 3009 virtutes
1587 2976 1698 3009 suas
1710 2965 1944 3010 occultare

71 3019 350 3089 desiderent,
376 3025 421 3064 et
444 3023 593 3064 tamen
611 3026 664 3066 ut
682 3022 756 3067 alii
777 3037 936 3069 eorum
967 3026 1180 3082 exemplo
1198 3026 1452 3082 proficiant,
1473 3025 1727 3082 prodantur
1749 3026 1895 3071 inviti.
1920 3046 1940 3066 »ι

71 3083 144 3124 Sic
177 3092 288 3137 ergo
318 3085 599 3138 praeceptum
628 3082 744 3128 illud
774 3085 1048 3143 designabat
1078 3087 1365 3131 voluntatem
1394 3087 1555 3144 ipsius,
1587 3088 1665 3145 qui
1689 3088 1941 3133 humanam

113 3216 154 3270 (ιι)
170 3216 346 3270 ξοεῒφιειιιι
370 3217 463 3251 venit
484 3216 519 3251 in
537 3221 649 3259 partes
668 3220 749 3260 Tyri
774 3224 808 3254 et
825 3222 958 3259 Sidonis
1081 3224 1128 3266 (5)
1155 3225 1318 3267 Quaerunt
1344 3224 1489 3265 theologi
1518 3237 1561 3260 an
1589 3225 1764 3261 voluntate
1790 3226 1940 3261 absoluta

71 3261 128 3297 ubi
145 3262 249 3297 filiam
261 3263 450 3317 Chananoeae
464 3265 480 3297 Ξι
501 3265 665 3319 daenionio
683 3266 852 3302 liberavit.
1041 3271 1185 3305 voluerit
1204 3271 1330 3313 aliquid
1353 3285 1413 3313 per
1429 3273 1512 3307 alios
1530 3274 1741 3315 implendum
1771 3275 1858 3315 quod
1875 3286 1941 3308 non

111 3310 154 3351 (2)
183 3311 222 3344 Et
240 3310 377 3351 quidem
404 3313 579 3346 liaereticus
594 3341 602 3353 ,
623 3319 659 3348 ut
685 3315 786 3349 variis
803 3317 961 3357 exemplis
1042 3318 1085 3352 sit
1103 3318 1228 3353 factum
1256 3332 1265 3353 :
1287 3324 1409 3358 negant
1432 3320 1576 3363 Sylvius,
1608 3322 1754 3356 Billuart
1781 3326 1815 3355 et
1833 3322 1943 3363 plures

72 3357 290 3412 Bellqrminus
317 3358 389 3399 (lib.
421 3360 469 3394 De
484 3361 642 3402 scriptor.
669 3363 797 3404 eccles.)
829 3364 958 3405 probat:
1044 3365 1103 3399 alii
1117 3374 1233 3402 contra
1249 3367 1352 3408 (ζωοί.
1365 3369 1458 3401 Joan.
1476 3369 1678 3404 astrhoma
1706 3369 1849 3403 Cabrera
1877 3375 1941 3403 ete.

71 3404 125 3437 sed
154 3406 326 3439 mnoxium
351 3411 385 3439 et
409 3406 609 3442 catholicum
636 3410 777 3444 omnino
800 3417 848 3445 est
873 3412 962 3453 quod
1684 3396 1691 3411 ,
1856 3397 1862 3409 ,

71 3449 148 3484 inde
165 3452 244 3486 citat
265 3453 299 3485 S.
319 3452 475 3488 Thomas.
