2170 3808
874 236 1156 302 QUAEsrrL,
1187 239 1303 283 ΛΒΤ.
1333 238 1365 283 1.
1978 239 2056 283 42³

189 319 651 376 businformabatur13
673 319 757 365 sed
775 319 823 364 in
845 320 1060 377 passione
1080 321 1249 366 meruit
1266 333 1400 366 suam
1421 320 1747 375 exaltationem
1769 331 1851 376 per
1868 318 2056 365 modum

191 382 264 441 cuj
272 382 436 429 usdam
453 381 897 438 recompensationis
915 383 1054 427 etiam
1071 394 1131 427 ex
1147 386 1279 440 parte
1297 382 1502 439 corporis
1523 399 1534 427 2
1560 382 1740 440 J‘ustum
1768 383 1839 426 est
1855 378 1980 424 enim
2005 385 2056 424 ut

190 457 359 502 corpus
379 443 504 502 quod
521 443 673 548 sperat
693 453 751 487 ex
772 443 992 488 charitate
1009 442 1214 499 passioni
1238 443 1516 500 subjectum,
1538 443 1765 500 acciperet
1784 452 2056 497 recompen-

190 507 419 551 sationem
440 506 490 550 in
509 516 540 562 g
557 503 671 548 oria.
1586 549 1588 551 ‚

243 567 310 613 Ad
331 569 512 611 tertium
535 563 799 623 dicendum,
816 563 940 623 quod
959 564 1303 623 dispensatione
1319 565 1520 620 quadam
1533 565 1708 609 factum
1727 563 1862 610 estin
1878 561 2057 608 Christo

188 631 241 674 ut
261 627 407 684 gloria
422 626 589 672 animae
606 630 714 671 ante
741 625 1003 683 passionem
1034 638 1127 671 non
1149 625 1428 672 redundaret
1448 625 1505 669 ad
1530 637 1723 682 corpus,
1742 624 1802 670 ad
1821 625 1911 669 hoc
1930 621 2057 682 quod

189 691 382 750 gloriam
404 690 607 748 corporis
629 690 946 735 honorabilius
962 689 1223 747 obtineret,
1242 689 1429 748 quando
1452 701 1556 734 eam
1575 701 1657 745 per
1673 688 1939 744 passionem
1959 698 2056 731 me—

185 753 369 799 ruisset.
393 751 589 798 Gloriam
611 757 767 797 autem
789 752 957 797 animae
982 752 1155 797 differri
1178 765 1273 798 non
1302 751 1628 806 conveniebat,
1655 750 1764 806 quia
1790 749 1946 794 anima
1965 748 2056 793 im-

186 814 384 860 mediate
404 813 648 859 uniebatur
665 814 838 871 Verb03
861 813 988 860 unde
1017 813 1190 860 decens
1218 820 1319 861 erat
1341 818 1395 859 ut
1420 812 1566 870 gloria
1588 811 1842 870 repleretur
1870 810 1931 855 ab
1953 809 2056 867 ipso

182 876 360 923 Verbo:
380 875 465 922 sed
484 888 653 934 corpus
674 874 923 921 uniebatur
942 875 1104 933 Verb0,
1128 876 1361 922 mediante
1380 875 1536 920 anima
1553 876 1630 929 (1).

533 1128 595 1164 DE
624 1127 787 1165 MORTE
820 1129 1023 1178 CHRISTI,
1055 1129 1104 1163 IN
1138 1129 1229 1164 SEX
1259 1127 1518 1164 ARTICULOS
1545 1127 1711 1164 DIVISA.

230 1229 382 1270 Deinde
394 1228 734 1271 considerandum
747 1231 806 1268 est
820 1228 868 1268 de
885 1232 1015 1269 morte
1027 1228 1179 1269 Christi
1197 1242 1207 1268 ε
1225 1232 1264 1269 et
1278 1229 1383 1268 circa
1398 1228 1474 1268 hoc
1488 1229 1732 1280 quaeruntur
1743 1238 1810 1267 sex
1827 1240 1838 1267 z
1860 1231 1896 1267 1⁰
1908 1227 2058 1267 Utrum

179 1284 422 1325 conveniens
439 1284 562 1323 fuerit
578 1282 787 1323 Christum
803 1282 1015 1322 mori—2⁰
1029 1283 1174 1322 Utrum
1197 1294 1268 1334 per
1283 1285 1459 1322 mortem
1474 1282 1598 1322 fuerit
1613 1286 1800 1334 separata
1816 1281 2012 1322 divinitas
2031 1281 2059 1323 ὁ,

177 1349 310 1379 carne.
330 1359 378 1369 -
399 1343 438 1378 3·
458 1336 606 1377 Utrum
622 1337 746 1376 fuerit
764 1340 949 1388 separata
965 1337 1164 1377 divinitas
1177 1338 1228 1377 ab
1241 1338 1396 1378 anima.
1417 1359 1462 1367 —
1477 1342 1517 1376 4⁰
1535 1337 1685 1376 Utr1'1m
1706 1335 1890 1377 Christus
1911 1337 1958 1376 in
1978 1337 2057 1376 tri-

177 1391 260 1432 duo
280 1393 424 1434 mortis
441 1390 566 1432 fuerit
586 1391 724 1431 homo.
740 1413 788 1420 ——
804 1397 841 1430 5⁰
859 1392 1006 1431 Utrum
1022 1404 1166 1445 corpus
1180 1392 1268 1444 ejus
1284 1393 1408 1432 fuerit
1420 1392 1529 1432 idem
1546 1403 1717 1431 numero
1732 1391 1875 1433 vivum
1891 1394 1932 1431 et
1947 1402 2057 1432 mor·

177 1450 314 1487 tuum.
330 1469 380 1477 —
397 1454 438 1487 6⁰
456 1448 603 1488 Utrum
617 1457 729 1486 mors
742 1446 830 1498 ejus
846 1446 902 1486 sit
918 1446 1079 1498 aliquid
1099 1451 1263 1500 operata
1285 1448 1336 1487 ad
1359 1452 1540 1487 nostram
1562 1447 1753 1487 salutem.

361 1511 705 1571 ARTICULUS
718 1513 756 1554 Ι.
777 1533 830 1541 —-
849 1523 986 1554 unum
1006 1523 1262 1554 convnnmns
1283 1525 1435 1553 rumim·
1456 1523 1657 1554 culusum
1678 1523 1779 1554 nom
1801 1511 1873 1563 (2).

176 1579 229 1614 De
240 1578 294 1614 hin
315 1577 418 1614 etiam
431 1578 534 1619 infra,
557 1581 673 1619 quaest.
692 1586 753 1618 m,
769 1581 836 1613 art.
853 1579 870 1613 1
890 1590 983 1620 corp.
1002 1582 1036 1614 et
1054 1579 1152 1614 cont.
1172 1582 1263 1620 gent.
1285 1578 1347 1614 lib.
1362 1587 1411 1621 lv,
1434 1590 1506 1620 cap.
1520 1579 1574 1619 55,
1598 1583 1634 1613 et
1648 1578 1763 1620 quedl.
1782 1587 1823 1620 ιι,
1836 1582 1903 1615 art.
1920 1578 1943 1614 2
1959 1590 2054 1621 corp.

519 1627 643 1667 opusc.
658 1633 696 1667 n,
711 1637 784 1667 cap.
801 1626 836 1667 7,
854 1629 889 1661 et
906 1637 977 1668 cap.
996 1626 1059 1662 2520
1076 1631 1112 1662 et
1127 1627 1191 1663 258
1213 1626 1276 1662 fin.
1297 1630 1332 1661 et
1345 1628 1467 1667 opusc.
1484 1635 1542 1667 nx,
1566 1638 1639 1667 cap.
1661 1627 1694 1661 9.

231 1679 299 1726 Ad
315 1679 517 1738 primum
535 1680 603 1724 sic
620 1680 901 1737 proceditur.
918 1684 939 1725 1
950 1715 960 1725 .
981 1681 1168 1726 Videtur
1186 1681 1311 1738 quod
1326 1693 1419 1725 non
1437 1680 1576 1725 fuerit
1596 1678 1883 1725 conveniens
1901 1679 2053 1724 Chris-

177 1747 276 1788 tum
296 1742 431 1787 mori.
453 1741 568 1786 Illud
587 1741 713 1787 enim
734 1741 859 1798 quod
880 1747 950 1787 est
967 1742 1169 1800 primum
1193 1742 1471 1800 principium
1501 1742 1548 1786 in
1569 1741 1725 1798 aliquo
1746 1753 1932 1799 genere,
1959 1754 2055 1787 non

175 1804 436 1863 disponitur
456 1816 540 1862 per
557 1803 672 1849 illud
692 1804 818 1860 quod
846 1810 920 1850 est
938 1806 1222 1850 contrarium
1241 1805 1307 1850 illi
1336 1804 1521 1862 generi3
1554 1804 1676 1849 sicut
1705 1804 1855 1861 ignis,
1878 1804 1957 1861 qui
1982 1808 2053 1849 est

175 1865 454 1924 principium
476 1864 656 1920 caloris,
678 1865 921 1922 nunquam
947 1871 1100 1923 potest
1128 1879 1234 1911 esse
1252 1866 1466 1923 frigidus.
1490 1865 1577 1910 Sed
1595 1865 1736 1910 Filius
1754 1864 1832 1910 Dei
1855 1870 1926 1910 est
1946 1865 2052 1911 fons

176 1931 225 1974 et
245 1926 523 1984 principium
553 1926 705 1971 omnis
733 1926 841 1971 vitae
862 1927 1121 1972 secundum
1149 1927 1263 1972 illud
1291 1927 1426 1981 (Psal.
1450 1940 1577 1984 xxxv,
1598 1929 1666 1976 10)
1686 1943 1698 1970 ε
1729 1927 1871 1984 Apud
1890 1929 1934 1970 te
1950 1929 2052 1981 lons
2113 1967 2116 1973 .

174 1992 297 2034 vitae.
317 1991 435 2045 Ergo
454 1988 777 2045 videturquOd
797 2001 891 2033 non
913 1988 1053 2034 fuerit
1070 1991 1353 2035 conveniens
1371 1991 1600 2035 Christum
1619 1989 1753 2033 mori.
2114 1985 2118 1993 '

228 2052 272 2096 2.
302 2052 542 2106 Praeterea,
561 2050 709 2106 major
732 2056 804 2094 est
826 2050 1035 2095 defectus
1056 2052 1218 2095 mortis
1238 2051 1378 2108 quam
1406 2050 1582 2105 morbi,
1608 2049 1717 2107 quia
1734 2061 1818 2106 per
1834 2048 2051 2094 morbum

172 2110 440 2169 pervenitur
461 2110 520 2156 ad
548 2116 761 2155 mortem.
792 2111 878 2156 Sed
902 2124 994 2156 non
1024 2112 1112 2156 fuit
1134 2114 1418 2157 conveniens
1449 2112 1677 2156 Christum
1703 2110 1859 2167 aliquo
1887 2109 2050 2155 morbo

171 2171 490 2230 languescere,
514 2177 566 2217 ut
584 2173 939 2230 Chrysostomus
961 2173 1070 2218 dicit
1091 2174 1215 2227 (Vide
1235 2187 1339 2230 sup.
1364 2186 1444 2231 qu.
1465 2187 1584 2230 mi,
1605 2176 1691 2217 art.
1715 2175 1742 2218 3
1764 2172 1825 2217 ad
1851 2174 1914 2226 2).
1932 2174 2050 2228 Ergo

173 2234 313 2280 etiam
329 2233 528 2280 nonfuit
545 2234 824 2279 conveniens
844 2234 1075 2280 Christum
1094 2235 1229 2280 mori.

226 2299 269 2342 3.
300 2299 537 2352 Praeterea,
561 2295 782 2340 Dominus
802 2296 915 2341 dicit
931 2299 1076 2351 (Joan.
1099 2311 1157 2355 xi,
1178 2300 1247 2352 10)
1267 2314 1277 2341 :
1301 2300 1397 2354 qu
1421 2299 1522 2340 veni
1542 2299 1593 2340 ut
1608 2297 1752 2339 vitam
1769 2295 1984 2352 habeant,
2006 2300 2050 2339 et

172 2356 475 2402 abundantias
491 2358 702 2401 habeant.
729 2358 815 2402 Sed
833 2358 1096 2415 oppositum
1121 2371 1214 2403 non
1230 2357 1441 2415 perducit
1459 2358 1518 2402 ad
1537 2357 1818 2414 oppositum.
1843 2358 1964 2414 Ergo
1982 2357 2048 2401 vi·

172 2419 308 2464 detur
326 2419 452 2477 quod
472 2431 567 2464 non
586 2419 726 2464 fuerit
748 2420 1032 2464 conveniens
1049 2420 1277 2465 Christum
1299 2420 1433 2465 mori.

226 2481 314 2526 Sed
341 2484 499 2525 contra
531 2485 604 2525 est
625 2480 750 2537 quod
778 2480 947 2525 dicitur
970 2482 1115 2535 (Joan.
1137 2495 1181 2537 x,
1209 2484 1279 2534 50)
1306 2498 1316 2525 ι
1349 2481 1550 2538 Expedit
1563 2480 1687 2523 vobis
1715 2483 1765 2524 ut
1783 2492 1897 2524 unns
1918 2480 2048 2525 homo

170 2544 395 2587 moriatur
410 2555 494 2599 pro
505 2542 678 2599 populo
692 2575 706 2599 ‚
722 2545 766 2586 et
782 2555 872 2586 non
892 2544 988 2586 tota
1015 2556 1123 2603 qens
1144 2547 1340 2601 pereat:
1360 2542 1485 2599 quod
1506 2541 1694 2599 quidem
1723 2540 1918 2598 Caiphas
1935 2554 2047 2598 pro-

170 2603 351 2660 phetice
373 2604 504 2660 dixit,
524 2608 578 2648 ut
594 2603 889 2660 Evangelista
907 2607 1119 2648 testatur.

218 2672 505 2713 CONCLUSIO.
524 2693 573 2701 —
603 2671 694 2712 Non
719 2671 843 2712 modo
863 2671 949 2722 pati
976 2671 1187 2711 Christum
1213 2671 1283 2712 sed
1301 2676 1340 2711 et
1355 2671 1461 2710 mori
1482 2670 1663 2720 oportuit
1687 2673 1736 2709 ut
1756 2681 1832 2721 pro
1855 2671 2046 2713 omnium

171 2726 342 2778 peccatis
363 2726 628 2776 satisfaceret,
646 2729 689 2767 et
715 2729 927 2767 veritatem
952 2727 1170 2779 assumptae
1186 2726 1321 2767 carnis
1345 2726 1584 2774 ostenderet,
1607 2728 1647 2764 et
1673 2724 1698 2765 a
1725 2724 1873 2765 mortis
1900 2726 2046 2766 timore

172 2792 257 2876 {1122
267 2780 456 2886 ῗέξέξὲιε,
477 2791 589 2822 mors
609 2792 684 2821 nos
701 2784 860 2832 peccato
873 2786 1070 2831 moneret,
1091 2785 1130 2822 et
1145 2781 1196 2820 ad
1218 2781 1400 2822 futuram
1416 2779 1751 2820 resurrectionem
1768 2779 1927 2820 animos
1953 2793 2046 2822 nos-

225 2896 495 2953 Respondeo
522 2895 770 2942 dicendum
798 2898 923 2954 quod
953 2898 1235 2943 conveniens
1256 2897 1342 2942 fuit
1364 2897 1594 2941 Christum
1617 2895 1749 2940 mori.
1772 2894 1922 2941 Primo
1943 2898 2043 2954 qui-

172 2958 278 3003 dem
299 2956 356 3002 ad
375 2956 750 3002 satisfaciendum
768 2971 851 3015 pro
874 2959 1081 3004 humano
1100 2970 1285 3015 genere,
1310 2958 1435 3015 quod
1452 2961 1550 3002 erat
1568 2956 1704 3001 morti
1727 2956 2043 3013 adjudicatum

170 3021 357 3075 propter
373 3024 629 3074 peccatum,
650 3019 908 3064 secundum
927 3020 1042 3065 illud
1055 3021 1234 3075 (Genes.
1254 3033 1301 3075 ιι,
1319 3021 1418 3074 17);
1442 3021 1728 3076 Quacumque
1749 3019 1821 3062 die
1847 3021 2042 3063 comede-

170 3083 288 3137 ritis,
309 3084 450 3124 morte
470 3082 735 3123 moriemini.
755 3083 831 3124 Est
846 3086 1000 3126 autem
1019 3082 1302 3126 conveniens
1320 3080 1631 3125 satisfaciendi
1649 3092 1731 3136 pro
1750 3079 1840 3124 alio
1856 3082 2039 3139 modus,

210 3217 252 3257 (1)
272 3215 358 3250 Tum
387 3215 569 3249 secundam
594 3215 745 3249 ordinem
770 3214 955 3256 dignitatis,
979 3218 1058 3259 quia
1143 3222 1256 3251 torem
1271 3216 1405 3251 salutis
1420 3227 1546 3258 eorum
1561 3226 1629 3259 per
1646 3217 1858 3259 passionem
1873 3226 2039 3251 consum-

169 3262 272 3302 magis
286 3262 397 3296 anima
413 3262 481 3297 Deo
495 3261 740 3303 appropinquat
748 3263 848 3303 quam
864 3274 944 3297 caro
963 3268 1058 3298 :tum
1141 3263 1251 3297 mari.
1267 3262 1369 3302 (ibid.
1392 3263 1439 3300 ix)
1455 3275 1463 3296 ε
1489 3263 1556 3297 Ubi
1573 3266 1826 3297 testamentum
1846 3267 1921 3298 est:
1940 3274 2038 3300 mors

167 3309 350 3344 secundam
367 3309 520 3345 ordinem
538 3310 753 3351 causalitatis,
777 3311 857 3352 quia
880 3322 975 3345 causa
999 3323 1059 3345 cur
1141 3320 1280 3346 necesse
1292 3315 1342 3346 est
1355 3311 1558 3346 intercedat
1571 3311 2038 3346 testatoru’sfflestammtum

168 3369 244 3391 caro
259 3361 446 3391 assumatur
459 3358 509 3391 vcl
525 3357 569 3392 sit
590 3356 846 3400 assumptibilis‚
862 3361 910 3392 est
925 3358 1056 3398 anima,
1142 3359 1239 3393 enim
1259 3359 1302 3392 in
1330 3360 1486 3393 mortuis
1506 3359 1764 3400 confirmatam
1782 3362 1847 3398 est,
1866 3358 2035 3401 alioquin

168 3408 205 3437 ut
220 3407 337 3445 quaest.
353 3412 402 3447 vl,
418 3408 482 3439 art.
508 3405 522 3438 1
547 3405 748 3445 explicatum
769 3409 830 3439 est.
1141 3407 1305 3441 nondum
1319 3407 1426 3447 valet,
1443 3407 1530 3441 dum
1544 3408 1634 3442 vivit
1649 3407 1712 3452 qui
1731 3410 1881 3441 testatus
1896 3411 1958 3442 est.

208 3451 360 3493 (2),Dixit
381 3451 555 3494 Apostolus
575 3453 691 3486 (Helm
716 3453 755 3496 11)
774 3465 783 3487 :
799 3453 953 3488 Decebal
974 3463 1058 3488 auc·
1266 3464 1272 3476 ¹
