2170 3808
213 237 294 279 220
871 235 1068 286 QUAEST.
1099 236 1247 288 XXVI,
1275 236 1396 279 ART.
1427 237 1460 280 Ῑ.

213 318 362 370 (Rom.
402 331 494 372 vm,
527 318 615 374 26),
637 315 906 372 interpellat
937 330 1023 372 pro
1055 317 1179 359 nobis
1201 317 1266 360 ad
1286 321 1430 361 Deum
1457 318 1691 374 qemitibus
1712 319 2110 368 inenarrabilibus.

213 380 330 434 Ergo
353 379 549 435 Spiritus
568 382 760 422 sanctus
777 381 849 422 est
867 378 1095 423 mediator
1126 378 1247 424 inter
1271 382 1417 424 Deum
1449 385 1496 425 et
1515 380 1745 425 homineS.
1777 383 1876 425 Non
1913 394 2024 438 ergo
2042 387 2112 429 est

214 440 454 496 proprium
473 439 668 485 Christo.
1562 496 1564 499 ι

268 503 354 547 Sed
387 506 546 547 contra
568 508 639 548 est
668 503 794 560 quod
815 503 984 548 dicitur
1004 506 1053 559 (1.
1085 503 1280 549 Timoth.
1306 517 1353 563 11,
1374 506 1417 560 5)
1442 517 1455 549 ε
1487 507 1609 549 Unus
1631 509 1697 550 est
1718 506 1948 549 mediator
1970 510 2054 551 Dei
2069 512 2112 554 et

214 564 444 607 hominum
463 564 594 608 homo
620 566 832 609 Christus
852 570 998 610 Jesus.
1841 602 1848 610 .

259 640 551 680 CONCLUSIO.
578 662 624 669 --
651 639 735 681 Soli
751 640 912 681 Christo
930 640 1124 690 convenit
1141 652 1226 680 esse
1254 641 1524 681 mediatorem
1543 641 1787 694 simpliciter
1808 644 1848 682 et
1869 642 2108 693 perfective:

213 693 320 733 nihil
336 700 471 734 tamen
492 695 678 747 prohibet
702 696 856 736 multos
874 694 977 735 alios
993 706 1078 735 esse
1094 694 1323 735 secundum
1343 695 1444 746 quid
1469 696 1718 737 mediatores
1731 728 1742 745 ‚
1769 695 1923 737 scilicet
1939 697 2112 750 disposi-

212 748 293 788 tive
313 749 379 790 vel
401 750 744 791 ministerialiter.

266 815 542 870 Respondeo
560 815 810 860 dicendum
828 813 955 871 qued
980 814 1039 859 ad
1059 813 1330 859 mediatoris
1350 813 1557 859 officium
1579 815 1763 872 proprie
1780 814 1981 872 pertinet
1997 827 2114 860 oon-

212 876 407 934 jungere
422 882 468 922 et
489 877 621 922 unire
644 889 724 920 eos
751 876 875 921 inter
896 889 1017 933 quos
1041 882 1113 921 est
1139 876 1365 920 mediator
1386 892 1396 921 ε
1423 890 1532 921 nam
1565 882 1772 922 extrema
1800 877 2030 922 uniuntur
2063 878 2111 923 in
2153 922 2156 927 .

213 938 378 983 medio.
402 940 537 983 Unire
554 943 710 984 autem
736 938 951 983 homines
970 942 1063 983 Deo
1082 939 1336 994 perfective
1358 939 1548 995 quidem
1572 938 1791 985 convenit
1810 939 2003 995 ChristO,
2031 952 2111 995 per
2144 973 2162 984 ..

213 1011 351 1055 quem
373 1000 587 1044 homines
609 1004 721 1044 sunt
743 1000 1029 1045 reconciliati
1053 1002 1163 1056 Deo,
1199 1000 1458 1044 secundum
1480 1001 1593 1045 illud
1613 1003 1678 1055 (ΙΙ.
1713 1000 1915 1044 Corinth.
1936 1014 1981 1059 v,
2006 1003 2109 1056 19):
2166 1015 2170 1023 ’-

213 1065 333 1104 Deus
352 1065 454 1105 erat
474 1066 521 1105 in
546 1064 747 1119 Christo,
772 1064 992 1107 mundum
1012 1063 1312 1106 reconcilians
1331 1064 1431 1107 sibi.
1455 1066 1508 1107 Et
1531 1063 1634 1108 ideo
1657 1063 1787 1108 solus
1811 1062 2020 1107 Christus
2042 1067 2112 1108 est

214 1124 444 1179 perfectus
461 1124 539 1168 Dei
560 1129 606 1168 et
623 1125 864 1169 hominurn
885 1124 1132 1180 mediator,
1157 1125 1435 1180 inquantum
1456 1137 1539 1181 per
1567 1136 1703 1168 suam
1724 1130 1921 1169 mortem
1944 1124 2112 1169 huma-2
2147 1165 2150 1168 ,

214 1197 329 1229 num
345 1197 494 1242 genus
508 1190 600 1231 Deo
622 1187 953 1232 reconciliavit.
979 1186 1110 1231 Unde
1129 1187 1236 1231 etim
1257 1187 1505 1244 Apostolus
1524 1187 1720 1232 dixisset
1738 1188 1995 1231 :Mediator
2028 1190 2113 1231 Dei

213 1251 257 1291 et
277 1246 506 1292 hominum
544 1249 674 1293 homo
702 1250 914 1293 Christus
951 1253 1098 1306 Ιεετιε,
1135 1249 1385 1307 subjUnxit
1412 1265 1422 1293 :
1446 1253 1534 1306 Qui
1558 1250 1685 1293 ded-it
1714 1254 2003 1306 semetipsum
2037 1263 2112 1294 re·
2164 1267 2170 1298 ,ῑ

214 1310 515 1366 demptionem
542 1326 630 1369 pro
661 1313 878 1356 omnibus.
910 1312 1030 1357 Nihil
1058 1316 1214 1356 tamen
1253 1311 1468 1368 prohibet
1501 1311 1683 1368 aliquos
1709 1311 1824 1355 alios
1851 1311 2111 1356 secundum
2163 1366 2167 1367 ⁷

214 1373 326 1429 quid
347 1375 405 1429 (1)
422 1374 512 1419 dici
525 1375 805 1419 mediatores
822 1374 943 1419 inter
958 1377 1101 1417 Deum
1122 1378 1168 1418 et
1187 1372 1428 1417 homines:
1447 1378 1587 1431 prout
1609 1373 1786 1418 scilicet
1803 1379 2112 1430 cooperantur

215 1435 274 1480 ad
290 1436 513 1480 unionem
539 1436 782 1481 hominum
801 1448 910 1480 cum
931 1439 1022 1480 Deo
1043 1435 1317 1491 dispositive
1339 1434 1414 1478 vel
1438 1433 1815 1480 ministerialiter.

267 1498 334 1542 Ad
353 1501 554 1555 primum
574 1512 684 1555 ergo
710 1498 984 1551 dicendum,
1020 1497 1146 1554 qued
1164 1498 1400 1553 prophetae
1422 1501 1468 1541 et
1483 1497 1750 1541 sacerdotes
1767 1496 1938 1541 veteris
1952 1499 2111 1541 Testa-

214 1562 360 1604 menti
382 1561 490 1606 dicti
509 1566 620 1606 sunt
644 1561 925 1606 mediatores
940 1560 1061 1604 inter
1076 1563 1220 1604 Deum
1237 1565 1284 1603 et
1304 1559 1517 1604 homines
1542 1559 1816 1616 dispositive
1839 1564 1884 1602 et
1902 1559 2110 1605 ministe-

213 1622 402 1679 rialiter,
423 1623 703 1680 inquantum
727 1623 903 1668 scilicet
924 1622 1305 1679 praenuntiabant
1328 1627 1374 1666 et
1391 1618 1757 1678 praefigurabant
1774 1633 1938 1665 verum
1951 1626 1995 1666 et
2010 1634 2112 1678 per-

212 1684 387 1729 fectum
422 1686 501 1730 Dei
524 1690 571 1731 et
592 1686 836 1730 hominum
870 1685 1206 1729 mediatorem..
1233 1684 1504 1729 Sacerdotes
1542 1685 1653 1729 vere
1687 1683 1794 1728 novi
1832 1685 2110 1729 Testamenti

213 1752 411 1802 possunt
444 1747 533 1792 diei
562 1747 843 1793 mediatores
874 1747 952 1791 Dei
979 1751 1026 1791 et
1049 1746 1308 1801 hominum,
1335 1746 1616 1803 inquantum
1643 1751 1754 1791 sunt
1784 1745 1985 1790 ministri
2013 1746 2108 1792 veri

213 1809 495 1866 mediatoris,
520 1809 621 1854 vice
640 1810 789 1867 ipsius
810 1809 1033 1854 salutaria
1055 1812 1349 1854 sacramenta
1363 1807 1633 1852 hominibus
1655 1807 1943 1853 exhibentes.

266 1871 332 1915 Ad
354 1872 598 1915 secundum
621 1871 886 1926 dicendum,
923 1871 1048 1928 qued
1070 1871 1225 1927 angeli
1247 1870 1376 1928 boni,
1400 1874 1453 1914 ut
1474 1869 1762 1926 Augustinus
1793 1869 1903 1914 dicit
1922 1871 2001 1925 (De
2018 1870 2110 1917 civ..¹
2167 1919 2170 1924 ,

212 1934 305 1990 Dei,
324 1934 404 1978 lib.
430 1949 488 1991 ix,
508 1947 610 1992 cap.
631 1938 704 1990 13,
723 1935 750 1979 a
774 1934 931 1992 med.),
955 1947 1050 1978 non
1070 1936 1194 1979 recte
1209 1939 1409 1990 possunt
1426 1933 1516 1977 dici
1537 1932 1948 1977 mediatoresinter
1967 1935 2111 1979 Deum
2166 1978 2170 1982 ,

212 2000 259 2040 et
273 1996 487 2041 homines
512 2012 524 2041 ε
555 2014 574 2034 «
591 1998 705 2041 cum
725 1997 850 2041 enim
870 2001 1125 2052 utrumque
1146 1995 1352 2039 habeant
1381 2007 1632 2039 commune
1655 2007 1765 2039 cum
1786 1997 1892 2047 Deo,
1928 1999 1974 2039 et
1997 1995 2111 2040 bea-

213 2059 476 2114 titudinem,
497 2064 542 2103 et
562 2058 973 2115 immortalitatem,
1001 2057 1117 2102 nihil
1137 2062 1293 2102 autem
1317 2057 1486 2101 horum
1509 2069 1618 2101 cum
1637 2056 1909 2101 hominibus
1929 2057 2112 2103 miseris

212 2127 259 2165 et
285 2122 586 2177 mortalibus3
625 2121 861 2178 quomodo
890 2134 981 2165 non
1013 2120 1170 2177 potins
1199 2119 1364 2164 remoti
1395 2119 1588 2163 suntab
1620 2119 1903 2171 hominibus,
1928 2122 2113 2175 Deoque
2168 2137 2170 2139 ¹

212 2183 468 2240 conjuncti,
489 2183 629 2240 quam
662 2184 783 2228 inter
801 2187 1027 2239 utrosque
1046 2182 1186 2227 medii
1217 2181 1520 2226 constituti?»
1545 2181 1793 2237 Dionysius
1822 2184 1978 2224 tamen
2003 2181 2112 2226 dicit

212 2259 292 2290 eos
314 2259 419 2292 esse
437 2247 632 2302 medios,
649 2247 758 2303 quia
779 2246 1043 2291 secundum
1067 2244 1265 2302 gradum
1295 2249 1475 2288 naturae
1500 2247 1613 2288 sunt
1636 2243 1758 2287 infra
1780 2245 1941 2297 Deum,
1970 2247 2016 2287 et
2035 2256 2111 2288 su-

211 2320 295 2364 pra
316 2308 530 2353 homines
549 2308 806 2363 constituti,
827 2313 873 2352 et
892 2307 1161 2352 mediatoris
1184 2306 1388 2350 officium
1405 2309 1638 2360 exercent,
1663 2317 1756 2348 non
1777 2303 1966 2361 quidem
1986 2304 2112 2361 prIn-

212 2370 421 2427 cipaliter
437 2374 483 2415 et
500 2370 862 2427 perfective‚sed
879 2369 1246 2414 mInisterialiter
1261 2373 1307 2412 et
1326 2367 1614 2425 dispositive.
1645 2367 1775 2412 Unde
1797 2366 1966 2419 (Matth.
1988 2381 2046 2422 iv,
2067 2364 2109 2417 2)

212 2432 382 2476 dicitur
400 2431 524 2488 qued
547 2435 830 2475 accesserunt
854 2432 1008 2488 anqeli
1028 2435 1069 2475 et
1091 2430 1416 2474 ministrabant
1434 2432 1491 2485 ei,
1519 2429 1696 2473 scilicet
1718 2428 1911 2472 ChristO.
1932 2431 2111 2473 Daemo-

212 2507 298 2539 nes
316 2499 473 2538 autem
491 2493 663 2539 habent
682 2505 981 2538 communem
1005 2505 1114 2538 cum
1147 2495 1238 2536 Deo
1271 2491 1682 2544 immortalitatem,
1715 2502 1823 2534 oum
1845 2490 2112 2535 hominibus

212 2562 368 2602 autem
387 2556 620 2601 miseriam
640 2571 650 2599 ε
670 2555 729 2601 ad
745 2556 834 2600 hoc
853 2555 978 2601 enim
998 2566 1050 2600 se
1069 2555 1325 2610 interponit
1341 2553 1547 2597 medium
1570 2553 1751 2597 daemon
1775 2552 2048 2597 immortalis
2065 2557 2112 2599 et
2136 2559 2138 2562 '

211 2619 371 2674 miser,
396 2624 450 2663 ut
470 2617 529 2662 ad
551 2617 944 2661 immortalitatem
965 2616 1149 2661 beatam
1189 2616 1388 2660 transire
1412 2627 1508 2658 non
1528 2614 1668 2668 sinat,
1701 2614 1785 2658 sed
1806 2613 2031 2669 perducat
2051 2613 2111 2659 ad

211 2679 446 2725 miseriam
468 2679 779 2723 immortalem
803 2693 813 2722 :
835 2679 959 2726 unde
975 2682 1047 2723 est
1071 2677 1192 2722 sicut
1211 2677 1365 2722 malus
1387 2676 1587 2732 medius,
1607 2675 1688 2733 qui
1708 2679 1893 2731 separat
1917 2674 2109 2720 amicos.

212 2741 419 2787 Christus
434 2744 590 2785 autem
610 2740 773 2784 habuit
794 2751 1093 2785 communem
1112 2751 1221 2784 cum
1242 2743 1334 2784 Deo
1348 2738 1702 2790 beatitudinem,
1717 2748 1825 2782 cum
1842 2735 2111 2782 hominibus
2151 2785 2154 2788 Α

211 2808 368 2848 autem
391 2803 717 2847 mortalitatem
743 2815 754 2846 ε
777 2807 823 2847 et
846 2802 951 2847 ideo
969 2802 1030 2847 ad
1051 2802 1141 2846 hoc
1153 2813 1204 2846 se
1219 2799 1498 2857 interposuit
1517 2799 1740 2854 medium,
1761 2802 1814 2842 ut
1827 2797 2111 2843 mortalitate

213 2865 461 2919 transacta,
481 2870 527 2910 et
545 2877 603 2909 ex
621 2864 817 2909 mortuis
838 2864 1012 2910 faceret
1035 2862 1322 2908 immortales
1345 2862 1488 2920 (quod
1511 2861 1558 2905 in
1576 2873 1627 2906 se
1651 2859 1942 2916 resurgendo
1953 2871 2111 2905 mons-

211 2928 378 2987 travit),
408 2934 453 2973 et
482 2940 541 2972 ex
570 2927 756 2972 miser1s
775 2926 937 2972 beatos
959 2927 1189 2982 efficeret3
1231 2924 1355 2969 unde
1381 2935 1626 2981 nunquam
1658 2922 1760 2980 ipse
1791 2922 2023 2967 discessit.
2058 2924 2111 2968 Et

210 2990 313 3034 ideo
333 2990 432 3046 ipse
453 2994 525 3034 est
546 2989 700 3033 bonus
730 2989 959 3034 mediator
981 2988 1061 3045 qui
1081 2986 1350 3033 reconciliat
1371 2985 1605 3030 inimicos.
2117 3038 2121 3043 Α

265 3051 330 3095 Ad
369 3053 552 3094 tertium
581 3050 850 3106 dicendum,
886 3050 1011 3107 qued
1043 3049 1239 3106 Spiritus
1269 3047 1479 3103 sanetus,
1506 3050 1613 3091 cum
1652 3047 1711 3091 sit
1733 3058 1817 3103 per
1841 3043 2000 3090 omnia
2019 3046 2110 3088 Deo

210 3113 421 3168 aequalis,
442 3125 534 3156 non
556 3118 706 3169 potest
726 3113 816 3158 dici
840 3113 1025 3158 medius
1043 3112 1118 3157 vel
1142 3110 1369 3155 mediator
1391 3110 1510 3154 inter
1535 3113 1681 3154 Deum
1705 3113 1751 3153 et
1771 3107 2002 3162 homineS,
2027 3105 2110 3150 sed

209 3175 337 3219 solus
355 3175 578 3234 Christus,
599 3176 678 3232 qui
694 3176 799 3220 licet
818 3188 960 3220 secun
968 3175 1079 3219 dum
1095 3173 1385 3219 divinitatem
1402 3172 1595 3230 aequalis
1609 3171 1669 3215 sit
1692 3170 1830 3226 Patri,
1854 3174 2010 3213 tamen
2032 3179 2110 3212 se-

209 3236 414 3281 cundum
448 3236 785 3282 humanitatem
822 3237 977 3281 minor
998 3241 1071 3282 est
1101 3238 1250 3289 Patre,
1274 3239 1328 3279 ut
1363 3246 1505 3291 supra
1526 3234 1702 3278 dictum
1725 3236 1798 3277 est
1818 3233 2004 3287 (quaest.
2037 3242 2106 3285 xx,

210 3303 295 3342 art.
320 3300 382 3350 1).
411 3297 537 3341 Unde
554 3310 694 3354 super
712 3299 827 3342 illud
842 3300 1002 3354 (Galat.
1025 3301 1086 3352 111)
1114 3311 1124 3339 ε
1156 3297 1388 3340 Mediator
1414 3298 1548 3338 unius
1568 3308 1658 3337 non
1678 3297 1758 3350 est,
1782 3291 1894 3336 dicit
1912 3290 2071 3334 Glossa
2094 3304 2104 3331 :

207 3484 228 3518 2
251 3437 294 3476 (χΙ)
323 3437 370 3470 Ea
402 3435 491 3469 dere
521 3435 764 3469 conserendum
791 3440 839 3469 est
866 3436 953 3470 auod
974 3436 1058 3470 dixit
1082 3437 1117 3469 S.
1143 3435 1267 3469 Doctor
1285 3435 1396 3476 (Sent.
1421 3442 1477 3476 ΠΙ,
1507 3433 1585 3467 dist.
1602 3432 1656 3472 ⁴9,
1689 3436 1802 3473 quoest.
1845 3439 1880 3471 v,
1917 3434 1982 3464 art.
2012 3427 2034 3461 5
2066 3425 2112 3460 ad

230 3510 240 3526 ,
257 3485 290 3525 ιί,
309 3485 331 3518 5
345 3489 378 3518 et
393 3485 425 3518 5.
