<?xml version="1.0" encoding="UTF-8"?>
<!DOCTYPE html PUBLIC "-//W3C//DTD XHTML 1.0 Transitional//EN"
    "http://www.w3.org/TR/xhtml1/DTD/xhtml1-transitional.dtd">
<html xmlns="http://www.w3.org/1999/xhtml" xml:lang="en" lang="en">
 <head>
  <title>
</title>
<meta http-equiv="Content-Type" content="text/html;charset=utf-8" />
  <meta name='ocr-system' content='tesseract 3.04.00' />
  <meta name='ocr-capabilities' content='ocr_page ocr_carea ocr_par ocr_line ocrx_word'/>
</head>
<body>
  <div class='ocr_page' id='page_1' title='image "./summatheologica06thomuoft_0424.png"; bbox 0 0 2170 3808; ppageno 0'>
   <div class='ocr_carea' id='block_1_1' title="bbox 111 267 1368 321">
    <p class='ocr_par' dir='ltr' id='par_1_1' title="bbox 111 267 1368 321">
     <span class='ocr_line' id='line_1_1' title="bbox 111 267 1368 321; baseline -0.002 -7"><span class='ocrx_word' id='word_1_1' title='bbox 111 272 197 315; x_wconf 79' lang='lat'>388</span> <span class='ocrx_word' id='word_1_2' title='bbox 753 267 951 319; x_wconf 82' lang='lat' dir='ltr'><strong>QUAEST.</strong></span> <span class='ocrx_word' id='word_1_3' title='bbox 983 268 1120 321; x_wconf 85' lang='lat' dir='ltr'>XLVI,</span> <span class='ocrx_word' id='word_1_4' title='bbox 1151 268 1270 311; x_wconf 85' lang='lat' dir='ltr'><strong>AR&#39;I&#39;.</strong></span> <span class='ocrx_word' id='word_1_5' title='bbox 1301 269 1368 312; x_wconf 81' lang='lat' dir='ltr'>vl.</span> 
     </span>
    </p>
   </div>
   <div class='ocr_carea' id='block_1_2' title="bbox 42 348 2013 1899">
    <p class='ocr_par' dir='ltr' id='par_1_2' title="bbox 42 348 2013 1462">
     <span class='ocr_line' id='line_1_2' title="bbox 115 348 2013 405; baseline 0.001 -9"><span class='ocrx_word' id='word_1_6' title='bbox 115 352 198 396; x_wconf 88' lang='lat' dir='ltr'>ria.</span> <span class='ocrx_word' id='word_1_7' title='bbox 219 351 415 395; x_wconf 88' lang='lat' dir='ltr'>Medium</span> <span class='ocrx_word' id='word_1_8' title='bbox 439 352 594 393; x_wconf 90' lang='lat' dir='ltr'>autem</span> <span class='ocrx_word' id='word_1_9' title='bbox 614 348 662 392; x_wconf 90' lang='lat' dir='ltr'>in</span> <span class='ocrx_word' id='word_1_10' title='bbox 684 348 983 405; x_wconf 83' lang='lat' dir='ltr'>passionibus</span> <span class='ocrx_word' id='word_1_11' title='bbox 1008 349 1152 392; x_wconf 89' lang='lat' dir='ltr'>virtus</span> <span class='ocrx_word' id='word_1_12' title='bbox 1175 349 1364 393; x_wconf 88' lang='lat' dir='ltr'>moralis</span> <span class='ocrx_word' id='word_1_13' title='bbox 1380 349 1635 403; x_wconf 85' lang='lat' dir='ltr'>constituit,</span> <span class='ocrx_word' id='word_1_14' title='bbox 1654 353 1707 394; x_wconf 91' lang='lat' dir='ltr'>ut</span> <span class='ocrx_word' id='word_1_15' title='bbox 1725 349 1774 393; x_wconf 92' lang='lat' dir='ltr'>in</span> <span class='ocrx_word' id='word_1_16' title='bbox 1805 353 2013 397; x_wconf 82' lang='lat' dir='ltr'>secunda</span> 
     </span>
     <span class='ocr_line' id='line_1_3' title="bbox 116 411 2012 471; baseline 0.001 -14"><span class='ocrx_word' id='word_1_17' title='bbox 116 419 246 471; x_wconf 87' lang='lat' dir='ltr'>parte</span> <span class='ocrx_word' id='word_1_18' title='bbox 262 411 471 456; x_wconf 88' lang='lat' dir='ltr'>habitum</span> <span class='ocrx_word' id='word_1_19' title='bbox 493 416 564 455; x_wconf 92' lang='lat' dir='ltr'>est</span> <span class='ocrx_word' id='word_1_20' title='bbox 579 414 615 466; x_wconf 80' lang='lat'>(1</span> <span class='ocrx_word' id='word_1_21' title='bbox 638 413 680 464; x_wconf 75' lang='lat'>2,</span> <span class='ocrx_word' id='word_1_22' title='bbox 704 415 868 466; x_wconf 82' lang='lat' dir='ltr'>quaest.</span> <span class='ocrx_word' id='word_1_23' title='bbox 887 424 998 465; x_wconf 78' lang='lat' dir='ltr'>xuv,</span> <span class='ocrx_word' id='word_1_24' title='bbox 1018 416 1105 454; x_wconf 87' lang='lat' dir='ltr'>art.</span> <span class='ocrx_word' id='word_1_25' title='bbox 1124 413 1142 454; x_wconf 80' lang='lat'><strong>1</strong></span> <span class='ocrx_word' id='word_1_26' title='bbox 1172 417 1217 454; x_wconf 94' lang='lat' dir='ltr'>et</span> <span class='ocrx_word' id='word_1_27' title='bbox 1232 413 1291 466; x_wconf 76' lang='lat'>2),</span> <span class='ocrx_word' id='word_1_28' title='bbox 1310 423 1402 454; x_wconf 87' lang='lat' dir='ltr'>non</span> <span class='ocrx_word' id='word_1_29' title='bbox 1425 411 1682 456; x_wconf 84' lang='lat' dir='ltr'>secundum</span> <span class='ocrx_word' id='word_1_30' title='bbox 1707 412 2012 467; x_wconf 81' lang='lat' dir='ltr'><strong>quantitatem</strong></span> 
     </span>
     <span class='ocr_line' id='line_1_4' title="bbox 117 472 2011 530; baseline -0.001 -10"><span class='ocrx_word' id='word_1_31' title='bbox 117 475 202 530; x_wconf 91' lang='lat' dir='ltr'>rei,</span> <span class='ocrx_word' id='word_1_32' title='bbox 228 473 309 518; x_wconf 89' lang='lat' dir='ltr'>sed</span> <span class='ocrx_word' id='word_1_33' title='bbox 330 473 591 518; x_wconf 83' lang='lat' dir='ltr'>secundum</span> <span class='ocrx_word' id='word_1_34' title='bbox 612 473 917 528; x_wconf 77' lang='lat' dir='ltr'>quantitatem</span> <span class='ocrx_word' id='word_1_35' title='bbox 937 472 1266 528; x_wconf 69' lang='lat' dir='ltr'>proportionis„</span> <span class='ocrx_word' id='word_1_36' title='bbox 1285 479 1335 516; x_wconf 92' lang='lat' dir='ltr'>ut</span> <span class='ocrx_word' id='word_1_37' title='bbox 1349 474 1524 518; x_wconf 87' lang='lat' dir='ltr'>scilicet</span> <span class='ocrx_word' id='word_1_38' title='bbox 1535 474 1690 529; x_wconf 82' lang='lat' dir='ltr'>passio</span> <span class='ocrx_word' id='word_1_39' title='bbox 1712 486 1803 517; x_wconf 89' lang='lat' dir='ltr'>non</span> <span class='ocrx_word' id='word_1_40' title='bbox 1819 475 2011 520; x_wconf 78' lang='lat' dir='ltr'>excedat</span> 
     </span>
     <span class='ocr_line' id='line_1_5' title="bbox 119 534 2013 595; baseline 0.001 -14"><span class='ocrx_word' id='word_1_41' title='bbox 119 536 331 593; x_wconf 78' lang='lat' dir='ltr'>regulam</span> <span class='ocrx_word' id='word_1_42' title='bbox 368 535 577 579; x_wconf 89' lang='lat' dir='ltr'>rationis.</span> <span class='ocrx_word' id='word_1_43' title='bbox 620 537 675 578; x_wconf 84' lang='lat' dir='ltr'>Et</span> <span class='ocrx_word' id='word_1_44' title='bbox 705 534 815 591; x_wconf 88' lang='lat' dir='ltr'>quia</span> <span class='ocrx_word' id='word_1_45' title='bbox 845 534 980 578; x_wconf 82' lang='lat' dir='ltr'>Stoici</span> <span class='ocrx_word' id='word_1_46' title='bbox 1022 536 1301 592; x_wconf 83' lang='lat' dir='ltr'>reputabant</span> <span class='ocrx_word' id='word_1_47' title='bbox 1339 536 1464 595; x_wconf 83' lang='lat' dir='ltr'>qued</span> <span class='ocrx_word' id='word_1_48' title='bbox 1499 536 1627 581; x_wconf 72' lang='lat' dir='ltr'>nutia</span> <span class='ocrx_word' id='word_1_49' title='bbox 1666 536 1848 580; x_wconf 78' lang='lat' dir='ltr'>tristitia</span> <span class='ocrx_word' id='word_1_50' title='bbox 1887 542 2013 583; x_wconf 85' lang='lat' dir='ltr'>esset</span> 
     </span>
     <span class='ocr_line' id='line_1_6' title="bbox 115 595 2012 655; baseline 0 -12"><span class='ocrx_word' id='word_1_51' title='bbox 115 597 177 643; x_wconf 84' lang='lat' dir='ltr'>ad</span> <span class='ocrx_word' id='word_1_52' title='bbox 194 597 367 654; x_wconf 83' lang='lat' dir='ltr'>aliquid</span> <span class='ocrx_word' id='word_1_53' title='bbox 383 597 526 654; x_wconf 74' lang='lat' dir='ltr'>utilis,</span> <span class='ocrx_word' id='word_1_54' title='bbox 547 596 652 641; x_wconf 81' lang='lat' dir='ltr'>ideo</span> <span class='ocrx_word' id='word_1_55' title='bbox 673 595 926 640; x_wconf 85' lang='lat' dir='ltr'>credebant</span> <span class='ocrx_word' id='word_1_56' title='bbox 940 596 1065 652; x_wconf 77' lang='lat' dir='ltr'>qued</span> <span class='ocrx_word' id='word_1_57' title='bbox 1088 596 1289 640; x_wconf 84' lang='lat' dir='ltr'>totaliter</span> <span class='ocrx_word' id='word_1_58' title='bbox 1306 597 1333 640; x_wconf 77' lang='lat' dir='ltr'>a</span> <span class='ocrx_word' id='word_1_59' title='bbox 1358 598 1534 642; x_wconf 86' lang='lat' dir='ltr'>ratione</span> <span class='ocrx_word' id='word_1_60' title='bbox 1553 597 1852 650; x_wconf 71' lang='lat' dir='ltr'>discordaret,</span> <span class='ocrx_word' id='word_1_61' title='bbox 1868 603 1914 643; x_wconf 89' lang='lat' dir='ltr'>et</span> <span class='ocrx_word' id='word_1_62' title='bbox 1930 611 2012 655; x_wconf 89' lang='lat' dir='ltr'>per</span> 
     </span>
     <span class='ocr_line' id='line_1_7' title="bbox 115 658 2011 716; baseline 0.001 -12"><span class='ocrx_word' id='word_1_63' title='bbox 115 671 411 716; x_wconf 89' lang='lat' dir='ltr'>consequens</span> <span class='ocrx_word' id='word_1_64' title='bbox 431 659 554 715; x_wconf 79' lang='lat' dir='ltr'>qued</span> <span class='ocrx_word' id='word_1_65' title='bbox 577 658 782 702; x_wconf 81' lang='lat' dir='ltr'>totaliter</span> <span class='ocrx_word' id='word_1_66' title='bbox 805 663 931 702; x_wconf 90' lang='lat' dir='ltr'>esset</span> <span class='ocrx_word' id='word_1_67' title='bbox 948 658 1146 713; x_wconf 84' lang='lat' dir='ltr'>sapienti</span> <span class='ocrx_word' id='word_1_68' title='bbox 1183 658 1386 703; x_wconf 88' lang='lat' dir='ltr'>vitanda.</span> <span class='ocrx_word' id='word_1_69' title='bbox 1412 660 1497 704; x_wconf 91' lang='lat' dir='ltr'>Sed</span> <span class='ocrx_word' id='word_1_70' title='bbox 1516 660 1776 704; x_wconf 82' lang='lat' dir='ltr'>secundum</span> <span class='ocrx_word' id='word_1_71' title='bbox 1807 660 1871 703; x_wconf 89' lang='lat' dir='ltr'>rei</span> <span class='ocrx_word' id='word_1_72' title='bbox 1891 660 2011 705; x_wconf 88' lang='lat' dir='ltr'>veri-</span> 
     </span>
     <span class='ocr_line' id='line_1_8' title="bbox 114 720 2008 779; baseline -0.001 -13"><span class='ocrx_word' id='word_1_73' title='bbox 114 726 258 766; x_wconf 82' lang='lat' dir='ltr'>tatem</span> <span class='ocrx_word' id='word_1_74' title='bbox 287 721 472 765; x_wconf 83' lang='lat' dir='ltr'>tristitia</span> <span class='ocrx_word' id='word_1_75' title='bbox 493 721 649 776; x_wconf 88' lang='lat' dir='ltr'>aliqua</span> <span class='ocrx_word' id='word_1_76' title='bbox 683 720 932 764; x_wconf 84' lang='lat' dir='ltr'>laudabilis</span> <span class='ocrx_word' id='word_1_77' title='bbox 963 724 1049 774; x_wconf 91' lang='lat' dir='ltr'>est,</span> <span class='ocrx_word' id='word_1_78' title='bbox 1081 725 1134 764; x_wconf 92' lang='lat' dir='ltr'>ut</span> <span class='ocrx_word' id='word_1_79' title='bbox 1165 720 1453 776; x_wconf 83' lang='lat' dir='ltr'>Augustinus</span> <span class='ocrx_word' id='word_1_80' title='bbox 1479 721 1644 779; x_wconf 87' lang='lat' dir='ltr'>probat</span> <span class='ocrx_word' id='word_1_81' title='bbox 1663 725 1741 776; x_wconf 88' lang='lat' dir='ltr'>(De</span> <span class='ocrx_word' id='word_1_82' title='bbox 1764 721 1887 765; x_wconf 83' lang='lat' dir='ltr'>civit.</span> <span class='ocrx_word' id='word_1_83' title='bbox 1914 721 2008 779; x_wconf 83' lang='lat' dir='ltr'>Dei,</span> 
     </span>
     <span class='ocr_line' id='line_1_9' title="bbox 113 782 2011 841; baseline 0.001 -13"><span class='ocrx_word' id='word_1_84' title='bbox 113 784 192 829; x_wconf 91' lang='lat' dir='ltr'>lib.</span> <span class='ocrx_word' id='word_1_85' title='bbox 215 798 304 841; x_wconf 88' lang='lat' dir='ltr'>x1v,</span> <span class='ocrx_word' id='word_1_86' title='bbox 335 797 438 840; x_wconf 90' lang='lat' dir='ltr'>cap.</span> <span class='ocrx_word' id='word_1_87' title='bbox 470 786 511 839; x_wconf 86' lang='lat'>9,</span> <span class='ocrx_word' id='word_1_88' title='bbox 534 784 657 827; x_wconf 87' lang='lat' dir='ltr'>circa</span> <span class='ocrx_word' id='word_1_89' title='bbox 671 782 833 837; x_wconf 68' lang='lat' dir='ltr'>med),</span> <span class='ocrx_word' id='word_1_90' title='bbox 856 782 1044 838; x_wconf 75' lang='lat' dir='ltr'>quando</span> <span class='ocrx_word' id='word_1_91' title='bbox 1061 783 1236 827; x_wconf 86' lang='lat' dir='ltr'>scilicet</span> <span class='ocrx_word' id='word_1_92' title='bbox 1262 784 1467 839; x_wconf 86' lang='lat' dir='ltr'>procedit</span> <span class='ocrx_word' id='word_1_93' title='bbox 1490 796 1549 829; x_wconf 83' lang='lat' dir='ltr'>ex</span> <span class='ocrx_word' id='word_1_94' title='bbox 1568 790 1728 829; x_wconf 88' lang='lat' dir='ltr'>sancto</span> <span class='ocrx_word' id='word_1_95' title='bbox 1744 796 1916 840; x_wconf 88' lang='lat' dir='ltr'>amore,</span> <span class='ocrx_word' id='word_1_96' title='bbox 1937 789 2011 829; x_wconf 91' lang='lat' dir='ltr'>ut-</span> 
     </span>
     <span class='ocr_line' id='line_1_10' title="bbox 42 844 2010 903; baseline 0 -12"><span class='ocrx_word' id='word_1_97' title='bbox 42 858 45 859; x_wconf 67' lang='grc'>’</span> <span class='ocrx_word' id='word_1_98' title='bbox 112 851 221 903; x_wconf 87' lang='lat' dir='ltr'>pote</span> <span class='ocrx_word' id='word_1_99' title='bbox 242 851 348 891; x_wconf 79' lang='lat' dir='ltr'>cum</span> <span class='ocrx_word' id='word_1_100' title='bbox 365 846 532 901; x_wconf 84' lang='lat' dir='ltr'>aliquis</span> <span class='ocrx_word' id='word_1_101' title='bbox 549 845 759 889; x_wconf 83' lang='lat' dir='ltr'>tristatur</span> <span class='ocrx_word' id='word_1_102' title='bbox 780 844 839 889; x_wconf 92' lang='lat' dir='ltr'>de</span> <span class='ocrx_word' id='word_1_103' title='bbox 861 845 1064 900; x_wconf 85' lang='lat' dir='ltr'>peccatis</span> <span class='ocrx_word' id='word_1_104' title='bbox 1083 845 1280 901; x_wconf 89' lang='lat' dir='ltr'>propriis</span> <span class='ocrx_word' id='word_1_105' title='bbox 1300 847 1376 890; x_wconf 87' lang='lat' dir='ltr'>vel</span> <span class='ocrx_word' id='word_1_106' title='bbox 1394 846 1571 890; x_wconf 88' lang='lat' dir='ltr'>alienis.</span> <span class='ocrx_word' id='word_1_107' title='bbox 1594 848 1857 891; x_wconf 87' lang='lat' dir='ltr'>Assumitur</span> <span class='ocrx_word' id='word_1_108' title='bbox 1870 845 2010 891; x_wconf 86' lang='lat' dir='ltr'>etiam</span> 
     </span>
     <span class='ocr_line' id='line_1_11' title="bbox 111 906 2010 965; baseline 0 -11"><span class='ocrx_word' id='word_1_109' title='bbox 111 913 166 953; x_wconf 90' lang='lat' dir='ltr'>ut</span> <span class='ocrx_word' id='word_1_110' title='bbox 186 909 314 953; x_wconf 88' lang='lat' dir='ltr'>utilis</span> <span class='ocrx_word' id='word_1_111' title='bbox 331 908 390 952; x_wconf 89' lang='lat' dir='ltr'>ad</span> <span class='ocrx_word' id='word_1_112' title='bbox 412 908 551 950; x_wconf 85' lang='lat' dir='ltr'>finem</span> <span class='ocrx_word' id='word_1_113' title='bbox 575 906 905 950; x_wconf 82' lang='lat' dir='ltr'>satisfactionis</span> <span class='ocrx_word' id='word_1_114' title='bbox 938 918 1022 962; x_wconf 87' lang='lat' dir='ltr'>pro</span> <span class='ocrx_word' id='word_1_115' title='bbox 1043 913 1251 962; x_wconf 85' lang='lat' dir='ltr'>peccato,</span> <span class='ocrx_word' id='word_1_116' title='bbox 1269 908 1531 953; x_wconf 83' lang='lat' dir='ltr'>secundum</span> <span class='ocrx_word' id='word_1_117' title='bbox 1553 908 1668 952; x_wconf 90' lang='lat' dir='ltr'>illud</span> <span class='ocrx_word' id='word_1_118' title='bbox 1691 912 1864 964; x_wconf 87' lang='lat' dir='ltr'>(Apost.</span> <span class='ocrx_word' id='word_1_119' title='bbox 1886 921 1930 965; x_wconf 89' lang='lat'>11,</span> <span class='ocrx_word' id='word_1_120' title='bbox 1950 909 2010 954; x_wconf 86' lang='lat' dir='ltr'>ad</span> 
     </span>
     <span class='ocr_line' id='line_1_12' title="bbox 111 969 2010 1026; baseline -0.001 -11"><span class='ocrx_word' id='word_1_121' title='bbox 111 971 213 1015; x_wconf 87' lang='lat' dir='ltr'>Cor.</span> <span class='ocrx_word' id='word_1_122' title='bbox 249 985 324 1023; x_wconf 84' lang='lat' dir='ltr'>vn,</span> <span class='ocrx_word' id='word_1_123' title='bbox 346 972 415 1022; x_wconf 85' lang='grc'>10)</span> <span class='ocrx_word' id='word_1_124' title='bbox 439 981 450 1012; x_wconf 90' lang='lat'><strong>:</strong></span> <span class='ocrx_word' id='word_1_125' title='bbox 478 972 585 1024; x_wconf 81' lang='lat' dir='ltr'>Quae</span> <span class='ocrx_word' id='word_1_126' title='bbox 621 969 864 1012; x_wconf 61' lang='lat' dir='ltr'>secundem</span> <span class='ocrx_word' id='word_1_127' title='bbox 888 972 1032 1010; x_wconf 81' lang='lat' dir='ltr'>Deum</span> <span class='ocrx_word' id='word_1_128' title='bbox 1062 972 1127 1012; x_wconf 79' lang='lat' dir='ltr'>est</span> <span class='ocrx_word' id='word_1_129' title='bbox 1163 971 1373 1024; x_wconf 77' lang='lat' dir='ltr'>tristitia,</span> <span class='ocrx_word' id='word_1_130' title='bbox 1390 972 1703 1026; x_wconf 72' lang='lat' dir='ltr'>poenitentiam</span> <span class='ocrx_word' id='word_1_131' title='bbox 1733 974 1782 1013; x_wconf 82' lang='lat' dir='ltr'>in</span> <span class='ocrx_word' id='word_1_132' title='bbox 1818 970 2010 1014; x_wconf 81' lang='lat' dir='ltr'>salutem</span> 
     </span>
     <span class='ocr_line' id='line_1_13' title="bbox 110 1030 2011 1088; baseline 0.001 -11"><span class='ocrx_word' id='word_1_133' title='bbox 110 1033 322 1077; x_wconf 80' lang='lat' dir='ltr'>stabilem</span> <span class='ocrx_word' id='word_1_134' title='bbox 337 1034 570 1088; x_wconf 76' lang='lat' dir='ltr'>operatur.</span> <span class='ocrx_word' id='word_1_135' title='bbox 593 1033 644 1075; x_wconf 91' lang='lat' dir='ltr'>Et</span> <span class='ocrx_word' id='word_1_136' title='bbox 684 1031 787 1075; x_wconf 83' lang='lat' dir='ltr'>ideo</span> <span class='ocrx_word' id='word_1_137' title='bbox 825 1030 1048 1084; x_wconf 87' lang='lat' dir='ltr'>Christus,</span> <span class='ocrx_word' id='word_1_138' title='bbox 1074 1035 1125 1075; x_wconf 89' lang='lat' dir='ltr'>ut</span> <span class='ocrx_word' id='word_1_139' title='bbox 1152 1031 1437 1076; x_wconf 77' lang='lat' dir='ltr'>satisfaceret</span> <span class='ocrx_word' id='word_1_140' title='bbox 1463 1044 1548 1088; x_wconf 90' lang='lat' dir='ltr'>pro</span> <span class='ocrx_word' id='word_1_141' title='bbox 1570 1033 1771 1088; x_wconf 88' lang='lat' dir='ltr'>peccatis</span> <span class='ocrx_word' id='word_1_142' title='bbox 1798 1033 2011 1078; x_wconf 81' lang='lat' dir='ltr'>omnium</span> 
     </span>
     <span class='ocr_line' id='line_1_14' title="bbox 110 1092 2006 1153; baseline 0.001 -14"><span class='ocrx_word' id='word_1_143' title='bbox 110 1094 369 1150; x_wconf 86' lang='lat' dir='ltr'>hominum,</span> <span class='ocrx_word' id='word_1_144' title='bbox 400 1093 654 1150; x_wconf 84' lang='lat' dir='ltr'>assumpsit</span> <span class='ocrx_word' id='word_1_145' title='bbox 683 1092 930 1148; x_wconf 84' lang='lat' dir='ltr'>tristitiam,</span> <span class='ocrx_word' id='word_1_146' title='bbox 971 1092 1222 1137; x_wconf 87' lang='lat' dir='ltr'>maximam</span> <span class='ocrx_word' id='word_1_147' title='bbox 1262 1094 1451 1150; x_wconf 90' lang='lat' dir='ltr'>quidem</span> <span class='ocrx_word' id='word_1_148' title='bbox 1487 1094 1745 1150; x_wconf 88' lang='lat' dir='ltr'>quantitate</span> <span class='ocrx_word' id='word_1_149' title='bbox 1777 1095 2006 1153; x_wconf 79' lang='lat' dir='ltr'>absoluta,</span> 
     </span>
     <span class='ocr_line' id='line_1_15' title="bbox 110 1156 2010 1211; baseline 0.001 -10"><span class='ocrx_word' id='word_1_150' title='bbox 110 1170 206 1201; x_wconf 90' lang='lat' dir='ltr'>non</span> <span class='ocrx_word' id='word_1_151' title='bbox 231 1162 385 1202; x_wconf 87' lang='lat' dir='ltr'>tamen</span> <span class='ocrx_word' id='word_1_152' title='bbox 410 1156 712 1201; x_wconf 83' lang='lat' dir='ltr'>excedentem</span> <span class='ocrx_word' id='word_1_153' title='bbox 729 1156 941 1211; x_wconf 86' lang='lat' dir='ltr'>regulam</span> <span class='ocrx_word' id='word_1_154' title='bbox 964 1156 1172 1200; x_wconf 89' lang='lat' dir='ltr'>rationis.</span> <span class='ocrx_word' id='word_1_155' title='bbox 1191 1156 1400 1200; x_wconf 84' lang='lat' dir='ltr'>Dolorem</span> <span class='ocrx_word' id='word_1_156' title='bbox 1428 1161 1581 1201; x_wconf 85' lang='lat' dir='ltr'>autem</span> <span class='ocrx_word' id='word_1_157' title='bbox 1606 1156 1882 1201; x_wconf 84' lang='lat' dir='ltr'>exteriorem</span> <span class='ocrx_word' id='word_1_158' title='bbox 1899 1170 2010 1202; x_wconf 87' lang='lat' dir='ltr'>sen-</span> 
     </span>
     <span class='ocr_line' id='line_1_16' title="bbox 110 1218 2005 1276; baseline -0.001 -12"><span class='ocrx_word' id='word_1_159' title='bbox 110 1221 194 1264; x_wconf 80' lang='lat' dir='ltr'>sus</span> <span class='ocrx_word' id='word_1_160' title='bbox 222 1219 372 1263; x_wconf 85' lang='lat' dir='ltr'>virtus</span> <span class='ocrx_word' id='word_1_161' title='bbox 389 1219 577 1262; x_wconf 89' lang='lat' dir='ltr'>moralis</span> <span class='ocrx_word' id='word_1_162' title='bbox 600 1218 772 1263; x_wconf 83' lang='lat' dir='ltr'>directe</span> <span class='ocrx_word' id='word_1_163' title='bbox 796 1230 890 1262; x_wconf 89' lang='lat' dir='ltr'>non</span> <span class='ocrx_word' id='word_1_164' title='bbox 912 1218 1096 1274; x_wconf 89' lang='lat' dir='ltr'>minuit,</span> <span class='ocrx_word' id='word_1_165' title='bbox 1118 1219 1227 1274; x_wconf 90' lang='lat' dir='ltr'>quia</span> <span class='ocrx_word' id='word_1_166' title='bbox 1248 1219 1348 1263; x_wconf 87' lang='lat' dir='ltr'>talis</span> <span class='ocrx_word' id='word_1_167' title='bbox 1372 1219 1503 1264; x_wconf 90' lang='lat' dir='ltr'>dolor</span> <span class='ocrx_word' id='word_1_168' title='bbox 1532 1231 1625 1263; x_wconf 90' lang='lat' dir='ltr'>non</span> <span class='ocrx_word' id='word_1_169' title='bbox 1647 1219 1804 1264; x_wconf 86' lang='lat' dir='ltr'>obedit</span> <span class='ocrx_word' id='word_1_170' title='bbox 1822 1220 2005 1276; x_wconf 88' lang='lat' dir='ltr'>rationi,</span> 
     </span>
     <span class='ocr_line' id='line_1_17' title="bbox 109 1280 2008 1338; baseline -0.002 -11"><span class='ocrx_word' id='word_1_171' title='bbox 109 1281 193 1327; x_wconf 87' lang='lat' dir='ltr'>sed</span> <span class='ocrx_word' id='word_1_172' title='bbox 215 1282 425 1337; x_wconf 90' lang='lat' dir='ltr'>sequitur</span> <span class='ocrx_word' id='word_1_173' title='bbox 445 1281 651 1337; x_wconf 89' lang='lat' dir='ltr'>corporis</span> <span class='ocrx_word' id='word_1_174' title='bbox 672 1285 913 1336; x_wconf 80' lang='lat' dir='ltr'>naturam;</span> <span class='ocrx_word' id='word_1_175' title='bbox 949 1280 1166 1324; x_wconf 89' lang='lat' dir='ltr'>diminuit</span> <span class='ocrx_word' id='word_1_176' title='bbox 1193 1287 1347 1326; x_wconf 87' lang='lat' dir='ltr'>tamen</span> <span class='ocrx_word' id='word_1_177' title='bbox 1371 1282 1526 1338; x_wconf 88' lang='lat' dir='ltr'>ipsum</span> <span class='ocrx_word' id='word_1_178' title='bbox 1568 1282 1792 1327; x_wconf 84' lang='lat' dir='ltr'>indirecte</span> <span class='ocrx_word' id='word_1_179' title='bbox 1823 1295 1906 1338; x_wconf 89' lang='lat' dir='ltr'>per</span> <span class='ocrx_word' id='word_1_180' title='bbox 1936 1296 2008 1328; x_wconf 91' lang='lat' dir='ltr'>re-</span> 
     </span>
     <span class='ocr_line' id='line_1_18' title="bbox 109 1343 2004 1405; baseline 0 -16"><span class='ocrx_word' id='word_1_181' title='bbox 109 1343 417 1389; x_wconf 88' lang='lat' dir='ltr'>dundantiam</span> <span class='ocrx_word' id='word_1_182' title='bbox 437 1343 463 1386; x_wconf 81' lang='lat' dir='ltr'>a</span> <span class='ocrx_word' id='word_1_183' title='bbox 477 1343 799 1399; x_wconf 87' lang='lat' dir='ltr'>superioribus</span> <span class='ocrx_word' id='word_1_184' title='bbox 811 1343 990 1386; x_wconf 88' lang='lat' dir='ltr'>viribus</span> <span class='ocrx_word' id='word_1_185' title='bbox 1006 1343 1053 1386; x_wconf 91' lang='lat' dir='ltr'>in</span> <span class='ocrx_word' id='word_1_186' title='bbox 1072 1343 1312 1388; x_wconf 86' lang='lat' dir='ltr'>inferiores</span> <span class='ocrx_word' id='word_1_187' title='bbox 1337 1358 1348 1385; x_wconf 77' lang='lat' dir='ltr'>t</span> <span class='ocrx_word' id='word_1_188' title='bbox 1374 1344 1498 1401; x_wconf 88' lang='lat' dir='ltr'>quod</span> <span class='ocrx_word' id='word_1_189' title='bbox 1519 1344 1568 1387; x_wconf 93' lang='lat' dir='ltr'>in</span> <span class='ocrx_word' id='word_1_190' title='bbox 1593 1344 1769 1388; x_wconf 88' lang='lat' dir='ltr'>Christo</span> <span class='ocrx_word' id='word_1_191' title='bbox 1787 1357 1882 1388; x_wconf 91' lang='lat' dir='ltr'>non</span> <span class='ocrx_word' id='word_1_192' title='bbox 1901 1344 2004 1405; x_wconf 82' lang='lat' dir='ltr'>fuit,</span> 
     </span>
     <span class='ocr_line' id='line_1_19' title="bbox 107 1406 1310 1462; baseline 0 -12"><span class='ocrx_word' id='word_1_193' title='bbox 107 1410 162 1450; x_wconf 88' lang='lat' dir='ltr'>ut</span> <span class='ocrx_word' id='word_1_194' title='bbox 182 1406 357 1452; x_wconf 85' lang='lat' dir='ltr'>dictum</span> <span class='ocrx_word' id='word_1_195' title='bbox 380 1409 451 1450; x_wconf 89' lang='lat' dir='ltr'>est</span> <span class='ocrx_word' id='word_1_196' title='bbox 480 1406 543 1459; x_wconf 90' lang='lat' dir='ltr'>(in</span> <span class='ocrx_word' id='word_1_197' title='bbox 567 1417 693 1461; x_wconf 86' lang='lat' dir='ltr'>corp.</span> <span class='ocrx_word' id='word_1_198' title='bbox 717 1410 764 1450; x_wconf 90' lang='lat' dir='ltr'>et</span> <span class='ocrx_word' id='word_1_199' title='bbox 789 1411 954 1462; x_wconf 84' lang='lat' dir='ltr'>quaest.</span> <span class='ocrx_word' id='word_1_200' title='bbox 981 1418 1117 1461; x_wconf 82' lang='lat' dir='ltr'>praec.</span> <span class='ocrx_word' id='word_1_201' title='bbox 1140 1411 1226 1450; x_wconf 86' lang='lat' dir='ltr'>art.</span> <span class='ocrx_word' id='word_1_202' title='bbox 1250 1409 1310 1459; x_wconf 75' lang='lat'>2).</span> 
     </span>
    </p>

    <p class='ocr_par' dir='ltr' id='par_1_3' title="bbox 106 1467 2010 1899">
     <span class='ocr_line' id='line_1_20' title="bbox 164 1467 2010 1526; baseline 0.001 -13"><span class='ocrx_word' id='word_1_203' title='bbox 164 1468 230 1513; x_wconf 89' lang='lat' dir='ltr'>Ad</span> <span class='ocrx_word' id='word_1_204' title='bbox 251 1471 433 1512; x_wconf 76' lang='lat' dir='ltr'>tertium</span> <span class='ocrx_word' id='word_1_205' title='bbox 456 1467 725 1518; x_wconf 85' lang='lat' dir='ltr'>dicendum,</span> <span class='ocrx_word' id='word_1_206' title='bbox 758 1467 884 1524; x_wconf 85' lang='lat' dir='ltr'>qued</span> <span class='ocrx_word' id='word_1_207' title='bbox 907 1467 1039 1512; x_wconf 91' lang='lat' dir='ltr'>dolor</span> <span class='ocrx_word' id='word_1_208' title='bbox 1057 1468 1224 1511; x_wconf 83' lang='lat' dir='ltr'>animae</span> <span class='ocrx_word' id='word_1_209' title='bbox 1243 1472 1471 1525; x_wconf 79' lang='lat' dir='ltr'>separatae</span> <span class='ocrx_word' id='word_1_210' title='bbox 1488 1468 1709 1526; x_wconf 89' lang='lat' dir='ltr'>patientis</span> <span class='ocrx_word' id='word_1_211' title='bbox 1731 1469 1932 1525; x_wconf 87' lang='lat' dir='ltr'>pertinet</span> <span class='ocrx_word' id='word_1_212' title='bbox 1947 1470 2010 1515; x_wconf 82' lang='lat' dir='ltr'>ad</span> 
     </span>
     <span class='ocr_line' id='line_1_21' title="bbox 108 1529 2008 1588; baseline 0.001 -12"><span class='ocrx_word' id='word_1_213' title='bbox 108 1534 283 1576; x_wconf 85' lang='lat' dir='ltr'>statum</span> <span class='ocrx_word' id='word_1_214' title='bbox 312 1531 491 1578; x_wconf 77' lang='lat' dir='ltr'>futurae,</span> <span class='ocrx_word' id='word_1_215' title='bbox 504 1529 834 1586; x_wconf 87' lang='lat' dir='ltr'>damnationis,</span> <span class='ocrx_word' id='word_1_216' title='bbox 871 1542 976 1586; x_wconf 84' lang='lat' dir='ltr'>quae</span> <span class='ocrx_word' id='word_1_217' title='bbox 998 1531 1181 1575; x_wconf 82' lang='lat' dir='ltr'>excedit</span> <span class='ocrx_word' id='word_1_218' title='bbox 1209 1543 1349 1575; x_wconf 90' lang='lat' dir='ltr'>omne</span> <span class='ocrx_word' id='word_1_219' title='bbox 1374 1530 1548 1575; x_wconf 89' lang='lat' dir='ltr'>malum</span> <span class='ocrx_word' id='word_1_220' title='bbox 1570 1531 1712 1588; x_wconf 90' lang='lat' dir='ltr'>hujus</span> <span class='ocrx_word' id='word_1_221' title='bbox 1739 1531 1862 1586; x_wconf 80' lang='lat' dir='ltr'>vitae,</span> <span class='ocrx_word' id='word_1_222' title='bbox 1887 1531 2008 1577; x_wconf 89' lang='lat' dir='ltr'>sicut</span> 
     </span>
     <span class='ocr_line' id='line_1_22' title="bbox 107 1592 2008 1649; baseline 0.001 -12"><span class='ocrx_word' id='word_1_223' title='bbox 107 1594 380 1637; x_wconf 89' lang='lat' dir='ltr'>Sanctorum</span> <span class='ocrx_word' id='word_1_224' title='bbox 397 1592 540 1649; x_wconf 83' lang='lat' dir='ltr'>gloria</span> <span class='ocrx_word' id='word_1_225' title='bbox 563 1592 747 1636; x_wconf 88' lang='lat' dir='ltr'>excedit</span> <span class='ocrx_word' id='word_1_226' title='bbox 764 1604 905 1636; x_wconf 90' lang='lat' dir='ltr'>omne</span> <span class='ocrx_word' id='word_1_227' title='bbox 926 1592 1102 1636; x_wconf 90' lang='lat' dir='ltr'>bonum</span> <span class='ocrx_word' id='word_1_228' title='bbox 1127 1593 1371 1649; x_wconf 82' lang='lat' dir='ltr'>praesentis</span> <span class='ocrx_word' id='word_1_229' title='bbox 1391 1593 1515 1637; x_wconf 80' lang='lat' dir='ltr'>vitae.</span> <span class='ocrx_word' id='word_1_230' title='bbox 1537 1593 1667 1637; x_wconf 90' lang='lat' dir='ltr'>Unde</span> <span class='ocrx_word' id='word_1_231' title='bbox 1682 1596 1788 1637; x_wconf 80' lang='lat' dir='ltr'>cum</span> <span class='ocrx_word' id='word_1_232' title='bbox 1810 1593 2008 1639; x_wconf 87' lang='lat' dir='ltr'>dicimus</span> 
     </span>
     <span class='ocr_line' id='line_1_23' title="bbox 107 1655 2008 1712; baseline 0.001 -13"><span class='ocrx_word' id='word_1_233' title='bbox 107 1655 270 1700; x_wconf 86' lang='lat' dir='ltr'>Christi</span> <span class='ocrx_word' id='word_1_234' title='bbox 292 1655 500 1700; x_wconf 89' lang='lat' dir='ltr'>dolorem</span> <span class='ocrx_word' id='word_1_235' title='bbox 519 1667 623 1699; x_wconf 88' lang='lat' dir='ltr'>esse</span> <span class='ocrx_word' id='word_1_236' title='bbox 639 1655 911 1709; x_wconf 85' lang='lat' dir='ltr'>maximum,</span> <span class='ocrx_word' id='word_1_237' title='bbox 938 1667 1033 1699; x_wconf 92' lang='lat' dir='ltr'>non</span> <span class='ocrx_word' id='word_1_238' title='bbox 1053 1667 1380 1711; x_wconf 85' lang='lat' dir='ltr'>comparamus</span> <span class='ocrx_word' id='word_1_239' title='bbox 1402 1655 1556 1712; x_wconf 90' lang='lat' dir='ltr'>ipsum</span> <span class='ocrx_word' id='word_1_240' title='bbox 1578 1655 1725 1699; x_wconf 91' lang='lat' dir='ltr'>dolori</span> <span class='ocrx_word' id='word_1_241' title='bbox 1744 1656 1913 1700; x_wconf 81' lang='lat' dir='ltr'>animae</span> <span class='ocrx_word' id='word_1_242' title='bbox 1930 1669 2008 1702; x_wconf 88' lang='lat' dir='ltr'>se—</span> 
     </span>
     <span class='ocr_line' id='line_1_24' title="bbox 106 1717 2007 1775; baseline 0.001 -13"><span class='ocrx_word' id='word_1_243' title='bbox 106 1723 279 1774; x_wconf 88' lang='lat' dir='ltr'>paratae</span> <span class='ocrx_word' id='word_1_244' title='bbox 304 1719 379 1773; x_wconf 86' lang='lat'>(1).</span> <span class='ocrx_word' id='word_1_245' title='bbox 404 1720 582 1773; x_wconf 91' lang='lat' dir='ltr'>Corpus</span> <span class='ocrx_word' id='word_1_246' title='bbox 597 1722 756 1761; x_wconf 87' lang='lat' dir='ltr'>autem</span> <span class='ocrx_word' id='word_1_247' title='bbox 778 1717 884 1762; x_wconf 84' lang='lat' dir='ltr'>Adae</span> <span class='ocrx_word' id='word_1_248' title='bbox 896 1718 992 1774; x_wconf 89' lang='lat' dir='ltr'>pati</span> <span class='ocrx_word' id='word_1_249' title='bbox 1013 1730 1107 1761; x_wconf 89' lang='lat' dir='ltr'>non</span> <span class='ocrx_word' id='word_1_250' title='bbox 1134 1722 1328 1774; x_wconf 85' lang='lat' dir='ltr'>poterat,</span> <span class='ocrx_word' id='word_1_251' title='bbox 1351 1717 1439 1762; x_wconf 92' lang='lat' dir='ltr'>nisi</span> <span class='ocrx_word' id='word_1_252' title='bbox 1462 1723 1700 1775; x_wconf 67' lang='lat' dir='ltr'>peccaret,</span> <span class='ocrx_word' id='word_1_253' title='bbox 1727 1723 1774 1762; x_wconf 86' lang='lat' dir='ltr'>et</span> <span class='ocrx_word' id='word_1_254' title='bbox 1793 1718 1861 1763; x_wconf 89' lang='lat' dir='ltr'>sic</span> <span class='ocrx_word' id='word_1_255' title='bbox 1877 1718 2007 1764; x_wconf 87' lang='lat' dir='ltr'>fieret</span> 
     </span>
     <span class='ocr_line' id='line_1_25' title="bbox 106 1779 2009 1838; baseline 0.001 -14"><span class='ocrx_word' id='word_1_256' title='bbox 106 1780 320 1835; x_wconf 81' lang='lat' dir='ltr'>mortale,</span> <span class='ocrx_word' id='word_1_257' title='bbox 341 1785 388 1825; x_wconf 91' lang='lat' dir='ltr'>et</span> <span class='ocrx_word' id='word_1_258' title='bbox 406 1779 644 1836; x_wconf 87' lang='lat' dir='ltr'>passibile,</span> <span class='ocrx_word' id='word_1_259' title='bbox 663 1784 709 1823; x_wconf 89' lang='lat' dir='ltr'>et</span> <span class='ocrx_word' id='word_1_260' title='bbox 725 1779 882 1823; x_wconf 80' lang='lat' dir='ltr'>minus</span> <span class='ocrx_word' id='word_1_261' title='bbox 906 1779 1085 1824; x_wconf 87' lang='lat' dir='ltr'>doleret</span> <span class='ocrx_word' id='word_1_262' title='bbox 1106 1780 1289 1837; x_wconf 88' lang='lat' dir='ltr'>patiens</span> <span class='ocrx_word' id='word_1_263' title='bbox 1311 1780 1453 1836; x_wconf 81' lang='lat' dir='ltr'>quam</span> <span class='ocrx_word' id='word_1_264' title='bbox 1473 1792 1646 1836; x_wconf 87' lang='lat' dir='ltr'>corpus</span> <span class='ocrx_word' id='word_1_265' title='bbox 1666 1779 1847 1838; x_wconf 76' lang='lat' dir='ltr'>Christi,</span> <span class='ocrx_word' id='word_1_266' title='bbox 1867 1793 2009 1838; x_wconf 88' lang='lat' dir='ltr'>prop-</span> 
     </span>
     <span class='ocr_line' id='line_1_26' title="bbox 106 1841 2010 1899; baseline 0.002 -14"><span class='ocrx_word' id='word_1_267' title='bbox 106 1846 176 1886; x_wconf 89' lang='lat' dir='ltr'>ter</span> <span class='ocrx_word' id='word_1_268' title='bbox 191 1842 398 1887; x_wconf 90' lang='lat' dir='ltr'>rationes</span> <span class='ocrx_word' id='word_1_269' title='bbox 414 1841 675 1899; x_wconf 80' lang='lat' dir='ltr'>praedictas.</span> <span class='ocrx_word' id='word_1_270' title='bbox 700 1844 767 1885; x_wconf 88' lang='lat' dir='ltr'>Ex</span> <span class='ocrx_word' id='word_1_271' title='bbox 789 1841 962 1899; x_wconf 90' lang='lat' dir='ltr'>quibus</span> <span class='ocrx_word' id='word_1_272' title='bbox 982 1842 1121 1887; x_wconf 87' lang='lat' dir='ltr'>etiam</span> <span class='ocrx_word' id='word_1_273' title='bbox 1150 1848 1342 1899; x_wconf 88' lang='lat' dir='ltr'>apparet</span> <span class='ocrx_word' id='word_1_274' title='bbox 1356 1842 1483 1899; x_wconf 82' lang='lat' dir='ltr'>qued</span> <span class='ocrx_word' id='word_1_275' title='bbox 1500 1842 1681 1887; x_wconf 89' lang='lat' dir='ltr'>etiamsi</span> <span class='ocrx_word' id='word_1_276' title='bbox 1693 1853 1775 1898; x_wconf 89' lang='lat' dir='ltr'>per</span> <span class='ocrx_word' id='word_1_277' title='bbox 1789 1842 2010 1899; x_wconf 90' lang='lat' dir='ltr'>impossi-</span> 
     </span>
    </p>
   </div>
   <div class='ocr_carea' id='block_1_3' title="bbox 105 1902 2047 1961">
    <p class='ocr_par' dir='ltr' id='par_1_4' title="bbox 105 1902 2047 1961">
     <span class='ocr_line' id='line_1_27' title="bbox 105 1902 2047 1961; baseline 0.002 -14"><span class='ocrx_word' id='word_1_278' title='bbox 105 1902 201 1948; x_wconf 87' lang='lat' dir='ltr'>bile</span> <span class='ocrx_word' id='word_1_279' title='bbox 222 1909 425 1961; x_wconf 88' lang='lat' dir='ltr'>ponatur</span> <span class='ocrx_word' id='word_1_280' title='bbox 446 1903 573 1959; x_wconf 83' lang='lat' dir='ltr'>qued</span> <span class='ocrx_word' id='word_1_281' title='bbox 592 1902 737 1946; x_wconf 90' lang='lat' dir='ltr'>Adam</span> <span class='ocrx_word' id='word_1_282' title='bbox 754 1902 804 1946; x_wconf 92' lang='lat' dir='ltr'>in</span> <span class='ocrx_word' id='word_1_283' title='bbox 825 1907 951 1948; x_wconf 87' lang='lat' dir='ltr'>statu</span> <span class='ocrx_word' id='word_1_284' title='bbox 971 1903 1252 1948; x_wconf 83' lang='lat' dir='ltr'>innocentiae</span> <span class='ocrx_word' id='word_1_285' title='bbox 1269 1916 1438 1960; x_wconf 89' lang='lat' dir='ltr'>passus</span> <span class='ocrx_word' id='word_1_286' title='bbox 1452 1904 1634 1961; x_wconf 87' lang='lat' dir='ltr'>fuisset,</span> <span class='ocrx_word' id='word_1_287' title='bbox 1669 1903 1823 1948; x_wconf 91' lang='lat' dir='ltr'>minor</span> <span class='ocrx_word' id='word_1_288' title='bbox 1842 1904 2007 1951; x_wconf 84' lang='lat' dir='ltr'>fuisset</span> <span class='ocrx_word' id='word_1_289' title='bbox 2044 1928 2047 1931; x_wconf 92' lang='lat'>·</span> 
     </span>
    </p>
   </div>
   <div class='ocr_carea' id='block_1_4' title="bbox 100 1965 2008 3019">
    <p class='ocr_par' dir='ltr' id='par_1_5' title="bbox 107 1965 723 2023">
     <span class='ocr_line' id='line_1_28' title="bbox 107 1965 723 2023; baseline -0.003 -13"><span class='ocrx_word' id='word_1_290' title='bbox 107 1965 239 2011; x_wconf 90' lang='lat' dir='ltr'>dolor</span> <span class='ocrx_word' id='word_1_291' title='bbox 254 1966 357 2023; x_wconf 68' lang='lat' dir='ltr'>eJ&#39;us</span> <span class='ocrx_word' id='word_1_292' title='bbox 375 1966 517 2022; x_wconf 80' lang='lat' dir='ltr'>quam</span> <span class='ocrx_word' id='word_1_293' title='bbox 540 1965 723 2009; x_wconf 89' lang='lat' dir='ltr'>Christi.</span> 
     </span>
    </p>

    <p class='ocr_par' dir='ltr' id='par_1_6' title="bbox 100 2027 2008 2893">
     <span class='ocr_line' id='line_1_29' title="bbox 162 2027 2008 2085; baseline 0.001 -11"><span class='ocrx_word' id='word_1_294' title='bbox 162 2028 228 2074; x_wconf 81' lang='lat' dir='ltr'>Ad</span> <span class='ocrx_word' id='word_1_295' title='bbox 250 2032 467 2084; x_wconf 76' lang='lat' dir='ltr'>quartum</span> <span class='ocrx_word' id='word_1_296' title='bbox 499 2027 770 2085; x_wconf 82' lang='lat' dir='ltr'>dicendum,</span> <span class='ocrx_word' id='word_1_297' title='bbox 795 2028 919 2085; x_wconf 84' lang='lat' dir='ltr'>qued</span> <span class='ocrx_word' id='word_1_298' title='bbox 939 2028 1147 2073; x_wconf 86' lang='lat' dir='ltr'>Christus</span> <span class='ocrx_word' id='word_1_299' title='bbox 1181 2040 1277 2073; x_wconf 92' lang='lat' dir='ltr'>non</span> <span class='ocrx_word' id='word_1_300' title='bbox 1303 2028 1455 2073; x_wconf 79' lang='lat' dir='ltr'>solum</span> <span class='ocrx_word' id='word_1_301' title='bbox 1474 2027 1623 2073; x_wconf 90' lang='lat' dir='ltr'>doluit</span> <span class='ocrx_word' id='word_1_302' title='bbox 1648 2040 1733 2085; x_wconf 88' lang='lat' dir='ltr'>pro</span> <span class='ocrx_word' id='word_1_303' title='bbox 1754 2027 2008 2076; x_wconf 85' lang='lat' dir='ltr'>amissione</span> 
     </span>
     <span class='ocr_line' id='line_1_30' title="bbox 104 2089 2004 2149; baseline 0.002 -16"><span class='ocrx_word' id='word_1_304' title='bbox 104 2089 213 2134; x_wconf 85' lang='lat' dir='ltr'>vitae</span> <span class='ocrx_word' id='word_1_305' title='bbox 249 2090 502 2146; x_wconf 89' lang='lat' dir='ltr'>corporalis</span> <span class='ocrx_word' id='word_1_306' title='bbox 535 2089 750 2146; x_wconf 83' lang='lat' dir='ltr'>propriae,</span> <span class='ocrx_word' id='word_1_307' title='bbox 784 2091 869 2135; x_wconf 91' lang='lat' dir='ltr'>sed</span> <span class='ocrx_word' id='word_1_308' title='bbox 897 2091 1036 2135; x_wconf 90' lang='lat' dir='ltr'>etiam</span> <span class='ocrx_word' id='word_1_309' title='bbox 1074 2103 1157 2147; x_wconf 91' lang='lat' dir='ltr'>pro</span> <span class='ocrx_word' id='word_1_310' title='bbox 1180 2091 1384 2148; x_wconf 90' lang='lat' dir='ltr'>peccatis</span> <span class='ocrx_word' id='word_1_311' title='bbox 1412 2091 1621 2135; x_wconf 90' lang='lat' dir='ltr'>omnium</span> <span class='ocrx_word' id='word_1_312' title='bbox 1644 2090 1842 2134; x_wconf 89' lang='lat' dir='ltr'>aliorum</span> <span class='ocrx_word' id='word_1_313' title='bbox 1875 2105 1886 2134; x_wconf 74' lang='grc' dir='ltr'><strong>ε</strong></span> <span class='ocrx_word' id='word_1_314' title='bbox 1923 2093 2004 2149; x_wconf 89' lang='lat' dir='ltr'>qui</span> 
     </span>
     <span class='ocr_line' id='line_1_31' title="bbox 105 2151 2005 2211; baseline 0.002 -15"><span class='ocrx_word' id='word_1_315' title='bbox 105 2151 237 2197; x_wconf 91' lang='lat' dir='ltr'>dolor</span> <span class='ocrx_word' id='word_1_316' title='bbox 256 2152 305 2196; x_wconf 90' lang='lat' dir='ltr'>in</span> <span class='ocrx_word' id='word_1_317' title='bbox 330 2153 506 2197; x_wconf 90' lang='lat' dir='ltr'>Christo</span> <span class='ocrx_word' id='word_1_318' title='bbox 524 2152 924 2197; x_wconf 89' lang='lat' dir='ltr'>excessitomnem</span> <span class='ocrx_word' id='word_1_319' title='bbox 948 2154 1154 2198; x_wconf 84' lang='lat' dir='ltr'>dolorem</span> <span class='ocrx_word' id='word_1_320' title='bbox 1177 2154 1516 2210; x_wconf 88' lang='lat' dir='ltr'>cujuscumque</span> <span class='ocrx_word' id='word_1_321' title='bbox 1537 2153 1746 2207; x_wconf 75' lang='lat' dir='ltr'>contriti3</span> <span class='ocrx_word' id='word_1_322' title='bbox 1774 2159 1871 2198; x_wconf 89' lang='lat' dir='ltr'>tum</span> <span class='ocrx_word' id='word_1_323' title='bbox 1894 2154 2005 2211; x_wconf 78' lang='lat' dir='ltr'>quie</span> 
     </span>
     <span class='ocr_line' id='line_1_32' title="bbox 105 2213 2005 2272; baseline 0.002 -14"><span class='ocrx_word' id='word_1_324' title='bbox 105 2225 164 2258; x_wconf 86' lang='lat' dir='ltr'>ex</span> <span class='ocrx_word' id='word_1_325' title='bbox 185 2213 346 2271; x_wconf 76' lang='lat' dir='ltr'>maJori</span> <span class='ocrx_word' id='word_1_326' title='bbox 364 2214 589 2270; x_wconf 88' lang='lat' dir='ltr'>sapientia</span> <span class='ocrx_word' id='word_1_327' title='bbox 608 2218 656 2259; x_wconf 89' lang='lat' dir='ltr'>et</span> <span class='ocrx_word' id='word_1_328' title='bbox 675 2214 898 2260; x_wconf 87' lang='lat' dir='ltr'>charitate</span> <span class='ocrx_word' id='word_1_329' title='bbox 918 2216 1159 2272; x_wconf 76' lang='lat' dir='ltr'>processit,</span> <span class='ocrx_word' id='word_1_330' title='bbox 1180 2228 1239 2260; x_wconf 90' lang='lat' dir='ltr'>ex</span> <span class='ocrx_word' id='word_1_331' title='bbox 1258 2216 1431 2272; x_wconf 90' lang='lat' dir='ltr'>quibus</span> <span class='ocrx_word' id='word_1_332' title='bbox 1451 2215 1582 2260; x_wconf 89' lang='lat' dir='ltr'>dolor</span> <span class='ocrx_word' id='word_1_333' title='bbox 1607 2214 1900 2261; x_wconf 82' lang='lat' dir='ltr'>contritionis</span> <span class='ocrx_word' id='word_1_334' title='bbox 1921 2229 2005 2260; x_wconf 86' lang='lat' dir='ltr'>au-</span> 
     </span>
     <span class='ocr_line' id='line_1_33' title="bbox 105 2277 2003 2335; baseline 0.002 -15"><span class='ocrx_word' id='word_1_335' title='bbox 105 2280 267 2332; x_wconf 65' lang='lat' dir='ltr'>getur,</span> <span class='ocrx_word' id='word_1_336' title='bbox 291 2282 390 2321; x_wconf 89' lang='lat' dir='ltr'>tum</span> <span class='ocrx_word' id='word_1_337' title='bbox 406 2277 544 2321; x_wconf 86' lang='lat' dir='ltr'>etiam</span> <span class='ocrx_word' id='word_1_338' title='bbox 567 2277 675 2333; x_wconf 88' lang='lat' dir='ltr'>quia</span> <span class='ocrx_word' id='word_1_339' title='bbox 697 2290 780 2333; x_wconf 89' lang='lat' dir='ltr'>pro</span> <span class='ocrx_word' id='word_1_340' title='bbox 805 2278 1026 2323; x_wconf 89' lang='lat' dir='ltr'>omnibus</span> <span class='ocrx_word' id='word_1_341' title='bbox 1045 2279 1248 2335; x_wconf 85' lang='lat' dir='ltr'>peccatis</span> <span class='ocrx_word' id='word_1_342' title='bbox 1265 2279 1404 2322; x_wconf 86' lang='lat' dir='ltr'>simul</span> <span class='ocrx_word' id='word_1_343' title='bbox 1418 2277 1582 2328; x_wconf 85' lang='lat' dir='ltr'>doluit,</span> <span class='ocrx_word' id='word_1_344' title='bbox 1604 2277 1865 2322; x_wconf 81' lang='lat' dir='ltr'>secundum</span> <span class='ocrx_word' id='word_1_345' title='bbox 1888 2277 2003 2325; x_wconf 89' lang='lat' dir='ltr'>illud</span> 
     </span>
     <span class='ocr_line' id='line_1_34' title="bbox 104 2340 2005 2397; baseline 0.002 -14"><span class='ocrx_word' id='word_1_346' title='bbox 104 2342 208 2393; x_wconf 81' lang='lat' dir='ltr'>(lsa.</span> <span class='ocrx_word' id='word_1_347' title='bbox 230 2353 318 2394; x_wconf 52' lang='lat'>12111,</span> <span class='ocrx_word' id='word_1_348' title='bbox 339 2341 380 2393; x_wconf 76' lang='grc'>4)</span> <span class='ocrx_word' id='word_1_349' title='bbox 405 2354 416 2383; x_wconf 91' lang='lat'>:</span> <span class='ocrx_word' id='word_1_350' title='bbox 442 2340 556 2382; x_wconf 78' lang='lat' dir='ltr'>Vere</span> <span class='ocrx_word' id='word_1_351' title='bbox 588 2340 768 2383; x_wconf 81' lang='lat' dir='ltr'>dolores</span> <span class='ocrx_word' id='word_1_352' title='bbox 802 2345 978 2384; x_wconf 80' lang='lat' dir='ltr'>nostros</span> <span class='ocrx_word' id='word_1_353' title='bbox 1007 2344 1103 2397; x_wconf 80' lang='lat' dir='ltr'>ipse</span> <span class='ocrx_word' id='word_1_354' title='bbox 1123 2342 1243 2384; x_wconf 75' lang='lat' dir='ltr'>tulit.</span> <span class='ocrx_word' id='word_1_355' title='bbox 1274 2340 1372 2385; x_wconf 88' lang='lat' dir='ltr'>Vita</span> <span class='ocrx_word' id='word_1_356' title='bbox 1387 2346 1543 2385; x_wconf 89' lang='lat' dir='ltr'>autem</span> <span class='ocrx_word' id='word_1_357' title='bbox 1568 2340 1821 2397; x_wconf 76' lang='lat' dir='ltr'>corporalis</span> <span class='ocrx_word' id='word_1_358' title='bbox 1840 2341 2005 2387; x_wconf 57' lang='lat' dir='ltr'>Christi&gt;</span> 
     </span>
     <span class='ocr_line' id='line_1_35' title="bbox 103 2401 2006 2460; baseline 0.003 -15"><span class='ocrx_word' id='word_1_359' title='bbox 103 2401 191 2446; x_wconf 90' lang='lat' dir='ltr'>fuit</span> <span class='ocrx_word' id='word_1_360' title='bbox 208 2405 350 2446; x_wconf 85' lang='lat' dir='ltr'>tantae</span> <span class='ocrx_word' id='word_1_361' title='bbox 366 2401 621 2457; x_wconf 81' lang='lat' dir='ltr'>dignitatis,</span> <span class='ocrx_word' id='word_1_362' title='bbox 647 2406 692 2445; x_wconf 88' lang='lat' dir='ltr'>et</span> <span class='ocrx_word' id='word_1_363' title='bbox 713 2402 946 2458; x_wconf 79' lang='lat' dir='ltr'>praecipue</span> <span class='ocrx_word' id='word_1_364' title='bbox 958 2410 1145 2458; x_wconf 85' lang='lat' dir='ltr'>propter</span> <span class='ocrx_word' id='word_1_365' title='bbox 1163 2403 1454 2447; x_wconf 89' lang='lat' dir='ltr'>Divinitatem</span> <span class='ocrx_word' id='word_1_366' title='bbox 1474 2402 1669 2455; x_wconf 84' lang='lat' dir='ltr'>unitam,</span> <span class='ocrx_word' id='word_1_367' title='bbox 1693 2403 1817 2458; x_wconf 81' lang='lat' dir='ltr'>qued</span> <span class='ocrx_word' id='word_1_368' title='bbox 1831 2403 1888 2448; x_wconf 93' lang='lat' dir='ltr'>de</span> <span class='ocrx_word' id='word_1_369' title='bbox 1903 2404 2006 2460; x_wconf 88' lang='lat' dir='ltr'>ejus</span> 
     </span>
     <span class='ocr_line' id='line_1_36' title="bbox 103 2462 2006 2521; baseline 0.002 -14"><span class='ocrx_word' id='word_1_370' title='bbox 103 2462 352 2507; x_wconf 86' lang='lat' dir='ltr'>amissione</span> <span class='ocrx_word' id='word_1_371' title='bbox 373 2463 511 2507; x_wconf 88' lang='lat' dir='ltr'>etiam</span> <span class='ocrx_word' id='word_1_372' title='bbox 535 2463 594 2507; x_wconf 88' lang='lat' dir='ltr'>ad</span> <span class='ocrx_word' id='word_1_373' title='bbox 613 2463 772 2507; x_wconf 90' lang='lat' dir='ltr'>horam</span> <span class='ocrx_word' id='word_1_374' title='bbox 798 2463 947 2520; x_wconf 85' lang='lat' dir='ltr'>magis</span> <span class='ocrx_word' id='word_1_375' title='bbox 965 2471 1089 2509; x_wconf 90' lang='lat' dir='ltr'>esset</span> <span class='ocrx_word' id='word_1_376' title='bbox 1113 2465 1363 2510; x_wconf 91' lang='lat' dir='ltr'>dolendum</span> <span class='ocrx_word' id='word_1_377' title='bbox 1384 2465 1526 2521; x_wconf 78' lang='lat' dir='ltr'>quam</span> <span class='ocrx_word' id='word_1_378' title='bbox 1550 2465 1608 2509; x_wconf 88' lang='lat' dir='ltr'>de</span> <span class='ocrx_word' id='word_1_379' title='bbox 1632 2465 1883 2510; x_wconf 89' lang='lat' dir='ltr'>amissione</span> <span class='ocrx_word' id='word_1_380' title='bbox 1896 2466 2006 2511; x_wconf 86' lang='lat' dir='ltr'>vitae</span> 
     </span>
     <span class='ocr_line' id='line_1_37' title="bbox 104 2525 2003 2584; baseline 0.002 -14"><span class='ocrx_word' id='word_1_381' title='bbox 104 2525 295 2570; x_wconf 86' lang='lat' dir='ltr'>alterius</span> <span class='ocrx_word' id='word_1_382' title='bbox 317 2525 518 2570; x_wconf 87' lang='lat' dir='ltr'>hominis</span> <span class='ocrx_word' id='word_1_383' title='bbox 543 2538 624 2582; x_wconf 84' lang='lat' dir='ltr'>per</span> <span class='ocrx_word' id='word_1_384' title='bbox 658 2531 1090 2584; x_wconf 89' lang='lat' dir='ltr'>quantumcumque</span> <span class='ocrx_word' id='word_1_385' title='bbox 1113 2531 1314 2582; x_wconf 87' lang='lat' dir='ltr'>tempus.</span> <span class='ocrx_word' id='word_1_386' title='bbox 1344 2527 1469 2571; x_wconf 89' lang='lat' dir='ltr'>Unde</span> <span class='ocrx_word' id='word_1_387' title='bbox 1490 2531 1537 2571; x_wconf 90' lang='lat' dir='ltr'>et</span> <span class='ocrx_word' id='word_1_388' title='bbox 1563 2527 1866 2582; x_wconf 82' lang='lat' dir='ltr'>Philosophus</span> <span class='ocrx_word' id='word_1_389' title='bbox 1894 2528 2003 2574; x_wconf 89' lang='lat' dir='ltr'>dicit</span> 
     </span>
     <span class='ocr_line' id='line_1_38' title="bbox 105 2588 2001 2646; baseline 0.002 -14"><span class='ocrx_word' id='word_1_390' title='bbox 105 2588 264 2640; x_wconf 87' lang='lat' dir='ltr'>(Ethic.</span> <span class='ocrx_word' id='word_1_391' title='bbox 288 2588 369 2632; x_wconf 87' lang='lat' dir='ltr'>lih.</span> <span class='ocrx_word' id='word_1_392' title='bbox 396 2602 456 2643; x_wconf 88' lang='lat'>111,</span> <span class='ocrx_word' id='word_1_393' title='bbox 479 2601 581 2643; x_wconf 90' lang='lat' dir='ltr'>cap.</span> <span class='ocrx_word' id='word_1_394' title='bbox 609 2591 651 2646; x_wconf 83' lang='lat'>9,</span> <span class='ocrx_word' id='word_1_395' title='bbox 677 2588 799 2632; x_wconf 85' lang='lat' dir='ltr'>circa</span> <span class='ocrx_word' id='word_1_396' title='bbox 823 2589 983 2642; x_wconf 68' lang='lat' dir='ltr'>med),</span> <span class='ocrx_word' id='word_1_397' title='bbox 1005 2589 1128 2645; x_wconf 84' lang='lat' dir='ltr'>qued</span> <span class='ocrx_word' id='word_1_398' title='bbox 1156 2590 1391 2633; x_wconf 88' lang='lat' dir='ltr'>virtuosus</span> <span class='ocrx_word' id='word_1_399' title='bbox 1413 2589 1541 2633; x_wconf 84' lang='lat' dir='ltr'>tanto</span> <span class='ocrx_word' id='word_1_400' title='bbox 1567 2589 1670 2645; x_wconf 87' lang='lat' dir='ltr'>plus</span> <span class='ocrx_word' id='word_1_401' title='bbox 1690 2589 1838 2646; x_wconf 86' lang='lat' dir='ltr'>diligit</span> <span class='ocrx_word' id='word_1_402' title='bbox 1859 2589 2001 2635; x_wconf 84' lang='lat' dir='ltr'>vitam</span> 
     </span>
     <span class='ocr_line' id='line_1_39' title="bbox 103 2649 2001 2708; baseline 0.002 -15"><span class='ocrx_word' id='word_1_403' title='bbox 103 2661 255 2705; x_wconf 87' lang='lat' dir='ltr'>suam,</span> <span class='ocrx_word' id='word_1_404' title='bbox 276 2649 449 2707; x_wconf 85' lang='lat' dir='ltr'>quante</span> <span class='ocrx_word' id='word_1_405' title='bbox 477 2650 564 2694; x_wconf 90' lang='lat' dir='ltr'>scit</span> <span class='ocrx_word' id='word_1_406' title='bbox 587 2662 691 2695; x_wconf 92' lang='lat' dir='ltr'>eam</span> <span class='ocrx_word' id='word_1_407' title='bbox 715 2662 829 2694; x_wconf 62' lang='lat' dir='ltr'>esse·</span> <span class='ocrx_word' id='word_1_408' title='bbox 844 2650 1106 2706; x_wconf 65' lang='lat' dir='ltr'>meliorem,</span> <span class='ocrx_word' id='word_1_409' title='bbox 1131 2655 1178 2695; x_wconf 88' lang='lat' dir='ltr'>et</span> <span class='ocrx_word' id='word_1_410' title='bbox 1199 2657 1349 2695; x_wconf 90' lang='lat' dir='ltr'>tamen</span> <span class='ocrx_word' id='word_1_411' title='bbox 1375 2663 1475 2695; x_wconf 87' lang='lat' dir='ltr'>eam</span> <span class='ocrx_word' id='word_1_412' title='bbox 1496 2651 1687 2707; x_wconf 86' lang='lat' dir='ltr'>exponit</span> <span class='ocrx_word' id='word_1_413' title='bbox 1708 2657 1895 2708; x_wconf 85' lang='lat' dir='ltr'>propter</span> <span class='ocrx_word' id='word_1_414' title='bbox 1918 2652 2001 2696; x_wconf 89' lang='lat' dir='ltr'>bo—</span> 
     </span>
     <span class='ocr_line' id='line_1_40' title="bbox 102 2707 2002 2770; baseline 0.002 -15"><span class='ocrx_word' id='word_1_415' title='bbox 102 2722 219 2756; x_wconf 89' lang='lat' dir='ltr'>num</span> <span class='ocrx_word' id='word_1_416' title='bbox 238 2711 444 2756; x_wconf 86' lang='lat' dir='ltr'>virtutis.</span> <span class='ocrx_word' id='word_1_417' title='bbox 462 2713 512 2755; x_wconf 88' lang='lat' dir='ltr'>Et</span> <span class='ocrx_word' id='word_1_418' title='bbox 540 2711 752 2756; x_wconf 86' lang='lat' dir='ltr'>similiter</span> <span class='ocrx_word' id='word_1_419' title='bbox 770 2712 976 2757; x_wconf 85' lang='lat' dir='ltr'>Christus</span> <span class='ocrx_word' id='word_1_420' title='bbox 994 2712 1136 2757; x_wconf 85' lang='lat' dir='ltr'>vitam</span> <span class='ocrx_word' id='word_1_421' title='bbox 1162 2707 1295 2756; x_wconf 75' lang='lat' dir='ltr'>suam</span> <span class='ocrx_word' id='word_1_422' title='bbox 1315 2713 1517 2757; x_wconf 80' lang='lat' dir='ltr'>maxime</span> <span class='ocrx_word' id='word_1_423' title='bbox 1539 2713 1752 2758; x_wconf 85' lang='lat' dir='ltr'>dilectam</span> <span class='ocrx_word' id='word_1_424' title='bbox 1784 2714 2002 2770; x_wconf 85' lang='lat' dir='ltr'>exposuit</span> 
     </span>
     <span class='ocr_line' id='line_1_41' title="bbox 100 2775 2004 2832; baseline 0.001 -13"><span class='ocrx_word' id='word_1_425' title='bbox 100 2779 290 2832; x_wconf 87' lang='lat' dir='ltr'>propter</span> <span class='ocrx_word' id='word_1_426' title='bbox 307 2775 480 2819; x_wconf 90' lang='lat' dir='ltr'>honum</span> <span class='ocrx_word' id='word_1_427' title='bbox 499 2775 752 2831; x_wconf 87' lang='lat' dir='ltr'>charitatis,</span> <span class='ocrx_word' id='word_1_428' title='bbox 766 2775 1027 2831; x_wconf 78' lang='lat' dir='ltr'>secundum</span> <span class='ocrx_word' id='word_1_429' title='bbox 1049 2775 1165 2820; x_wconf 91' lang='lat' dir='ltr'>illud</span> <span class='ocrx_word' id='word_1_430' title='bbox 1177 2778 1438 2832; x_wconf 85' lang='lat' dir='ltr'>(Jerem.x11,</span> <span class='ocrx_word' id='word_1_431' title='bbox 1452 2778 1494 2831; x_wconf 83' lang='lat'>7)</span> <span class='ocrx_word' id='word_1_432' title='bbox 1513 2777 1658 2820; x_wconf 83' lang='lat' dir='ltr'>:Dedi</span> <span class='ocrx_word' id='word_1_433' title='bbox 1674 2776 2004 2832; x_wconf 52' lang='lat' dir='ltr'>dilectantani-</span> 
     </span>
     <span class='ocr_line' id='line_1_42' title="bbox 102 2839 1080 2893; baseline 0.001 -14"><span class='ocrx_word' id='word_1_434' title='bbox 102 2849 225 2880; x_wconf 85' lang='lat' dir='ltr'>mam</span> <span class='ocrx_word' id='word_1_435' title='bbox 241 2850 389 2881; x_wconf 80' lang='lat' dir='ltr'>meam</span> <span class='ocrx_word' id='word_1_436' title='bbox 405 2841 453 2880; x_wconf 83' lang='lat' dir='ltr'>in</span> <span class='ocrx_word' id='word_1_437' title='bbox 481 2851 640 2880; x_wconf 76' lang='lat' dir='ltr'>manus</span> <span class='ocrx_word' id='word_1_438' title='bbox 662 2839 948 2880; x_wconf 73' lang='lat' dir='ltr'>inimicorum</span> <span class='ocrx_word' id='word_1_439' title='bbox 967 2841 1080 2893; x_wconf 80' lang='lat' dir='ltr'>ejus,</span> 
     </span>
    </p>

    <p class='ocr_par' dir='ltr' id='par_1_7' title="bbox 102 2899 2002 3019">
     <span class='ocr_line' id='line_1_43' title="bbox 157 2899 1999 2957; baseline 0.002 -14"><span class='ocrx_word' id='word_1_440' title='bbox 157 2899 225 2945; x_wconf 89' lang='lat' dir='ltr'>Ad</span> <span class='ocrx_word' id='word_1_441' title='bbox 242 2904 447 2955; x_wconf 68' lang='lat' dir='ltr'>quintum</span> <span class='ocrx_word' id='word_1_442' title='bbox 459 2899 726 2957; x_wconf 89' lang='lat' dir='ltr'>dicendum,</span> <span class='ocrx_word' id='word_1_443' title='bbox 740 2899 865 2956; x_wconf 83' lang='lat' dir='ltr'>qued</span> <span class='ocrx_word' id='word_1_444' title='bbox 884 2899 1150 2943; x_wconf 88' lang='lat' dir='ltr'>innocentia</span> <span class='ocrx_word' id='word_1_445' title='bbox 1165 2900 1384 2956; x_wconf 87' lang='lat' dir='ltr'>patientis</span> <span class='ocrx_word' id='word_1_446' title='bbox 1405 2899 1574 2943; x_wconf 90' lang='lat' dir='ltr'>minuit</span> <span class='ocrx_word' id='word_1_447' title='bbox 1593 2899 1798 2944; x_wconf 91' lang='lat' dir='ltr'>dolorem</span> <span class='ocrx_word' id='word_1_448' title='bbox 1819 2901 1999 2957; x_wconf 80' lang='lat' dir='ltr'>passio-</span> 
     </span>
     <span class='ocr_line' id='line_1_44' title="bbox 102 2961 2002 3019; baseline 0.002 -14"><span class='ocrx_word' id='word_1_449' title='bbox 102 2961 178 3005; x_wconf 90' lang='lat' dir='ltr'>nis</span> <span class='ocrx_word' id='word_1_450' title='bbox 199 2966 427 3019; x_wconf 82' lang='lat' dir='ltr'>quantum</span> <span class='ocrx_word' id='word_1_451' title='bbox 452 2962 508 3006; x_wconf 90' lang='lat' dir='ltr'>ad</span> <span class='ocrx_word' id='word_1_452' title='bbox 531 2974 798 3019; x_wconf 84' lang='lat' dir='ltr'>numerum,</span> <span class='ocrx_word' id='word_1_453' title='bbox 820 2962 931 3018; x_wconf 89' lang='lat' dir='ltr'>quia</span> <span class='ocrx_word' id='word_1_454' title='bbox 951 2966 1057 3006; x_wconf 80' lang='lat' dir='ltr'>cum</span> <span class='ocrx_word' id='word_1_455' title='bbox 1087 2975 1262 3006; x_wconf 91' lang='lat' dir='ltr'>nocens</span> <span class='ocrx_word' id='word_1_456' title='bbox 1284 2962 1471 3018; x_wconf 85' lang='lat' dir='ltr'>patitur,</span> <span class='ocrx_word' id='word_1_457' title='bbox 1489 2962 1615 3006; x_wconf 89' lang='lat' dir='ltr'>dolet</span> <span class='ocrx_word' id='word_1_458' title='bbox 1637 2975 1730 3005; x_wconf 90' lang='lat' dir='ltr'>non</span> <span class='ocrx_word' id='word_1_459' title='bbox 1766 2962 1919 3007; x_wconf 83' lang='lat' dir='ltr'>solum</span> <span class='ocrx_word' id='word_1_460' title='bbox 1941 2964 2002 3009; x_wconf 88' lang='lat' dir='ltr'>de</span> 
     </span>
    </p>
   </div>
   <div class='ocr_carea' id='block_1_5' title="bbox 101 3024 2147 3082">
    <p class='ocr_par' dir='ltr' id='par_1_8' title="bbox 101 3024 2147 3082">
     <span class='ocr_line' id='line_1_45' title="bbox 101 3024 2147 3082; baseline 0.002 -14"><span class='ocrx_word' id='word_1_461' title='bbox 101 3035 259 3080; x_wconf 87' lang='lat' dir='ltr'>poena,</span> <span class='ocrx_word' id='word_1_462' title='bbox 294 3025 375 3069; x_wconf 89' lang='lat' dir='ltr'>sed</span> <span class='ocrx_word' id='word_1_463' title='bbox 409 3025 547 3069; x_wconf 88' lang='lat' dir='ltr'>etiam</span> <span class='ocrx_word' id='word_1_464' title='bbox 571 3026 627 3070; x_wconf 92' lang='lat' dir='ltr'>de</span> <span class='ocrx_word' id='word_1_465' title='bbox 648 3025 809 3082; x_wconf 67' lang='lat' dir='ltr'>culpa,</span> <span class='ocrx_word' id='word_1_466' title='bbox 835 3025 1062 3070; x_wconf 91' lang='lat' dir='ltr'>innocens</span> <span class='ocrx_word' id='word_1_467' title='bbox 1093 3033 1248 3070; x_wconf 89' lang='lat' dir='ltr'>autem</span> <span class='ocrx_word' id='word_1_468' title='bbox 1269 3026 1421 3069; x_wconf 80' lang='lat' dir='ltr'>solum</span> <span class='ocrx_word' id='word_1_469' title='bbox 1455 3024 1513 3069; x_wconf 93' lang='lat' dir='ltr'>de</span> <span class='ocrx_word' id='word_1_470' title='bbox 1547 3037 1718 3082; x_wconf 80' lang='lat' dir='ltr'>poena:</span> <span class='ocrx_word' id='word_1_471' title='bbox 1743 3025 1820 3081; x_wconf 91' lang='lat' dir='ltr'>qui</span> <span class='ocrx_word' id='word_1_472' title='bbox 1845 3031 1999 3071; x_wconf 91' lang='lat' dir='ltr'>tamen</span> <span class='ocrx_word' id='word_1_473' title='bbox 2062 3041 2095 3056; x_wconf 67' lang='grc'>-’</span> <span class='ocrx_word' id='word_1_474' title='bbox 2145 3044 2147 3056; x_wconf 61' lang='lat'>2</span> 
     </span>
    </p>
   </div>
   <div class='ocr_carea' id='block_1_6' title="bbox 101 3085 2000 3392">
    <p class='ocr_par' dir='ltr' id='par_1_9' title="bbox 101 3085 2000 3329">
     <span class='ocr_line' id='line_1_46' title="bbox 101 3085 2000 3144; baseline 0.001 -14"><span class='ocrx_word' id='word_1_475' title='bbox 101 3085 287 3131; x_wconf 86' lang='lat' dir='ltr'>dolorin</span> <span class='ocrx_word' id='word_1_476' title='bbox 304 3099 359 3130; x_wconf 89' lang='lat' dir='ltr'>eo</span> <span class='ocrx_word' id='word_1_477' title='bbox 371 3093 567 3143; x_wconf 77' lang='lat' dir='ltr'>augetur</span> <span class='ocrx_word' id='word_1_478' title='bbox 576 3100 633 3131; x_wconf 82' lang='lat' dir='ltr'>ex</span> <span class='ocrx_word' id='word_1_479' title='bbox 646 3088 927 3141; x_wconf 88' lang='lat' dir='ltr'>innocentia,</span> <span class='ocrx_word' id='word_1_480' title='bbox 945 3088 1225 3144; x_wconf 86' lang='lat' dir='ltr'>inquantum</span> <span class='ocrx_word' id='word_1_481' title='bbox 1239 3087 1544 3144; x_wconf 86' lang='lat' dir='ltr'>apprehendit</span> <span class='ocrx_word' id='word_1_482' title='bbox 1554 3092 1888 3131; x_wconf 87' lang='lat' dir='ltr'>nocumentum</span> <span class='ocrx_word' id='word_1_483' title='bbox 1900 3087 2000 3132; x_wconf 86' lang='lat' dir='ltr'>illa-</span> 
     </span>
     <span class='ocr_line' id='line_1_47' title="bbox 102 3148 1996 3207; baseline 0.002 -15"><span class='ocrx_word' id='word_1_484' title='bbox 102 3151 203 3192; x_wconf 90' lang='lat' dir='ltr'>tum</span> <span class='ocrx_word' id='word_1_485' title='bbox 226 3152 279 3192; x_wconf 90' lang='lat' dir='ltr'>ut</span> <span class='ocrx_word' id='word_1_486' title='bbox 299 3150 451 3204; x_wconf 82' lang='lat' dir='ltr'>magis</span> <span class='ocrx_word' id='word_1_487' title='bbox 474 3149 736 3194; x_wconf 85' lang='lat' dir='ltr'>indebitum</span> <span class='ocrx_word' id='word_1_488' title='bbox 758 3162 769 3193; x_wconf 74' lang='grc' dir='ltr'><strong><em>ε</em></strong></span> <span class='ocrx_word' id='word_1_489' title='bbox 802 3149 928 3194; x_wconf 89' lang='lat' dir='ltr'>unde</span> <span class='ocrx_word' id='word_1_490' title='bbox 951 3149 1091 3194; x_wconf 84' lang='lat' dir='ltr'>etiam</span> <span class='ocrx_word' id='word_1_491' title='bbox 1112 3155 1159 3194; x_wconf 91' lang='lat' dir='ltr'>et</span> <span class='ocrx_word' id='word_1_492' title='bbox 1181 3150 1256 3193; x_wconf 87' lang='lat' dir='ltr'>alii</span> <span class='ocrx_word' id='word_1_493' title='bbox 1288 3150 1438 3206; x_wconf 81' lang='lat' dir='ltr'>magis</span> <span class='ocrx_word' id='word_1_494' title='bbox 1460 3153 1573 3194; x_wconf 88' lang='lat' dir='ltr'>sunt</span> <span class='ocrx_word' id='word_1_495' title='bbox 1595 3148 1996 3207; x_wconf 82' lang='lat' dir='ltr'>reprehensibiles,</span> 
     </span>
     <span class='ocr_line' id='line_1_48' title="bbox 101 3209 1997 3268; baseline -0.001 -13"><span class='ocrx_word' id='word_1_496' title='bbox 101 3210 142 3255; x_wconf 90' lang='lat' dir='ltr'>si</span> <span class='ocrx_word' id='word_1_497' title='bbox 165 3209 208 3255; x_wconf 89' lang='lat' dir='ltr'>ei</span> <span class='ocrx_word' id='word_1_498' title='bbox 226 3222 320 3254; x_wconf 89' lang='lat' dir='ltr'>non</span> <span class='ocrx_word' id='word_1_499' title='bbox 339 3211 703 3268; x_wconf 83' lang='lat' dir='ltr'>compatiuntur,</span> <span class='ocrx_word' id='word_1_500' title='bbox 721 3212 981 3256; x_wconf 81' lang='lat' dir='ltr'>secundum</span> <span class='ocrx_word' id='word_1_501' title='bbox 1014 3211 1129 3256; x_wconf 89' lang='lat' dir='ltr'>illud</span> <span class='ocrx_word' id='word_1_502' title='bbox 1153 3214 1255 3266; x_wconf 90' lang='lat' dir='ltr'>(lsa.</span> <span class='ocrx_word' id='word_1_503' title='bbox 1278 3226 1381 3268; x_wconf 74' lang='grc' dir='ltr'>ινιι,</span> <span class='ocrx_word' id='word_1_504' title='bbox 1407 3212 1450 3268; x_wconf 81' lang='grc'>1)</span> <span class='ocrx_word' id='word_1_505' title='bbox 1472 3224 1484 3255; x_wconf 91' lang='lat'>:</span> <span class='ocrx_word' id='word_1_506' title='bbox 1505 3214 1662 3255; x_wconf 73' lang='lat' dir='ltr'>Iustus</span> <span class='ocrx_word' id='word_1_507' title='bbox 1681 3213 1835 3253; x_wconf 81' lang='lat' dir='ltr'>autem</span> <span class='ocrx_word' id='word_1_508' title='bbox 1861 3213 1997 3267; x_wconf 77' lang='lat' dir='ltr'>perit,</span> 
     </span>
     <span class='ocr_line' id='line_1_49' title="bbox 102 3275 1024 3329; baseline 0.003 -14"><span class='ocrx_word' id='word_1_509' title='bbox 102 3276 148 3315; x_wconf 81' lang='lat' dir='ltr'>et</span> <span class='ocrx_word' id='word_1_510' title='bbox 167 3286 259 3317; x_wconf 81' lang='lat' dir='ltr'>non</span> <span class='ocrx_word' id='word_1_511' title='bbox 287 3276 352 3316; x_wconf 79' lang='lat' dir='ltr'>est</span> <span class='ocrx_word' id='word_1_512' title='bbox 374 3276 450 3328; x_wconf 71' lang='lat' dir='ltr'>quc·</span> <span class='ocrx_word' id='word_1_513' title='bbox 471 3278 688 3329; x_wconf 72' lang='lat' dir='ltr'>recoqitet</span> <span class='ocrx_word' id='word_1_514' title='bbox 707 3277 753 3316; x_wconf 78' lang='lat' dir='ltr'>in</span> <span class='ocrx_word' id='word_1_515' title='bbox 773 3275 906 3317; x_wconf 76' lang='lat' dir='ltr'>corde</span> <span class='ocrx_word' id='word_1_516' title='bbox 928 3287 1024 3318; x_wconf 79' lang='lat' dir='ltr'>sue.</span> 
     </span>
    </p>

    <p class='ocr_par' dir='ltr' id='par_1_10' title="bbox 156 3333 1997 3392">
     <span class='ocr_line' id='line_1_50' title="bbox 156 3333 1997 3392; baseline -0.001 -12"><span class='ocrx_word' id='word_1_517' title='bbox 156 3336 224 3380; x_wconf 91' lang='lat' dir='ltr'>Ad</span> <span class='ocrx_word' id='word_1_518' title='bbox 245 3339 421 3378; x_wconf 77' lang='lat' dir='ltr'>sextum</span> <span class='ocrx_word' id='word_1_519' title='bbox 444 3335 715 3388; x_wconf 88' lang='lat' dir='ltr'>dicendum,</span> <span class='ocrx_word' id='word_1_520' title='bbox 745 3335 871 3392; x_wconf 82' lang='lat' dir='ltr'>qued</span> <span class='ocrx_word' id='word_1_521' title='bbox 897 3336 1105 3380; x_wconf 90' lang='lat' dir='ltr'>Christus</span> <span class='ocrx_word' id='word_1_522' title='bbox 1124 3336 1269 3380; x_wconf 86' lang='lat' dir='ltr'>voluit</span> <span class='ocrx_word' id='word_1_523' title='bbox 1297 3347 1447 3392; x_wconf 85' lang='lat' dir='ltr'>genus</span> <span class='ocrx_word' id='word_1_524' title='bbox 1466 3335 1725 3378; x_wconf 90' lang='lat' dir='ltr'>humanum</span> <span class='ocrx_word' id='word_1_525' title='bbox 1749 3333 1776 3378; x_wconf 76' lang='lat' dir='ltr'>a</span> <span class='ocrx_word' id='word_1_526' title='bbox 1798 3334 1997 3392; x_wconf 83' lang='lat' dir='ltr'>peccatis</span> 
     </span>
    </p>
   </div>
   <div class='ocr_carea' id='block_1_7' title="bbox 100 3470 1997 3565">
    <p class='ocr_par' dir='ltr' id='par_1_11' title="bbox 100 3470 1997 3565">
     <span class='ocr_line' id='line_1_51' title="bbox 141 3470 1997 3517; baseline -0.002 -9"><span class='ocrx_word' id='word_1_527' title='bbox 141 3475 184 3516; x_wconf 70' lang='lat' dir='ltr'>(ll</span> <span class='ocrx_word' id='word_1_528' title='bbox 197 3475 354 3509; x_wconf 77' lang='lat' dir='ltr'>Attamen</span> <span class='ocrx_word' id='word_1_529' title='bbox 374 3486 440 3508; x_wconf 87' lang='lat' dir='ltr'>non</span> <span class='ocrx_word' id='word_1_530' title='bbox 464 3474 690 3514; x_wconf 79' lang='lat' dir='ltr'>improbabile</span> <span class='ocrx_word' id='word_1_531' title='bbox 713 3477 762 3509; x_wconf 84' lang='lat' dir='ltr'>est</span> <span class='ocrx_word' id='word_1_532' title='bbox 779 3474 927 3517; x_wconf 80' lang='lat' dir='ltr'>aliquam</span> <span class='ocrx_word' id='word_1_533' title='bbox 950 3475 1138 3516; x_wconf 77' lang='lat' dir='ltr'>purgatorii</span> <span class='ocrx_word' id='word_1_534' title='bbox 1156 3486 1288 3517; x_wconf 80' lang='lat' dir='ltr'>poenam</span> <span class='ocrx_word' id='word_1_535' title='bbox 1311 3485 1380 3509; x_wconf 86' lang='lat' dir='ltr'>esse</span> <span class='ocrx_word' id='word_1_536' title='bbox 1396 3474 1509 3508; x_wconf 84' lang='lat' dir='ltr'>minus</span> <span class='ocrx_word' id='word_1_537' title='bbox 1527 3473 1683 3508; x_wconf 78' lang='lat' dir='ltr'>acerbam</span> <span class='ocrx_word' id='word_1_538' title='bbox 1713 3472 1821 3515; x_wconf 81' lang='lat' dir='ltr'>quoad</span> <span class='ocrx_word' id='word_1_539' title='bbox 1839 3470 1997 3507; x_wconf 81' lang='lat' dir='ltr'>intensio-</span> 
     </span>
     <span class='ocr_line' id='line_1_52' title="bbox 100 3522 687 3565; baseline -0.003 -7"><span class='ocrx_word' id='word_1_540' title='bbox 100 3534 179 3558; x_wconf 87' lang='lat' dir='ltr'>nem</span> <span class='ocrx_word' id='word_1_541' title='bbox 192 3524 292 3565; x_wconf 70' lang='lat' dir='ltr'>qnam</span> <span class='ocrx_word' id='word_1_542' title='bbox 312 3523 416 3558; x_wconf 79' lang='lat' dir='ltr'>suerit</span> <span class='ocrx_word' id='word_1_543' title='bbox 438 3535 533 3564; x_wconf 85' lang='lat' dir='ltr'>poena</span> <span class='ocrx_word' id='word_1_544' title='bbox 549 3522 687 3557; x_wconf 86' lang='lat' dir='ltr'>Christi.</span> 
     </span>
    </p>
   </div>
   <div class='ocr_carea' id='block_1_8' title="bbox 2161 1403 2170 1468">
    <p class='ocr_par' dir='ltr' id='par_1_12' title="bbox 2161 1403 2170 1468">
     <span class='ocr_line' id='line_1_53' title="bbox 2161 1403 2170 1468; baseline 0 0"><span class='ocrx_word' id='word_1_545' title='bbox 2161 1403 2170 1468; x_wconf 72' lang='grc' dir='ltr'>ἐ</span> 
     </span>
    </p>
   </div>
   <div class='ocr_carea' id='block_1_9' title="bbox 2115 2265 2170 3808">
    <p class='ocr_par' dir='ltr' id='par_1_13' title="bbox 2115 2265 2170 3808">
     <span class='ocr_line' id='line_1_54' title="bbox 2115 2265 2170 3808; baseline 0 0"><span class='ocrx_word' id='word_1_546' title='bbox 2115 2265 2170 3808; x_wconf 95' lang='lat' dir='ltr'> </span> 
     </span>
    </p>
   </div>
  </div>
 </body>
</html>
