2170 3808
199 302 280 344 196
772 297 971 350 QUAEST.
1003 296 1129 348 XXII,
1158 295 1280 338 ART.
1309 295 1345 338 ll
1372 296 1438 338 ET
1466 296 1535 339 111.

199 382 486 427 sanctificata
511 392 634 425 novo
665 379 805 425 modo
826 378 967 423 fuerit
988 379 1064 433 (1),
1090 377 1268 422 scilicet
1295 381 1348 422 ut
1376 376 1528 423 hostia
1551 377 1795 422 actualiter
1829 382 1942 422 tunc
1976 378 2107 424 exhi-
2168 357 2170 359 ¹

198 444 294 490 bita
316 460 326 488 :
349 443 599 500 acquisivit
632 442 758 487 enim
785 441 1014 485 actualem
1045 439 1209 483 hostiae
1239 439 1652 484 sanctificatIOnem
1682 444 1797 484 tunc
1824 451 1883 484 ex
1915 440 2106 498 antiqua

198 507 421 551 charitate
444 510 490 550 et
508 503 655 560 gratia
684 503 874 548 unionis
897 502 1219 548 sanctificante
1241 502 1454 546 eamdem
1476 500 1705 547 absolute.

338 568 688 611 ARTICULUS
704 569 785 610 111.
808 590 865 598 —
881 578 1017 609 urium
1033 577 1240 608 ermerus
1260 577 1505 607 SAcnnnoril
1526 576 1687 608 cnms‘rl
1702 577 1764 608 su·
1778 575 1967 608 nxpmno

969 639 1241 669 ΡΕοοΑΤοιιιιιιι
1263 628 1339 681 (2).

252 692 318 736 Ad
337 691 523 736 tertium
543 690 613 735 sic
628 683 912 747 proceditur.
929 692 974 732 1.
993 689 1183 733 Videtur
1207 688 1334 745 quod
1358 687 1551 733 effectus
1570 688 1813 734 sacerdotii
1829 688 1993 734 Christi
2009 701 2103 735 non

198 753 261 798 sit
268 752 479 811 expiatio
503 757 821 809 peccatorum.
848 749 998 794 Solius
1018 749 1145 794 enim
1160 750 1236 794 Dei
1257 754 1329 795 est
1351 755 1540 807 peccata
1560 750 1731 807 delere,
1757 750 2018 795 secundum
2045 750 2105 795 il-

197 806 279 860 lud
300 818 563 871 ¹(lsa.xL111,
591 817 704 869 25).
732 818 827 870 qu
856 826 957 856 sam
981 815 1058 869 qui
1099 813 1227 857 deleo
1256 815 1520 869 iniquitates
1548 818 1650 858 tuas
1668 815 1863 870 propter
1890 808 1975 858 me'.
2015 813 2103 862 Sed

197 878 406 923 Christus
422 889 516 921 non
535 880 608 921 est
631 875 854 921 sacerdos
872 875 1133 919 secundum
1149 874 1276 931 quod
1286 878 1424 932 DeuS,
1443 876 1525 921 sed
1534 876 1795 920 secundum
1807 874 1934 932 quod
1945 874 2098 921 homo.

199 941 318 995 Ergo
340 938 653 984 sacerdotium
677 936 843 982 Christi
860 948 955 980 non
971 942 1042 981 est
1065 937 1351 993 expiativum
1370 941 1685 993 peccatorum.

254 1004 297 1046 2.
327 1004 569 1053 Praeterea,
589 999 839 1057 Apostolus
858 999 971 1044 dicit
989 998 1115 1052 (Heb
1145 1013 1189 1055 x,
1213 1000 1275 1055 1),
1297 998 1422 1056 quod
1450 999 1612 1044 hostiae
1629 999 1799 1045 veteris
1823 999 2103 1045 Testamenti

201 1076 287 1108 non
298 1066 515 1120 poterant
539 1064 766 1119 perfectos
791 1063 962 1119 facere,
990 1061 1195 1116 alioquin
1217 1065 1466 1106 cessassent
1489 1063 1660 1117 offerri,
1693 1064 1743 1106 ec)
1781 1061 1901 1117 quod
1924 1061 2101 1105 nullam

197 1126 419 1170 haberent
442 1127 767 1169 conscientiam
779 1125 1169 1181 peccaticultores
1195 1126 1482 1180 sufficienter,
1513 1125 1652 1168 semel
1680 1126 1925 1181 mandati5
1945 1126 2028 1169 sed
2054 1128 2102 1169 in

196 1190 308 1243 ipsis
346 1191 713 1231 commemoratio
740 1191 1035 1244 peccatorum
1061 1200 1146 1244 per
1171 1188 1370 1244 sinqulos
1394 1201 1535 1231 annos
1564 1189 1634 1243 fit.
1662 1187 1750 1232 Sed
1782 1157 1994 1231 Similiter
2012 1186 2102 1232 sub

197 1250 456 1295 sacerdotio
486 1249 649 1295 Christi
681 1249 733 1294 fit
762 1249 1145 1294 commemoratio
1180 1255 1500 1305 peccatorum,
1535 1250 1643 1293 cum
1676 1248 1846 1294 dicitur
1871 1263 1884 1293 z
1912 1252 2102 1294 Dimitte

195 1312 320 1355 nobis
350 1314 504 1357 debita
522 1316 684 1356 nostra
714 1313 889 1366 (Matth.
916 1325 975 1368 vt,
1003 1314 1092 1366 12).
1119 1311 1320 1356 Offertur
1342 1311 1485 1356 etiam
1510 1311 1732 1356 continue
1752 1310 2029 1356 sacrificium
2052 1310 2098 1356 in

195 1374 417 1430 Ecclesia,
451 1374 579 1420 unde
602 1378 648 1419 et
677 1373 851 1419 ibidem
874 1374 1043 1419 dicitur
1064 1378 1267 1418 :Panem
1297 1378 1501 1418 nostrum
1532 1376 1851 1430 quotidianum
1882 1375 1945 1418 da
1976 1374 2098 1419 nobis

194 1436 347 1481 hodie.
372 1439 491 1494 Ergo
514 1449 598 1494 per
616 1435 929 1482 sacerdotium
952 1436 1118 1480 Christi
1143 1449 1238 1480 non
1263 1436 1513 1493 expiantur
1535 1440 1742 1492 peccata.

250 1501 290 1544 3.
312 1501 552 1558 Praeterea,
573 1498 623 1542 in
639 1498 784 1543 veteri
804 1498 908 1554 lege
928 1498 1131 1542 maxime
1147 1498 1473 1543 immolabatur
1490 1498 1648 1543 hircus
1667 1511 1750 1555 pro
1765 1510 1906 1554 pecca
1914 1503 1957 1542 to
1976 1497 2102 1555 prin-

194 1560 326 1617 cipis,
350 1561 426 1606 vel
445 1574 583 1618 capra
606 1572 690 1618 pro
708 1566 900 1618 peccato
918 1560 1118 1617 aliqu‘us
1136 1560 1193 1605 de
1216 1562 1405 1618 populo,
1427 1561 1502 1606 vel
1517 1560 1693 1605 vitulus
1711 1573 1796 1617 pro
1815 1565 2008 1617 peccato
2025 1572 2099 1606 sa-

193 1621 411 1679 cerdotis,
446 1629 499 1667 ut
525 1627 653 1679 patet
680 1622 840 1678 (Levit.
877 1625 949 1678 ιν).
982 1623 1069 1668 Sed
1092 1621 1299 1667 Christus
1331 1622 1447 1667 nulli
1477 1624 1646 1668 horum
1675 1627 1987 1678 comparatur,
2016 1623 2100 1669 sed

194 1694 333 1739 agno,
356 1685 616 1729 secundum
634 1684 749 1729 illud
774 1686 954 1739 (Jerem.
979 1698 1039 1741 xi,
1067 1686 1167 1738 19>2
1192 1688 1289 1740 qu
1307 1689 1438 1740 quasi
1453 1698 1597 1742 aqnas
1612 1688 1889 1741 mansuetus,
1904 1688 1981 1740 qai
1993 1697 2101 1741 por-

192 1748 321 1789 tatur
337 1748 403 1790 ad
420 1749 665 1791 victimam.
692 1749 811 1804 Ergo
829 1746 1014 1792 videtur
1028 1746 1154 1804 quod
1173 1746 1276 1803 ejus
1297 1747 1608 1792 sacerdotium
1622 1760 1718 1791 non
1739 1746 1800 1791 sit
1816 1746 2099 1803 expiativum

192 1813 505 1864 peccatorum.

248 1870 336 1915 Sed
361 1875 521 1916 contra
543 1876 615 1916 est
637 1870 764 1928 quod
792 1870 1038 1928 Apostolus
1062 1870 1172 1916 dicit
1197 1870 1427 1928 (Hebr.1x,
1448 1874 1554 1925 14):
1578 1874 1773 1929 Sanquis
1797 1872 1989 1927 Christi,
2021 1875 2100 1928 qui
2159 1915 2170 1925 ‚

191 1944 275 1988 per
300 1935 527 1989 Spiritum
556 1938 765 1978 sanctum
788 1937 982 1990 seipsum
1015 1933 1178 1977 obtulit
1201 1934 1550 1977 immacalatam
1574 1938 1683 1990 Deo,
1714 1934 1976 1977 emundabit
2001 1947 2100 1978 con-

192 1997 429 2039 scientiam
451 2000 658 2039 nostram
683 1997 741 2039 ab
765 1996 973 2052 operibus
998 1998 1206 2052 mortuis,
1238 1997 1303 2039 ad
1331 1997 1618 2040 serviendum
1639 2000 1732 2040 Deo
1748 1999 1930 2040 viventi.
1952 1998 2098 2053 Opera

192 2060 348 2102 autem
372 2063 557 2102 mortua
589 2058 810 2103 dicuntur
830 2061 1035 2114 peccata.
1057 2059 1175 2114 Ergo
1194 2058 1506 2103 sacerdotium
1540 2058 1703 2102 Christi
1722 2057 1862 2103 habet
1879 2058 2097 2104 virtutem

191 2119 476 2164 emundandi
497 2125 705 2176 peccata.

240 2187 535 2227 CONCLUSIO.
564 2209 609 2216 -
638 2188 744 2228 Cum
765 2189 919 2228 virtute
938 2186 1094 2228 Christi
1116 2185 1263 2227 collata
1283 2187 1406 2227 fuerit
1425 2188 1544 2227 nobis
1557 2186 1868 2239 Justificationis
1886 2190 2033 2238 gratia,
2056 2191 2098 2229 et

192 2243 378 2284 Christus
398 2255 470 2295 pro
493 2244 611 2283 nobis
632 2244 752 2295 plene-
772 2243 1024 2292 satisfecerit,
1047 2242 1137 2295 ejus
1155 2243 1428 2284 sacerdotium
1446 2243 1614 2297 plenam
1627 2244 1716 2285 vim
1736 2244 1886 2296 peccati
1903 2243 2096 2296 expiandi
2163 2248 2170 2250 “

191 2297 386 2338 habuisse
646 2329 658 2339 .

247 2302 786 2418 Βεεροιοιέἑζᾝίἶῖιιᾱιιιιι
802 2361 927 2418 quod
948 2360 1006 2405 ad
1027 2358 1324 2417 peccatorum
1339 2361 1590 2418 perfectam
1606 2360 1984 2406 emundationem
2001 2360 2096 2408 duo

190 2424 512 2481 requiruntur,
536 2423 797 2469 secundum
829 2423 954 2480 quod
984 2424 1077 2468 duo
1100 2428 1212 2468 sunt
1230 2424 1278 2468 in
1303 2429 1511 2482 peccato,
1545 2425 1722 2470 scilicet
1742 2424 1925 2468 macula
1947 2424 2096 2482 culpae

190 2491 237 2531 et
255 2491 412 2532 reatus
427 2498 595 2543 poenae.
613 2486 786 2530 Macula
806 2486 996 2542 quidem
1014 2485 1164 2542 culpae
1179 2486 1361 2531 deletur
1381 2500 1463 2543 per
1484 2488 1698 2544 gratiam,
1720 2489 1814 2544 qua
1832 2499 1914 2531 cor
1935 2498 2095 2544 pecca-

191 2548 303 2593 toris
313 2547 597 2594 convertitur
611 2548 660 2591 in
676 2551 821 2592 Deum
837 2552 1019 2602 3reatus
1031 2552 1189 2592 autem
1197 2560 1349 2605 poenae
1366 2548 1566 2593 totaliter
1582 2548 1758 2593 tollitur
1770 2560 1852 2605 per
1866 2548 1956 2593 hcc
1969 2548 2093 2606 quod
2166 2561 2168 2563 “

189 2611 328 2655 homo
350 2612 438 2654 Deo
454 2608 695 2653 satisfacit.
713 2611 967 2665 Utrumque
985 2614 1142 2653 autem
1159 2610 1324 2653 horum
1344 2609 1487 2654 efficit
1506 2609 1818 2655 sacerdotium
1837 2610 2003 2655 Christi
2015 2612 2091 2667 (3).

189 2675 303 2717 Nam
323 2672 491 2717 virtute
515 2671 663 2728 ipsius
696 2671 845 2727 gratia
867 2670 1003 2715 nobis
1025 2671 1178 2730 datur,
1208 2674 1303 2728 qua
1330 2671 1471 2716 corda
1495 2678 1655 2717 nostra
1674 2677 2012 2717 convertuntur
2034 2672 2094 2720 ad

189 2737 348 2790 Deum,
373 2733 633 2778 secundum
652 2732 769 2777 illud
790 2735 936 2787 (Rom.
958 2746 1018 2785 ιιι,
1050 2734 1146 2786 ἔξιθι
1174 2734 1422 2787 Justificati
1450 2737 1596 2789 aratis
1611 2746 1696 2789 per
1716 2735 1921 2789 qratiam
1953 2737 2095 2790 ipsias

187 2810 270 2853 per
286 2798 658 2853 redemptionem,
682 2807 777 2851 quae
796 2798 864 2838 est
876 2798 923 2838 in
948 2795 1132 2838 Christo
1149 2798 1271 2851 Jesa,
1293 2808 1423 2851 quem
1438 2799 1677 2852 proposuit
1694 2799 1813 2838 Deus
1827 2799 2096 2852 propitiato-

188 2872 284 2902 rem
306 2872 390 2915 per
410 2859 542 2912 fidem
565 2860 615 2901 in
640 2859 859 2913 sanquine
882 2859 1041 2913 ipsius.
1072 2859 1177 2913 Ipse
1201 2856 1340 2901 etiam
1362 2870 1445 2913 pro
1467 2857 1602 2901 nobis
1624 2856 1830 2913 plenarie
1852 2857 2091 2917 satisfecit,

187 2921 463 2979 inquantum
486 2920 587 2977 ipse
608 2920 852 2976 lanqzcores
864 2922 1042 2962 nostros
1056 2919 1180 2975 tulit,
1197 2922 1242 2963 et
1258 2919 1392 2963 dolor
1394 2933 1439 2963 es
1459 2923 1638 2963 nostros
1654 2922 1748 2976 ipse
1765 2932 1851 2975 por
1855 2922 1971 2964 tavit
1990 2923 2090 2976 (isa.

187 2996 277 3041 mn,
298 2986 360 3038 4).
394 2983 524 3028 Unde
556 2985 685 3039 patet
704 2981 830 3040 quod
853 2980 1020 3026 Christi
1047 2980 1362 3065 sacerdotium
1384 2981 1525 3027 hahet
1545 2982 1735 3038 plenam
1758 2981 1853 3025 vim
1876 2982 2092 3039 expiandi
2122 3000 2124 3002 ’

188 3048 539 3163 pefidatyzirifiiam
564 3117 678 3162 ergo
715 3105 983 3162 dicendum,
1019 3105 1145 3162 quod
1174 3104 1281 3149 licet
1310 3106 1519 3150 Christus
1561 3118 1654 3150 non
1691 3105 1830 3150 fuerit
1858 3105 2088 3162 sacerdos,

186 3179 266 3213 sec
268 3168 447 3212 undum
471 3167 597 3224 quod
611 3171 750 3225 Deus,
773 3168 858 3213 sed
876 3167 1136 3213 secundum
1156 3167 1281 3224 quod
1301 3168 1457 3226 homo,
1482 3180 1607 3212 unus
1634 3171 1790 3211 tamen
1806 3172 1852 3212 et
1869 3167 1993 3213 idem
2008 3166 2092 3212 fuit

226 3270 270 3311 (1)
293 3268 367 3304 Non
388 3281 448 3310 per
470 3271 687 3311 adoptionem
714 3283 808 3308 novae
829 3271 1035 3312 sanctitatis,
1060 3274 1098 3305 nt
1226 3270 1271 3312 (5)
1294 3271 1338 3305 Et
1356 3271 1389 3305 id
1405 3283 1444 3306 ex
1469 3272 1540 3305 toto
1556 3271 1672 3310 rigore
1696 3269 1837 3311 justitiae
1859 3274 1894 3304 et
1913 3269 1956 3305 ad
1982 3269 2091 3311 apices

189 3319 288 3360 vulgo
307 3317 396 3351 sumi
415 3316 513 3359 solet,
530 3318 586 3352 sed
599 3331 660 3359 per
678 3321 966 3355 consecrationem
977 3330 1097 3361 quam·
1181 3318 1279 3358 juris,
1308 3322 1346 3353 ut
1375 3317 1605 3353 communiter
1630 3318 1753 3352 docent
1771 3317 1941 3353 thomistae
1969 3317 2089 3360 quibus

190 3367 262 3402 dam
279 3366 315 3399 in
331 3365 495 3399 honorem
516 3370 550 3400 et
571 3366 700 3401 cultum
719 3367 792 3402 Dei.
1184 3367 1360 3402 adhaerent
1379 3367 1450 3401 alii.

225 3416 268 3455 (2)
285 3415 333 3448 De
360 3415 427 3448 {ide
447 3421 496 3449 est
524 3414 698 3449 Christum
714 3418 791 3450 vere
813 3421 846 3450 et
868 3415 1006 3457 proprie
1032 3428 1095 3456 pro
1225 3415 1367 3456 14)Ηίηο
1383 3414 1530 3449 Ecclesia
1547 3414 1751 3455 canit(hym.
1764 3413 1802 3449 in
1816 3418 1922 3455 temp.
1939 3413 2084 3455 pasch.):

186 3463 282 3497 nobis
305 3462 501 3496 satisfecisse
516 3490 525 3503 ,
542 3462 598 3497 sed
614 3474 681 3496 non
709 3463 894 3504 improprie
912 3465 1042 3498 tantum
1060 3468 1095 3499 et
1182 3463 1307 3498 Overa
1321 3463 1401 3497 eoeli
1412 3464 1559 3497 victima
1570 3463 1743 3505 Subjecta
1756 3464 1816 3496 cui
1824 3466 1910 3496 sunl
1923 3466 2086 3502 tartara,

186 3511 416 3552 metaphorice
447 3511 576 3545 scilicet
599 3510 841 3552 praedicatione
852 3538 861 3552 ‚
893 3511 1034 3546 consilio
1060 3515 1094 3547 et
1177 3512 1313 3546 Saluta
1328 3512 1454 3546 mortis
1467 3511 1630 3550 vincula,
1645 3511 1802 3554 Recepta
1817 3514 1901 3545 vitoe
1917 3509 2084 3557 praemia.

185 3559 347 3602 exemplo,
365 3564 403 3594 ut
418 3558 666 3594 contendebant
684 3559 862 3593 sociniani.

2166 3415 2169 3435 f

2164 3471 2167 3491 Ι

2164 3500 2166 3515 ,·
