2170 3808
174 255 258 298 600
718 252 919 305 QUAEST.
951 253 1138 308 vam,
1167 254 1287 296 ΛΒΤ.
1320 254 1356 296 X
1383 255 1449 298 ET
1478 256 1548 298 XI.

175 335 295 388 Ergo
318 332 497 390 absque
523 333 652 377 omni
676 333 849 389 injuria
869 340 1068 390 possunt
1089 333 1324 389 principes
1346 333 1467 378 filios
1483 334 1765 390 Iudaeorum,
1786 335 1861 381 vel
1879 334 2072 383 aliorum

177 407 419 440 servorum
439 395 698 441 infidelium
722 397 874 442 facere
897 395 1137 452 baptizari.

230 459 273 501 3.
306 459 549 513 Praeterea,
573 458 771 514 quilibet
793 458 931 502 homo
952 463 1024 502 est
1043 458 1193 512 magis
1216 457 1293 502 Dei
1308 490 1322 513 ,
1343 457 1371 502 a
1395 470 1488 514 quo
1517 460 1657 505 habet
1680 459 1886 504 animam
1902 494 1914 518 ⁷
1935 462 2074 518 quam

180 517 322 576 patris
345 520 561 577 carnalis,
586 520 615 564 a
633 533 727 576 quo
750 520 891 565 habet
911 533 1099 577 corpus.
1123 522 1222 564 Non
1246 524 1320 565 est
1352 532 1464 577 ergo
1494 522 1723 579 injustum
1754 523 1794 567 si
1817 523 1948 579 pueri
1968 524 2075 567 infi-

178 579 351 624 delium
374 581 455 626 filii
477 582 754 639 parentibus
773 582 1042 628 carnalibus
1067 583 1356 639 auferantur,
1376 588 1424 627 et
1445 585 1536 628 Deo
1561 597 1645 642 per
1667 583 1952 641 baptismum
1970 597 2076 630 con·

178 652 337 686 secren
345 646 443 691 tur.

233 704 321 748 Sed
343 709 502 749 contra
526 711 600 751 est
628 706 755 762 quod
784 707 850 759 (in
868 709 1045 751 Decret.
1066 706 1174 751 dist.
1197 709 1270 763 45,
1295 718 1399 763 cap.
1421 708 1474 762 5,
1495 719 1553 753 ex
1574 708 1740 753 concil.
1766 697 1984 753 Toletano
2012 721 2073 765 ιν,

175 776 281 810 can.
307 770 378 822 57)
402 768 471 813 sic
498 768 698 813 dicitur:
723 785 745 806 «ι
775 771 837 813 De
865 768 1036 813 Judaeis
1061 768 1271 825 praecipit
1293 773 1456 813 sancta
1492 770 1705 826 synodus
1739 770 1912 815 nemini
1940 769 2076 816 dein-

175 839 287 884 ceps
310 829 370 874 ad
391 830 678 875 credendum
701 830 798 875 vim
822 830 1020 887 inferre3
1045 843 1137 875 non
1158 831 1285 876 enim
1310 831 1427 876 tales
1451 831 1582 876 inviti
1604 832 1818 878 salvandi
1841 837 1970 889 sunt,
1992 832 2075 878 sed

176 889 405 947 volentes⁷
426 897 479 936 ut
500 893 684 948 integra
701 892 762 937 sit
779 893 930 937 forma
946 892 1156 950 justitiae.

225 959 519 1002 CONCLUSIO.
539 983 589 990 —
606 960 703 1000 Filii
727 961 990 1009 infidelium,
1010 961 1107 1002 cum
1131 965 1228 1001 ante
1257 972 1383 1001 usum
1411 960 1532 1001 liberi
1555 961 1717 1002 arbitrii
1741 963 1820 1004 sub
1857 966 2076 1015 parentum
2136 957 2163 991 ··'³''

176 1025 273 1054 cura
287 1015 388 1064 sint,
404 1027 487 1056 non
510 1020 611 1056 sunt
632 1028 678 1056 eo
696 1020 879 1067 tempore
893 1016 1040 1056 invitis
1058 1017 1297 1068 parentibus
1311 1016 1569 1068 baptizandi3
1583 1016 1777 1058 habentes
1797 1024 1932 1059 tamen
1952 1029 2076 1058 usum
2135 1009 2149 1063 ,Ϊ

176 1067 295 1109 liberi
317 1070 494 1120 arbitrii,
527 1071 622 1111 cum
652 1071 697 1110 in
722 1071 880 1111 divinis
899 1083 985 1111 suae
1011 1071 1097 1111 sint
1127 1073 1352 1122 potestatis,
1370 1072 1473 1112 recte
1491 1071 1544 1112 ad
1568 1071 1822 1124 baptismum
1851 1073 2076 1125 suscipien-
2143 1086 2152 1129 g

178 1124 282 1164 dum
298 1125 514 1166 admoneri
528 1130 652 1177 atque
666 1126 814 1167 induci
836 1130 1027 1179 possunt,

234 1188 509 1244 Respondeo
539 1189 791 1234 dicendum
813 1189 940 1247 qued
972 1189 1105 1245 pueri
1139 1189 1397 1235 infidelium
1426 1187 1509 1234 filii
1531 1195 1611 1235 aut
1631 1190 1806 1236 habent
1826 1203 1967 1237 usum
1995 1204 2076 1236 ra-
2136 1165 2161 1206 'st

182 1249 336 1305 tionis,
360 1256 442 1295 aut
475 1264 569 1296 non
599 1252 790 1297 habent.
824 1253 868 1297 Si
893 1258 1049 1296 autem
1069 1252 1258 1308 habent,
1290 1251 1389 1308 jam
1412 1256 1640 1310 quantum
1674 1254 1734 1299 ad
1762 1266 1819 1299 ea
1842 1266 1948 1311 quae
1965 1258 2077 1299 sunt
2137 1290 2143 1295 ..

174 1312 295 1369 Juris
315 1313 459 1358 divini
483 1314 559 1358 vel
591 1315 831 1365 naturalis,
867 1314 1100 1371 incipiunt
1129 1327 1227 1360 suae
1262 1315 1506 1371 potestatis
1529 1327 1663 1372 esse3
1688 1320 1735 1360 et
1764 1315 1870 1361 ideo
1892 1315 2078 1373 propria
2136 1320 2158 1364 3,

179 1373 437 1432 voluntate,
456 1375 616 1420 invitis
638 1376 928 1434 parentibus,
954 1380 1155 1432 possunt
1178 1375 1464 1432 baptismum
1488 1376 1742 1433 suscipere,
1766 1377 1888 1422 sicut
1908 1382 1956 1421 et
1972 1389 2076 1421 ma·
2138 1378 2147 1395 ²

183 1436 451 1482 trimonium
481 1441 772 1485 contrahere.
804 1442 859 1483 Et
879 1435 984 1484 ideo
1006 1439 1123 1483 tales
1155 1438 1280 1483 licite
1309 1438 1490 1483 moneri
1523 1444 1722 1496 possunt
1754 1444 1802 1484 et
1829 1440 1988 1485 induci
2018 1439 2078 1485 ad

180 1499 531 1557 suscipiendum
555 1501 857 1557 baptismum.
881 1524 937 1532 —-
967 1499 1011 1543 Si
1042 1500 1154 1544 vero
1185 1499 1394 1544 nondum
1426 1499 1602 1544 habent
1634 1512 1772 1545 usum
1795 1500 1927 1546 liberi
1950 1501 2080 1546 arbi-

182 1560 273 1616 trii„
295 1562 555 1606 secundum
578 1562 660 1618 jus
691 1561 907 1606 naturale
940 1567 1052 1606 sunt
1075 1561 1165 1605 sub
1196 1573 1309 1605 eura
1338 1566 1602 1618 parentum,
1637 1562 1862 1618 quamdiu
1880 1562 1969 1619 ipsi
1989 1562 2077 1608 sibi
2140 1599 2141 1602 ,

179 1623 423 1680 providere
447 1636 541 1669 non
572 1628 786 1681 possunt.
820 1623 949 1669 Unde
978 1623 1118 1668 etiam
1152 1623 1210 1669 de
1242 1623 1402 1679 pueris
1432 1623 1733 1679 antiquorum
1759 1624 1927 1670 dicitur
1954 1625 2078 1682 quod
2138 1651 2140 1654 >

181 1685 488 1730 salvabantur
509 1686 559 1730 in
591 1685 685 1731 fide
709 1690 971 1744 parentum.
1000 1688 1055 1730 Et
1074 1685 1177 1730 ideo
1198 1689 1362 1729 contra
1378 1684 1396 1741 j
1405 1684 1611 1729 ustitiam
1630 1685 1892 1731 naturalem
1926 1691 2076 1746 esset,

180 1747 219 1792 si
242 1747 359 1793 tales
378 1748 508 1806 pueri
531 1748 697 1793 invitis*
712 1748 988 1805 parentibus
1005 1747 1382 1804 baptizarentur3
1402 1747 1527 1792 sicut
1560 1747 1702 1792 etiam
1729 1748 1769 1793 si
1798 1749 1967 1806 aliquis
1993 1751 2079 1794 ha·

178 1807 300 1854 bens
325 1823 466 1854 usum
491 1810 685 1855 rationis
709 1810 1021 1866 baptizaretur
1043 1809 1239 1854 invitus.
1270 1812 1402 1853 Esset
1423 1809 1562 1853 etiam
1585 1809 1902 1866 periculosum
1928 1811 2078 1856 taliter

178 1871 300 1917 filios
316 1870 573 1918 infidelium
596 1873 847 1930 baptizare,
868 1873 980 1929 quia
1010 1872 1068 1917 de
1092 1872 1213 1916 facili
1237 1872 1297 1916 ad
1326 1871 1643 1916 infidelitatem
1667 1873 1874 1917 redirent
1892 1878 2080 1930 propter
2103 1919 2105 1921 ,
2142 1873 2144 1875 ’

178 1935 441 1980 naturalem
458 1935 677 1980 affectum
698 1935 758 1980 ad
786 1939 1020 1991 parentes.
1043 1936 1097 1978 Et
1126 1934 1231 1979 ideo
1251 1945 1345 1978 non
1369 1933 1509 1978 habet
1527 1934 1616 1978 hoc
1642 1934 1860 1979 Ecclesiae
1881 1947 2079 1982 consue·
2142 1935 2154 2006 <²

179 1996 309 2053 tudo,
329 1996 456 2054 quod
473 1997 555 2041 filii
573 1996 832 2042 infidelium
853 1996 1013 2040 invitis
1034 1995 1310 2052 parentibus
1331 1994 1643 2051 baptizentur.

234 2060 299 2104 Ad
318 2064 518 2117 primum
538 2072 652 2116 ergo
671 2059 942 2114 dicendum,
964 2058 1090 2115 quod
1113 2059 1138 2102 a
1158 2062 1309 2103 morte
1330 2058 1557 2114 corporali
1582 2071 1677 2103 non
1700 2063 1774 2104 est
1805 2058 1974 2117 aliquis
1993 2061 2079 2105 eri·
2144 2082 2147 2110 ς

177 2121 379 2179 piendus
411 2126 574 2167 contra
603 2122 814 2167 ordinem
839 2121 963 2177 Juris
989 2120 1171 2166 civilis:
1196 2120 1310 2177 puta
1343 2119 1383 2164 si
1414 2120 1584 2177 aliquis
1618 2120 1644 2164 a
1677 2132 1766 2166 suo
1789 2120 1948 2177 judice
1967 2134 2078 2167 con-

179 2184 427 2229 demnetur
450 2184 509 2230 ad
531 2189 746 2239 mortem,
772 2184 934 2228 nullus
951 2182 1090 2228 debet
1120 2195 1228 2228 eum
1254 2182 1487 2227 violenter
1508 2183 1536 2227 a
1564 2188 1713 2228 morte
1735 2183 1929 2239 eripere.
1950 2185 2080 2230 Unde

178 2259 269 2292 nec
290 2248 460 2305 aliquis
477 2247 618 2293 debet
636 2247 895 2304 irrumpere
914 2246 1125 2291 ordinem
1142 2246 1265 2303 juris
1287 2250 1483 2302 naturae,
1503 2259 1597 2303 quo
1617 2246 1742 2291 filius
1759 2251 1833 2291 est
1858 2246 1949 2292 sub
1965 2260 2078 2293 cura
2138 2246 2167 2302 ’ζῖ

178 2309 342 2368 patris,
365 2315 418 2355 ut
437 2322 544 2355 eum
570 2310 736 2354 liberet
760 2310 788 2353 a
807 2308 1014 2366 periculo
1033 2309 1199 2353 mortis
1220 2313 1422 2353 aeternae.

234 2373 302 2418 Ad
318 2374 564 2416 secundum
582 2372 847 2425 dicendum,
870 2372 997 2429 quod
1017 2372 1163 2416 Iudaei
1182 2376 1295 2416 sunt
1319 2371 1440 2416 servi
1472 2371 1736 2429 principum
1758 2373 1983 2419 servitute
2009 2373 2079 2419 ci·
2136 2418 2151 2422 ,

179 2434 276 2492 vili,
295 2448 401 2493 quae
422 2447 514 2480 non
535 2435 742 2480 excludit
762 2435 974 2479 ordinem
996 2435 1117 2491 iuris
1135 2434 1364 2479 naturalis
1381 2434 1458 2479 vel
1477 2434 1639 2479 divini.

232 2498 300 2544 Ad
340 2501 523 2543 tertium
554 2497 821 2553 dicendum,
847 2495 974 2553 quod
1005 2497 1144 2540 homo
1174 2496 1419 2540 ordinatur
1449 2496 1508 2541 ad
1541 2498 1683 2541 Deum
1713 2509 1798 2554 per
1825 2497 2077 2550 rationem,
2134 2535 2136 2539 .

178 2572 262 2615 per
287 2572 430 2617 quam
458 2564 601 2604 Deum
630 2570 914 2614 cognoscere
943 2562 1112 2615 potest.
1138 2557 1267 2602 Unde
1290 2569 1423 2615 puer,
1444 2558 1698 2615 antequam
1717 2570 1859 2603 usum
1882 2559 2081 2603 rationis

178 2621 363 2673 habeat„
392 2620 593 2665 naturali
614 2621 777 2665 ordine
797 2619 1044 2664 ordinatur
1071 2619 1118 2663 in
1151 2621 1295 2663 Deum
1316 2630 1400 2674 per
1418 2619 1649 2663 rationem
1669 2626 1936 2677 parentum,
1959 2633 2076 2677 quo-

177 2696 283 2728 rum
307 2697 433 2728 curae
466 2683 737 2728 naturaliter
767 2682 1004 2739 subjacet3
1034 2685 1082 2726 et
1100 2681 1362 2727 secundum
1393 2693 1555 2727 eorum
1586 2681 1940 2737 dispositionem
1965 2687 2076 2727 sunt
2140 2679 2145 2729 ζ

176 2745 303 2790 circa
324 2746 479 2802 ipsum
498 2745 657 2790 divina
675 2744 875 2801 agenda.

176 2817 524 2859 ARTICULUS
541 2817 625 2859 XI.
650 2839 707 2848 —
724 2826 862 2857 UTRUM
882 2826 1005 2857 ruam
1023 2825 1066 2856 m
1085 2825 1290 2857 unx-:nms
1308 2825 1456 2856 u'rmus
1479 2826 1612 2857 Posm
1631 2826 1723 2857 stur
1743 2827 1980 2857 mrrxzmm
1997 2816 2073 2868 (¹1).
2142 2822 2170 2847 '·

177 2886 226 2920 De
236 2885 290 2921 his
298 2885 402 2921 etiam
416 2886 511 2921 Sent.
526 2893 575 2927 lv,
591 2885 672 2921 dist.
685 2885 720 2925 6,
733 2888 851 2927 quoest.
866 2892 893 2925 ι,
917 2883 1028 2925 art.⁴‚
1043 2886 1161 2926 quoest.
1179 2891 1203 2924 Ι,
1221 2882 1343 2919 etdist.
1360 2883 1416 2925 25,
1434 2889 1549 2925 quaest.
1565 2892 1605 2925 11,
1618 2885 1855 2927 art.8‚quaest.
1866 2884 1946 2927 12³6
1962 2885 1976 2919 Ι
1992 2888 2027 2920 et
2039 2884 2074 2920 2.
2138 2883 2144 2898 ’·

231 2941 298 2986 Ad
315 2940 617 2985 undecimum
637 2940 705 2985 sic
723 2938 1002 2997 proceditur.
1025 2942 1045 2983 1
1058 2969 1068 2978 .
1088 2939 1278 2984 Videtur
1296 2938 1421 2995 quod
1443 2939 1574 2995 pueri
1605 2938 1654 2983 in
1678 2939 1904 2984 maternis
1930 2940 2075 2984 uteris

175 3003 424 3048 existentes
446 3003 628 3060 possint
650 3001 892 3058 baptizari.
910 3001 1154 3045 Efficacius
1175 3000 1302 3045 enim
1321 3007 1393 3045 est
1417 3001 1592 3046 donum
1615 3001 1776 3045 Christi
1795 3002 1853 3046 ad
1876 3002 2074 3046 salutem

175 3066 317 3123 quam
351 3071 592 3121 peceatum
623 3064 731 3110 Adae
759 3065 815 3109 ad
846 3064 1216 3120 damnationem,
1249 3068 1302 3108 ut
1323 3064 1571 3120 Apostolus
1592 3063 1702 3108 dicit
1725 3064 1869 3119 (Rom.
1897 3065 1958 3118 v).
1987 3063 2074 3108 Sed
2142 3065 2170 3126 ᾖξ’

174 3128 307 3185 pueri
330 3128 379 3171 in
413 3127 635 3172 maternis
663 3127 809 3171 uteris
833 3126 1116 3171 damnantur
1145 3132 1333 3183 propter
1356 3132 1600 3182 peccatum
1629 3125 1753 3170 Adae.
1780 3128 1898 3182 Ergo
1927 3125 2075 3170 multo
2156 3130 2166 3141 ⁴

170 3190 327 3247 magis
345 3189 513 3233 salvari
531 3193 731 3245 possunt
749 3200 833 3244 per
849 3188 1025 3233 donum
1043 3187 1236 3244 Christi3
1257 3188 1381 3244 quod
1402 3187 1589 3244 quidem
1609 3183 1662 3231 fit
1676 3199 1758 3244 per
1773 3187 2072 3244 baptismum.

173 3255 293 3309 'Ergo
315 3252 447 3308 pueri
471 3252 518 3295 in
536 3251 760 3295 maternis
782 3251 928 3296 uteris
948 3251 1202 3296 existentes
1225 3255 1423 3307 possunt
1446 3250 1682 3304 baptizari.

229 3319 274 3360 2.
304 3317 545 3370 Praeterea,
566 3326 681 3369 puer
703 3313 750 3357 in
773 3318 905 3357 utero
928 3313 1091 3357 matris
1121 3313 1329 3357 existens
1352 3312 1528 3369 aliquid
1559 3311 1721 3356 matris
1743 3321 1847 3356 esse
1876 3311 2068 3356 videtur.
2138 3305 2144 3322 ³

215 3417 485 3461 (UProbabilius
511 3416 662 3458 videtur,
675 3417 721 3451 ait
745 3417 910 3457 nillum-t,
941 3417 977 3451 in
1002 3430 1080 3452 casu
1165 3418 1373 3452 centini-ibus
1397 3422 1488 3451 auct.
1513 3416 1723 3457 Alexander,
1755 3415 1892 3455 Juenin.
1922 3415 2068 3458 Hubert,

174 3467 474 3510 posito‚ini'antem
484 3477 546 3500 nec
557 3465 665 3507 licite,
677 3478 738 3499 nec
749 3466 860 3500 validi:
873 3466 1082 3508 possebapti-
1165 3466 1395 3503 Llicrminiex·,
1418 3465 1508 3498 Gotti
1519 3492 1530 3506 ,
1546 3464 1731 3507 'soni-neh,
1753 3464 1859 3506 Berti,
1873 3468 1937 3498 etc.
1957 3467 2072 3498 eontra

175 3515 258 3550 zari.
277 3515 336 3550 Est
349 3513 514 3550 sententia
530 3513 912 3555 omniumautiquorum
928 3517 962 3548 et
977 3525 1015 3547 ex
1028 3525 1081 3549 re·
1165 3514 1328 3556 quosdam
1346 3514 1428 3548 alios
1440 3513 1655 3548 recentiores.
