2170 3808
630 254 827 307 QUAEST.
856 255 1031 310 XLVIII,
1058 257 1174 298 ART,
1208 257 1240 297 V
1267 256 1332 298 ET
1351 255 1419 298 Vl.
1880 255 1961 297 413

132 338 419 378 CONCLUSIO.
439 357 482 366 -—
506 336 751 385 Quanquam
767 335 840 374 toti
857 336 1045 374 Trinitati
1069 334 1214 374 ascribi
1240 335 1365 384 possit
1391 334 1678 384 redemptionis
1698 344 1800 384 opus
1814 335 1861 371 ut
1879 332 1961 382 pri-

96 403 163 433 nae
180 404 334 441 causa-,3
357 403 440 433 esse
462 394 597 430 tamen
618 390 925 441 redemptorem,
952 390 1160 440 proprium
1187 389 1266 427 fuit
1291 388 1448 429 Christo
1476 389 1701 428 secundum
1735 388 1963 427 humanam

94 449 302 495 maturam,
324 447 398 498 qui
422 444 636 498 proprium
652 445 900 494 sanguinem
920 448 960 484 et
983 444 1114 484 vitam
1145 443 1350 493 propriam
1377 453 1449 492 pro
1475 444 1665 482 omnium
1691 442 1963 493 redemptione

94 502 283 553 ixposuit.

137 562 410 619 Respondeo
441 560 687 606 dicendum
724 560 848 615 quod
881 559 942 605 ad
968 560 1056 604 hoc
1083 557 1206 615 quod
1232 557 1399 614 aliquis
1430 557 1642 611 redimat,
1678 559 1771 603 duo
1806 559 1961 616 requi-

90 628 268 677 runtur,
287 623 463 667 seilicet
475 625 608 665 actus
626 621 869 665 solutionis
891 626 937 666 et
965 621 1159 676 pretium
1179 619 1399 664 solutum.
1420 619 1462 664 Si
1484 620 1607 663 enim
1628 620 1793 675 aliquis
1812 621 1962 665 solvat

89 696 168 740 pro
197 684 511 740 redemptione
539 683 736 739 alicujus
768 683 831 728 rei
862 683 1078 740 pretium,
1100 682 1224 739 quod
1247 694 1340 725 non
1369 685 1440 726 est
1462 693 1619 735 suum,
1642 682 1723 725 sed
1753 682 1958 737 alterius,

88 746 184 802 ipse
211 759 306 790 non
336 747 503 792 dieitur
521 745 748 789 redimere
766 745 1095 802 principaliter,
1120 744 1201 788 sed
1233 744 1382 799 magis
1401 743 1476 787 ille
1499 742 1632 799 cujus
1651 748 1721 786 est
1743 744 1959 798 pretium.

86 806 283 852 Pretium
303 813 455 853 autem
477 806 806 863 redemptionis
830 812 1000 851 nostrae
1028 811 1099 851 est
1117 806 1308 862 sanguis
1328 805 1507 859 Christi,
1527 805 1599 848 vel
1619 804 1711 847 vita
1735 805 1775 860 ej
1784 817 1837 848 us
1855 817 1961 848 eor-

85 869 272 924 poralis,
291 881 396 926 qnae
410 873 482 914 est
495 868 543 912 in
559 868 804 924 sanguine,
822 881 961 924 quam
993 869 1092 924 ipse
1111 867 1317 911 Christus
1333 867 1544 911 exsolvit.
1570 866 1697 910 Unde
1710 872 1961 922 utrumque

84 929 275 975 istorum
307 931 367 976 ad
395 930 623 975 Christum
656 931 857 987 pertinet
885 930 1172 985 immediate,
1198 930 1475 986 inquantum
1502 933 1575 973 est
1601 930 1755 985 homo,
1779 929 1862 973 sed
1901 929 1960 973 ad

84 994 227 1036 totam
249 992 510 1036 Trinitatem
532 993 653 1036 sicut
675 992 735 1036 ad
763 1004 952 1036 causam
983 992 1179 1048 primam
1203 996 1249 1035 et
1274 995 1500 1035 remotam
1524 993 1600 1046 (1),
1624 991 1758 1046 eujus
1785 995 1883 1034 erat
1913 994 1960 1034 et

83 1050 184 1108 ipsa
204 1053 298 1098 vita
317 1052 496 1109 Christi,
517 1052 641 1097 sieut
658 1053 791 1109 primi
807 1054 1025 1106 auctoris,
1047 1058 1093 1097 et
1110 1053 1137 1095 a
1159 1065 1252 1108 qua
1274 1052 1550 1108 inspiratum
1570 1052 1656 1095 fuit
1676 1052 1761 1107 ipsi
1783 1051 1960 1096 homini

84 1114 274 1170 Christo,
309 1119 360 1158 ut
394 1119 629 1171 pateretur
657 1127 740 1171 pro
769 1114 919 1158 nobis.
945 1116 998 1157 Et
1020 1114 1125 1158 ideo
1157 1125 1261 1158 esse
1295 1112 1558 1157 immediate
1590 1114 1957 1170 Redemptorem,

82 1176 318 1233 proprium
342 1183 410 1221 est
429 1177 607 1231 Christi,
632 1177 910 1233 inquantum
939 1181 1010 1220 est
1033 1176 1197 1231 hom03
1219 1175 1432 1232 quamvis
1452 1175 1553 1231 ipsa
1574 1175 1828 1231 redemptio
1846 1188 1959 1232 pos-

82 1235 143 1281 sit
163 1237 348 1282 attribui
371 1237 578 1281 Trinitati
597 1237 716 1281 sicut
729 1237 890 1292 primae
903 1249 1057 1280 causae
1075 1238 1149 1291 (2).

134 1297 201 1343 Ad
219 1302 415 1354 primum
440 1301 551 1354 ergo
579 1297 841 1351 dicendum,
863 1298 988 1354 quod
1010 1298 1167 1341 Glossa
1188 1299 1341 1351 (vetus
1367 1303 1412 1343 et
1434 1298 1764 1355 manuscripta)
1784 1299 1871 1343 hoc
1891 1300 1960 1344 sie

81 1361 298 1416 exponit:
324 1378 344 1398 α
367 1363 447 1416 Tu,
468 1359 676 1416 Domine,
694 1363 815 1405 Deus
833 1360 1052 1417 veritatis,
1073 1360 1310 1404 redemisti
1333 1372 1410 1404 me
1434 1360 1482 1403 in
1502 1360 1677 1404 Christo
1694 1360 1922 1405 clamante
1941 1376 1955 1403 ε

81 1424 136 1464 In
182 1434 342 1465 manus
390 1425 509 1477 tuas,
537 1424 742 1478 Domine,
777 1422 1036 1465 commendo
1078 1425 1290 1478 spiritum
1323 1435 1486 1465 meum.
1511 1440 1532 1461 »
1566 1424 1620 1465 Et
1648 1421 1716 1465 sie
1751 1422 1959 1478 redemp-

84 1482 146 1526 tio
166 1481 430 1527 immediate
460 1481 660 1540 pertinet
693 1482 752 1527 ad
783 1483 1021 1527 hominem
1053 1483 1311 1536 Christum,
1348 1482 1661 1540 principaliter
1699 1488 1854 1528 autem
1892 1484 1951 1528 ad

79 1545 238 1587 Deum.
1994 1545 1998 1549 ’

133 1604 200 1650 Ad
238 1606 481 1649 secundum
522 1605 796 1662 dicendum,
836 1606 961 1663 quod
1002 1607 1202 1663 pretium
1241 1607 1575 1663 redemptionis
1611 1612 1781 1652 nostrae
1820 1608 1957 1652 homo

82 1666 288 1711 Christus
316 1667 453 1712 solvit
475 1668 752 1725 immediate,
778 1669 861 1714 sed
885 1669 943 1713 de
962 1670 1182 1714 mandato
1204 1670 1365 1727 Patris,
1391 1670 1512 1715 sieut
1540 1670 1848 1726 primordialis
1870 1683 1958 1715 au·

79 1727 236 1772 ctoriS.

135 1790 202 1835 Ad
231 1794 411 1834 tertium
443 1790 707 1845 dicendum,
727 1792 850 1849 quod
884 1793 1127 1849 passiones
1154 1798 1421 1838 sanctorum
1449 1792 1696 1850 proficiunt
1725 1795 1954 1852 Ecclesiae,

79 1863 172 1895 non
192 1852 378 1907 quidem
397 1865 479 1909 per
501 1853 690 1898 modum
712 1854 1059 1911 redemptionis,
1084 1855 1165 1900 sed
1185 1868 1266 1912 per
1288 1856 1477 1900 modum
1500 1856 1698 1912 exempli
1724 1863 1770 1901 et
1788 1858 1956 1901 exhor-

79 1913 282 1967 tationis,
304 1914 561 1959 secundum
579 1915 694 1960 illud
711 1917 778 1970 (Π.
799 1917 1003 1961 Corinth.
1028 1931 1059 1974 1,
1081 1920 1122 1970 6)
1146 1931 1157 1960 :
1181 1920 1280 1961 Sive
1309 1918 1579 1961 tribulamur
1599 1931 1683 1974 pro
1704 1923 1856 1962 vestra
1876 1931 1955 1962 ex-

80 1974 340 2018 hortatione
365 1979 408 2018 et
431 1976 595 2019 salute.
1470 2018 1471 2023 ,

88 2052 102 2057 ⁸
133 2038 473 2081 ARTICULUS
502 2040 582 2098 Vl.
608 2061 666 2070 —-
688 2052 824 2082 ornum
852 2053 993 2084 mssw
1016 2052 1179 2084 cnmsu
1202 2053 1389 2085 ornanti
1411 2053 1477 2084 ενι·
1502 2054 1696 2084 nosram
1715 2054 1900 2086 SALUTEM

754 2114 832 2144 PER
856 2115 996 2145 MODUM
1016 2115 1294 2146 EFFlCIENTlAE·

78 2166 128 2202 De
141 2166 195 2201 his
212 2166 314 2202 etiam
330 2167 432 2208 infra,
447 2171 563 2209 quaest.
577 2175 668 2208 ηπ,
685 2169 779 2204 πελ
802 2181 894 2211 corp.
910 2174 943 2204 et
958 2171 1079 2211 Opusc.
1099 2180 1139 2211 11,
1152 2183 1223 2211 cap.
1238 2171 1301 2205 558
1315 2171 1375 2205 lin.
1394 2174 1428 2205 et
1444 2170 1485 2205 ad
1500 2170 1597 2205 Rom.
1617 2179 1653 2206 lv
1670 2171 1729 2206 fin.
1748 2175 1783 2206 et
1795 2173 1824 2207 Ι.
1841 2173 1918 2208 Cor.
1928 2182 1954 2208 1.

133 2221 200 2266 Ad
217 2227 399 2266 sextum
419 2224 487 2267 sic
507 2223 784 2279 proceditur.
809 2228 850 2268 1.
868 2225 1053 2269 Videtur
1072 2225 1194 2282 quod
1212 2226 1366 2282 passio
1381 2225 1545 2270 Christi
1567 2239 1661 2270 non
1685 2226 1745 2270 sit
1768 2232 1956 2283 operata

78 2290 283 2328 nostram
299 2283 495 2327 salutem
508 2296 590 2339 per
605 2285 795 2329 modum
814 2286 1086 2331 efficientiae.
1107 2289 1254 2332 Causa
1273 2287 1397 2332 enim
1415 2287 1622 2332 efficiens
1641 2292 1812 2331 nostrae
1827 2289 1956 2333 salu-

78 2346 135 2390 tis
156 2350 228 2389 est
256 2345 527 2400 magnitudo
546 2346 715 2390 divinae
732 2347 931 2401 virtutis,
957 2349 1213 2393 seeundum
1246 2349 1360 2394 illud
1381 2352 1485 2403 (lsa.
1518 2363 1602 2406 ux,
1625 2352 1668 2404 1)
1691 2365 1701 2393 :
1722 2354 1835 2393 Ecce
1866 2364 1956 2394 non

77 2410 142 2449 est
167 2406 429 2449 abbreviata
456 2420 618 2450 manus
645 2410 757 2463 ejus,
776 2412 827 2451 ut
841 2411 1026 2452 salvare
1048 2423 1135 2453 non
1152 2413 1292 2465 possit
1312 2413 1388 2468 (3).
1410 2411 1615 2456 Christus
1633 2417 1787 2455 autem
1807 2416 1955 2457 cruci-

75 2469 195 2523 fixus
227 2471 293 2511 est
327 2482 385 2511 ex
415 2471 699 2523 infirmitate,
724 2475 776 2514 ut
799 2471 967 2515 dicitur
986 2474 1050 2525 (ll.
1091 2472 1291 2517 Corinth.
1328 2487 1416 2531 xin,
1439 2475 1497 2530 4).
1527 2477 1625 2518 Non
1653 2485 1764 2530 ergo
1798 2476 1953 2530 passio

76 2528 238 2574 Christi
257 2529 511 2574 efficienter
526 2536 714 2586 operata
735 2536 807 2576 est
825 2538 1031 2577 nostram
1052 2534 1263 2579 salutem.

129 2592 175 2635 2.
197 2592 432 2642 Praeterea,
450 2591 631 2636 nullum
647 2605 791 2649 agens
809 2595 1045 2650 corporale
1068 2596 1319 2641 efficienter
1335 2597 1431 2653 agit
1445 2597 1533 2641 nisi
1553 2610 1636 2655 per
1659 2602 1920 2644 contactum
1938 2614 1953 2642 r

75 2650 201 2695 unde
215 2651 352 2696 etiam
372 2657 419 2696 et
447 2652 652 2697 Christus
678 2655 911 2710 tangendo
933 2656 1175 2700 mundavit
1189 2657 1438 2712 leprosum,
1460 2674 1481 2695 α
1498 2663 1551 2701 ut
1569 2658 1830 2703 ostenderet
1848 2673 1953 2705 ear-

77 2724 186 2756 nem
209 2725 341 2756 suam
373 2712 655 2758 salutiferam
677 2715 893 2760 virtutem
924 2717 1111 2772 habere,
1130 2736 1149 2756 >2
1179 2719 1300 2762 sicut
1333 2719 1688 2775 Chrysostomus
1713 2721 1823 2764 dicit
1849 2722 1952 2782 (im-

76 2772 182 2829 plic.
212 2774 335 2817 hom.
358 2788 452 2817 xxv1
470 2774 518 2818 in
546 2776 716 2829 matth„
737 2782 784 2822 et
806 2783 968 2822 auctor
984 2782 1064 2835 Op.
1094 2780 1205 2836 imp.
1225 2781 1349 2824 hom.
1372 2794 1470 2835 xxn,
1493 2785 1539 2825 et
1564 2781 1717 2837 Cyrill.
1742 2781 1819 2825 lib.
1841 2784 1951 2828 1vin

75 2836 206 2879 Joan.
229 2846 333 2890 sup.
363 2834 478 2879 illud
507 2850 518 2877 ε
544 2839 642 2881 Nisi
659 2839 1056 2893 manducaveritis,
1078 2843 1200 2895 eto).
1226 2842 1313 2886 Sed
1335 2841 1488 2897 passio
1509 2843 1670 2886 Christi
1692 2856 1781 2888 non
1806 2846 1953 2899 potuit

77 2896 346 2952 contingere
374 2908 537 2940 omnes
565 2899 789 2944 homines.
811 2903 929 2957 Ergo
958 2914 1053 2946 non
1084 2903 1232 2959 potuit
1266 2903 1517 2949 efficienter
1545 2905 1722 2960 operari
1755 2906 1952 2952 salutem

76 2958 282 3002 omnium
307 2958 563 3002 hominum.

129 3019 172 3063 3.
200 3020 436 3070 Praeterea,
462 3031 554 3062 non
578 3019 762 3065 videtur
782 3022 991 3079 eJusdem
1016 3038 1120 3070 esse
1141 3026 1320 3082 operari
1357 3039 1439 3083 per
1456 3028 1645 3072 modum
1662 3027 1947 3082 efficientiae:

75 3079 184 3135 quia
201 3079 277 3124 ille
295 3080 374 3137 qui
397 3086 615 3137 meretur,
634 3088 847 3138 expectat
865 3086 1080 3131 effectum
1101 3088 1160 3132 ab
1179 3089 1283 3132 alio.
1310 3089 1397 3133 Sed
1415 3090 1568 3145 passio
1585 3091 1747 3135 Christi
1764 3097 1950 3148 operata

115 3186 158 3228 (4)
169 3187 266 3240 Juxta
278 3187 362 3221 illud
374 3188 462 3228 quod
477 3188 602 3223 dicitur
614 3189 649 3224 in
667 3191 788 3226 cantic.
804 3193 941 3228 Zachar.
958 3208 966 3228 ε
1052 3196 1127 3230 tati:
1139 3196 1306 3231 redimere
1322 3197 1543 3237 personaliter
1555 3199 1617 3233 soli
1634 3199 1765 3234 Christo
1780 3201 1947 3244 convenit,

72 3233 296 3290 Benedictus
311 3235 500 3290 ‘Dominus
532 3237 625 3272 Deus
656 3239 774 3273 lsrael
792 3241 856 3282 qui
882 3242 967 3274 visi-
1050 3244 1127 3284 quia
1151 3245 1240 3278 solus
1254 3245 1312 3279 iile
1330 3246 1478 3287 pretium
1495 3258 1555 3286 per
1569 3258 1603 3281 se
1622 3248 1770 3282 exsolvit.

74 3283 163 3316 tamt
188 3285 220 3315 et
249 3282 332 3326 fecit
357 3283 642 3328 redemptionem
667 3287 782 3328 plebis
809 3298 897 3323 suoe.
925 3289 967 3323 Et
1092 3291 1134 3330 (5)
1151 3291 1213 3326 Vel
1228 3292 1274 3325 sic
1298 3303 1355 3332 per
1374 3293 1593 3333 emphaticam
1616 3294 1915 3335 interrogationem
1935 3309 1944 3330 ε

72 3328 115 3364 Is.
133 3337 215 3362 Lxm
237 3340 244 3362 z
260 3329 312 3363 Tu
323 3330 474 3365 Domine
490 3333 604 3367 Pater
621 3337 745 3368 noster
758 3334 967 3377 redemptor
1050 3338 1239 3381 Numquid
1247 3340 1456 3374 abbreviata
1468 3345 1500 3374 et
1510 3343 1671 3383 parvula
1687 3343 1785 3384 facta
1802 3348 1854 3377 est
1869 3354 1946 3377 ma·

71 3381 206 3412 noster.
1050 3396 1123 3420 nus
1146 3398 1225 3422 mea
1242 3392 1283 3422 ut
1310 3398 1385 3422 non
1406 3391 1541 3431 possim
1559 3391 1739 3424 redimere
1753 3392 1770 3425 P
1784 3395 1849 3424 aut
1871 3401 1948 3425 non

111 3424 155 3467 (2)
190 3425 385 3467 Redimere,
420 3427 532 3468 inquit
560 3429 751 3471 Caietanus,
788 3431 967 3466 causaliter
1049 3437 1101 3468 εει
1125 3435 1167 3469 in
1185 3446 1239 3470 me
1261 3437 1379 3470 virtus
1398 3436 1447 3469 ad
1466 3437 1731 3472 liberandum?

72 3474 228 3515 tanquam
243 3485 346 3508 causae
372 3474 489 3515 primae
502 3487 679 3512 commune
697 3482 748 3513 est
764 3478 828 3514 toti
842 3479 965 3514 Trini-
