<?xml version="1.0" encoding="UTF-8"?>
<!DOCTYPE html PUBLIC "-//W3C//DTD XHTML 1.0 Transitional//EN"
    "http://www.w3.org/TR/xhtml1/DTD/xhtml1-transitional.dtd">
<html xmlns="http://www.w3.org/1999/xhtml" xml:lang="en" lang="en">
 <head>
  <title>
</title>
<meta http-equiv="Content-Type" content="text/html;charset=utf-8" />
  <meta name='ocr-system' content='tesseract 3.04.00' />
  <meta name='ocr-capabilities' content='ocr_page ocr_carea ocr_par ocr_line ocrx_word'/>
</head>
<body>
  <div class='ocr_page' id='page_1' title='image "./summatheologica06thomuoft_0583.png"; bbox 0 0 2170 3808; ppageno 0'>
   <div class='ocr_carea' id='block_1_1' title="bbox 710 203 2040 262">
    <p class='ocr_par' dir='ltr' id='par_1_1' title="bbox 710 203 2040 262">
     <span class='ocr_line' id='line_1_1' title="bbox 710 203 2040 262; baseline -0.005 -10"><span class='ocrx_word' id='word_1_1' title='bbox 710 210 907 262; x_wconf 83' lang='lat' dir='ltr'>QUAEST.</span> <span class='ocrx_word' id='word_1_2' title='bbox 937 208 1081 262; x_wconf 86' lang='lat' dir='ltr'>LXIV,</span> <span class='ocrx_word' id='word_1_3' title='bbox 1112 208 1231 251; x_wconf 74' lang='grc' dir='ltr'><strong>ΛΒΤ.</strong></span> <span class='ocrx_word' id='word_1_4' title='bbox 1261 207 1314 250; x_wconf 80' lang='lat' dir='ltr'>tx</span> <span class='ocrx_word' id='word_1_5' title='bbox 1340 207 1405 250; x_wconf 87' lang='lat' dir='ltr'>ET</span> <span class='ocrx_word' id='word_1_6' title='bbox 1433 207 1485 249; x_wconf 89' lang='lat' dir='ltr'>X.</span> <span class='ocrx_word' id='word_1_7' title='bbox 1956 203 2040 246; x_wconf 76' lang='lat'>547</span> 
     </span>
    </p>
   </div>
   <div class='ocr_carea' id='block_1_2' title="bbox 151 281 2098 530">
    <p class='ocr_par' dir='ltr' id='par_1_2' title="bbox 151 281 2098 530">
     <span class='ocr_line' id='line_1_2' title="bbox 154 281 2041 346; baseline -0.004 -10"><span class='ocrx_word' id='word_1_8' title='bbox 154 294 527 346; x_wconf 77' lang='lat' dir='ltr'>sacramentum3</span> <span class='ocrx_word' id='word_1_9' title='bbox 551 290 694 344; x_wconf 85' lang='lat' dir='ltr'>unde,</span> <span class='ocrx_word' id='word_1_10' title='bbox 725 303 818 344; x_wconf 82' lang='lat' dir='ltr'>non</span> <span class='ocrx_word' id='word_1_11' title='bbox 849 290 1067 334; x_wconf 86' lang='lat' dir='ltr'>obstante</span> <span class='ocrx_word' id='word_1_12' title='bbox 1083 285 1368 342; x_wconf 79' lang='lat' dir='ltr'>infidelitate,</span> <span class='ocrx_word' id='word_1_13' title='bbox 1390 289 1542 343; x_wconf 89' lang='lat' dir='ltr'>potest</span> <span class='ocrx_word' id='word_1_14' title='bbox 1561 283 1800 329; x_wconf 82' lang='lat' dir='ltr'>intendere</span> <span class='ocrx_word' id='word_1_15' title='bbox 1822 282 1974 327; x_wconf 87' lang='lat' dir='ltr'>facere</span> <span class='ocrx_word' id='word_1_16' title='bbox 1992 281 2041 328; x_wconf 91' lang='lat' dir='ltr'>id</span> 
     </span>
     <span class='ocr_line' id='line_1_3' title="bbox 156 342 2098 409; baseline -0.005 -11"><span class='ocrx_word' id='word_1_17' title='bbox 156 352 282 409; x_wconf 89' lang='lat' dir='ltr'>quod</span> <span class='ocrx_word' id='word_1_18' title='bbox 302 351 411 396; x_wconf 85' lang='lat' dir='ltr'>facit</span> <span class='ocrx_word' id='word_1_19' title='bbox 433 350 648 407; x_wconf 75' lang='lat' dir='ltr'>Ecclesia,</span> <span class='ocrx_word' id='word_1_20' title='bbox 674 350 782 395; x_wconf 80' lang='lat' dir='ltr'>licet</span> <span class='ocrx_word' id='word_1_21' title='bbox 801 351 999 395; x_wconf 84' lang='lat' dir='ltr'>aestimet</span> <span class='ocrx_word' id='word_1_22' title='bbox 1024 350 1070 393; x_wconf 90' lang='lat' dir='ltr'>id</span> <span class='ocrx_word' id='word_1_23' title='bbox 1093 349 1207 393; x_wconf 86' lang='lat' dir='ltr'>nihil</span> <span class='ocrx_word' id='word_1_24' title='bbox 1225 361 1343 393; x_wconf 87' lang='lat' dir='ltr'>esse.</span> <span class='ocrx_word' id='word_1_25' title='bbox 1364 350 1419 392; x_wconf 86' lang='lat' dir='ltr'>Et</span> <span class='ocrx_word' id='word_1_26' title='bbox 1442 347 1545 391; x_wconf 90' lang='lat' dir='ltr'>talis</span> <span class='ocrx_word' id='word_1_27' title='bbox 1564 345 1759 390; x_wconf 86' lang='lat' dir='ltr'>intentio</span> <span class='ocrx_word' id='word_1_28' title='bbox 1788 343 1960 388; x_wconf 85' lang='lat' dir='ltr'>sufficit</span> <span class='ocrx_word' id='word_1_29' title='bbox 1980 342 2041 388; x_wconf 91' lang='lat' dir='ltr'>ad</span> <span class='ocrx_word' id='word_1_30' title='bbox 2081 402 2098 407; x_wconf 13' lang='grc' dir='ltr'>γ’</span> 
     </span>
     <span class='ocr_line' id='line_1_4' title="bbox 154 404 2089 468; baseline -0.006 -10"><span class='ocrx_word' id='word_1_31' title='bbox 154 417 514 468; x_wconf 87' lang='lat' dir='ltr'>sacramentum,</span> <span class='ocrx_word' id='word_1_32' title='bbox 534 411 660 468; x_wconf 89' lang='lat' dir='ltr'>quia,</span> <span class='ocrx_word' id='word_1_33' title='bbox 684 411 805 455; x_wconf 90' lang='lat' dir='ltr'>sicut</span> <span class='ocrx_word' id='word_1_34' title='bbox 823 424 966 468; x_wconf 89' lang='lat' dir='ltr'>supra</span> <span class='ocrx_word' id='word_1_35' title='bbox 988 410 1160 455; x_wconf 89' lang='lat' dir='ltr'>dictum</span> <span class='ocrx_word' id='word_1_36' title='bbox 1179 413 1251 454; x_wconf 91' lang='lat' dir='ltr'>est</span> <span class='ocrx_word' id='word_1_37' title='bbox 1271 413 1371 463; x_wconf 89' lang='lat' dir='ltr'>(art.</span> <span class='ocrx_word' id='word_1_38' title='bbox 1396 421 1535 465; x_wconf 87' lang='lat' dir='ltr'>praec.</span> <span class='ocrx_word' id='word_1_39' title='bbox 1565 407 1625 452; x_wconf 88' lang='lat' dir='ltr'>ad</span> <span class='ocrx_word' id='word_1_40' title='bbox 1645 409 1704 462; x_wconf 77' lang='lat'>2),</span> <span class='ocrx_word' id='word_1_41' title='bbox 1733 404 1943 450; x_wconf 83' lang='lat' dir='ltr'>minister</span> <span class='ocrx_word' id='word_1_42' title='bbox 1969 415 2041 448; x_wconf 88' lang='lat' dir='ltr'>sa·</span> <span class='ocrx_word' id='word_1_43' title='bbox 2086 443 2089 446; x_wconf 89' lang='lat'>.</span> 
     </span>
     <span class='ocr_line' id='line_1_5' title="bbox 151 464 2037 530; baseline -0.004 -12"><span class='ocrx_word' id='word_1_44' title='bbox 151 474 379 519; x_wconf 80' lang='lat' dir='ltr'>eramenti</span> <span class='ocrx_word' id='word_1_45' title='bbox 402 474 498 530; x_wconf 87' lang='lat' dir='ltr'>agit</span> <span class='ocrx_word' id='word_1_46' title='bbox 514 473 561 517; x_wconf 90' lang='lat' dir='ltr'>in</span> <span class='ocrx_word' id='word_1_47' title='bbox 586 485 786 529; x_wconf 88' lang='lat' dir='ltr'>persona</span> <span class='ocrx_word' id='word_1_48' title='bbox 807 473 950 517; x_wconf 89' lang='lat' dir='ltr'>totius</span> <span class='ocrx_word' id='word_1_49' title='bbox 967 470 1198 526; x_wconf 84' lang='lat' dir='ltr'>Ecclesiae,</span> <span class='ocrx_word' id='word_1_50' title='bbox 1227 483 1286 515; x_wconf 88' lang='lat' dir='ltr'>ex</span> <span class='ocrx_word' id='word_1_51' title='bbox 1305 469 1442 527; x_wconf 76' lang='lat' dir='ltr'>quus</span> <span class='ocrx_word' id='word_1_52' title='bbox 1468 469 1558 514; x_wconf 89' lang='lat' dir='ltr'>fide</span> <span class='ocrx_word' id='word_1_53' title='bbox 1583 468 1826 526; x_wconf 80' lang='lat' dir='ltr'>suppletur</span> <span class='ocrx_word' id='word_1_54' title='bbox 1848 465 1897 512; x_wconf 90' lang='lat' dir='ltr'>id</span> <span class='ocrx_word' id='word_1_55' title='bbox 1914 464 2037 522; x_wconf 87' lang='lat' dir='ltr'>quod</span> 
     </span>
    </p>
   </div>
   <div class='ocr_carea' id='block_1_3' title="bbox 154 534 2039 652">
    <p class='ocr_par' dir='ltr' id='par_1_3' title="bbox 154 534 2098 652">
     <span class='ocr_line' id='line_1_6' title="bbox 154 534 637 580; baseline -0.004 0"><span class='ocrx_word' id='word_1_56' title='bbox 154 534 404 580; x_wconf 83' lang='lat' dir='ltr'>deestfidei</span> <span class='ocrx_word' id='word_1_57' title='bbox 424 534 637 579; x_wconf 87' lang='lat' dir='ltr'>ministri.</span> 
     </span>
     <span class='ocr_line' id='line_1_7' title="bbox 208 591 2039 652; baseline -0.003 -11"><span class='ocrx_word' id='word_1_58' title='bbox 208 596 274 642; x_wconf 86' lang='lat' dir='ltr'>Ad</span> <span class='ocrx_word' id='word_1_59' title='bbox 291 597 532 640; x_wconf 76' lang='lat' dir='ltr'>secundum</span> <span class='ocrx_word' id='word_1_60' title='bbox 557 596 820 650; x_wconf 84' lang='lat' dir='ltr'>dicendum,</span> <span class='ocrx_word' id='word_1_61' title='bbox 842 596 964 652; x_wconf 76' lang='lat' dir='ltr'>quod</span> <span class='ocrx_word' id='word_1_62' title='bbox 986 594 1308 638; x_wconf 86' lang='lat' dir='ltr'>haereticorum</span> <span class='ocrx_word' id='word_1_63' title='bbox 1328 593 1516 649; x_wconf 89' lang='lat' dir='ltr'>quidam</span> <span class='ocrx_word' id='word_1_64' title='bbox 1540 593 1589 636; x_wconf 91' lang='lat' dir='ltr'>in</span> <span class='ocrx_word' id='word_1_65' title='bbox 1611 591 1859 637; x_wconf 84' lang='lat' dir='ltr'>collatione</span> <span class='ocrx_word' id='word_1_66' title='bbox 1881 601 2039 634; x_wconf 77' lang='lat' dir='ltr'>sacra—</span> 
     </span>
    </p>
   </div>
   <div class='ocr_carea' id='block_1_4' title="bbox 159 654 2103 711">
    <p class='ocr_par' dir='ltr' id='par_1_4' title="bbox 159 654 2103 711">
     <span class='ocr_line' id='line_1_8' title="bbox 159 654 2103 711; baseline -0.004 -9"><span class='ocrx_word' id='word_1_67' title='bbox 159 662 417 702; x_wconf 86' lang='lat' dir='ltr'>mentorum</span> <span class='ocrx_word' id='word_1_68' title='bbox 443 657 638 701; x_wconf 82' lang='lat' dir='ltr'>formam</span> <span class='ocrx_word' id='word_1_69' title='bbox 661 656 878 701; x_wconf 87' lang='lat' dir='ltr'>Ecclesiae</span> <span class='ocrx_word' id='word_1_70' title='bbox 909 668 1000 699; x_wconf 91' lang='lat' dir='ltr'>non</span> <span class='ocrx_word' id='word_1_71' title='bbox 1032 660 1247 711; x_wconf 85' lang='lat' dir='ltr'>servant,</span> <span class='ocrx_word' id='word_1_72' title='bbox 1281 659 1326 698; x_wconf 92' lang='lat' dir='ltr'>et</span> <span class='ocrx_word' id='word_1_73' title='bbox 1363 654 1478 698; x_wconf 87' lang='lat' dir='ltr'>tales</span> <span class='ocrx_word' id='word_1_74' title='bbox 1510 665 1664 710; x_wconf 88' lang='lat' dir='ltr'>neque</span> <span class='ocrx_word' id='word_1_75' title='bbox 1693 655 2036 703; x_wconf 87' lang='lat' dir='ltr'>sacramentum</span> <span class='ocrx_word' id='word_1_76' title='bbox 2091 691 2103 695; x_wconf 77' lang='grc'>,,</span> 
     </span>
    </p>
   </div>
   <div class='ocr_carea' id='block_1_5' title="bbox 143 714 2037 2366">
    <p class='ocr_par' dir='ltr' id='par_1_5' title="bbox 147 714 2037 1747">
     <span class='ocr_line' id='line_1_9' title="bbox 165 714 2035 776; baseline -0.005 -12"><span class='ocrx_word' id='word_1_77' title='bbox 165 719 413 774; x_wconf 74' lang='lat' dir='ltr'>:onferunt,</span> <span class='ocrx_word' id='word_1_78' title='bbox 433 731 584 776; x_wconf 85' lang='lat' dir='ltr'>neque</span> <span class='ocrx_word' id='word_1_79' title='bbox 608 731 707 762; x_wconf 88' lang='lat' dir='ltr'>rem</span> <span class='ocrx_word' id='word_1_80' title='bbox 728 717 1023 772; x_wconf 66' lang='lat' dir='ltr'>sacramenti,</span> <span class='ocrx_word' id='word_1_81' title='bbox 1047 717 1237 772; x_wconf 89' lang='lat' dir='ltr'>quidam</span> <span class='ocrx_word' id='word_1_82' title='bbox 1256 715 1366 760; x_wconf 77' lang='lat' dir='ltr'>vero</span> <span class='ocrx_word' id='word_1_83' title='bbox 1385 719 1573 759; x_wconf 85' lang='lat' dir='ltr'>servant</span> <span class='ocrx_word' id='word_1_84' title='bbox 1592 714 1807 759; x_wconf 81' lang='lat' dir='ltr'>Ecclesiae</span> <span class='ocrx_word' id='word_1_85' title='bbox 1823 714 2035 771; x_wconf 82' lang='lat' dir='ltr'>formam,</span> 
     </span>
     <span class='ocr_line' id='line_1_10' title="bbox 153 777 2037 837; baseline -0.004 -12"><span class='ocrx_word' id='word_1_86' title='bbox 153 785 199 826; x_wconf 91' lang='lat' dir='ltr'>et</span> <span class='ocrx_word' id='word_1_87' title='bbox 227 781 344 826; x_wconf 87' lang='lat' dir='ltr'>tales</span> <span class='ocrx_word' id='word_1_88' title='bbox 364 781 605 826; x_wconf 83' lang='lat' dir='ltr'>conferunt</span> <span class='ocrx_word' id='word_1_89' title='bbox 635 781 823 837; x_wconf 88' lang='lat' dir='ltr'>quidem</span> <span class='ocrx_word' id='word_1_90' title='bbox 851 783 1210 834; x_wconf 87' lang='lat' dir='ltr'>sacramentum,</span> <span class='ocrx_word' id='word_1_91' title='bbox 1245 778 1326 823; x_wconf 91' lang='lat' dir='ltr'>sed</span> <span class='ocrx_word' id='word_1_92' title='bbox 1359 789 1455 821; x_wconf 90' lang='lat' dir='ltr'>non</span> <span class='ocrx_word' id='word_1_93' title='bbox 1477 777 1725 821; x_wconf 86' lang='lat' dir='ltr'>conferunt</span> <span class='ocrx_word' id='word_1_94' title='bbox 1754 788 1853 819; x_wconf 90' lang='lat' dir='ltr'>rem</span> <span class='ocrx_word' id='word_1_95' title='bbox 1877 786 2037 819; x_wconf 83' lang='lat' dir='ltr'>sacra-</span> 
     </span>
     <span class='ocr_line' id='line_1_11' title="bbox 152 836 2037 897; baseline -0.003 -10"><span class='ocrx_word' id='word_1_96' title='bbox 152 843 297 887; x_wconf 87' lang='lat' dir='ltr'>menti</span> <span class='ocrx_word' id='word_1_97' title='bbox 316 845 387 897; x_wconf 80' lang='lat'>(1).</span> <span class='ocrx_word' id='word_1_98' title='bbox 408 845 460 886; x_wconf 88' lang='lat' dir='ltr'>Et</span> <span class='ocrx_word' id='word_1_99' title='bbox 484 843 571 886; x_wconf 89' lang='lat' dir='ltr'>hoc</span> <span class='ocrx_word' id='word_1_100' title='bbox 591 842 693 887; x_wconf 90' lang='lat' dir='ltr'>dico</span> <span class='ocrx_word' id='word_1_101' title='bbox 709 875 721 897; x_wconf 97' lang='lat'>,</span> <span class='ocrx_word' id='word_1_102' title='bbox 744 842 782 886; x_wconf 91' lang='lat' dir='ltr'>si</span> <span class='ocrx_word' id='word_1_103' title='bbox 801 846 912 886; x_wconf 90' lang='lat' dir='ltr'>sunt</span> <span class='ocrx_word' id='word_1_104' title='bbox 932 840 1175 885; x_wconf 61' lang='lat' dir='ltr'>manifesti¹</span> <span class='ocrx_word' id='word_1_105' title='bbox 1205 840 1263 884; x_wconf 87' lang='lat' dir='ltr'>ab</span> <span class='ocrx_word' id='word_1_106' title='bbox 1290 839 1493 885; x_wconf 85' lang='lat' dir='ltr'>Ecclesia</span> <span class='ocrx_word' id='word_1_107' title='bbox 1518 838 1723 895; x_wconf 65' lang='lat' dir='ltr'>praecisi,</span> <span class='ocrx_word' id='word_1_108' title='bbox 1744 837 1854 894; x_wconf 90' lang='lat' dir='ltr'>quia</span> <span class='ocrx_word' id='word_1_109' title='bbox 1870 848 1929 880; x_wconf 88' lang='lat' dir='ltr'>ex</span> <span class='ocrx_word' id='word_1_110' title='bbox 1948 836 2037 882; x_wconf 85' lang='lat' dir='ltr'>hoc</span> 
     </span>
     <span class='ocr_line' id='line_1_12' title="bbox 152 898 2036 960; baseline -0.003 -12"><span class='ocrx_word' id='word_1_111' title='bbox 152 904 254 960; x_wconf 87' lang='lat' dir='ltr'>ipso</span> <span class='ocrx_word' id='word_1_112' title='bbox 274 904 397 960; x_wconf 74' lang='lat' dir='ltr'>quod</span> <span class='ocrx_word' id='word_1_113' title='bbox 418 904 586 960; x_wconf 85' lang='lat' dir='ltr'>aliquis</span> <span class='ocrx_word' id='word_1_114' title='bbox 610 904 775 959; x_wconf 88' lang='lat' dir='ltr'>accipit</span> <span class='ocrx_word' id='word_1_115' title='bbox 799 907 1089 947; x_wconf 83' lang='lat' dir='ltr'>sacramenta</span> <span class='ocrx_word' id='word_1_116' title='bbox 1114 901 1174 946; x_wconf 90' lang='lat' dir='ltr'>ab</span> <span class='ocrx_word' id='word_1_117' title='bbox 1196 901 1280 956; x_wconf 87' lang='lat' dir='ltr'>eis,</span> <span class='ocrx_word' id='word_1_118' title='bbox 1310 905 1487 958; x_wconf 86' lang='lat' dir='ltr'>peccat,</span> <span class='ocrx_word' id='word_1_119' title='bbox 1507 905 1555 944; x_wconf 89' lang='lat' dir='ltr'>et</span> <span class='ocrx_word' id='word_1_120' title='bbox 1575 913 1657 957; x_wconf 89' lang='lat' dir='ltr'>per</span> <span class='ocrx_word' id='word_1_121' title='bbox 1677 901 1765 944; x_wconf 86' lang='lat' dir='ltr'>hoc</span> <span class='ocrx_word' id='word_1_122' title='bbox 1786 898 2036 954; x_wconf 81' lang='lat' dir='ltr'>impeditur</span> 
     </span>
     <span class='ocr_line' id='line_1_13' title="bbox 152 959 2037 1020; baseline -0.003 -10"><span class='ocrx_word' id='word_1_123' title='bbox 152 976 211 1010; x_wconf 89' lang='lat' dir='ltr'>ne</span> <span class='ocrx_word' id='word_1_124' title='bbox 232 965 447 1010; x_wconf 84' lang='lat' dir='ltr'>effectum</span> <span class='ocrx_word' id='word_1_125' title='bbox 470 965 748 1009; x_wconf 82' lang='lat' dir='ltr'>sacramenti</span> <span class='ocrx_word' id='word_1_126' title='bbox 777 969 1101 1020; x_wconf 82' lang='lat' dir='ltr'>consequatur.</span> <span class='ocrx_word' id='word_1_127' title='bbox 1131 963 1259 1007; x_wconf 88' lang='lat' dir='ltr'>Unde</span> <span class='ocrx_word' id='word_1_128' title='bbox 1283 962 1568 1018; x_wconf 80' lang='lat' dir='ltr'>Augustinus</span> <span class='ocrx_word' id='word_1_129' title='bbox 1597 960 1898 1017; x_wconf 82' lang='lat' dir='ltr'>(Fulgentius)</span> <span class='ocrx_word' id='word_1_130' title='bbox 1925 959 2037 1005; x_wconf 85' lang='lat' dir='ltr'>dicit</span> 
     </span>
     <span class='ocr_line' id='line_1_14' title="bbox 153 1021 2037 1082; baseline -0.003 -12"><span class='ocrx_word' id='word_1_131' title='bbox 153 1026 215 1080; x_wconf 84' lang='lat' dir='ltr'>(in</span> <span class='ocrx_word' id='word_1_132' title='bbox 235 1026 317 1071; x_wconf 89' lang='lat' dir='ltr'>lib.</span> <span class='ocrx_word' id='word_1_133' title='bbox 339 1029 398 1072; x_wconf 91' lang='lat' dir='ltr'>De</span> <span class='ocrx_word' id='word_1_134' title='bbox 417 1027 508 1072; x_wconf 87' lang='lat' dir='ltr'>fide</span> <span class='ocrx_word' id='word_1_135' title='bbox 526 1027 586 1072; x_wconf 86' lang='lat' dir='ltr'>ad</span> <span class='ocrx_word' id='word_1_136' title='bbox 604 1029 804 1081; x_wconf 89' lang='lat' dir='ltr'>Petrum,</span> <span class='ocrx_word' id='word_1_137' title='bbox 825 1038 926 1082; x_wconf 89' lang='lat' dir='ltr'>cap.</span> <span class='ocrx_word' id='word_1_138' title='bbox 949 1028 1020 1079; x_wconf 84' lang='lat'>36)</span> <span class='ocrx_word' id='word_1_139' title='bbox 1042 1039 1054 1067; x_wconf 73' lang='grc' dir='ltr'><strong><em>ε</em></strong></span> <span class='ocrx_word' id='word_1_140' title='bbox 1083 1043 1104 1063; x_wconf 85' lang='lat'>«</span> <span class='ocrx_word' id='word_1_141' title='bbox 1123 1024 1406 1070; x_wconf 77' lang='lat' dir='ltr'>Firmissime</span> <span class='ocrx_word' id='word_1_142' title='bbox 1432 1028 1555 1080; x_wconf 89' lang='lat' dir='ltr'>tene,</span> <span class='ocrx_word' id='word_1_143' title='bbox 1584 1028 1632 1069; x_wconf 90' lang='lat' dir='ltr'>et</span> <span class='ocrx_word' id='word_1_144' title='bbox 1653 1023 1921 1067; x_wconf 79' lang='lat' dir='ltr'>nullatenus</span> <span class='ocrx_word' id='word_1_145' title='bbox 1955 1021 2037 1066; x_wconf 87' lang='lat' dir='ltr'>du-</span> 
     </span>
     <span class='ocr_line' id='line_1_15' title="bbox 150 1083 2035 1145; baseline -0.003 -12"><span class='ocrx_word' id='word_1_146' title='bbox 150 1087 285 1145; x_wconf 81' lang='lat' dir='ltr'>bites,</span> <span class='ocrx_word' id='word_1_147' title='bbox 306 1093 436 1132; x_wconf 83' lang='lat' dir='ltr'>extra</span> <span class='ocrx_word' id='word_1_148' title='bbox 458 1088 709 1133; x_wconf 83' lang='lat' dir='ltr'>Ecclesiam</span> <span class='ocrx_word' id='word_1_149' title='bbox 727 1087 987 1144; x_wconf 87' lang='lat' dir='ltr'>baptizatis,</span> <span class='ocrx_word' id='word_1_150' title='bbox 1013 1085 1051 1131; x_wconf 90' lang='lat' dir='ltr'>si</span> <span class='ocrx_word' id='word_1_151' title='bbox 1075 1086 1135 1131; x_wconf 87' lang='lat' dir='ltr'>ad</span> <span class='ocrx_word' id='word_1_152' title='bbox 1153 1086 1402 1130; x_wconf 84' lang='lat' dir='ltr'>Ecclesiam</span> <span class='ocrx_word' id='word_1_153' title='bbox 1423 1098 1518 1130; x_wconf 86' lang='lat' dir='ltr'>non</span> <span class='ocrx_word' id='word_1_154' title='bbox 1540 1085 1775 1139; x_wconf 76' lang='lat' dir='ltr'>redierint,</span> <span class='ocrx_word' id='word_1_155' title='bbox 1807 1083 2035 1138; x_wconf 84' lang='lat' dir='ltr'>baptismo</span> 
     </span>
     <span class='ocr_line' id='line_1_16' title="bbox 151 1144 2036 1207; baseline -0.004 -12"><span class='ocrx_word' id='word_1_156' title='bbox 151 1150 376 1194; x_wconf 86' lang='lat' dir='ltr'>cumulari</span> <span class='ocrx_word' id='word_1_157' title='bbox 396 1149 666 1207; x_wconf 83' lang='lat' dir='ltr'>perniciem.</span> <span class='ocrx_word' id='word_1_158' title='bbox 688 1168 708 1188; x_wconf 84' lang='lat'><strong><em>»</em></strong></span> <span class='ocrx_word' id='word_1_159' title='bbox 726 1151 780 1193; x_wconf 90' lang='lat' dir='ltr'>Et</span> <span class='ocrx_word' id='word_1_160' title='bbox 798 1161 881 1206; x_wconf 86' lang='lat' dir='ltr'>per</span> <span class='ocrx_word' id='word_1_161' title='bbox 894 1148 1021 1192; x_wconf 87' lang='lat' dir='ltr'>hunc</span> <span class='ocrx_word' id='word_1_162' title='bbox 1039 1147 1231 1192; x_wconf 88' lang='lat' dir='ltr'>modum</span> <span class='ocrx_word' id='word_1_163' title='bbox 1249 1147 1363 1191; x_wconf 84' lang='lat' dir='ltr'>dicit</span> <span class='ocrx_word' id='word_1_164' title='bbox 1379 1149 1468 1191; x_wconf 92' lang='lat' dir='ltr'>Leo</span> <span class='ocrx_word' id='word_1_165' title='bbox 1481 1158 1602 1204; x_wconf 86' lang='lat' dir='ltr'>papa</span> <span class='ocrx_word' id='word_1_166' title='bbox 1622 1163 1642 1184; x_wconf 83' lang='lat'>«</span> <span class='ocrx_word' id='word_1_167' title='bbox 1658 1147 1703 1190; x_wconf 88' lang='lat' dir='ltr'>in</span> <span class='ocrx_word' id='word_1_168' title='bbox 1717 1145 1827 1189; x_wconf 81' lang='lat' dir='ltr'>sede</span> <span class='ocrx_word' id='word_1_169' title='bbox 1841 1144 2036 1188; x_wconf 82' lang='lat' dir='ltr'>Alexan-</span> 
     </span>
     <span class='ocr_line' id='line_1_17' title="bbox 150 1206 2037 1265; baseline -0.003 -8"><span class='ocrx_word' id='word_1_170' title='bbox 150 1211 283 1258; x_wconf 87' lang='lat' dir='ltr'>drina</span> <span class='ocrx_word' id='word_1_171' title='bbox 301 1224 440 1257; x_wconf 90' lang='lat' dir='ltr'>omne</span> <span class='ocrx_word' id='word_1_172' title='bbox 459 1215 856 1256; x_wconf 79' lang='lat' dir='ltr'>sacramentorum</span> <span class='ocrx_word' id='word_1_173' title='bbox 879 1209 1038 1253; x_wconf 89' lang='lat' dir='ltr'>lumen</span> <span class='ocrx_word' id='word_1_174' title='bbox 1058 1220 1162 1252; x_wconf 89' lang='lat' dir='ltr'>esse</span> <span class='ocrx_word' id='word_1_175' title='bbox 1182 1208 1457 1265; x_wconf 87' lang='lat' dir='ltr'>extinctum,</span> <span class='ocrx_word' id='word_1_176' title='bbox 1486 1227 1506 1247; x_wconf 69' lang='lat' dir='ltr'>n</span> <span class='ocrx_word' id='word_1_177' title='bbox 1533 1208 1708 1253; x_wconf 90' lang='lat' dir='ltr'>scilicet</span> <span class='ocrx_word' id='word_1_178' title='bbox 1730 1207 1956 1264; x_wconf 78' lang='lat' dir='ltr'>quantum</span> <span class='ocrx_word' id='word_1_179' title='bbox 1976 1206 2037 1251; x_wconf 87' lang='lat' dir='ltr'>ad</span> 
     </span>
     <span class='ocr_line' id='line_1_18' title="bbox 149 1268 2035 1327; baseline -0.004 -8"><span class='ocrx_word' id='word_1_180' title='bbox 149 1285 247 1318; x_wconf 88' lang='lat' dir='ltr'>rem</span> <span class='ocrx_word' id='word_1_181' title='bbox 274 1272 569 1324; x_wconf 82' lang='lat' dir='ltr'>sacramenti,</span> <span class='ocrx_word' id='word_1_182' title='bbox 595 1285 690 1316; x_wconf 90' lang='lat' dir='ltr'>non</span> <span class='ocrx_word' id='word_1_183' title='bbox 710 1275 868 1315; x_wconf 88' lang='lat' dir='ltr'>autem</span> <span class='ocrx_word' id='word_1_184' title='bbox 887 1270 1116 1327; x_wconf 76' lang='lat' dir='ltr'>quantum</span> <span class='ocrx_word' id='word_1_185' title='bbox 1137 1269 1196 1314; x_wconf 91' lang='lat' dir='ltr'>ad</span> <span class='ocrx_word' id='word_1_186' title='bbox 1215 1270 1757 1326; x_wconf 80' lang='lat' dir='ltr'>ipsumsacramentum.</span> <span class='ocrx_word' id='word_1_187' title='bbox 1777 1268 2035 1325; x_wconf 85' lang='lat' dir='ltr'>Cyprianus</span> 
     </span>
     <span class='ocr_line' id='line_1_19' title="bbox 148 1329 2036 1388; baseline -0.003 -11"><span class='ocrx_word' id='word_1_188' title='bbox 148 1339 302 1379; x_wconf 89' lang='lat' dir='ltr'>autem</span> <span class='ocrx_word' id='word_1_189' title='bbox 321 1335 446 1378; x_wconf 90' lang='lat' dir='ltr'>nullo</span> <span class='ocrx_word' id='word_1_190' title='bbox 462 1334 599 1378; x_wconf 92' lang='lat' dir='ltr'>modo</span> <span class='ocrx_word' id='word_1_191' title='bbox 619 1337 965 1378; x_wconf 89' lang='lat' dir='ltr'>sacramentum</span> <span class='ocrx_word' id='word_1_192' title='bbox 988 1332 1198 1376; x_wconf 87' lang='lat' dir='ltr'>conferre</span> <span class='ocrx_word' id='word_1_193' title='bbox 1217 1331 1460 1376; x_wconf 85' lang='lat' dir='ltr'>haereticos</span> <span class='ocrx_word' id='word_1_194' title='bbox 1474 1343 1613 1388; x_wconf 90' lang='lat' dir='ltr'>posse</span> <span class='ocrx_word' id='word_1_195' title='bbox 1626 1330 1846 1376; x_wconf 89' lang='lat' dir='ltr'>credebat</span> <span class='ocrx_word' id='word_1_196' title='bbox 1865 1331 1939 1385; x_wconf 67' lang='lat'>(2),</span> <span class='ocrx_word' id='word_1_197' title='bbox 1953 1329 2036 1373; x_wconf 91' lang='lat' dir='ltr'>sed</span> 
     </span>
     <span class='ocr_line' id='line_1_20' title="bbox 147 1389 2035 1451; baseline -0.002 -13"><span class='ocrx_word' id='word_1_198' title='bbox 147 1395 194 1439; x_wconf 90' lang='lat' dir='ltr'>in</span> <span class='ocrx_word' id='word_1_199' title='bbox 216 1395 303 1438; x_wconf 91' lang='lat' dir='ltr'>hoc</span> <span class='ocrx_word' id='word_1_200' title='bbox 325 1395 428 1451; x_wconf 79' lang='lat' dir='ltr'>eJus</span> <span class='ocrx_word' id='word_1_201' title='bbox 449 1393 682 1439; x_wconf 86' lang='lat' dir='ltr'>sententia</span> <span class='ocrx_word' id='word_1_202' title='bbox 704 1406 799 1437; x_wconf 90' lang='lat' dir='ltr'>non</span> <span class='ocrx_word' id='word_1_203' title='bbox 829 1397 1030 1438; x_wconf 89' lang='lat' dir='ltr'>tenetur.</span> <span class='ocrx_word' id='word_1_204' title='bbox 1068 1392 1195 1436; x_wconf 90' lang='lat' dir='ltr'>Unde</span> <span class='ocrx_word' id='word_1_205' title='bbox 1218 1391 1505 1448; x_wconf 85' lang='lat' dir='ltr'>Augustinus</span> <span class='ocrx_word' id='word_1_206' title='bbox 1539 1391 1652 1437; x_wconf 90' lang='lat' dir='ltr'>dicit</span> <span class='ocrx_word' id='word_1_207' title='bbox 1673 1390 1770 1442; x_wconf 72' lang='lat' dir='ltr'>(lib.</span> <span class='ocrx_word' id='word_1_208' title='bbox 1804 1393 1865 1434; x_wconf 86' lang='lat' dir='ltr'>De</span> <span class='ocrx_word' id='word_1_209' title='bbox 1896 1389 2035 1434; x_wconf 91' lang='lat' dir='ltr'>unico</span> 
     </span>
     <span class='ocr_line' id='line_1_21' title="bbox 147 1451 2036 1512; baseline -0.001 -14"><span class='ocrx_word' id='word_1_210' title='bbox 147 1455 392 1512; x_wconf 87' lang='lat' dir='ltr'>baptismo,</span> <span class='ocrx_word' id='word_1_211' title='bbox 414 1461 576 1500; x_wconf 86' lang='lat' dir='ltr'>contra</span> <span class='ocrx_word' id='word_1_212' title='bbox 590 1456 717 1500; x_wconf 89' lang='lat' dir='ltr'>Petil.</span> <span class='ocrx_word' id='word_1_213' title='bbox 739 1468 839 1512; x_wconf 90' lang='lat' dir='ltr'>cap.</span> <span class='ocrx_word' id='word_1_214' title='bbox 861 1459 932 1510; x_wconf 82' lang='lat'>13,</span> <span class='ocrx_word' id='word_1_215' title='bbox 950 1455 976 1498; x_wconf 81' lang='lat' dir='ltr'>a</span> <span class='ocrx_word' id='word_1_216' title='bbox 992 1455 1154 1508; x_wconf 87' lang='lat' dir='ltr'>med.):</span> <span class='ocrx_word' id='word_1_217' title='bbox 1173 1471 1192 1491; x_wconf 73' lang='grc' dir='ltr'>α</span> <span class='ocrx_word' id='word_1_218' title='bbox 1209 1457 1451 1510; x_wconf 87' lang='lat' dir='ltr'>Martyrem</span> <span class='ocrx_word' id='word_1_219' title='bbox 1468 1453 1765 1511; x_wconf 77' lang='lat' dir='ltr'>cyprianum,</span> <span class='ocrx_word' id='word_1_220' title='bbox 1781 1451 1890 1508; x_wconf 85' lang='lat' dir='ltr'>quia</span> <span class='ocrx_word' id='word_1_221' title='bbox 1911 1451 2036 1508; x_wconf 87' lang='lat' dir='ltr'>apud</span> 
     </span>
     <span class='ocr_line' id='line_1_22' title="bbox 148 1515 2036 1571; baseline -0.002 -11"><span class='ocrx_word' id='word_1_222' title='bbox 148 1517 388 1561; x_wconf 88' lang='lat' dir='ltr'>haereticos</span> <span class='ocrx_word' id='word_1_223' title='bbox 415 1517 491 1562; x_wconf 83' lang='lat' dir='ltr'>vel</span> <span class='ocrx_word' id='word_1_224' title='bbox 519 1516 839 1561; x_wconf 90' lang='lat' dir='ltr'>schismaticos</span> <span class='ocrx_word' id='word_1_225' title='bbox 874 1516 1034 1561; x_wconf 91' lang='lat' dir='ltr'>datum</span> <span class='ocrx_word' id='word_1_226' title='bbox 1066 1515 1349 1571; x_wconf 85' lang='lat' dir='ltr'>baptismum</span> <span class='ocrx_word' id='word_1_227' title='bbox 1382 1515 1569 1559; x_wconf 84' lang='lat' dir='ltr'>nolebat</span> <span class='ocrx_word' id='word_1_228' title='bbox 1604 1525 1874 1571; x_wconf 82' lang='lat' dir='ltr'>agnoscere,</span> <span class='ocrx_word' id='word_1_229' title='bbox 1908 1518 2036 1557; x_wconf 87' lang='lat' dir='ltr'>tanta</span> 
     </span>
     <span class='ocr_line' id='line_1_23' title="bbox 147 1575 2036 1636; baseline -0.001 -15"><span class='ocrx_word' id='word_1_230' title='bbox 147 1578 311 1622; x_wconf 84' lang='lat' dir='ltr'>merita</span> <span class='ocrx_word' id='word_1_231' title='bbox 330 1590 481 1636; x_wconf 87' lang='lat' dir='ltr'>usque</span> <span class='ocrx_word' id='word_1_232' title='bbox 509 1578 568 1623; x_wconf 90' lang='lat' dir='ltr'>ad</span> <span class='ocrx_word' id='word_1_233' title='bbox 601 1579 888 1634; x_wconf 89' lang='lat' dir='ltr'>triumphum</span> <span class='ocrx_word' id='word_1_234' title='bbox 911 1577 1120 1634; x_wconf 88' lang='lat' dir='ltr'>martyrii</span> <span class='ocrx_word' id='word_1_235' title='bbox 1154 1582 1313 1622; x_wconf 85' lang='lat' dir='ltr'>secuta</span> <span class='ocrx_word' id='word_1_236' title='bbox 1342 1581 1466 1633; x_wconf 88' lang='lat' dir='ltr'>sunt,</span> <span class='ocrx_word' id='word_1_237' title='bbox 1491 1580 1543 1621; x_wconf 94' lang='lat' dir='ltr'>ut</span> <span class='ocrx_word' id='word_1_238' title='bbox 1568 1575 1820 1631; x_wconf 87' lang='lat' dir='ltr'>charitatis,</span> <span class='ocrx_word' id='word_1_239' title='bbox 1844 1577 1937 1632; x_wconf 83' lang='lat' dir='ltr'>qua</span> <span class='ocrx_word' id='word_1_240' title='bbox 1958 1587 2036 1620; x_wconf 85' lang='lat' dir='ltr'>ex-</span> 
     </span>
     <span class='ocr_line' id='line_1_24' title="bbox 148 1638 2035 1700; baseline -0.001 -17"><span class='ocrx_word' id='word_1_241' title='bbox 148 1639 354 1694; x_wconf 88' lang='lat' dir='ltr'>cellebat,</span> <span class='ocrx_word' id='word_1_242' title='bbox 378 1640 482 1685; x_wconf 86' lang='lat' dir='ltr'>luce</span> <span class='ocrx_word' id='word_1_243' title='bbox 500 1640 793 1685; x_wconf 89' lang='lat' dir='ltr'>obumbratio</span> <span class='ocrx_word' id='word_1_244' title='bbox 821 1640 901 1685; x_wconf 89' lang='lat' dir='ltr'>illa</span> <span class='ocrx_word' id='word_1_245' title='bbox 933 1641 1190 1697; x_wconf 86' lang='lat' dir='ltr'>fugaretur,</span> <span class='ocrx_word' id='word_1_246' title='bbox 1210 1644 1258 1684; x_wconf 92' lang='lat' dir='ltr'>et</span> <span class='ocrx_word' id='word_1_247' title='bbox 1275 1639 1313 1683; x_wconf 90' lang='lat' dir='ltr'>si</span> <span class='ocrx_word' id='word_1_248' title='bbox 1340 1638 1453 1696; x_wconf 91' lang='lat' dir='ltr'>quid</span> <span class='ocrx_word' id='word_1_249' title='bbox 1483 1638 1782 1696; x_wconf 88' lang='lat' dir='ltr'>purgandum</span> <span class='ocrx_word' id='word_1_250' title='bbox 1798 1641 1915 1695; x_wconf 85' lang='lat' dir='ltr'>erat,</span> <span class='ocrx_word' id='word_1_251' title='bbox 1933 1648 2035 1700; x_wconf 83' lang='lat' dir='ltr'>pas-</span> 
     </span>
     <span class='ocr_line' id='line_1_25' title="bbox 147 1699 755 1747; baseline 0.005 -3"><span class='ocrx_word' id='word_1_252' title='bbox 147 1699 292 1745; x_wconf 87' lang='lat' dir='ltr'>sionis</span> <span class='ocrx_word' id='word_1_253' title='bbox 309 1701 428 1746; x_wconf 86' lang='lat' dir='ltr'>falce</span> <span class='ocrx_word' id='word_1_254' title='bbox 450 1701 702 1747; x_wconf 87' lang='lat' dir='ltr'>tolleretur.</span> <span class='ocrx_word' id='word_1_255' title='bbox 734 1720 755 1741; x_wconf 83' lang='lat'>»</span> 
     </span>
    </p>

    <p class='ocr_par' dir='ltr' id='par_1_6' title="bbox 143 1759 2034 2248">
     <span class='ocr_line' id='line_1_26' title="bbox 200 1759 2034 1820; baseline -0.001 -13"><span class='ocrx_word' id='word_1_256' title='bbox 200 1761 267 1807; x_wconf 86' lang='lat' dir='ltr'>Ad</span> <span class='ocrx_word' id='word_1_257' title='bbox 298 1766 481 1806; x_wconf 76' lang='lat' dir='ltr'>tertium</span> <span class='ocrx_word' id='word_1_258' title='bbox 504 1763 776 1819; x_wconf 87' lang='lat' dir='ltr'>dicendum,</span> <span class='ocrx_word' id='word_1_259' title='bbox 801 1762 928 1820; x_wconf 75' lang='lat' dir='ltr'>quod</span> <span class='ocrx_word' id='word_1_260' title='bbox 958 1767 1164 1820; x_wconf 89' lang='lat' dir='ltr'>potestas</span> <span class='ocrx_word' id='word_1_261' title='bbox 1191 1762 1486 1807; x_wconf 87' lang='lat' dir='ltr'>ministrandi</span> <span class='ocrx_word' id='word_1_262' title='bbox 1516 1766 1806 1806; x_wconf 86' lang='lat' dir='ltr'>sacramenta</span> <span class='ocrx_word' id='word_1_263' title='bbox 1832 1759 2034 1816; x_wconf 74' lang='lat' dir='ltr'>pertinet</span> 
     </span>
     <span class='ocr_line' id='line_1_27' title="bbox 146 1822 2034 1882; baseline 0.001 -15"><span class='ocrx_word' id='word_1_264' title='bbox 146 1823 206 1867; x_wconf 86' lang='lat' dir='ltr'>ad</span> <span class='ocrx_word' id='word_1_265' title='bbox 228 1823 515 1880; x_wconf 88' lang='lat' dir='ltr'>spiritualem</span> <span class='ocrx_word' id='word_1_266' title='bbox 535 1825 867 1879; x_wconf 86' lang='lat' dir='ltr'>characterem,</span> <span class='ocrx_word' id='word_1_267' title='bbox 893 1824 974 1882; x_wconf 90' lang='lat' dir='ltr'>qui</span> <span class='ocrx_word' id='word_1_268' title='bbox 997 1824 1258 1870; x_wconf 89' lang='lat' dir='ltr'>indelebilis</span> <span class='ocrx_word' id='word_1_269' title='bbox 1289 1830 1374 1880; x_wconf 90' lang='lat' dir='ltr'>est,</span> <span class='ocrx_word' id='word_1_270' title='bbox 1401 1828 1455 1869; x_wconf 91' lang='lat' dir='ltr'>ut</span> <span class='ocrx_word' id='word_1_271' title='bbox 1487 1837 1542 1869; x_wconf 85' lang='lat' dir='ltr'>ex</span> <span class='ocrx_word' id='word_1_272' title='bbox 1572 1836 1715 1879; x_wconf 87' lang='lat' dir='ltr'>supra</span> <span class='ocrx_word' id='word_1_273' title='bbox 1744 1822 1879 1867; x_wconf 90' lang='lat' dir='ltr'>dictis</span> <span class='ocrx_word' id='word_1_274' title='bbox 1908 1827 2034 1878; x_wconf 89' lang='lat' dir='ltr'>patet</span> 
     </span>
     <span class='ocr_line' id='line_1_28' title="bbox 149 1883 2030 1943; baseline -0.001 -14"><span class='ocrx_word' id='word_1_275' title='bbox 149 1886 331 1940; x_wconf 86' lang='lat' dir='ltr'>(quaest.</span> <span class='ocrx_word' id='word_1_276' title='bbox 356 1899 493 1942; x_wconf 81' lang='lat' dir='ltr'>praec.</span> <span class='ocrx_word' id='word_1_277' title='bbox 513 1891 600 1931; x_wconf 87' lang='lat' dir='ltr'>art.</span> <span class='ocrx_word' id='word_1_278' title='bbox 617 1889 673 1941; x_wconf 83' lang='lat'>5).</span> <span class='ocrx_word' id='word_1_279' title='bbox 695 1889 749 1930; x_wconf 89' lang='lat' dir='ltr'>Et</span> <span class='ocrx_word' id='word_1_280' title='bbox 764 1886 869 1931; x_wconf 78' lang='lat' dir='ltr'>ideo</span> <span class='ocrx_word' id='word_1_281' title='bbox 883 1899 967 1943; x_wconf 86' lang='lat' dir='ltr'>per</span> <span class='ocrx_word' id='word_1_282' title='bbox 982 1887 1070 1931; x_wconf 89' lang='lat' dir='ltr'>hoc</span> <span class='ocrx_word' id='word_1_283' title='bbox 1087 1886 1212 1942; x_wconf 75' lang='lat' dir='ltr'>quod</span> <span class='ocrx_word' id='word_1_284' title='bbox 1232 1885 1399 1942; x_wconf 89' lang='lat' dir='ltr'>aliquis</span> <span class='ocrx_word' id='word_1_285' title='bbox 1418 1885 1477 1929; x_wconf 91' lang='lat' dir='ltr'>ab</span> <span class='ocrx_word' id='word_1_286' title='bbox 1496 1883 1700 1929; x_wconf 89' lang='lat' dir='ltr'>Ecclesia</span> <span class='ocrx_word' id='word_1_287' title='bbox 1713 1883 2030 1941; x_wconf 86' lang='lat' dir='ltr'>suspenditur,</span> 
     </span>
     <span class='ocr_line' id='line_1_29' title="bbox 146 1944 2033 2004; baseline 0.001 -16"><span class='ocrx_word' id='word_1_288' title='bbox 146 1945 219 1990; x_wconf 80' lang='lat' dir='ltr'>vel</span> <span class='ocrx_word' id='word_1_289' title='bbox 238 1946 685 2004; x_wconf 85' lang='lat' dir='ltr'>excommunicatur,</span> <span class='ocrx_word' id='word_1_290' title='bbox 709 1947 783 1992; x_wconf 83' lang='lat' dir='ltr'>vel</span> <span class='ocrx_word' id='word_1_291' title='bbox 802 1947 942 1992; x_wconf 89' lang='lat' dir='ltr'>etiam</span> <span class='ocrx_word' id='word_1_292' title='bbox 964 1947 1258 2003; x_wconf 84' lang='lat' dir='ltr'>degradatur,</span> <span class='ocrx_word' id='word_1_293' title='bbox 1283 1959 1375 1990; x_wconf 91' lang='lat' dir='ltr'>non</span> <span class='ocrx_word' id='word_1_294' title='bbox 1399 1946 1567 1991; x_wconf 88' lang='lat' dir='ltr'>amittit</span> <span class='ocrx_word' id='word_1_295' title='bbox 1584 1949 1859 2002; x_wconf 87' lang='lat' dir='ltr'>potestatem</span> <span class='ocrx_word' id='word_1_296' title='bbox 1879 1944 2033 1990; x_wconf 86' lang='lat' dir='ltr'>confe-</span> 
     </span>
     <span class='ocr_line' id='line_1_30' title="bbox 146 2005 2034 2071; baseline 0 -20"><span class='ocrx_word' id='word_1_297' title='bbox 146 2007 275 2052; x_wconf 87' lang='lat' dir='ltr'>rendi</span> <span class='ocrx_word' id='word_1_298' title='bbox 291 2014 650 2064; x_wconf 87' lang='lat' dir='ltr'>sacramentum,</span> <span class='ocrx_word' id='word_1_299' title='bbox 671 2009 755 2053; x_wconf 91' lang='lat' dir='ltr'>sed</span> <span class='ocrx_word' id='word_1_300' title='bbox 773 2008 1006 2053; x_wconf 86' lang='lat' dir='ltr'>licentiam</span> <span class='ocrx_word' id='word_1_301' title='bbox 1031 2008 1190 2053; x_wconf 89' lang='lat' dir='ltr'>utendi</span> <span class='ocrx_word' id='word_1_302' title='bbox 1210 2008 1298 2051; x_wconf 84' lang='lat' dir='ltr'>hac</span> <span class='ocrx_word' id='word_1_303' title='bbox 1312 2010 1565 2064; x_wconf 80' lang='lat' dir='ltr'>potestate3</span> <span class='ocrx_word' id='word_1_304' title='bbox 1592 2011 1638 2071; x_wconf 84' lang='lat' dir='ltr'>et</span> <span class='ocrx_word' id='word_1_305' title='bbox 1652 2005 1755 2050; x_wconf 77' lang='lat' dir='ltr'>ideo</span> <span class='ocrx_word' id='word_1_306' title='bbox 1773 2017 2034 2051; x_wconf 86' lang='lat' dir='ltr'>sacramen-</span> 
     </span>
     <span class='ocr_line' id='line_1_31' title="bbox 147 2067 2033 2126; baseline 0 -13"><span class='ocrx_word' id='word_1_307' title='bbox 147 2074 244 2113; x_wconf 88' lang='lat' dir='ltr'>tum</span> <span class='ocrx_word' id='word_1_308' title='bbox 267 2069 455 2126; x_wconf 86' lang='lat' dir='ltr'>quidem</span> <span class='ocrx_word' id='word_1_309' title='bbox 475 2070 668 2125; x_wconf 87' lang='lat' dir='ltr'>confert,</span> <span class='ocrx_word' id='word_1_310' title='bbox 694 2070 778 2115; x_wconf 89' lang='lat' dir='ltr'>sed</span> <span class='ocrx_word' id='word_1_311' title='bbox 795 2076 949 2115; x_wconf 84' lang='lat' dir='ltr'>tamen</span> <span class='ocrx_word' id='word_1_312' title='bbox 971 2074 1133 2126; x_wconf 88' lang='lat' dir='ltr'>peccat</span> <span class='ocrx_word' id='word_1_313' title='bbox 1151 2069 1464 2114; x_wconf 81' lang='lat' dir='ltr'>conferendo:</span> <span class='ocrx_word' id='word_1_314' title='bbox 1489 2073 1535 2113; x_wconf 89' lang='lat' dir='ltr'>et</span> <span class='ocrx_word' id='word_1_315' title='bbox 1554 2067 1764 2113; x_wconf 89' lang='lat' dir='ltr'>similiter</span> <span class='ocrx_word' id='word_1_316' title='bbox 1784 2067 1861 2112; x_wconf 86' lang='lat' dir='ltr'>ille</span> <span class='ocrx_word' id='word_1_317' title='bbox 1877 2067 2033 2124; x_wconf 80' lang='lat' dir='ltr'>quial)</span> 
     </span>
     <span class='ocr_line' id='line_1_32' title="bbox 143 2129 2034 2188; baseline 0 -14"><span class='ocrx_word' id='word_1_318' title='bbox 143 2143 201 2175; x_wconf 87' lang='lat' dir='ltr'>eo</span> <span class='ocrx_word' id='word_1_319' title='bbox 215 2131 382 2187; x_wconf 86' lang='lat' dir='ltr'>accipit</span> <span class='ocrx_word' id='word_1_320' title='bbox 400 2136 763 2188; x_wconf 86' lang='lat' dir='ltr'>sacramentum,</span> <span class='ocrx_word' id='word_1_321' title='bbox 787 2137 833 2176; x_wconf 91' lang='lat' dir='ltr'>et</span> <span class='ocrx_word' id='word_1_322' title='bbox 852 2132 919 2176; x_wconf 91' lang='lat' dir='ltr'>sic</span> <span class='ocrx_word' id='word_1_323' title='bbox 944 2144 1038 2175; x_wconf 89' lang='lat' dir='ltr'>non</span> <span class='ocrx_word' id='word_1_324' title='bbox 1061 2130 1257 2187; x_wconf 90' lang='lat' dir='ltr'>percipit</span> <span class='ocrx_word' id='word_1_325' title='bbox 1270 2143 1369 2175; x_wconf 89' lang='lat' dir='ltr'>rem</span> <span class='ocrx_word' id='word_1_326' title='bbox 1386 2129 1683 2188; x_wconf 86' lang='lat' dir='ltr'>sacramenti,</span> <span class='ocrx_word' id='word_1_327' title='bbox 1703 2129 1793 2174; x_wconf 88' lang='lat' dir='ltr'>nisi</span> <span class='ocrx_word' id='word_1_328' title='bbox 1812 2130 1930 2174; x_wconf 79' lang='lat' dir='ltr'>forte</span> <span class='ocrx_word' id='word_1_329' title='bbox 1951 2141 2034 2187; x_wconf 88' lang='lat' dir='ltr'>per</span> 
     </span>
     <span class='ocr_line' id='line_1_33' title="bbox 145 2192 744 2248; baseline 0.005 -13"><span class='ocrx_word' id='word_1_330' title='bbox 145 2192 456 2248; x_wconf 83' lang='lat' dir='ltr'>ignorantiam</span> <span class='ocrx_word' id='word_1_331' title='bbox 478 2198 744 2238; x_wconf 85' lang='lat' dir='ltr'>excusetur.</span> 
     </span>
    </p>

    <p class='ocr_par' dir='ltr' id='par_1_7' title="bbox 145 2263 2031 2366">
     <span class='ocr_line' id='line_1_34' title="bbox 145 2263 2031 2312; baseline 0.001 -8"><span class='ocrx_word' id='word_1_332' title='bbox 145 2263 487 2306; x_wconf 83' lang='lat' dir='ltr'><strong>ARTICULUS</strong></span> <span class='ocrx_word' id='word_1_333' title='bbox 503 2264 565 2306; x_wconf 88' lang='lat' dir='ltr'>X.</span> <span class='ocrx_word' id='word_1_334' title='bbox 584 2286 639 2294; x_wconf 90' lang='lat'>--</span> <span class='ocrx_word' id='word_1_335' title='bbox 658 2275 798 2306; x_wconf 69' lang='lat' dir='ltr'>uranu</span> <span class='ocrx_word' id='word_1_336' title='bbox 817 2275 1006 2306; x_wconf 69' lang='lat' dir='ltr'>mmmm</span> <span class='ocrx_word' id='word_1_337' title='bbox 1023 2275 1153 2306; x_wconf 65' lang='lat' dir='ltr'>nucu</span> <span class='ocrx_word' id='word_1_338' title='bbox 1170 2274 1350 2304; x_wconf 70' lang='lat' dir='ltr'>rnmsrm</span> <span class='ocrx_word' id='word_1_339' title='bbox 1371 2274 1631 2312; x_wconf 67' lang='lat' dir='ltr'>amormuni</span> <span class='ocrx_word' id='word_1_340' title='bbox 1646 2273 1702 2305; x_wconf 72' lang='grc' dir='ltr'>Α»</span> <span class='ocrx_word' id='word_1_341' title='bbox 1718 2274 2031 2306; x_wconf 70' lang='lat' dir='ltr'>PERFECTIONEu</span> 
     </span>
     <span class='ocr_line' id='line_1_35' title="bbox 951 2336 1224 2366; baseline 0 0"><span class='ocrx_word' id='word_1_342' title='bbox 951 2336 1224 2366; x_wconf 74' lang='lat' dir='ltr'>SACRAMENTL</span> 
     </span>
    </p>
   </div>
   <div class='ocr_carea' id='block_1_6' title="bbox 142 2389 2034 2482">
    <p class='ocr_par' dir='ltr' id='par_1_8' title="bbox 142 2389 2034 2482">
     <span class='ocr_line' id='line_1_36' title="bbox 142 2389 2034 2434; baseline 0.002 -9"><span class='ocrx_word' id='word_1_343' title='bbox 142 2389 194 2425; x_wconf 81' lang='lat' dir='ltr'>&#39;De</span> <span class='ocrx_word' id='word_1_344' title='bbox 211 2389 265 2425; x_wconf 80' lang='lat' dir='ltr'>his</span> <span class='ocrx_word' id='word_1_345' title='bbox 278 2390 383 2426; x_wconf 79' lang='lat' dir='ltr'>etiam</span> <span class='ocrx_word' id='word_1_346' title='bbox 398 2390 503 2433; x_wconf 73' lang='lat' dir='ltr'>infra,</span> <span class='ocrx_word' id='word_1_347' title='bbox 517 2395 632 2432; x_wconf 74' lang='lat' dir='ltr'>quaest.</span> <span class='ocrx_word' id='word_1_348' title='bbox 650 2400 767 2434; x_wconf 79' lang='lat' dir='ltr'>Lxxlv,</span> <span class='ocrx_word' id='word_1_349' title='bbox 789 2395 855 2427; x_wconf 79' lang='lat' dir='ltr'>art.</span> <span class='ocrx_word' id='word_1_350' title='bbox 872 2392 895 2426; x_wconf 88' lang='grc'><strong>2</strong></span> <span class='ocrx_word' id='word_1_351' title='bbox 912 2391 954 2426; x_wconf 84' lang='lat' dir='ltr'>ad</span> <span class='ocrx_word' id='word_1_352' title='bbox 978 2391 1011 2433; x_wconf 83' lang='lat'>2,</span> <span class='ocrx_word' id='word_1_353' title='bbox 1029 2394 1062 2426; x_wconf 87' lang='lat' dir='ltr'>et</span> <span class='ocrx_word' id='word_1_354' title='bbox 1079 2392 1173 2426; x_wconf 79' lang='lat' dir='ltr'>Sent.</span> <span class='ocrx_word' id='word_1_355' title='bbox 1192 2399 1240 2430; x_wconf 80' lang='lat' dir='ltr'>lv.</span> <span class='ocrx_word' id='word_1_356' title='bbox 1259 2390 1335 2426; x_wconf 82' lang='lat' dir='ltr'>dist.</span> <span class='ocrx_word' id='word_1_357' title='bbox 1353 2390 1392 2431; x_wconf 76' lang='lat'>6,</span> <span class='ocrx_word' id='word_1_358' title='bbox 1409 2394 1526 2431; x_wconf 71' lang='lat' dir='ltr'>quaest.</span> <span class='ocrx_word' id='word_1_359' title='bbox 1544 2400 1572 2431; x_wconf 86' lang='lat'>1,</span> <span class='ocrx_word' id='word_1_360' title='bbox 1589 2393 1655 2426; x_wconf 77' lang='lat' dir='ltr'>art.</span> <span class='ocrx_word' id='word_1_361' title='bbox 1670 2390 1694 2425; x_wconf 87' lang='grc'>2</span> <span class='ocrx_word' id='word_1_362' title='bbox 1705 2418 1714 2432; x_wconf 83' lang='grc'><em>,</em></span> <span class='ocrx_word' id='word_1_363' title='bbox 1732 2391 1925 2433; x_wconf 75' lang='lat' dir='ltr'>quaestione.</span> <span class='ocrx_word' id='word_1_364' title='bbox 1943 2399 1983 2433; x_wconf 88' lang='lat'>11,</span> <span class='ocrx_word' id='word_1_365' title='bbox 1997 2393 2034 2429; x_wconf 62' lang='grc' dir='ltr'>οῦ</span> 
     </span>
     <span class='ocr_line' id='line_1_37' title="bbox 486 2438 1688 2482; baseline 0.001 -9"><span class='ocrx_word' id='word_1_366' title='bbox 486 2438 566 2474; x_wconf 83' lang='lat' dir='ltr'>dist.</span> <span class='ocrx_word' id='word_1_367' title='bbox 580 2439 635 2481; x_wconf 81' lang='grc' dir='ltr'>Η,</span> <span class='ocrx_word' id='word_1_368' title='bbox 649 2443 715 2475; x_wconf 81' lang='lat' dir='ltr'>art.</span> <span class='ocrx_word' id='word_1_369' title='bbox 726 2440 760 2482; x_wconf 71' lang='lat'>4,</span> <span class='ocrx_word' id='word_1_370' title='bbox 778 2445 895 2482; x_wconf 83' lang='lat' dir='ltr'>quaest.</span> <span class='ocrx_word' id='word_1_371' title='bbox 914 2448 956 2474; x_wconf 87' lang='lat'>111</span> <span class='ocrx_word' id='word_1_372' title='bbox 970 2439 1011 2474; x_wconf 81' lang='lat' dir='ltr'>ad</span> <span class='ocrx_word' id='word_1_373' title='bbox 1030 2439 1063 2480; x_wconf 77' lang='lat' dir='ltr'>l,</span> <span class='ocrx_word' id='word_1_374' title='bbox 1082 2442 1118 2474; x_wconf 81' lang='lat' dir='ltr'>et</span> <span class='ocrx_word' id='word_1_375' title='bbox 1132 2438 1212 2474; x_wconf 85' lang='lat' dir='ltr'>dist.</span> <span class='ocrx_word' id='word_1_376' title='bbox 1226 2438 1280 2481; x_wconf 70' lang='lat'>⁴0,</span> <span class='ocrx_word' id='word_1_377' title='bbox 1297 2442 1413 2480; x_wconf 66' lang='lat' dir='ltr'>quast.</span> <span class='ocrx_word' id='word_1_378' title='bbox 1429 2447 1454 2480; x_wconf 88' lang='lat'>1,</span> <span class='ocrx_word' id='word_1_379' title='bbox 1471 2443 1539 2473; x_wconf 86' lang='lat' dir='ltr'>art.</span> <span class='ocrx_word' id='word_1_380' title='bbox 1553 2440 1576 2474; x_wconf 82' lang='lat'>5</span> <span class='ocrx_word' id='word_1_381' title='bbox 1592 2439 1633 2473; x_wconf 82' lang='lat' dir='ltr'>ad</span> <span class='ocrx_word' id='word_1_382' title='bbox 1653 2439 1688 2474; x_wconf 80' lang='lat'>5.</span> 
     </span>
    </p>
   </div>
   <div class='ocr_carea' id='block_1_7' title="bbox 140 2491 2030 3167">
    <p class='ocr_par' dir='ltr' id='par_1_9' title="bbox 140 2491 2030 2792">
     <span class='ocr_line' id='line_1_38' title="bbox 197 2491 2029 2550; baseline 0.003 -15"><span class='ocrx_word' id='word_1_383' title='bbox 197 2491 265 2536; x_wconf 88' lang='lat' dir='ltr'>Ad</span> <span class='ocrx_word' id='word_1_384' title='bbox 286 2491 518 2537; x_wconf 89' lang='lat' dir='ltr'>decimum</span> <span class='ocrx_word' id='word_1_385' title='bbox 533 2492 601 2537; x_wconf 86' lang='lat' dir='ltr'>sic</span> <span class='ocrx_word' id='word_1_386' title='bbox 633 2494 912 2550; x_wconf 90' lang='lat' dir='ltr'>proceditur.</span> <span class='ocrx_word' id='word_1_387' title='bbox 948 2497 991 2538; x_wconf 85' lang='lat'>1.</span> <span class='ocrx_word' id='word_1_388' title='bbox 1023 2493 1211 2538; x_wconf 88' lang='lat' dir='ltr'>Videtur</span> <span class='ocrx_word' id='word_1_389' title='bbox 1234 2492 1359 2550; x_wconf 81' lang='lat' dir='ltr'>quod</span> <span class='ocrx_word' id='word_1_390' title='bbox 1380 2493 1575 2537; x_wconf 89' lang='lat' dir='ltr'>intentio</span> <span class='ocrx_word' id='word_1_391' title='bbox 1597 2498 1722 2537; x_wconf 90' lang='lat' dir='ltr'>recta</span> <span class='ocrx_word' id='word_1_392' title='bbox 1741 2494 1938 2538; x_wconf 87' lang='lat' dir='ltr'>ministri</span> <span class='ocrx_word' id='word_1_393' title='bbox 1954 2506 2029 2540; x_wconf 88' lang='lat' dir='ltr'>re-</span> 
     </span>
     <span class='ocr_line' id='line_1_39' title="bbox 140 2552 2030 2610; baseline 0.002 -14"><span class='ocrx_word' id='word_1_394' title='bbox 140 2552 354 2610; x_wconf 85' lang='lat' dir='ltr'>quiratur</span> <span class='ocrx_word' id='word_1_395' title='bbox 370 2554 429 2598; x_wconf 88' lang='lat' dir='ltr'>ad</span> <span class='ocrx_word' id='word_1_396' title='bbox 444 2554 774 2610; x_wconf 84' lang='lat' dir='ltr'>perfectionem</span> <span class='ocrx_word' id='word_1_397' title='bbox 790 2555 1085 2599; x_wconf 80' lang='lat' dir='ltr'>sacramenti.</span> <span class='ocrx_word' id='word_1_398' title='bbox 1107 2555 1305 2599; x_wconf 86' lang='lat' dir='ltr'>Intentio</span> <span class='ocrx_word' id='word_1_399' title='bbox 1325 2554 1450 2599; x_wconf 90' lang='lat' dir='ltr'>enim</span> <span class='ocrx_word' id='word_1_400' title='bbox 1466 2554 1663 2597; x_wconf 88' lang='lat' dir='ltr'>ministri</span> <span class='ocrx_word' id='word_1_401' title='bbox 1687 2553 1825 2598; x_wconf 87' lang='lat' dir='ltr'>debet</span> <span class='ocrx_word' id='word_1_402' title='bbox 1844 2556 2030 2600; x_wconf 85' lang='lat' dir='ltr'>confor-</span> 
     </span>
     <span class='ocr_line' id='line_1_40' title="bbox 144 2613 2027 2676; baseline 0.003 -19"><span class='ocrx_word' id='word_1_403' title='bbox 144 2613 260 2658; x_wconf 92' lang='lat' dir='ltr'>mari</span> <span class='ocrx_word' id='word_1_404' title='bbox 292 2613 534 2659; x_wconf 90' lang='lat' dir='ltr'>intentioni</span> <span class='ocrx_word' id='word_1_405' title='bbox 560 2616 788 2676; x_wconf 84' lang='lat' dir='ltr'>Ecclesiae,</span> <span class='ocrx_word' id='word_1_406' title='bbox 809 2621 862 2661; x_wconf 89' lang='lat' dir='ltr'>ut</span> <span class='ocrx_word' id='word_1_407' title='bbox 885 2629 942 2661; x_wconf 86' lang='lat' dir='ltr'>ex</span> <span class='ocrx_word' id='word_1_408' title='bbox 962 2617 1098 2661; x_wconf 82' lang='lat' dir='ltr'>dictis</span> <span class='ocrx_word' id='word_1_409' title='bbox 1127 2620 1253 2672; x_wconf 87' lang='lat' dir='ltr'>patet</span> <span class='ocrx_word' id='word_1_410' title='bbox 1282 2618 1384 2672; x_wconf 91' lang='lat' dir='ltr'>(art.</span> <span class='ocrx_word' id='word_1_411' title='bbox 1410 2619 1436 2660; x_wconf 90' lang='lat'><em>8</em></span> <span class='ocrx_word' id='word_1_412' title='bbox 1460 2615 1559 2671; x_wconf 80' lang='lat' dir='ltr'>huj.</span> <span class='ocrx_word' id='word_1_413' title='bbox 1588 2621 1754 2672; x_wconf 87' lang='lat' dir='ltr'>quaest.</span> <span class='ocrx_word' id='word_1_414' title='bbox 1777 2617 1833 2661; x_wconf 86' lang='lat' dir='ltr'>ad</span> <span class='ocrx_word' id='word_1_415' title='bbox 1858 2619 1917 2668; x_wconf 77' lang='lat'>2).</span> <span class='ocrx_word' id='word_1_416' title='bbox 1943 2618 2027 2663; x_wconf 89' lang='lat' dir='ltr'>Sed</span> 
     </span>
     <span class='ocr_line' id='line_1_41' title="bbox 145 2675 2029 2735; baseline 0.003 -17"><span class='ocrx_word' id='word_1_417' title='bbox 145 2675 339 2719; x_wconf 90' lang='lat' dir='ltr'>intentio</span> <span class='ocrx_word' id='word_1_418' title='bbox 359 2676 572 2720; x_wconf 86' lang='lat' dir='ltr'>Ecclesiae</span> <span class='ocrx_word' id='word_1_419' title='bbox 593 2690 777 2734; x_wconf 85' lang='lat' dir='ltr'>semper</span> <span class='ocrx_word' id='word_1_420' title='bbox 791 2682 863 2723; x_wconf 90' lang='lat' dir='ltr'>est</span> <span class='ocrx_word' id='word_1_421' title='bbox 881 2683 1022 2722; x_wconf 80' lang='lat' dir='ltr'>recta.</span> <span class='ocrx_word' id='word_1_422' title='bbox 1042 2681 1159 2733; x_wconf 85' lang='lat' dir='ltr'>Ergo</span> <span class='ocrx_word' id='word_1_423' title='bbox 1175 2678 1234 2722; x_wconf 93' lang='lat' dir='ltr'>de</span> <span class='ocrx_word' id='word_1_424' title='bbox 1253 2678 1531 2723; x_wconf 85' lang='lat' dir='ltr'>necessitate</span> <span class='ocrx_word' id='word_1_425' title='bbox 1554 2677 1614 2722; x_wconf 90' lang='lat' dir='ltr'>ad</span> <span class='ocrx_word' id='word_1_426' title='bbox 1629 2679 1906 2722; x_wconf 85' lang='lat' dir='ltr'>sacramenti</span> <span class='ocrx_word' id='word_1_427' title='bbox 1923 2691 2029 2735; x_wconf 89' lang='lat' dir='ltr'>per-</span> 
     </span>
     <span class='ocr_line' id='line_1_42' title="bbox 145 2736 1321 2792; baseline 0.003 -13"><span class='ocrx_word' id='word_1_428' title='bbox 145 2736 388 2780; x_wconf 85' lang='lat' dir='ltr'>fectionem</span> <span class='ocrx_word' id='word_1_429' title='bbox 414 2738 664 2792; x_wconf 87' lang='lat' dir='ltr'>requiritur</span> <span class='ocrx_word' id='word_1_430' title='bbox 685 2739 883 2784; x_wconf 86' lang='lat' dir='ltr'>intentio</span> <span class='ocrx_word' id='word_1_431' title='bbox 905 2744 1031 2784; x_wconf 78' lang='lat' dir='ltr'>recta</span> <span class='ocrx_word' id='word_1_432' title='bbox 1053 2738 1269 2784; x_wconf 87' lang='lat' dir='ltr'>ministri.</span> <span class='ocrx_word' id='word_1_433' title='bbox 1319 2770 1321 2772; x_wconf 28' lang='grc' dir='ltr'>ψ</span> 
     </span>
    </p>

    <p class='ocr_par' dir='ltr' id='par_1_10' title="bbox 142 2798 2028 3083">
     <span class='ocr_line' id='line_1_43' title="bbox 199 2798 2026 2860; baseline 0.003 -19"><span class='ocrx_word' id='word_1_434' title='bbox 199 2800 240 2841; x_wconf 74' lang='lat'>2.</span> <span class='ocrx_word' id='word_1_435' title='bbox 272 2799 509 2852; x_wconf 81' lang='lat' dir='ltr'>Praeterea,</span> <span class='ocrx_word' id='word_1_436' title='bbox 536 2810 752 2853; x_wconf 78' lang='lat' dir='ltr'>perversa</span> <span class='ocrx_word' id='word_1_437' title='bbox 776 2800 972 2844; x_wconf 88' lang='lat' dir='ltr'>intentio</span> <span class='ocrx_word' id='word_1_438' title='bbox 1000 2800 1201 2844; x_wconf 88' lang='lat' dir='ltr'>deterior</span> <span class='ocrx_word' id='word_1_439' title='bbox 1225 2810 1330 2843; x_wconf 86' lang='lat' dir='ltr'>esse</span> <span class='ocrx_word' id='word_1_440' title='bbox 1358 2798 1543 2843; x_wconf 82' lang='lat' dir='ltr'>videtur</span> <span class='ocrx_word' id='word_1_441' title='bbox 1566 2799 1707 2856; x_wconf 78' lang='lat' dir='ltr'>quam</span> <span class='ocrx_word' id='word_1_442' title='bbox 1740 2801 1937 2846; x_wconf 90' lang='lat' dir='ltr'>intentio</span> <span class='ocrx_word' id='word_1_443' title='bbox 1955 2803 2026 2860; x_wconf 87' lang='lat' dir='ltr'>jo—</span> 
     </span>
     <span class='ocr_line' id='line_1_44' title="bbox 144 2858 2028 2919; baseline 0.004 -18"><span class='ocrx_word' id='word_1_444' title='bbox 144 2869 269 2901; x_wconf 90' lang='lat' dir='ltr'>cosa.</span> <span class='ocrx_word' id='word_1_445' title='bbox 293 2858 380 2902; x_wconf 88' lang='lat' dir='ltr'>Sed</span> <span class='ocrx_word' id='word_1_446' title='bbox 402 2858 598 2902; x_wconf 64' lang='lat' dir='ltr'>intendo</span> <span class='ocrx_word' id='word_1_447' title='bbox 608 2859 768 2915; x_wconf 83' lang='lat' dir='ltr'>J‘ocosa</span> <span class='ocrx_word' id='word_1_448' title='bbox 790 2862 908 2905; x_wconf 90' lang='lat' dir='ltr'>tollit</span> <span class='ocrx_word' id='word_1_449' title='bbox 927 2866 1289 2916; x_wconf 82' lang='lat' dir='ltr'>sacramentum,</span> <span class='ocrx_word' id='word_1_450' title='bbox 1304 2861 1417 2916; x_wconf 81' lang='lat' dir='ltr'>puta</span> <span class='ocrx_word' id='word_1_451' title='bbox 1437 2861 1477 2905; x_wconf 92' lang='lat' dir='ltr'>si</span> <span class='ocrx_word' id='word_1_452' title='bbox 1496 2862 1662 2918; x_wconf 89' lang='lat' dir='ltr'>aliquis</span> <span class='ocrx_word' id='word_1_453' title='bbox 1683 2875 1775 2907; x_wconf 89' lang='lat' dir='ltr'>non</span> <span class='ocrx_word' id='word_1_454' title='bbox 1792 2863 1926 2919; x_wconf 78' lang='lat' dir='ltr'>serio,</span> <span class='ocrx_word' id='word_1_455' title='bbox 1946 2865 2028 2909; x_wconf 88' lang='lat' dir='ltr'>sed</span> 
     </span>
     <span class='ocr_line' id='line_1_45' title="bbox 142 2918 2027 2985; baseline 0.004 -22"><span class='ocrx_word' id='word_1_456' title='bbox 142 2918 254 2963; x_wconf 91' lang='lat' dir='ltr'>ludo</span> <span class='ocrx_word' id='word_1_457' title='bbox 277 2918 479 2975; x_wconf 86' lang='lat' dir='ltr'>aliquem</span> <span class='ocrx_word' id='word_1_458' title='bbox 497 2919 764 2985; x_wconf 72' lang='lat' dir='ltr'>baptizaret.</span> <span class='ocrx_word' id='word_1_459' title='bbox 788 2925 907 2979; x_wconf 85' lang='lat' dir='ltr'>Ergo</span> <span class='ocrx_word' id='word_1_460' title='bbox 935 2923 1083 2966; x_wconf 76' lang='lat' dir='ltr'>multo</span> <span class='ocrx_word' id='word_1_461' title='bbox 1116 2922 1267 2977; x_wconf 87' lang='lat' dir='ltr'>magis</span> <span class='ocrx_word' id='word_1_462' title='bbox 1299 2934 1519 2978; x_wconf 84' lang='lat' dir='ltr'>perversa</span> <span class='ocrx_word' id='word_1_463' title='bbox 1549 2923 1745 2968; x_wconf 88' lang='lat' dir='ltr'>intentio</span> <span class='ocrx_word' id='word_1_464' title='bbox 1764 2925 1913 2969; x_wconf 86' lang='lat' dir='ltr'>aufert</span> <span class='ocrx_word' id='word_1_465' title='bbox 1954 2938 2027 2970; x_wconf 87' lang='lat' dir='ltr'>sa-</span> 
     </span>
     <span class='ocr_line' id='line_1_46' title="bbox 142 2981 2026 3083; baseline 0.005 -61"><span class='ocrx_word' id='word_1_466' title='bbox 142 2984 450 3083; x_wconf 58' lang='lat' dir='ltr'>gramentum,</span> <span class='ocrx_word' id='word_1_467' title='bbox 474 2982 588 3036; x_wconf 79' lang='lat' dir='ltr'>puta</span> <span class='ocrx_word' id='word_1_468' title='bbox 609 2982 649 3025; x_wconf 92' lang='lat' dir='ltr'>si</span> <span class='ocrx_word' id='word_1_469' title='bbox 672 2981 840 3039; x_wconf 91' lang='lat' dir='ltr'>aliquis</span> <span class='ocrx_word' id='word_1_470' title='bbox 867 2983 1068 3041; x_wconf 85' lang='lat' dir='ltr'>aliquem</span> <span class='ocrx_word' id='word_1_471' title='bbox 1099 2984 1366 3040; x_wconf 87' lang='lat' dir='ltr'>baptizaret,</span> <span class='ocrx_word' id='word_1_472' title='bbox 1390 2989 1442 3028; x_wconf 89' lang='lat' dir='ltr'>ut</span> <span class='ocrx_word' id='word_1_473' title='bbox 1461 2985 1756 3042; x_wconf 81' lang='lat' dir='ltr'>postmodum</span> <span class='ocrx_word' id='word_1_474' title='bbox 1775 2999 1882 3031; x_wconf 90' lang='lat' dir='ltr'>eum</span> <span class='ocrx_word' id='word_1_475' title='bbox 1906 2987 2026 3032; x_wconf 74' lang='lat' dir='ltr'>occi-</span> 
     </span>
    </p>

    <p class='ocr_par' dir='ltr' id='par_1_11' title="bbox 175 3045 286 3084">
     <span class='ocr_line' id='line_1_47' title="bbox 175 3045 286 3084; baseline -0.018 0"><span class='ocrx_word' id='word_1_476' title='bbox 175 3045 286 3084; x_wconf 85' lang='lat' dir='ltr'>eret.</span> 
     </span>
    </p>

    <p class='ocr_par' dir='ltr' id='par_1_12' title="bbox 195 3104 2023 3167">
     <span class='ocr_line' id='line_1_48' title="bbox 195 3104 2023 3167; baseline 0.006 -21"><span class='ocrx_word' id='word_1_477' title='bbox 195 3104 239 3146; x_wconf 89' lang='lat'>3.</span> <span class='ocrx_word' id='word_1_478' title='bbox 271 3105 511 3157; x_wconf 83' lang='lat' dir='ltr'>Praeterea,</span> <span class='ocrx_word' id='word_1_479' title='bbox 550 3116 768 3160; x_wconf 86' lang='lat' dir='ltr'>perversa</span> <span class='ocrx_word' id='word_1_480' title='bbox 801 3106 997 3151; x_wconf 88' lang='lat' dir='ltr'>intentio</span> <span class='ocrx_word' id='word_1_481' title='bbox 1029 3107 1139 3152; x_wconf 84' lang='lat' dir='ltr'>facit</span> <span class='ocrx_word' id='word_1_482' title='bbox 1166 3111 1312 3152; x_wconf 91' lang='lat' dir='ltr'>totum</span> <span class='ocrx_word' id='word_1_483' title='bbox 1347 3120 1465 3164; x_wconf 91' lang='lat' dir='ltr'>opus</span> <span class='ocrx_word' id='word_1_484' title='bbox 1494 3109 1733 3167; x_wconf 78' lang='lat' dir='ltr'>vitiosum,</span> <span class='ocrx_word' id='word_1_485' title='bbox 1766 3113 2023 3158; x_wconf 79' lang='lat' dir='ltr'>secundum</span> 
     </span>
    </p>
   </div>
   <div class='ocr_carea' id='block_1_8' title="bbox 140 3233 2025 3472">
    <p class='ocr_par' dir='ltr' id='par_1_13' title="bbox 142 3233 2025 3327">
     <span class='ocr_line' id='line_1_49' title="bbox 182 3233 2025 3288; baseline 0.007 -21"><span class='ocrx_word' id='word_1_486' title='bbox 182 3233 225 3273; x_wconf 77' lang='lat' dir='ltr'>(l)</span> <span class='ocrx_word' id='word_1_487' title='bbox 241 3234 328 3269; x_wconf 80' lang='lat' dir='ltr'>Rem</span> <span class='ocrx_word' id='word_1_488' title='bbox 343 3235 586 3274; x_wconf 76' lang='lat' dir='ltr'>sacramenti,</span> <span class='ocrx_word' id='word_1_489' title='bbox 603 3235 637 3269; x_wconf 82' lang='lat' dir='ltr'>id</span> <span class='ocrx_word' id='word_1_490' title='bbox 654 3239 715 3276; x_wconf 81' lang='lat' dir='ltr'>est,</span> <span class='ocrx_word' id='word_1_491' title='bbox 733 3237 875 3275; x_wconf 82' lang='lat' dir='ltr'>gratiam</span> <span class='ocrx_word' id='word_1_492' title='bbox 889 3238 1036 3273; x_wconf 83' lang='lat' dir='ltr'>sanctifi·</span> <span class='ocrx_word' id='word_1_493' title='bbox 1121 3251 1194 3273; x_wconf 80' lang='lat' dir='ltr'>can.</span> <span class='ocrx_word' id='word_1_494' title='bbox 1213 3239 1257 3281; x_wconf 64' lang='lat'>4):</span> <span class='ocrx_word' id='word_1_495' title='bbox 1274 3239 1319 3274; x_wconf 69' lang='lat' dir='ltr'>St</span> <span class='ocrx_word' id='word_1_496' title='bbox 1335 3240 1416 3282; x_wconf 79' lang='lat' dir='ltr'>quis</span> <span class='ocrx_word' id='word_1_497' title='bbox 1435 3239 1576 3275; x_wconf 70' lang='lat' dir='ltr'>dixerit</span> <span class='ocrx_word' id='word_1_498' title='bbox 1596 3241 1815 3285; x_wconf 75' lang='lat' dir='ltr'>baptismum</span> <span class='ocrx_word' id='word_1_499' title='bbox 1832 3245 1897 3288; x_wconf 73' lang='lat' dir='ltr'>qui</span> <span class='ocrx_word' id='word_1_500' title='bbox 1910 3245 2025 3280; x_wconf 79' lang='lat' dir='ltr'>datur</span> 
     </span>
     <span class='ocr_line' id='line_1_50' title="bbox 142 3283 2023 3327; baseline 0.007 -14"><span class='ocrx_word' id='word_1_501' title='bbox 142 3283 272 3314; x_wconf 74' lang='lat' dir='ltr'>cantem</span> <span class='ocrx_word' id='word_1_502' title='bbox 288 3287 320 3316; x_wconf 86' lang='lat' dir='ltr'>et</span> <span class='ocrx_word' id='word_1_503' title='bbox 336 3287 547 3323; x_wconf 84' lang='lat' dir='ltr'>peccatorum</span> <span class='ocrx_word' id='word_1_504' title='bbox 564 3283 806 3322; x_wconf 67' lang='lat' dir='ltr'>remissionem.</span> <span class='ocrx_word' id='word_1_505' title='bbox 1122 3286 1165 3320; x_wconf 84' lang='lat' dir='ltr'>ab</span> <span class='ocrx_word' id='word_1_506' title='bbox 1196 3287 1376 3321; x_wconf 79' lang='lat' dir='ltr'>hoereticis</span> <span class='ocrx_word' id='word_1_507' title='bbox 1399 3289 1443 3321; x_wconf 79' lang='lat' dir='ltr'>in</span> <span class='ocrx_word' id='word_1_508' title='bbox 1474 3290 1621 3323; x_wconf 81' lang='lat' dir='ltr'>nomine</span> <span class='ocrx_word' id='word_1_509' title='bbox 1649 3291 1776 3325; x_wconf 78' lang='lat' dir='ltr'>Patris</span> <span class='ocrx_word' id='word_1_510' title='bbox 1805 3296 1836 3325; x_wconf 79' lang='lat' dir='ltr'>et</span> <span class='ocrx_word' id='word_1_511' title='bbox 1867 3292 1961 3326; x_wconf 69' lang='lat' dir='ltr'>Filii</span> <span class='ocrx_word' id='word_1_512' title='bbox 1991 3297 2023 3327; x_wconf 71' lang='lat' dir='ltr'>et</span> 
     </span>
    </p>

    <p class='ocr_par' dir='ltr' id='par_1_14' title="bbox 140 3328 2025 3472">
     <span class='ocr_line' id='line_1_51' title="bbox 181 3328 2025 3381; baseline 0.008 -21"><span class='ocrx_word' id='word_1_513' title='bbox 181 3328 222 3368; x_wconf 73' lang='lat'>(25</span> <span class='ocrx_word' id='word_1_514' title='bbox 242 3329 364 3363; x_wconf 78' lang='lat' dir='ltr'>Errare</span> <span class='ocrx_word' id='word_1_515' title='bbox 386 3331 495 3370; x_wconf 64' lang='lat' dir='ltr'>potuit</span> <span class='ocrx_word' id='word_1_516' title='bbox 514 3331 697 3371; x_wconf 64' lang='lat' dir='ltr'>Cyprianus</span> <span class='ocrx_word' id='word_1_517' title='bbox 719 3332 795 3372; x_wconf 80' lang='lat' dir='ltr'>quia</span> <span class='ocrx_word' id='word_1_518' title='bbox 823 3333 962 3373; x_wconf 78' lang='lat' dir='ltr'>quaestio</span> <span class='ocrx_word' id='word_1_519' title='bbox 979 3333 1038 3367; x_wconf 83' lang='lat' dir='ltr'>illa</span> <span class='ocrx_word' id='word_1_520' title='bbox 1122 3334 1289 3377; x_wconf 69' lang='lat' dir='ltr'>Spiritus</span> <span class='ocrx_word' id='word_1_521' title='bbox 1328 3336 1449 3369; x_wconf 77' lang='lat' dir='ltr'>sancti</span> <span class='ocrx_word' id='word_1_522' title='bbox 1490 3347 1570 3370; x_wconf 81' lang='lat' dir='ltr'>cum</span> <span class='ocrx_word' id='word_1_523' title='bbox 1604 3338 1806 3372; x_wconf 73' lang='lat' dir='ltr'>intentione</span> <span class='ocrx_word' id='word_1_524' title='bbox 1858 3339 2025 3381; x_wconf 68' lang='lat' dir='ltr'>faciendi</span> 
     </span>
     <span class='ocr_line' id='line_1_52' title="bbox 141 3376 2024 3430; baseline 0.008 -23"><span class='ocrx_word' id='word_1_525' title='bbox 141 3376 290 3410; x_wconf 77' lang='lat' dir='ltr'>nondum</span> <span class='ocrx_word' id='word_1_526' title='bbox 317 3379 466 3416; x_wconf 59' lang='lat' dir='ltr'>expresse</span> <span class='ocrx_word' id='word_1_527' title='bbox 490 3378 670 3417; x_wconf 65' lang='lat' dir='ltr'>dijudicata</span> <span class='ocrx_word' id='word_1_528' title='bbox 699 3379 820 3414; x_wconf 74' lang='lat' dir='ltr'>fuerat.</span> <span class='ocrx_word' id='word_1_529' title='bbox 840 3381 933 3414; x_wconf 79' lang='lat' dir='ltr'>Hanc</span> <span class='ocrx_word' id='word_1_530' title='bbox 960 3382 1037 3414; x_wconf 69' lang='lat' dir='ltr'>verb</span> <span class='ocrx_word' id='word_1_531' title='bbox 1123 3383 1217 3424; x_wconf 84' lang='lat' dir='ltr'>quod</span> <span class='ocrx_word' id='word_1_532' title='bbox 1233 3383 1325 3425; x_wconf 79' lang='lat' dir='ltr'>facit</span> <span class='ocrx_word' id='word_1_533' title='bbox 1347 3383 1525 3424; x_wconf 77' lang='lat' dir='ltr'>Ecclesia,</span> <span class='ocrx_word' id='word_1_534' title='bbox 1546 3395 1621 3419; x_wconf 76' lang='lat' dir='ltr'>non</span> <span class='ocrx_word' id='word_1_535' title='bbox 1646 3396 1720 3420; x_wconf 78' lang='lat' dir='ltr'>esse</span> <span class='ocrx_word' id='word_1_536' title='bbox 1742 3396 1869 3420; x_wconf 76' lang='lat' dir='ltr'>verum</span> <span class='ocrx_word' id='word_1_537' title='bbox 1892 3388 2024 3430; x_wconf 62' lang='lat' dir='ltr'>baptis-</span> 
     </span>
     <span class='ocr_line' id='line_1_53' title="bbox 140 3422 1530 3472; baseline 0.006 -15"><span class='ocrx_word' id='word_1_538' title='bbox 140 3422 292 3460; x_wconf 80' lang='lat' dir='ltr'>definivit</span> <span class='ocrx_word' id='word_1_539' title='bbox 317 3424 369 3459; x_wconf 88' lang='lat' dir='ltr'>his</span> <span class='ocrx_word' id='word_1_540' title='bbox 398 3425 506 3461; x_wconf 74' lang='lat' dir='ltr'>verbis</span> <span class='ocrx_word' id='word_1_541' title='bbox 538 3427 657 3461; x_wconf 62' lang='lat' dir='ltr'>concil.</span> <span class='ocrx_word' id='word_1_542' title='bbox 685 3428 839 3463; x_wconf 80' lang='lat' dir='ltr'>Trident.</span> <span class='ocrx_word' id='word_1_543' title='bbox 867 3430 954 3471; x_wconf 70' lang='lat' dir='ltr'>(sess.</span> <span class='ocrx_word' id='word_1_544' title='bbox 974 3437 1036 3468; x_wconf 81' lang='lat' dir='ltr'>vn,</span> <span class='ocrx_word' id='word_1_545' title='bbox 1123 3440 1220 3464; x_wconf 85' lang='lat' dir='ltr'>mum</span> <span class='ocrx_word' id='word_1_546' title='bbox 1230 3443 1243 3472; x_wconf 91' lang='lat'><em>;</em></span> <span class='ocrx_word' id='word_1_547' title='bbox 1261 3432 1456 3466; x_wconf 79' lang='lat' dir='ltr'>anathema</span> <span class='ocrx_word' id='word_1_548' title='bbox 1470 3433 1530 3467; x_wconf 76' lang='lat' dir='ltr'>sit.</span> 
     </span>
    </p>
   </div>
  </div>
 </body>
</html>
