2170 3808
803 238 1000 290 QUAEST.
1034 237 1086 288 X,
1116 236 1233 281 ART.
1263 236 1297 281 1.
1908 238 1984 280 101

113 322 281 375 quisita.
301 322 376 362 Sed
397 321 494 372 quia
515 320 639 359 etiam
662 317 711 358 de
729 318 898 358 scientia
920 318 1048 365 beata,
1071 328 1162 368 quae
1183 320 1228 356 in
1248 316 1318 357 Dei
1341 316 1496 357 visione
1517 316 1718 364 consistit,
1739 315 1860 367 plura
1877 316 1990 377 dicta

113 383 212 417 sunt
233 379 277 417 in
301 377 431 428 prima
454 378 566 426 parte
583 377 668 424 (qu.
687 375 791 422 xn);
811 372 877 413 hic
897 372 970 411 illa
991 372 1077 411 sola
1091 372 1286 412 videntur
1303 372 1472 412 dicenda
1497 383 1590 423 quae
1610 371 1768 422 proprie
1787 373 1986 431 pertinent

112 431 164 471 ad
186 433 367 471 animam
394 428 557 470 Christi.
581 426 693 467 Circa
722 428 797 467 hoc
822 437 915 477 ergo
935 429 1176 478 quaeruntur
1200 430 1377 477 quatuor
1401 441 1412 467 :
1435 434 1471 465 ιο
1499 427 1647 466 Utrum
1671 425 1811 465 anima
1837 423 1986 486 Christi

112 484 456 538 comprehenderit
473 483 649 523 Verbum
673 482 759 521 sive
783 482 969 521 divinam
987 480 1220 520 essentiam.
1243 502 1289 509 —
1319 487 1358 519 2⁰
1375 481 1523 520 Utrum
1544 481 1589 520 in
1610 480 1738 520 Verbo
1760 482 1987 529 cognoverit

114 543 270 582 omnia.
291 563 336 571 —
353 546 393 580 3·
417 540 561 580 Utrum
578 539 718 578 anima
740 538 889 579 Christi
909 539 952 576 in
972 536 1098 576 Verbo
1113 537 1345 586 cognoverit
1359 536 1541 576 infinita.
1557 559 1603 566 --
1624 542 1664 576 4⁰
1687 537 1835 576 Utrum
1852 535 1989 575 videat

114 596 286 637 Verbum
305 596 388 635 sive
405 595 592 634 divinam
611 594 825 633 essentiam
845 592 994 632 clarius
1012 592 1193 642 qualibet
1213 591 1297 631 alia
1316 593 1514 631 creatura.

195 649 532 702 ARTICULUS
558 659 594 699 1.
627 679 680 688 —
711 668 842 698 urnun
873 667 996 697 mim
1033 667 1190 698 cnmsri
1221 666 1590 697 cotiensnunnssm'r
1619 667 1786 696 vannum
1814 666 1901 697 sive

789 726 955 760 nivium
977 729 1198 760 nssmrmn
1224 717 1298 770 (1).

112 786 162 820 De
182 785 235 820 hi·
261 785 359 821 etiam
377 786 471 821 Sent.
486 795 538 825 m.
563 785 643 820 «list.
665 785 719 824 44,
738 789 801 820 nrt.
819 785 853 829 2,
875 788 993 826 quaest.
1010 793 1023 818 1
1051 789 1084 818 et
1118 797 1157 826 n,
1179 789 1214 819 et
1234 784 1282 819 De
1300 795 1371 819 ver.
1389 786 1507 824 qnaest.
1525 790 1581 825 xx,
1601 786 1666 818 art.
1679 783 1715 825 4,
1740 786 1776 817 et
1798 783 1821 816 5
1836 794 1930 824 corp.
1952 788 1987 819 et

437 839 552 876 quoest.
571 842 610 873 n.
629 838 693 868 art.
712 834 727 867 1
754 845 848 875 corp.
862 838 897 868 et
914 834 1036 874 opusc.
1052 841 1090 873 11,
1114 844 1186 874 cap.
1207 832 1283 872 216.
1303 833 1379 868 etl.
1393 832 1484 866 Tim.
1502 839 1551 873 vl,
1567 831 1645 866 lect.
1662 831 1696 866 5.

164 889 230 933 Ad
248 889 445 945 primum
465 890 532 933 sic
545 889 821 945 proceditur.
839 892 881 933 1.
896 887 1084 932 Videtur
1098 887 1222 943 quod
1240 888 1394 931 anima
1413 885 1574 931 Christi
1589 885 1988 942 comprehenderit

111 954 157 992 et
174 950 530 1007 comprehendat
548 950 764 1004 Verbum,
779 950 876 994 sive
891 949 1092 994 divinam
1113 949 1380 993 essentiam.
1397 948 1512 992 Dicit
1538 948 1662 992 enim
1681 947 1884 992 isidorus
1909 949 1987 1017 (pe

110 1021 291 1054 summo
312 1010 456 1064 bono,
479 1011 559 1055 lib.
584 1025 615 1066 1,
643 1023 745 1067 cap.
767 1013 837 1068 3),
857 1010 982 1068 quod
1014 1027 1035 1047 v
1051 1009 1247 1054 Trinitas
1278 1009 1366 1053 sibi
1399 1008 1483 1053 soli
1514 1014 1624 1052 nota
1643 1014 1730 1065 est,
1747 1012 1794 1052 et
1810 1007 1985 1051 h'omim

112 1077 391 1127 assumpto.»
404 1072 466 1128 igi
474 1077 546 1116 tur
557 1073 694 1117 homo
705 1077 972 1128 assumptus
983 1072 1295 1116 communicat
1312 1083 1420 1115 cum
1439 1075 1600 1115 sancta
1618 1070 1832 1114 Trinitate
1845 1069 1893 1112 in
1908 1069 1987 1113 illa

111 1132 271 1176 notitia
300 1133 371 1177 sui
394 1145 497 1189 quae
519 1139 590 1177 est
610 1138 779 1177 sanctae
800 1132 1005 1177 Trinitati
1029 1132 1230 1189 propria.
1257 1132 1523 1188 HnJusmodi
1546 1136 1700 1175 autem
1731 1136 1803 1175 est
1826 1131 1986 1175 notitia
2041 1133 2063 1144 “”

109 1194 545 1250 comprehensionis.
562 1197 678 1251 Ergo
696 1195 850 1238 anima
865 1194 1028 1238 Christi
1045 1194 1393 1250 comprehendit
1411 1194 1612 1239 divinam
1635 1194 1899 1238 essentiam.

162 1257 204 1298 2.
223 1257 458 1312 Praeterea,
483 1255 634 1312 majus
652 1262 724 1300 est
744 1255 864 1299 uniri
887 1257 977 1299 Deo
998 1257 1255 1300 secundum
1275 1268 1379 1300 esse
1397 1255 1641 1312 personale
1657 1256 1796 1311 quam
1812 1267 1983 1299 secun-

108 1315 217 1359 dum
241 1317 479 1362 visionem.
502 1318 589 1362 Sed
614 1318 734 1362 sicut
756 1320 1068 1362 Damascenus
1086 1318 1198 1362 dicit
1219 1318 1361 1372 (Orth.
1385 1317 1464 1362 fid.
1489 1317 1570 1362 lib.
1591 1330 1653 1373 111,
1679 1329 1778 1373 cap.
1807 1319 1849 1373 6,
1872 1316 1981 1361 circ.

107 1377 269 1431 meri),
293 1395 314 1416 κ
334 1384 426 1423 tota
453 1379 670 1423 divinitas
702 1379 748 1422 in
770 1392 866 1423 una
887 1391 1192 1436 personarum
1216 1383 1287 1424 est
1314 1379 1445 1423 unita
1473 1379 1693 1423 humanae
1723 1383 1902 1446 naturae
1933 1378 1983 1422 in

107 1438 296 1484 Christo.
314 1458 335 1479 »ι
366 1440 499 1484 Multo
516 1452 627 1496 ergo
649 1441 798 1497 magis
821 1445 915 1484 tota
939 1447 1102 1485 natura
1118 1441 1271 1485 divina
1287 1441 1469 1486 videtur
1483 1441 1542 1484 ab
1554 1440 1706 1484 anima
1726 1439 1917 1484 Christi:
1937 1444 1984 1484 et

106 1499 170 1543 ita
191 1501 374 1546 videtur
390 1501 512 1558 quod
534 1502 689 1546 anima
709 1502 869 1546 Christi
890 1503 1286 1559 comprehenderit
1302 1503 1505 1547 divinam
1521 1502 1786 1547 essentiam.

160 1564 203 1606 3.
233 1564 470 1617 Praeterea,
487 1562 601 1607 illud
628 1563 753 1620 quod
781 1564 999 1608 convenit
1021 1564 1131 1608 Filio
1161 1564 1238 1608 Dei
1266 1576 1348 1621 per
1378 1569 1619 1616 naturam,
1643 1564 1864 1607 convenit
1887 1563 1983 1609 filio

106 1622 305 1667 hominis
322 1635 405 1678 per
422 1624 617 1679 gratiam
630 1657 643 1678 ,
666 1629 719 1668 ut
735 1626 1021 1679 Augustinus
1045 1625 1156 1670 dicit
1178 1628 1255 1681 (De
1272 1626 1391 1670 Trin.
1420 1626 1500 1670 lib.
1526 1639 1556 1682 ι,
1576 1625 1749 1682 implic.
1769 1638 1870 1682 cap.
1892 1629 1980 1681 13).

107 1684 191 1727 Sed
207 1684 591 1741 comprehendere
605 1685 809 1730 divinam
822 1686 1072 1730 essentiam
1086 1686 1304 1742 competit
1313 1687 1423 1731 Filio
1435 1687 1510 1732 Dei
1527 1699 1611 1744 per
1621 1693 1849 1731 naturam.
1865 1690 1983 1744 Ergo

106 1744 199 1788 filio
215 1745 415 1789 hominis
432 1747 650 1802 competit
672 1759 756 1803 per
783 1748 995 1805 gratiam3
1018 1755 1064 1793 et
1091 1747 1156 1792 ita
1178 1748 1363 1793 videtur
1381 1748 1505 1805 quod
1527 1749 1682 1793 anima
1711 1749 1875 1793 Christi
1899 1762 1983 1806 per

106 1806 299 1862 gratiam
315 1807 512 1851 Verbum
534 1809 945 1864 comprehenderit.

159 1867 242 1912 Sed
257 1872 414 1912 contra
425 1869 630 1925 estquod
640 1871 925 1926 Augustinus
941 1871 1050 1917 dicit
1067 1874 1248 1927 (Quaest.
1262 1873 1340 1917 lib.
1359 1886 1531 1928 Lxxxm,
1546 1885 1623 1929 qu.
1639 1877 1709 1928 14,
1724 1873 1771 1917 in
1789 1874 1979 1930 princ.):

110 1945 131 1966 κ
156 1930 284 1981 Quod
305 1941 356 1974 se
376 1930 737 1988 comprehendit,
770 1931 954 1976 finitum
980 1938 1051 1977 est
1083 1933 1187 1978 sibi.
1214 1951 1235 1971 n
1272 1934 1358 1978 Sed
1379 1934 1582 1978 essentia
1610 1934 1766 1979 divina
1794 1947 1888 1979 non
1911 1947 1983 1987 est

105 1990 232 2035 finita
254 1991 300 2034 in
323 1992 663 2047 comparatione
685 1993 744 2037 ad
765 1994 967 2038 animam
990 1994 1167 2050 Christi,
1191 1995 1300 2040 cum
1318 1995 1367 2039 in
1389 1995 1625 2040 infinitum
1648 2008 1752 2040 eam
1769 1998 1978 2043 excedat.

104 2053 222 2107 Ergo
239 2052 394 2096 anima
417 2053 578 2097 Christi
601 2066 694 2098 non
711 2055 1058 2111 comprehendit
1077 2056 1293 2101 Verbum.

149 2120 434 2159 CONCLUSIO.
452 2141 499 2149 —
513 2121 664 2160 Anima
682 2121 848 2171 Christi,
867 2123 960 2163 cum
976 2126 1158 2163 creatura
1173 2124 1295 2164 fuerit
1309 2129 1430 2177 atque
1446 2125 1579 2175 finita,
1595 2124 1713 2165 nullo
1729 2126 1852 2166 modo
1869 2138 1981 2167 com·

104 2173 316 2226 prehendit
333 2173 524 2224 Verbum,
543 2175 607 2214 vel
627 2175 814 2216 divinam
833 2178 1051 2217 essentiam
1068 2179 1289 2219 increatam
1307 2182 1430 2231 atque
1444 2180 1673 2220 infinitam.

157 2235 427 2292 Respondeo
444 2236 689 2282 dicendum
708 2237 848 2294 quod,
870 2238 990 2283 sicut
1010 2251 1068 2284 ex
1086 2247 1227 2297 supra
1240 2240 1374 2286 dictis
1401 2246 1526 2298 patet
1541 2244 1635 2298 (qu.
1653 2256 1699 2298 n,
1719 2247 1804 2288 art.
1821 2247 1840 2288 1
1860 2248 1904 2289 et
1917 2248 1980 2301 6),

105 2295 172 2341 sic
188 2296 307 2340 facta
337 2303 408 2342 est
437 2298 550 2343 unio
578 2304 848 2344 naturarum
879 2300 927 2344 in
951 2313 1151 2357 persona
1172 2302 1350 2359 Christi,
1384 2304 1510 2360 quod
1537 2309 1692 2348 tamen
1724 2306 1980 2362 proprietas

106 2357 343 2413 utriusque
372 2363 549 2403 naturae
576 2360 822 2405 inconfusa
850 2364 1176 2419 permanserit3
1203 2364 1277 2413 ⁴ita
1309 2364 1484 2409 scilicet
1518 2365 1641 2422 quod
1668 2384 1688 2404 «
1723 2367 1977 2412 increatum

104 2419 323 2463 manserit
349 2418 620 2478 increatum,
652 2426 699 2466 et
726 2427 933 2467 creatum
955 2425 1176 2469 manserit
1205 2425 1327 2470 infra
1349 2427 1520 2471 limites
1547 2432 1787 2484 creaturae,
1812 2448 1833 2467 a»
1859 2429 1979 2475 sicut

104 2482 409 2525 Damascenus
425 2481 535 2526 dicit
551 2483 692 2536 (Orth.
709 2484 788 2529 fid.
818 2485 893 2528 lib.
915 2499 976 2541 in,
993 2498 1093 2543 cap.
1115 2490 1159 2542 3,
1180 2488 1237 2532 ad
1253 2488 1335 2532 fin.
1351 2493 1398 2533 et
1417 2501 1519 2545 cap.
1541 2492 1602 2544 4).
1619 2492 1697 2533 Est
1715 2495 1870 2536 autem
1886 2492 1979 2537 im-

106 2540 318 2595 possibile
338 2542 458 2598 qued
491 2543 645 2600 aliqua
661 2551 872 2590 creatura
894 2548 1250 2604 comprehendat
1270 2549 1476 2594 divinam
1499 2552 1763 2605 essentiam,
1787 2553 1906 2597 sicut
1928 2554 1977 2598 in

103 2602 252 2658 prima
277 2608 406 2659 parte
427 2609 664 2650 ostensum
694 2611 765 2651 est
784 2609 880 2663 (qu.
901 2623 976 2664 xn,
1000 2613 1086 2654 art.
1110 2614 1153 2666 1,
1175 2615 1203 2656 4
1233 2615 1278 2655 et
1300 2614 1359 2668 7),
1383 2612 1437 2656 eo
1466 2612 1589 2669 quod
1616 2610 1850 2659 infinitum
1882 2628 1977 2660 non

104 2663 504 2719 comprehenditur
523 2666 549 2708 a
567 2663 712 2711 finito.
729 2671 782 2711 Et
798 2668 902 2714 ideo
924 2670 1172 2716 dicendum
1191 2672 1316 2729 quod
1334 2673 1489 2717 anima
1508 2675 1672 2719 Christi
1691 2675 1820 2720 nullo
1839 2677 1978 2722 modo

105 2725 447 2780 comprehendit
465 2726 667 2772 divinam
685 2731 932 2775 essentiam
955 2734 1031 2786 (2).

159 2785 224 2829 Ad
250 2789 444 2841 primum
470 2800 582 2844 ergo
612 2789 875 2851 dicendum,
910 2793 1035 2850 quod
1069 2795 1208 2840 homo
1240 2802 1510 2853 assumptus
1535 2803 1899 2843 connumeratur
1918 2802 1977 2860 (3)

105 2843 272 2913 divinae
293 2847 495 2893 'l'rinitati
527 2850 573 2893 in
595 2851 666 2895 sui
697 2853 974 2911 cognitione,
1003 2868 1097 2901 non
1126 2857 1304 2901 ratione
1335 2859 1776 2915 comprehensionis,
1801 2861 1884 2906 sed
1904 2874 1978 2905 ra-

105 2908 228 2950 tione
248 2906 485 2963 cuiusdam
508 2910 901 2958 excellentissimae
922 2917 1199 2972 cognitionis
1220 2931 1314 2975 prae
1329 2919 1509 2963 caeteris
1529 2920 1848 2975 creaturis'(4).

157 2965 220 3010 Ad
250 2969 488 3012 secundum
509 2970 770 3030 dicendum,
797 2976 921 3031 quod
943 2989 1030 3022 nec
1049 2979 1187 3023 etiam
1216 2980 1264 3023 in
1284 2979 1473 3036 unione,
1500 2992 1604 3036 quae
1625 2986 1696 3025 est
1718 2983 1976 3029 secundum

141 3090 454 3132 (UCompreliensio
479 3092 520 3126 ‹le
544 3106 608 3134 qua
627 3094 683 3129 hie
705 3097 816 3137 egitur
836 3104 886 3133 est
910 3100 995 3136 adae-
1124 3102 1167 3144 (5)
1182 3102 1246 3142 Al„
1267 3102 1534 3145 conformatur.

100 3139 200 3189 quatu
215 3141 249 3171 et
274 3143 385 3192 exacta
399 3139 447 3173 rei
463 3141 626 3181 cognitio,
642 3146 707 3184 qua
724 3144 853 3179 scilicet
865 3149 993 3183 tantum
1119 3150 1164 3190 (h)
1187 3149 1319 3190 Sylvius
1337 3150 1504 3184 existimat
1525 3151 1559 3184 id
1578 3163 1671 3193 posse
1691 3152 1834 3195 intelligi
1851 3154 1891 3189 de
1913 3154 1976 3189 hu-

99 3195 171 3224 lpsa
188 3190 399 3224 cognoscum·
414 3189 576 3227 quantum
596 3193 646 3223 est
665 3193 906 3231 cognoscibilis.
1077 3197 1239 3231 munitate
1253 3199 1384 3232 ratione
1400 3198 1585 3233 divinitatis
1598 3201 1783 3235 secundum
1806 3203 1976 3243 interpre-

138 3231 300 3286 (2·)·Un‹le
327 3232 481 3268 damnata
508 3240 557 3268 est
583 3240 620 3270 ut
642 3249 783 3273 erronea
811 3240 847 3274 in
869 3243 989 3278 concil.
1075 3245 1237 3277 tationem
1254 3243 1492 3279 D.'1'h0maein
1509 3248 1973 3289 Sent.111,dist.vnqnaesm,

99 3278 646 3334 Basilicnsi,sess.xxmsntequam
661 3285 907 3328 dissolveretur,
919 3290 988 3325 haec
1074 3297 1139 3325 art.
1163 3292 1196 3331 1,
1221 3292 1415 3332 quaestiunc.
1434 3302 1442 3326 Ι
1460 3294 1500 3327 ad
1517 3295 1549 3328 1.
1571 3296 1635 3330 Sed
1660 3295 1787 3330 Nicola‘i
1818 3298 1975 3337 opinatur

99 3333 280 3366 proposutio
310 3330 481 3367 Augustini
521 3331 560 3365 de
601 3332 704 3366 Roma
749 3334 987 3377 archiepiscopi
1074 3337 1239 3373 Isidorum
1270 3340 1333 3373 hoc
1367 3341 1485 3375 dixisse
1505 3354 1542 3376 ex
1570 3343 1728 3383 opinione
1743 3343 1829 3385 apud
1848 3344 1975 3384 aliquos

98 3372 287 3407 Nazareni:
315 3375 450 3409 Anima
473 3377 614 3413 Christi
640 3380 738 3414 videt
772 3381 884 3416 Deum
915 3387 988 3417 tam
1074 3391 1153 3419 tune
1186 3390 1331 3428 recepta,
1367 3388 1457 3429 quod
1485 3401 1547 3429 per
1574 3390 1784 3425 intellectum
1815 3390 1970 3424 divinum

97 3419 200 3455 clare
224 3425 256 3455 et
280 3423 420 3456 intem&
438 3426 534 3459 sicut
554 3426 649 3461 Deus
672 3429 768 3462 videt
795 3431 955 3472 seipsum
975 3442 989 3466 .-
1073 3433 1278 3474 intelligeret
1291 3436 1403 3470 anima
1417 3437 1558 3471 Christi.

96 3472 130 3501 et
146 3467 212 3501 haee
227 3468 395 3503 damnatio
413 3472 594 3511 approbata
612 3474 678 3508 fuit
696 3476 714 3508 a
732 3475 869 3510 Nicolao
883 3477 926 3512 V.
