2170 3808
205 256 290 300 412
754 254 951 306 QUAEST.
980 253 1154 308 XLVIII,
1183 254 1300 297 ART.
1330 255 1381 299 lv
1409 256 1472 299 ET
1500 257 1549 299 V.

206 337 348 382 modo
375 336 653 392 inquantum
673 334 918 391 subjicitur
931 334 1142 391 potestati
1165 334 1268 390 eJ'us
1292 349 1302 378 ε
1334 340 1381 380 et
1407 337 1496 381 hoc
1523 336 1662 381 modo
1690 335 1935 393 nunquam
1961 337 2099 384 homo

210 399 344 445 desiit
380 397 454 441 Dei
492 409 613 452 esse,
634 396 892 441 secundum
921 396 1036 440 illud
1068 395 1259 450 (Daniel.
1294 410 1354 454 ιν,
1380 400 1450 453 22)
1475 415 1486 443 :
1523 401 1798 442 Dominoiur
1820 400 2022 443 eoecelsus
2052 404 2102 445 in

211 473 344 515 reqno
366 459 609 512 hominum,
631 462 673 501 et
687 461 945 513 cuicumque
963 457 1173 512 voluerit,
1197 457 1324 500 dabit
1351 458 1488 504 illud.
1508 460 1606 504 Alio
1626 460 1765 504 modo
1782 472 1865 517 per
1881 461 2102 507 unionem

208 520 448 565 charitatis
464 521 520 564 ad
544 532 670 576 eum,
694 520 955 565 secundum
971 520 1095 576 quod
1117 518 1287 563 dicitur
1310 521 1456 571 (Rom.
1479 535 1570 575 vm,
1595 523 1636 577 9)
1664 538 1676 566 t
1699 524 1748 564 Si
1769 524 1868 576 quis
1889 524 2102 576 spiritum

218 580 386 625 Christi
404 596 494 625 non
508 582 661 637 habet,
691 583 766 625 liic
791 596 880 626 nou
899 585 966 624 est
987 582 1100 636 ejus,
1127 580 1282 624 Primo
1310 593 1422 637 ergo
1439 583 1576 627 modo
1599 582 1843 639 nunquam
1862 583 2002 627 homo
2023 583 2102 629 de-

211 643 288 687 siit
305 656 408 689 esse
422 644 517 700 Dei,
538 644 746 689 secundo
761 643 872 688 vero
900 643 1040 687 modo
1062 642 1198 687 desiit
1217 655 1321 687 esse
1341 645 1418 688 Dei
1440 656 1524 701 per
1541 650 1802 701 peccatum.
1822 647 1876 688 Et
1894 644 2016 702 ideo,
2031 645 2102 689 in-

213 711 440 760 quantum
460 707 548 751 fuit
572 707 600 751 a
625 711 816 764 peccato
840 706 1081 761 liberaum,
1106 706 1285 750 Christo
1303 718 1442 763 passo
1469 708 1795 764 satisfaciente,
1817 708 1989 753 dicitur
2020 721 2102 766 per

214 769 477 823 passionem
495 769 659 813 Christi
679 780 783 812 esse
806 767 1091 823 redemptus.

266 831 332 875 Ad
352 832 597 874 secundum
617 830 882 885 dIcendum‚
903 829 1028 886 qued
1055 830 1196 873 homo
1227 830 1462 886 peccando
1484 831 1718 888 obligatus
1747 835 1849 877 erat
1873 836 1919 876 et
1943 836 2034 877 Deo
2056 836 2104 879 et

211 890 393 936 diabolo
410 895 482 945 (1).
506 893 738 944 Quantum
760 891 884 936 enim
907 891 965 935 ad
984 891 1169 946 culpam
1196 895 1341 936 Deum
1359 893 1626 951 offenderat,
1643 900 1690 939 et
1710 893 1894 939 diabolo
1916 906 1968 939 se
1984 894 2103 940 sub-

211 953 403 1009 diderat„
426 954 466 999 ei
493 954 789 999 consentiens
813 966 827 996 :
848 953 976 998 unde
1007 954 1186 998 ratione
1209 955 1360 1011 culpae
1388 967 1483 999 non
1509 961 1609 1000 erat
1635 957 1786 1002 factus
1815 969 1979 1001 servus
1996 957 2098 1014 Deir,

211 1016 293 1060 sed
311 1016 462 1072 potius
485 1017 512 1059 a
530 1017 606 1061 Dei
623 1016 843 1061 servitute
853 1014 1092 1071 recedens,
1106 1016 1277 1061 diaboli
1293 1017 1564 1061 servitutem
1582 1017 1856 1070 incurrerat,
1876 1021 1967 1062 Deo
1977 1018 2103 1074 juste

210 1076 299 1122 hoc
334 1079 647 1134 permittente,
681 1082 871 1135 propter
899 1077 1125 1122 offensam
1163 1079 1210 1122 in
1240 1090 1291 1122 se
1321 1079 1638 1124 commissam.
1665 1079 1752 1126 Sed
1785 1080 2013 1136 quantum
2043 1079 2102 1126 ad

143 1161 145 1166 ·
209 1149 415 1196 poenam,
436 1140 746 1196 principaliter
766 1141 904 1183 homo
919 1143 1017 1183 erat
1039 1143 1131 1184 Deo
1152 1139 1387 1195 obligatus
1406 1141 1528 1185 sicut
1545 1152 1731 1186 summo
1744 1142 1906 1199 J‘udici,
1920 1141 2103 1186 diabolo

210 1204 367 1245 autem
391 1203 614 1258 tanquam
641 1201 818 1256 tortori,
838 1200 1099 1245 secundum
1122 1201 1234 1246 illud
1258 1203 1427 1255 (Matth.
1446 1217 1490 1257 v,
1513 1206 1584 1257 ι25)
1612 1220 1623 1246 :
1645 1207 1711 1246 Ne
1731 1205 1850 1256 sorte
1880 1204 2041 1248 tradat
2059 1206 2103 1248 te

210 1263 507 1307 adversarius
530 1268 631 1307 tuus
648 1264 807 1318 judici,
828 1267 873 1306 et
883 1264 1036 1319 judex
1058 1265 1220 1307 tradat
1246 1267 1287 1306 te
1302 1267 1525 1320 ministro,
1545 1264 1592 1309 id
1607 1269 1694 1322 est,
1719 1282 1740 1303 «
1756 1265 1923 1320 angelo
1941 1278 2102 1322 poena·
2159 1324 2161 1327 ι

209 1336 314 1368 rum
338 1326 530 1381 crudeli,
556 1345 577 1365 ι»
602 1330 656 1370 ut
676 1326 1037 1382 Chrysostomus
1050 1325 1162 1369 dicit
1177 1325 1313 1379 (alius
1331 1331 1507 1382 auctor.
1529 1327 1652 1371 hom.
1676 1330 1725 1372 11
1749 1327 1795 1371 in
1813 1331 1895 1384 Op.
1917 1328 2099 1384 imperf.

210 1386 300 1430 sub
321 1387 439 1440 fin.).
461 1387 681 1440 Quamvis
699 1387 841 1443 igitur
858 1387 1072 1432 diabolus
1086 1387 1274 1446 injuste,
1295 1392 1523 1445 quantum
1540 1389 1589 1433 in
1611 1389 1714 1445 ipso
1731 1395 1846 1445 erat,
1867 1390 2101 1435 hominem
2168 1448 2170 1450 Ι

210 1449 297 1491 sua
318 1448 479 1493 fraude
499 1450 746 1504 deceptum
766 1448 855 1492 sub
875 1448 1098 1493 servitute
1113 1454 1291 1493 teneret
1303 1455 1349 1493 et
1360 1449 1586 1506 quantum
1602 1451 1662 1495 ad
1680 1451 1881 1507 culpam,
1898 1456 1945 1497 et
1959 1464 2102 1508 quan·

171 1510 176 1515 ”
210 1508 308 1554 tum
319 1510 374 1554 ad
395 1523 607 1566 poenam3
624 1510 804 1567 justum
823 1515 977 1555 tamen
993 1515 1093 1554 erat
1110 1511 1199 1555 hoc
1217 1511 1452 1556 hominem
1470 1511 1582 1568 pass,
1593 1515 1685 1557 Deo
1701 1513 1997 1568 permittente
2013 1515 2101 1559 hoc

208 1573 437 1627 quantum
467 1573 527 1616 ad
555 1572 765 1628 culpam,
785 1575 833 1615 et
861 1572 1105 1616 ordinante
1134 1573 1362 1629 quantum
1395 1572 1454 1617 ad
1479 1584 1669 1628 poenam
1696 1575 1769 1628 (2).
1804 1577 1858 1619 Et
1889 1575 1993 1619 ideo
2018 1589 2102 1632 per
2156 1580 2157 1583 ’

208 1639 469 1689 respectum
493 1634 552 1679 ad
563 1637 707 1678 Deum
721 1633 903 1690 J‘ustitia
925 1633 1143 1690 exigebat
1165 1634 1291 1691 quod
1303 1635 1442 1679 homo
1471 1635 1793 1692 redimeretur,
1821 1649 1915 1681 non
1944 1642 2101 1683 autem
2150 1679 2151 1683 ,

208 1705 292 1750 per
321 1699 583 1751 respectum
617 1695 676 1740 ad
706 1694 958 1740 diabolum.
2160 1743 2162 1746 .

263 1755 330 1801 Ad
360 1760 546 1800 tertium
577 1757 843 1815 dicendum,
876 1757 1002 1814 quod
1034 1757 1144 1814 quia
1181 1758 1440 1816 redemptio
1469 1758 1795 1816 requirebatur
1818 1760 1875 1805 ad
1901 1760 2101 1807 hominis

207 1817 527 1862 liberationem
547 1830 631 1875 per
648 1823 911 1875 respectum
931 1818 989 1864 ad
1007 1822 1170 1875 Deum,
1190 1832 1286 1864 non
1303 1825 1458 1864 autem
1476 1832 1562 1877 per
1582 1826 1843 1876 respectum
1864 1821 1921 1867 ad
1945 1823 2101 1868 diabo-

207 1879 334 1935 lum3
361 1893 453 1924 non
476 1886 574 1925 erat
601 1881 800 1937 pretium
826 1881 1105 1926 solvendum
1129 1881 1331 1939 diabolo,
1349 1882 1432 1927 sed
1450 1884 1556 1926 Deo.
1577 1884 1631 1928 Et
1648 1882 1752 1928 ideo
1770 1883 1976 1929 Christus
1993 1897 2101 1930 san-

209 1941 398 1997 guinem
419 1955 574 1998 suum,
599 1943 680 2000 qui
700 1949 772 1988 est
789 1943 994 2000 pretium*
1012 1948 1185 1989 nostrae
1205 1943 1554 2001 redemptionis,
1579 1956 1675 1988 non
1694 1944 1861 1989 dicitur
1877 1945 2101 1993 obtulisse
2152 1966 2156 2003 χ

209 2003 408 2060 diabolo,
430 2005 510 2048 sed
534 2008 641 2048 Deo.
2160 2011 2161 2015 ’

292 2069 636 2111 ARTICULUS
658 2069 718 2111 V.
750 2091 806 2099 —
831 2081 974 2111 uranii
995 2081 1098 2112 assu
1120 2080 1423 2112 amnemamnem
1446 2082 1510 2116 sir
1531 2082 1737 2113 morinum
1759 2082 1922 2114 cnmsri
1942 2072 2018 2127 (3).

693 2137 743 2170 De
758 2135 811 2171 his
825 2136 929 2172 etiam
946 2138 1042 2172 Sent.
1055 2146 1120 2186 .¹¹¹⁹
1135 2137 1212 2172 dist.
1227 2138 1281 2178 49,
1301 2142 1366 2174 art.
1384 2138 1418 2180 ⁴,
1435 2141 1549 2180 quaest.
1570 2147 1609 2173 n.

263 2191 330 2234 Ad
350 2191 565 2246 quintum
590 2191 659 2235 sic
677 2191 957 2246 proceditur.
978 2195 1021 2237 1.
1044 2191 1234 2237 Videtur
1256 2192 1380 2250 quod
1403 2204 1509 2238 esse
1537 2193 1906 2250 Redemptorem‚
1926 2207 2022 2239 non
2041 2195 2101 2241 sit
2148 2232 2150 2235 ,

207 2253 445 2309 proprium
465 2252 644 2297 Christi.
666 2253 839 2298 Dicitur
857 2254 982 2298 enim
1003 2254 1138 2304 (Psal.
1162 2268 1262 2310 xxx.
1283 2258 1323 2307 6)
1345 2270 1355 2300 ε
1382 2256 1628 2299 Redemisti
1649 2269 1734 2311 me,
1755 2259 1961 2312 Domine,
1985 2257 2101 2301 Deus
2156 2295 2170 2308 „

208 2317 435 2358 veritatis.
458 2314 544 2358 Sed
574 2327 678 2359 esse
711 2315 956 2360 Dominum
979 2319 1124 2361 Deum
1148 2317 1372 2375 veritatis,
1398 2317 1618 2362 convenit
1645 2317 1727 2362 toti
1759 2317 1981 2363 Trinitati.
2000 2321 2099 2364 Non

209 2387 323 2432 ergo
341 2381 412 2420 est
430 2376 669 2432 proprium
691 2377 872 2421 Christi.

265 2441 307 2483 2.
344 2441 584 2489 Praeterea,
617 2438 693 2482 ille
725 2438 892 2483 dicitur
921 2439 1149 2484 redimere
1179 2440 1261 2496 qui
1293 2440 1374 2485 dat
1403 2441 1604 2497 pretium
1637 2439 1984 2497 redemptionis.
2014 2441 2101 2489 Sed
2164 2482 2167 2500 ‚

208 2502 330 2544 Deus
341 2502 471 2544 Pater
486 2499 771 2545 deditfilium
790 2513 929 2545 suum
943 2501 1310 2558 redemptionem
1324 2514 1407 2558 pro
1426 2502 1626 2558 peccatis
1634 2502 1821 2558 nostris
1839 2504 2100 2550 secundum

208 2560 322 2606 illud
345 2561 523 2616 (Psalmi
544 2575 610 2610 cx
636 2564 713 2615 9):
734 2563 1094 2618 Redemptionem
1118 2566 1241 2606 misit
1270 2567 1484 2606 Dominus
1511 2565 1678 2621 populo
1696 2577 1806 2607 suo.-
1831 2564 2102 2621 Glossa(1n-

209 2622 312 2668 terl.
337 2626 450 2679 Aug
457 2626 486 2678 ),
516 2623 563 2668 id
585 2611 673 2680 est,
705 2624 951 2680 Christum,
975 2625 1054 2682 qui
1087 2626 1166 2670 dat
1203 2625 1571 2682 redemptionem
1604 2626 1816 2683 captivis.
1847 2629 1968 2684 Ergo
2003 2641 2119 2686 non⁴
2151 2638 2153 2642 ⁴

209 2683 358 2729 solnm
379 2685 605 2740 Christus,
627 2684 710 2729 sed
734 2684 875 2730 etiam
892 2689 1014 2730 Deus
1038 2688 1169 2731 Pater
1193 2699 1281 2730 nos
1299 2687 1511 2733 redemit.
2138 2691 2145 2705 “

263 2748 307 2799 3.
338 2748 574 2801 Praeterea,
609 2758 702 2790 non
736 2747 887 2790 solum
920 2748 1075 2803 passio
1106 2747 1285 2804 Christi,
1322 2748 1405 2793 sed
1433 2749 1571 2792 etiam
1601 2747 1795 2793 aliorum
1832 2756 2098 2798 sanctorum
2114 2790 2125 2809 b,

207 2808 410 2882 proficua
432 2809 518 2853 luit
541 2809 599 2853 ad
623 2813 829 2853 nostram
854 2809 1070 2866 salutem,
1094 2810 1353 2854 secundum
1374 2810 1489 2856 illud
1511 2811 1700 2864 (Coloss.
1727 2825 1758 2867 ι,
1779 2814 1884 2865 24).
1911 2815 2099 2858 Gaudeo
2123 2855 2125 2861 Α

208 2873 258 2913 in
274 2873 559 2928 passionibus
570 2884 678 2914 meis
687 2884 771 2927 pro
789 2872 928 2928 vobiS,
948 2878 992 2915 et
1017 2873 1247 2929 adimpleo
1268 2886 1323 2915 ea
1346 2884 1444 2928 quae
1462 2874 1626 2916 desunt
1644 2877 1903 2930 passionum
1928 2877 2099 2920 Christi

208 2937 256 2978 in
277 2947 413 2977 corne
427 2947 528 2977 mea
550 2947 635 2989 pro
658 2946 845 2991 corpore
862 2947 972 2990 eme,
992 2936 1112 2990 quod
1135 2938 1201 2978 est
1222 2935 1441 2979 Ecclesia.
1464 2937 1583 2992 Ergo
1606 2948 1701 2979 non
1721 2936 1873 2980 solum
1890 2937 2098 2984 Christus

214 2995 346 3040 jebet
365 2995 455 3040 dici
474 2996 765 3052 Redemptor,
784 2996 867 3040 sed
891 2997 1028 3040 etiarn
1052 2997 1127 3040 alii
1151 2997 1314 3041 sancti.
2102 3042 2104 3045 ,

263 3058 349 3102 Sed
381 3061 541 3101 contra
565 3063 636 3103 est
656 3057 781 3114 quod
797 3058 966 3102 dicitur
987 3059 1147 3112 (Galat.
1169 3073 1230 3115 ιιι,
1253 3062 1350 3111 13);
1374 3060 1586 3103 Christus
1602 3074 1682 3103 uos
1703 3062 1895 3104 redemit
1916 3062 1972 3105 de
1996 3075 2097 3106 um-

215 3118 370 3162 'edicio
404 3121 527 3175 ἱερεῖς,
552 3123 702 3173 sactus
729 3133 813 3176 pro
836 3121 959 3163 nobis
993 3121 1302 3165 maledictum.
1336 3121 1423 3166 Sed
1454 3121 1583 3166 solus
1607 3122 1812 3166 Christus
1848 3123 1998 3168 factus
2027 3127 2098 3170 est

212 3190 292 3224 :oro
311 3180 446 3224 nobis
463 3181 780 3226 maledictum.
800 3185 919 3238 Ergo
939 3182 1067 3228 solus
1087 3183 1294 3228 Christus
1317 3184 1454 3228 debet
1473 3183 1563 3228 dici
1586 3191 1742 3228 noster
1759 3184 2037 3243 redemptor.

249 3301 292 3345 (l)
308 3302 378 3336 Deo
398 3301 534 3342 quidem
555 3308 592 3337 ut
609 3316 687 3339 reus
703 3306 761 3346 qui
785 3309 961 3340 meruerat
974 3307 1108 3348 suppli-
1194 3310 1266 3340 tum
1283 3306 1443 3348 probaret
1466 3318 1534 3340 non
1550 3306 1690 3350 venisse,
1711 3310 1828 3342 contra
1848 3307 2003 3343 omnium
2019 3318 2094 3342 sen«

208 3350 319 3390 cium:
341 3354 380 3384 ut
403 3361 518 3384 servus
537 3356 650 3385 autem
674 3357 707 3386 et
731 3353 940 3395 mancipium
960 3355 1108 3390 diabolo.
1194 3367 1280 3394 sum,
1297 3355 1469 3394 sicutipse
1488 3354 1627 3390 fatetur.

253 3397 294 3438 (2›
323 3400 444 3432 Contra
472 3410 604 3433 errores
633 3399 806 3435 Abailardi
831 3407 925 3441 cujus
950 3402 1013 3436 hoc
1037 3407 1110 3438 erat
1235 3403 1280 3445 (5)
1306 3403 1482 3438 Redimet-e
1501 3407 1551 3438 est
1569 3415 1629 3444 per
1644 3416 1678 3439 se
1695 3406 1729 3439 et
1747 3403 1788 3439 de
1805 3416 1866 3439 suo
1878 3403 2004 3439 solvere
2019 3414 2094 3445 pre·

207 3451 444 3486 argumentum
467 3450 506 3479 ut
523 3447 564 3480 ad
581 3447 727 3481 hominis
744 3448 983 3483 liberationem
1000 3449 1109 3484 Chris-
1194 3451 1280 3486 tium
1298 3450 1507 3485 liberationis
1525 3463 1562 3485 ex
1576 3452 1741 3487 servitute
1757 3452 1812 3487 vel
1823 3452 2018 3493 captivitate
2029 3477 2038 3492 ‚
2059 3454 2093 3486 et

1195 3499 1231 3534 id
1251 3499 1376 3534 Christi
1392 3499 1569 3541 proprium
1586 3503 1648 3534 est.
