2170 3808
151 275 247 319 2100
976 273 1176 324 QUAEST.
1208 273 1261 316 X.
1337 310 1339 314 ,

163 355 369 413 operatio
394 354 655 400 intellectus
682 353 865 410 agentis
895 358 967 398 est
989 354 1142 399 facere
1172 354 1351 410 species
1378 354 1693 412 intelligibiles
1725 360 1855 410 actu,
1883 354 2066 399 abstra-

166 418 317 463 hendo
349 429 429 462 eas
455 418 483 460 a
515 415 945 473 phantasmatibus:
975 417 1102 462 unde
1126 417 1296 461 dicitur
1325 419 1404 471 (De
1431 418 1602 475 anima,
1634 417 1715 462 lib.
1742 432 1803 473 ιιι,
1830 423 1940 462 text.
1968 421 1986 460 4
1996 419 2061 470 8),

164 479 288 536 quod
314 478 578 523 intellectus
600 490 747 535 agens
767 483 838 523 est
862 495 882 516 «
907 490 1002 534 quo
1020 483 1092 523 est
1114 480 1270 523 omnia
1286 479 1441 523 facere
1463 481 1539 533 (1).
1564 498 1582 516 »ι
1613 479 1684 524 Sic
1707 479 1847 534 igitur
1873 490 2066 522 necesse

164 546 236 585 est
253 540 404 584 dicere
420 540 544 597 quod
558 540 608 584 in
629 540 806 584 Christo
824 540 997 584 fuerint
1017 540 1185 596 aliquae
1208 541 1385 598 species
1403 539 1717 598 intelligibiles
1733 553 1815 597 per
1834 541 2064 585 actionem

165 602 425 647 intellectus
444 602 626 659 agentis
645 602 693 647 in
711 602 949 647 intellectu
969 603 1177 657 possibili
1198 604 1300 659 ejus
1314 609 1533 658 receptae,
1555 603 1680 660 quod
1696 607 1886 647 estesse
1901 603 1945 646 in
1964 603 2066 659 ipso

165 663 404 708 scientiam
427 664 727 723 acquisitam,
760 676 901 721 quam
925 664 1114 720 quidam
1139 665 1548 719 experimentalem
1587 665 1846 709 nominant.
1881 668 1934 710 Et
1960 665 2066 710 ideo

165 726 378 781 quamvis
412 726 543 771 aliter
572 726 681 771 alibi
717 726 984 783 scripserim
1007 728 1146 780 (Sent.
1185 741 1247 785 111,
1286 739 1367 784 qu.
1404 741 1466 781 ιιι,
1504 731 1591 772 art.
1641 730 1685 782 3,
1724 731 1889 783 quaest.
1914 729 1957 782 v)
1986 730 2062 782 (2),

162 787 410 833 dicendum
450 789 591 834 estin
621 788 799 834 Christo
835 788 981 833 fuisse
1022 789 1263 833 scientiam
1297 788 1595 845 acquisitam,
1628 801 1734 846 quae
1772 790 1957 846 proprie
1992 796 2065 834 est

161 851 354 895 scientia
390 851 649 896 secundum
667 851 859 896 modum
881 846 1161 905 humanum,
1187 864 1282 896 non
1306 852 1458 896 solum
1481 863 1539 896 ex
1568 859 1699 908 parte
1727 852 1923 908 subJecti
1945 853 2065 897 reci-

163 912 352 970 pientis,
377 913 459 958 sed
474 914 613 957 etiam
633 925 690 958 ex
712 919 843 970 parte
867 926 1021 957 causae
1050 914 1230 970 agentis
1245 916 1320 968 (3).
1344 915 1456 957 Nam
1477 914 1582 959 talis
1600 915 1794 959 scientia
1814 914 2002 970 ponitur
2015 914 2063 960 in

162 975 340 1019 Christo
372 976 631 1021 secundum
660 976 820 1020 lumen
854 975 1117 1021 intellectus
1147 976 1352 1032 agentis,
1390 977 1516 1034 quod
1551 982 1622 1021 est
1652 978 1817 1021 animae
1848 978 2066 1022 humanae

162 1038 484 1082 connaturale.
510 1038 708 1083 scientia
728 1043 883 1083 autem
904 1039 1061 1083 infusa
1086 1039 1353 1083 attribuitur
1375 1039 1545 1083 animae
1568 1039 1787 1083 humanae
1805 1039 2066 1084 secundum

163 1098 321 1143 lumen
342 1100 542 1156 desuper
556 1100 782 1157 infusum3
799 1100 878 1157 qui
895 1100 1063 1145 modus
1079 1100 1391 1158 cognoscendi
1410 1105 1482 1145 est
1496 1100 1869 1157 proportionatus
1887 1107 2067 1146 naturae

166 1161 403 1218 angelicae.
441 1162 636 1207 scientia
667 1162 778 1207 vero
804 1162 965 1214 beata,
1003 1175 1087 1219 per
1116 1175 1258 1220 quam
1288 1163 1390 1218 ipsa
1420 1162 1497 1207 Dei
1533 1162 1735 1207 essentia
1762 1163 1959 1218 videtur,
1994 1169 2067 1208 est

164 1225 350 1280 propria
382 1228 429 1269 et
456 1224 776 1269 connaturalis
805 1225 890 1269 soli
921 1228 1038 1281 Deo,
1071 1230 1125 1270 ut
1156 1225 1205 1269 in
1232 1225 1382 1282 prima
1410 1229 1541 1281 parte
1565 1224 1742 1269 dIctum
1774 1231 1846 1269 est
1878 1228 2061 1282 (quaest.

163 1298 238 1344 xn,
262 1292 348 1332 art.
368 1289 429 1342 4).

220 1349 287 1393 Ad
311 1353 513 1406 primum
543 1361 656 1406 ergo
690 1349 964 1406 dicendum,
1001 1351 1126 1407 quod
1157 1354 1266 1396 cum
1294 1349 1469 1406 duplex
1504 1349 1565 1394 sit
1595 1349 1765 1395 modus
1792 1349 2063 1407 acquirendi

165 1411 406 1455 scientiam
421 1445 434 1469 ,
460 1411 635 1456 scilicet
649 1412 931 1457 inveniendo
957 1417 1003 1457 et
1022 1412 1332 1469 addiscendo,
1347 1412 1516 1457 modus
1537 1412 1616 1469 qui
1635 1417 1708 1458 est
1725 1425 1808 1470 per
1831 1413 2066 1457 inventio-

164 1485 296 1528 nem,
328 1478 399 1518 est
429 1474 714 1531 praecipuus3
746 1474 915 1520 modus
945 1481 1101 1519 autem
1130 1475 1207 1532 qui
1240 1480 1311 1519 est
1335 1486 1420 1531 per
1450 1474 1766 1533 disciplinam,
1799 1479 1870 1520 est
1896 1487 2066 1519 secun-

164 1534 338 1580 darius,
361 1535 487 1579 Unde
507 1535 678 1580 dicitur
693 1535 853 1589 (Ethic.
873 1535 952 1580 lib.
975 1550 1006 1591 1,
1029 1548 1132 1593 cap.
1152 1540 1199 1592 4,
1219 1535 1265 1579 in
1283 1536 1410 1591 fin.):
1438 1553 1458 1574 «
1474 1535 1553 1580 Ille
1568 1535 1757 1592 quidem
1772 1540 1845 1580 est
1861 1536 2067 1592 optimus

164 1596 246 1654 qui
268 1597 426 1641 omnia
443 1610 527 1654 per
546 1597 752 1654 seipsum
775 1597 1015 1656 intelligit3
1032 1598 1187 1643 bonus
1206 1602 1361 1643 autem
1380 1601 1546 1643 rursus
1564 1603 1636 1643 est
1653 1598 1730 1643 ille
1747 1598 1828 1655 qui
1850 1598 1971 1643 bene
1993 1599 2066 1643 di-

163 1660 287 1704 centi
304 1660 478 1705 obedit.
499 1679 520 1699 »
545 1662 599 1704 Et
627 1659 732 1704 ideo
753 1660 931 1705 Christo
959 1661 1109 1717 magis
1139 1661 1434 1718 competebat
1454 1661 1626 1706 habere
1645 1661 1886 1706 scientiam
1906 1662 2064 1718 acqui-

162 1722 298 1767 sitam
317 1735 401 1780 per
414 1722 730 1767 inventionem
753 1723 893 1780 quam
914 1735 999 1780 per
1016 1723 1332 1780 disciplinam3
1358 1723 1615 1780 praesertim
1633 1723 1860 1781 cumipse
1877 1723 2066 1769 daretur

161 1783 190 1827 a
207 1787 299 1829 Deo
312 1785 531 1829 omnibus
549 1784 598 1828 in
621 1784 875 1841 doctorem,
897 1785 1155 1829 secundum
1171 1785 1284 1831 illud
1306 1785 1433 1838 (Joel.
1455 1788 1502 1841 n)
1525 1788 1793 1829 :Laetamini
1809 1789 1857 1828 in
1875 1788 2065 1830 Domino

164 1850 259 1889 Deo
275 1851 447 1902 vestro,
465 1848 572 1902 quia
597 1846 728 1889 dedit
750 1846 876 1889 vobis⁴
890 1846 1119 1890 doctorem
1127 1849 1338 1902 Justitiae.

217 1908 282 1953 Ad
301 1909 545 1952 secundum
565 1906 815 1952 dicendum
828 1939 840 1963 ,
857 1908 982 1965 quod
1002 1909 1207 1952 humana
1221 1921 1356 1953 mens
1370 1908 1606 1966 duplicem
1619 1908 1759 1954 habet
1775 1915 2061 1967 respectum:

162 1985 306 2017 unum
329 1972 518 2028 quidem
537 1970 596 2015 ad
623 1970 886 2027 superiora,
915 1975 963 2015 et
989 1972 1251 2017 secundum
1284 1973 1410 2017 hunc
1428 1978 1696 2031 respectum
1724 1972 1880 2018 anima
1900 1974 2063 2020 Christi

114 2077 121 2085 ,
159 2036 247 2079 fuit
262 2035 400 2091 plena
411 2046 494 2090 per
504 2032 747 2077 scientiam
763 2032 977 2077 inditam.
993 2033 1121 2078 Alius
1133 2038 1292 2078 autem
1306 2038 1547 2092 respectus
1558 2035 1661 2091 ers
1675 2040 1746 2079 est
1762 2035 2060 2093 adinferiora,

159 2097 208 2141 id
227 2101 313 2150 est,
344 2096 400 2140 ad
422 2096 769 2151 phantasmata,
789 2107 895 2152 quae
914 2099 1025 2139 sunt
1047 2101 1158 2139 nata
1172 2108 1361 2140 movere
1380 2099 1585 2140 mentem
1606 2096 1859 2140 humanam
1877 2109 1961 2153 per
1974 2098 2065 2142 vir·

165 2164 312 2202 tutem
347 2157 612 2202 intellectus
640 2156 840 2213 agentis.
875 2157 1087 2214 oportuit
1122 2163 1277 2202 autem
1315 2158 1441 2215 quod
1472 2158 1611 2202 etiam
1643 2158 1902 2202 secundum
1936 2159 2063 2204 hunc

160 2226 425 2276 respectum
454 2220 610 2263 anima
639 2219 804 2264 Christi
834 2219 1028 2264 scientia
1059 2220 1349 2277 impleretur,
1379 2233 1474 2264 non
1501 2220 1611 2277 quin
1638 2221 1787 2276 prima
1818 2221 2062 2277 plenitudo

160 2282 305 2327 menti
323 2283 538 2325 humanae
560 2280 796 2325 sufficeret
825 2281 1084 2326 secundum
1106 2294 1158 2326 se
1187 2282 1336 2338 ipsam
1353 2315 1365 2337 ,
1397 2281 1482 2326 sed
1510 2282 1754 2337 oportebat
1782 2294 1885 2327 eam
1905 2283 2061 2340 pertici

160 2346 300 2389 etiam
322 2342 582 2389 secundum
604 2344 998 2399 comparationem
1022 2346 1084 2398 (4)
1100 2344 1159 2389 ad
1185 2345 1530 2401 phantasmata.

216 2407 281 2451 Ad
303 2408 487 2449 tertium
507 2404 755 2450 dicendum
769 2440 781 2459 ‚
804 2405 930 2462 quod
950 2405 1042 2449 alia
1063 2406 1181 2450 ratio
1211 2412 1284 2451 est
1308 2406 1365 2451 de
1385 2406 1547 2450 habitu
1570 2406 1797 2463 acquisito
1826 2412 1869 2451 et
1889 2407 1947 2453 de
1975 2409 2062 2453 ha·-

163 2469 261 2513 hitu
279 2468 456 2523 infuso,
479 2479 590 2511 nam
608 2466 796 2511 habitus
824 2467 1032 2512 scientiae
1050 2468 1306 2524 acquiritur
1324 2481 1409 2525 per
1433 2469 1824 2525 comparationem
1843 2469 2062 2515 humanae

162 2530 330 2575 mentis
357 2529 418 2574 ad
444 2529 795 2585 phantasmata,
830 2530 956 2574 unde
986 2530 1247 2576 secundum
1280 2531 1491 2576 eamdem
1526 2531 1754 2576 rationem
1783 2544 1877 2575 non
1911 2538 2061 2589 potest

162 2593 280 2637 alius
305 2591 492 2636 habitus
517 2590 682 2636 iterato
700 2591 898 2648 acquiri,
920 2592 1009 2637 >sed
1033 2593 1220 2637 habitus
1250 2593 1456 2638 scientiae
1484 2593 1651 2638 infusae
1677 2599 1748 2638 est
1769 2594 1957 2639 alterius
1983 2608 2062 2639 ra-

161 2654 322 2706 tionis,
344 2658 504 2709 utpote
530 2652 558 2696 a
582 2652 810 2709 superiori
829 2653 1120 2698 descendens
1141 2654 1190 2698 in
1214 2655 1442 2711 animam,
1465 2667 1559 2699 non
1584 2656 1843 2700 secundum
1862 2668 2062 2714 propor-

159 2716 331 2761 tionem
351 2716 747 2772 phantasmatum.
769 2717 822 2759 Et
835 2715 939 2760 ideo
958 2728 1053 2760 non
1071 2721 1142 2761 est
1156 2718 1322 2762 eadem
1339 2717 1456 2762 ratio
1475 2718 1534 2762 de
1555 2722 1755 2774 utroque
1769 2717 1946 2763 habitu.

292 2963 352 2998 DE
387 2962 602 2998 SCIEN'I'IA
633 2962 787 2998 BEATA
820 2961 983 2999 ANIMAE
1026 2964 1230 3015 CHRISTI,
1265 2965 1312 3001 ΙΝ
1347 2964 1437 3002 SEx
1467 2965 1728 3002 ARTICULOS
1757 2966 1925 3003 DIVISA.

206 3051 358 3091 Deinde
385 3051 728 3092 considerandum
757 3055 816 3092 est
847 3052 896 3093 de
926 3053 1109 3106 qualibet
1132 3053 1421 3107 praedictarum
1457 3055 1737 3096 scientiarum.
1765 3056 1841 3096 Sed
1875 3056 1972 3108 quia
2007 3057 2057 3097 de

155 3107 328 3147 scientia
353 3106 497 3146 divina
513 3107 672 3146 dictum
694 3108 812 3147 estin
835 3108 971 3158 prima
992 3113 1104 3159 parte
1134 3113 1219 3160 (qu.
1242 3111 1349 3160 inv),
1373 3113 1497 3150 restat
1516 3121 1630 3150 nunc
1649 3110 1871 3150 dicendum
1890 3111 1940 3151 de
1961 3111 2056 3151 aliis

156 3161 314 3201 tribus:
335 3162 470 3212 primo
489 3162 538 3201 de
558 3162 729 3202 scientia
748 3162 888 3213 beata;
918 3164 1095 3204 secundo
1118 3164 1167 3204 de
1194 3165 1363 3205 scientia
1385 3165 1540 3215 indita3
1570 3165 1691 3204 tertio
1718 3166 1767 3204 de
1796 3166 1967 3206 scientia
1989 3178 2054 3206 ac-

195 3278 240 3318 t'i)
255 3279 320 3312 Per
338 3277 528 3318 oppositum
545 3277 587 3312 ad
599 3277 759 3319 possibile
778 3289 849 3323 quo
865 3283 919 3314 ese
935 3281 1059 3315 omnia
1195 3283 1233 3321 ¹5)
1256 3282 1343 3316 Huic
1362 3282 1580 3316 consentiunt
1604 3283 1790 3323 Caietanus‚
1811 3283 1945 3318 medina
1957 3311 1965 3322 ,
1996 3285 2054 3318 Ca-

153 3327 249 3369 fieri.
1146 3331 1292 3371 preolus,
1323 3331 1444 3371 Major,
1472 3329 1623 3372 Sylvius,
1647 3331 1789 3365 ssilluart
1808 3337 1841 3366 et
1866 3332 1966 3366 multi
1993 3332 2051 3365 aiii

195 3374 238 3416 (2)
254 3373 315 3408 Ubi
332 3374 379 3408 ait
395 3374 484 3414 quod
509 3374 651 3408 seientia
673 3374 799 3409 Christi
816 3376 926 3416 quoad
947 3389 1060 3418 quem-
1145 3383 1262 3412 contra
1286 3379 1424 3412 Scotum
1443 3384 1478 3412 et
1490 3378 1654 3412 scotistas.

152 3423 231 3457 dam
254 3421 473 3456 certitudinis
491 3422 630 3456 modum
651 3423 797 3456 creverit
821 3424 980 3463 quidem,
1000 3424 1057 3457 sed
1185 3426 1227 3468 (4)
1242 3427 1292 3460 Ita
1316 3427 1394 3460 Mss.
1421 3431 1457 3460 et
1481 3425 1565 3460 edit.
1592 3427 1725 3467 passim.
1753 3427 1821 3466 At„
1845 3427 2047 3469 conforma·

152 3482 220 3504 non
242 3471 406 3511 quantum
433 3471 474 3504 ad
507 3470 686 3504 essentiam
710 3481 770 3511 per
801 3472 1055 3512 acquisitionem
1142 3474 1290 3509 tionem.

150 3518 232 3552 novi
250 3518 393 3553 habitas.
