2170 3808
168 243 249 285 594
785 235 1200 292 QUAEST.1XV111
1231 236 1450 280 ART.V1.

170 323 295 365 ART
299 322 437 364 ICUL
440 321 515 363 US
547 319 708 361 V1.—
732 330 871 360 mmm
901 330 1166 361 emenoni-:s
1196 330 1250 360 An
1278 330 1510 363 BAri-isnuu
1540 332 1805 366 Accsnnnrsss
1834 335 2072 368 TENEANTUR

795 391 872 423 sm
901 392 1082 422 recena
1117 392 1336 423 coni-imm
1366 381 1441 435 (1).

171 452 219 487 De
232 451 285 486 his
298 449 401 484 etiam
419 450 514 483 Sent.
529 456 586 488 m,
601 446 681 483 dist.
698 447 753 489 49,
768 451 833 482 art.
850 448 884 488 5,
899 454 1016 489 quaest.
1035 448 1146 486 uadi.
1163 452 1198 484 et
1209 449 1309 484 Cont.
1324 452 1418 490 gont.
1435 448 1498 485 lib.
1508 457 1559 493 lv,
1572 462 1645 492 cap.
1658 451 1711 490 ⁴8.
1727 453 1763 485 et
1778 451 1876 487 Rom.
1888 460 1935 493 ΣΙ,
1949 452 2067 489 lect-4.

221 505 288 551 Ad
307 508 494 548 sextum
513 502 582 548 sic
601 503 887 560 proceditur.
907 507 927 548 1
940 537 952 547 .
978 503 1166 548 Videtur
1185 502 1313 560 quod
1331 508 1596 560 peccatores
1616 505 1675 551 ad
1690 506 1974 562 baptismum
1991 514 2067 552 ac-

167 567 389 613 cedentes
412 569 661 610 teneantur
683 578 769 610 sua
791 572 984 623 peccata
1003 565 1228 611 confiteri.
1258 565 1432 611 Dicitur
1457 566 1582 611 enim
1600 569 1768 620 (Matth.
1795 583 1859 619 ιιι,
1882 572 1924 624 6)
1945 569 2068 627 quod

168 629 526 685 baptizabantur
547 628 681 672 multi
697 629 726 672 ὰ
746 633 922 673 Joanne
943 632 991 672 in
1009 632 1229 682 Iordane,
1247 631 1507 684 confitentes
1519 635 1714 687 peccata
1731 645 1829 674 sua.
1852 633 1939 677 Sed
1957 631 2070 688 bap-
2148 686 2149 691 ¹

165 690 336 736 tismus
363 689 526 734 Christi
551 694 622 734 est
645 690 896 759 perfectior
914 691 1057 747 quam
1081 691 1344 746 baptismus
1363 691 1568 737 Joannis.
1594 695 1714 750 Ergo
1737 693 1924 746 videtur
1943 694 2068 751 quod

167 750 315 796 multo
330 750 482 807 magis
500 750 566 794 illi
587 751 667 807 qui
688 755 801 796 sunt
819 751 1085 808 baptizandi
1105 752 1340 809 baptismo
1358 753 1539 809 Christi,
1559 754 1760 799 debeant
1775 767 1862 799 sua
1880 759 2067 813 peccata

160 812 302 857 confi
310 812 394 856 eri.

224 878 266 920 2.
292 877 519 920 Praeterea
539 874 774 928 (Proverb.
796 889 942 933 xxvm,
965 878 1053 931 13),
1076 875 1280 921 dicitur·
1269 910 1280 921 .
1308 878 1394 933 Qui
1411 877 1645 921 abscondit
1672 878 1848 921 scelera
1875 891 1960 921 sua
1979 891 2068 922 non

167 937 414 994 diriqetur,
436 940 513 993 qui
541 940 691 981 autem
707 939 933 992 confessus
954 940 1095 992 suerit
1114 941 1159 982 et
1177 938 1415 994 reliquerit
1431 951 1511 994 ea,
1532 941 1894 983 misericordiam
1911 952 2068 983 cons-e-

166 1003 341 1056 quetur.
375 999 463 1044 Sed
492 998 551 1044 ad
573 999 663 1044 hoc
693 999 838 1056 aliqui
867 1000 1161 1057 baptizantur
1183 1005 1235 1045 ut
1269 1001 1326 1046 de
1348 1001 1552 1058 peccatis
1575 1002 1674 1046 suis
1702 1001 2069 1047 misericordiam

166 1066 536 1118 consequantur.
563 1063 683 1117 Ergo
706 1060 971 1118 baptizandi
994 1063 1169 1108 debent
1190 1076 1277 1108 sua
1295 1068 1486 1121 peccata
1507 1064 1735 1110 confiteri.

220 1125 264 1168 3.
290 1126 546 1182 Praeterea,
571 1123 848 1180 poenitentia
877 1126 1131 1183 requiritur
1162 1131 1271 1171 ante
1304 1127 1620 1184 baptismum,
1653 1127 1917 1172 secundum
1953 1126 2070 1172 illud

166 1187 280 1240 (Act.
302 1200 347 1240 ιι,
371 1190 442 1241 39)
463 1202 473 1229 :
497 1189 633 1243 Aqite
652 1190 997 1244 poenitentiam,
1022 1193 1064 1233 et
1101 1190 1360 1246 baptizetur
1394 1192 1694 1246 unusquisque
1729 1193 1942 1234 vestrum.
1980 1190 2070 1236 Sed

164 1248 398 1294 confessio
422 1254 493 1294 est
515 1262 625 1306 pars
659 1250 962 1307 poenitentiae.
995 1254 1115 1307 Ergo
1145 1252 1328 1297 videtur
1355 1251 1481 1309 quod
1513 1251 1749 1297 confessio
1771 1257 2068 1309 peccatorum

166 1312 433 1369 requiratur
453 1317 562 1356 ante
585 1311 890 1369 baptismum.

221 1375 309 1419 Sed
329 1378 490 1419 contra
512 1379 584 1420 est
612 1375 739 1432 quod
773 1374 1006 1421 confessio
1028 1383 1327 1433 peccatorum
1347 1376 1487 1422 debet
1521 1389 1627 1422 esse
1658 1389 1767 1422 cum
1786 1377 1926 1434 ssetu3
1954 1378 2070 1423 dicit
2148 1352 2164 1382 ἰ

164 1436 290 1481 enim
309 1438 600 1494 Augustinus
622 1438 670 1481 in
697 1438 813 1482 libro
828 1441 891 1483 De
915 1440 1190 1495 poenitentia
1211 1439 1347 1495 (alius
1361 1444 1524 1483 auctor
1546 1443 1608 1484 De
1623 1451 1734 1484 vera
1756 1447 1802 1484 et
1822 1439 1942 1484 falsa
1963 1452 2070 1496 poe-
2147 1442 2152 1445 '

165 1498 246 1542 nit.
282 1512 384 1556 cap.
416 1502 487 1554 14,
520 1499 686 1556 parum
706 1498 734 1542 a
751 1499 947 1556 princ.):
969 1517 989 1537 ει
1006 1500 1163 1544 Omnis
1180 1501 1272 1544 ista
1299 1501 1502 1544 varietas
1534 1500 1800 1546 confitenda
1826 1505 1963 1545 estet
1983 1501 2067 1546 de—

162 1561 334 1614 flenda.
358 1580 378 1600 n
403 1561 491 1605 Sed
511 1562 634 1605 sicut
653 1561 926 1607 Ambrosius
948 1562 1060 1607 dicit
1084 1563 1221 1617 (alius
1241 1570 1420 1619 auctor,
1438 1574 1543 1619 sup.
1572 1563 1687 1606 illud
1710 1565 1841 1607 Rom.
1866 1575 1938 1607 xi:
1961 1565 2069 1607 Sine

156 1627 432 1681 poenitentia
457 1627 565 1667 sunt
597 1625 757 1680 dona),
785 1641 806 1661 «
832 1625 981 1681 gratia
1013 1626 1089 1669 Dei
1122 1626 1169 1670 in
1205 1626 1439 1682 baptismo
1469 1637 1565 1668 non
1593 1625 1787 1682 requirit
1822 1625 2066 1684 gemitum,

163 1698 318 1743 neque
341 1686 601 1742 planctum.
626 1705 647 1726 »
670 1688 790 1742 Ergo
811 1685 839 1730 a
859 1686 1155 1744 baptizandis
1177 1700 1273 1733 non
1300 1692 1370 1733 est
1389 1686 1673 1744 requirenda
1702 1687 1936 1733 confessio
1953 1699 2069 1745 pec-

161 1753 502 1857 cagglblllcleSIO.
530 1838 579 1846 -—
603 1817 709 1857 Cum
730 1816 932 1857 confessio
959 1821 1217 1869 peccatorum
1244 1817 1297 1858 ad
1330 1817 1586 1870 poenitentioe
1614 1821 1922 1859 sacramentum
1945 1818 2068 1871 perti-

100 1852 105 1855 *
161 1875 270 1921 neat,
286 1871 522 1912 accedentes
535 1870 588 1912 ad
602 1871 875 1923 baptismum,
891 1883 973 1911 non
995 1876 1153 1922 oportet
1170 1872 1360 1914 confiteri
1378 1876 1538 1926 peccata
1553 1873 1767 1920 sacerdoti,
1781 1874 1851 1914 sed
1869 1873 1948 1914 soli
1969 1874 2067 1924 Deo,
2108 1931 2110 1935 y
2148 1863 2160 1879 ‘

161 1938 208 1969 ea
230 1927 436 1967 nimirum
454 1929 591 1967 mente
609 1927 825 1978 cogitando
840 1931 965 1980 atque
983 1927 1187 1970 deflendo.

217 1990 494 2046 Respondeo
514 1990 767 2035 dicendum
788 1989 914 2048 quod
936 1990 1112 2048 duplex
1136 1995 1211 2037 est
1228 1995 1529 2049 peccatorum
1557 1990 1791 2036 confessio
1809 2005 1821 2034 ε
1839 2004 1938 2037 una
1959 1993 2068 2051 qui-

161 2053 268 2099 dem
303 2052 509 2111 interior,
538 2065 644 2110 quae
671 2053 723 2097 fit
746 2056 864 2109 De03
886 2057 932 2098 et
957 2054 1064 2098 talis
1086 2053 1321 2099 confessio
1343 2058 1643 2112 peccatorum
1673 2054 1928 2111 requiritur
1956 2059 2067 2100 ante

161 2114 466 2172 baptismum,
490 2120 542 2160 ut
565 2115 744 2160 scilicet
771 2116 911 2160 homo
944 2128 1031 2160 sua
1054 2122 1246 2173 peccata
1265 2117 1533 2173 recogitans
1555 2116 1614 2162 de
1633 2115 1702 2161 eis
1721 2115 1905 2161 doleat:
1930 2136 1951 2155 «
1970 2129 2065 2162 non

161 2179 287 2223 enim
309 2182 465 2235 potest
488 2178 709 2223 inchoare
739 2190 910 2223 novam
937 2178 1099 2236 vitam,
1124 2180 1214 2224 nisi
1240 2180 1467 2239 poeniteat
1488 2190 1598 2225 eum
1619 2179 1792 2224 veteris
1819 2178 1943 2235 vitae,
1964 2198 1988 2220 »
2013 2185 2068 2225 ut

162 2239 273 2286 dicit
289 2239 582 2295 Augustinus
601 2240 698 2293 (lib.
720 2243 781 2285 De
800 2240 1095 2298 poenitentia,
1118 2242 1247 2287 hom.
1272 2242 1358 2287 ult.
1380 2243 1502 2287 inter
1522 2244 1596 2297 50,
1615 2252 1718 2296 cap.
1739 2243 1814 2296 21,
1834 2241 1862 2285 a
1880 2241 2065 2298 princ.).

159 2302 258 2349 Alia
277 2303 390 2347 vero
405 2308 477 2347 est
495 2303 727 2350 confessio
748 2308 1046 2359 peccatorum
1064 2305 1283 2359 exterior,
1301 2316 1408 2362 quae
1427 2305 1481 2349 fit
1498 2303 1743 2358 sacerdoti,
1761 2308 1809 2348 et
1830 2303 1936 2350 talis
1953 2316 2067 2350 con-

160 2364 303 2410 fessio
326 2377 420 2409 non
438 2365 688 2421 requiritur
703 2372 812 2410 ante
827 2366 1140 2423 baptismum3
1162 2367 1313 2424 primo
1332 2366 1524 2424 quidem
1547 2366 1658 2423 quia
1680 2365 1787 2410 talis
1813 2367 2064 2425 confessio,

160 2429 270 2472 cum
303 2426 524 2485 respiciat
542 2439 793 2483 personam
821 2427 1049 2485 mInistri,
1076 2431 1276 2485 pertinet
1307 2431 1368 2475 ad
1390 2428 1689 2501 poenitentiae
1699 2433 2064 2487 sacramentum,

161 2489 289 2548 quod
310 2501 406 2534 non
435 2488 689 2546 requiritur
711 2493 821 2534 ante
843 2489 1146 2547 baptismum,
1172 2492 1281 2548 quia
1302 2496 1373 2537 est
1398 2493 1544 2548 J'anua
1563 2490 1776 2535 omnium
1795 2502 2068 2538 sacramen-

160 2555 342 2607 torum·
373 2551 583 2596 secundo
604 2550 716 2608 quia
749 2551 984 2597 confessio
1003 2553 1222 2609 exterior,
1247 2566 1354 2610 quae
1382 2554 1436 2598 fit
1464 2552 1718 2612 sacerdoti,
1740 2552 1985 2598 ordinatur
2004 2555 2067 2601 ad

159 2612 250 2660 hoc
263 2614 390 2672 quod
405 2613 627 2658 sacerdos
649 2611 955 2660 confitentem
969 2615 1185 2660 absolvat
1207 2629 1232 2660 a
1250 2616 1470 2673 peccatis,
1491 2620 1538 2661 et
1560 2615 1674 2672 liget
1686 2615 1746 2660 ad
1769 2628 1911 2672 opera
1930 2616 2067 2662 satis-

159 2674 369 2734 factoria,
399 2688 505 2733 quae
526 2676 818 2733 baptizandis
841 2690 936 2722 non
957 2682 1070 2722 sunt
1095 2678 1396 2750 imponenda,
1427 2682 1478 2723 ut
1511 2690 1654 2734 supra
1672 2677 1846 2723 dictum
1870 2683 1943 2723 est
1961 2681 2064 2734 (art.

158 2744 342 2796 praec.);
372 2751 460 2783 nec
488 2738 630 2783 etiam
658 2739 875 2796 baptizati
909 2740 1123 2797 indigent
1151 2740 1428 2786 remissione
1457 2744 1757 2798 peccatorum
1791 2752 1875 2797 per
1905 2739 2066 2789 claves
2110 2755 2115 2762 ·

159 2801 393 2856 Ecclesiae,
419 2801 593 2858 quibus
607 2802 768 2846 omnia
790 2802 1094 2848 remittuntur
1115 2815 1199 2860 per
1215 2803 1528 2858 baptismum,
1553 2802 1686 2848 tertio
1710 2802 1820 2860 quia
1839 2802 1942 2860 ipsa
1959 2817 2065 2861 par-

160 2862 369 2908 ticularis
398 2863 631 2908 confessio
664 2863 839 2908 homini
869 2865 1011 2921 facta,
1036 2870 1108 2910 est
1139 2877 1338 2923 poenosa
1355 2870 1545 2923 propter
1564 2865 1898 2910 verecundiam
1914 2866 2065 2911 confi·-

159 2925 316 2970 tentis.
342 2925 575 2982 Baptizato
593 2929 752 2970 autem
773 2926 903 2971 nulla
921 2926 1123 2972 exterior
1141 2940 1282 2985 poena
1297 2927 1554 2984 imponitur
1567 2929 1642 2982 (2).
1666 2930 1720 2971 Et
1742 2926 1847 2972 ideo
1865 2927 1893 2971 a
1914 2927 2065 2985 bapti-

159 2987 276 3032 zatis
300 2999 393 3031 non
408 2986 660 3044 requiritur
679 2988 895 3046 specialis
914 2989 1148 3035 confessio
1171 2994 1496 3045 peccatorum3
1517 2988 1601 3034 sed
1622 2988 1797 3034 sufficit
1813 2989 2062 3046 generalis,

159 3062 302 3107 quam
323 3049 519 3106 faciunt,
538 3051 648 3095 cum
665 3052 929 3097 secundum
952 3052 1096 3098 ritum
1115 3053 1332 3098 Ecclesiae
1348 3051 1684 3098 abrenuntiant
1700 3054 1882 3096 Satanae
1901 3055 1950 3097 et
1963 3064 2063 3097 om—

159 3111 299 3156 nibus
318 3112 503 3169 pompis
526 3113 644 3170 ejus.
670 3115 724 3158 Et
742 3114 832 3159 hoc
847 3114 989 3160 modo
1011 3115 1123 3160 dicit
1145 3115 1361 3173 quaedam
1381 3115 1543 3160 Glossa
1564 3114 1683 3170 (ord.
1709 3125 1816 3170 sup.
1835 3113 1980 3159 illud:
2003 3117 2064 3158 Et

157 3261 287 3298 tionem
316 3266 352 3297 et
379 3262 634 3306 contritionem,
667 3264 710 3300 ad
739 3265 993 3306 impetrandum
1024 3278 1068 3301 ne
1154 3269 1362 3303 mentorum
1386 3266 1508 3301 locum
1536 3267 1631 3300 tenet
1654 3266 1827 3299 sanctum
1849 3264 2034 3308 baptisma
2050 3292 2061 3307 ,

156 3310 299 3346 effectus
322 3310 482 3351 baptismi
501 3312 723 3356 impediatur,
746 3315 823 3348 ante
841 3313 896 3349 vel
909 3318 983 3355 post
996 3318 1069 3354 ejus
1154 3315 1252 3360 quod
1269 3317 1353 3350 vitoe
1368 3314 1590 3359 spiritualis
1598 3314 1724 3357 janua
1739 3315 1805 3346 est.

158 3359 387 3401 receptionem
404 3360 559 3400 qnaedam
579 3361 714 3402 injungi
732 3367 883 3403 possunt.
1195 3364 1239 3406 (2)
1258 3364 1347 3398 Hinc
1374 3374 1486 3404 neque
1504 3361 1682 3403 baptizatis
1710 3360 1747 3394 in
1780 3360 1896 3400 vigilia
1925 3361 2058 3397 Pascha

199 3407 245 3449 (l)
262 3406 403 3441 Nullum
422 3407 515 3441 aliud
527 3414 777 3444 sacramentum
793 3410 943 3445 conferri
959 3415 1070 3452 potest
1149 3413 1319 3452 jejunium
1352 3422 1458 3452 usque
1492 3410 1534 3444 ad
1561 3410 1786 3444 Pentecosten
1810 3407 1987 3451 indicitur,
2020 3412 2062 3443 ut

158 3459 236 3489 ante
260 3454 480 3496 baptismum.
503 3456 597 3491 Unde
615 3457 787 3498 Eugenius
811 3459 857 3493 IV
877 3459 913 3493 in
934 3460 1067 3495 Decret.
1153 3460 1188 3502 (2
1201 3460 1233 3502 2,
1251 3462 1368 3501 quaest.
1383 3465 1546 3500 (mxxxix,
1562 3460 1627 3492 art.
1644 3456 1692 3497 ⁴).

159 3507 252 3540 cent.
280 3514 410 3539 armen.
431 3504 480 3540 ait
508 3516 517 3540 z
541 3505 711 3543 Primum
736 3508 901 3543 omnium
930 3517 1067 3544 sacra-

2109 3674 2170 3808 §1312
