2170 3808
221 193 304 254 πᾶ
886 214 1086 267 QuAEsr.
1117 217 1250 270 xxx,
1277 217 1396 260 Aur.
1426 218 1461 261 1.

276 290 342 335 Ad
377 294 561 337 tertium
603 293 870 349 dicendum,
904 293 1046 351 quod,
1082 294 1204 340 sicut
1240 297 1599 353 Chrysostomus
1637 295 1774 351 (alius
1804 298 1982 352 auctor)
2015 298 2126 349 dicit
2154 295 2157 297 ’

224 354 387 410 (Super
402 354 554 399 Matth.
575 354 702 400 hom.
727 369 759 411 1,
774 355 823 400 in
843 357 924 413 Op.
948 355 1130 413 imperf.
1146 356 1237 402 suh
1254 357 1374 415 fin.)‚
1392 375 1414 398 «ι
1430 357 1568 404 beata
1582 359 1720 416 Virgo
1738 358 1807 403 sic
1819 358 1910 404 fuit
1927 359 2124 418 despon-

221 418 323 459 sata
343 416 527 475 Joseph,
552 417 678 473 quod
701 417 842 462 etiam
869 423 996 464 esset
1016 418 1142 464 domi
1163 418 1336 464 habita.
1357 422 1471 466 Nam
1495 420 1618 466 sicut
1636 420 1685 465 in
1712 432 1768 466 ea
1790 432 1898 478 quae
1920 420 1968 465 in
1987 421 2126 471 domo

219 476 307 522 viri
328 477 543 535 concipit,
568 479 842 537 intelligitur
869 481 1112 538 conceptio
1134 481 1376 539 maritalia,
1405 482 1473 528 sic
1504 482 1553 527 in
1578 495 1635 528 ea
1660 495 1766 541 quae
1784 486 1917 527 extra
1937 483 2123 537 domum

220 539 437 596 concipit,
464 546 537 585 est
558 547 776 599 suspecta
797 544 1058 600 conceptio.
1082 563 1102 584 n
1136 547 1191 597 Et
1212 545 1277 590 ita
1299 556 1395 589 non
1419 549 1542 590 esset
1572 545 1858 590 sufficienter
1882 545 2124 602 provisum

221 600 356 646 famae
376 604 426 646 B.
446 603 647 661 Virginis
661 616 743 661 per
762 604 853 650 hoc
873 605 1001 663 quod
1020 605 1109 651 fuit
1128 606 1427 664 desponsata,
1447 606 1539 652 nisi
1554 607 1696 652 etiam
1714 606 1881 652 fuisset
1898 607 2022 652 domi
2043 608 2124 654 ha-

221 661 331 708 bita.
350 665 479 710 Unde
499 666 625 723 quod
639 666 807 712 dicitur
824 683 836 712 ς
853 671 914 711 Et
933 668 1072 712 nollet
1087 681 1189 712 eam
1210 669 1470 726 traducere,
1486 669 1653 714 melius
1665 668 1954 726 intelligitur,
1974 668 2021 715 id
2034 674 2120 729 est,

220 724 364 771 nollet
385 739 489 772 eam
517 728 756 774 diffamare
776 730 824 773 in
847 729 1106 789 publicum,
1130 732 1274 788 quam
1295 730 1422 788 quod
1447 731 1733 789 intelligatur
1755 730 1813 777 de
1835 731 2125 780 traductione

221 786 267 832 in
282 787 490 835 domum.
516 790 645 836 Unde
671 797 716 836 et
745 792 1041 849 Evangelista
1063 793 1222 838 subdit
1239 793 1368 851 qued
1387 793 1531 838 voluit
1554 795 1726 838 occulte
1748 794 1981 838 dimittere
2005 807 2122 841 eam.

225 851 442 903 Quamvis
470 856 627 897 tamen
650 857 774 898 esset
801 853 924 898 domi
956 854 1115 898 habita
1135 859 1324 912 propter
1346 853 1544 912 primam
1573 854 1948 912 desponsationis
1967 854 2124 911 fidem,

220 912 428 958 nondum
449 917 606 959 tamen
625 913 941 960 intervenerat
959 915 1184 961 solemnis
1203 915 1454 961 celebratio
1471 916 1764 974 nuptiarum3
1789 920 1980 974 propter
2000 916 2126 973 quod

219 974 360 1020 etiam
392 975 602 1020 nondum
640 977 890 1022 carnaliter
929 982 1263 1023 convenerant.
1296 977 1444 1034 Unde,
1479 977 1601 1023 sicut
1633 978 1991 1035 Chrysostomus
2016 977 2125 1024 dicit

222 1037 360 1091 (hom.
385 1051 428 1082 iv
447 1037 496 1082 in
522 1039 676 1083 Matth.
705 1037 931 1097 aliquant.
956 1039 985 1083 a
1001 1040 1185 1097 princ.),
1223 1058 1245 1080 κ
1265 1053 1361 1085 non
1381 1039 1493 1085 dicit
1513 1041 1838 1097 Evangelista:
1869 1043 2125 1097 Antequam

220 1099 470 1145 duceretur
488 1100 538 1145 in
557 1100 750 1146 domum
773 1102 950 1159 sponsi,
982 1103 1155 1148 etenim
1175 1103 1300 1148 intus
1315 1103 1416 1160 jam
1434 1105 1547 1148 erat.
1572 1103 1869 1148 Consuetudo
1892 1102 2018 1148 enim
2037 1101 2126 1149 fuit

219 1161 458 1208 veteribus
481 1167 536 1208 ut
564 1176 751 1221 sponsae
774 1164 822 1209 in
854 1177 1135 1222 sponsorum
1162 1165 1380 1211 domibus
1400 1164 1696 1210 haberentur.
1716 1183 1738 1204 »
1773 1166 1829 1210 Et
1849 1164 1953 1210 ideo
1986 1164 2125 1212 etiam

219 1223 417 1280 angelus
441 1224 552 1284 dicit
572 1227 768 1283 Joseph:
796 1230 863 1272 Ne
889 1230 1050 1271 timeas
1075 1231 1281 1285 accipere
1311 1231 1510 1271 Mariam
1534 1229 1768 1284 conjchem
1798 1231 1944 1274 tuam.
1966 1227 2014 1272 id
2035 1232 2124 1286 cst,

224 1303 245 1323 κ
265 1298 361 1330 non
379 1287 545 1332 timeas
577 1289 765 1346 nuptias
797 1289 901 1346 ejus
934 1289 1204 1335 solemniter
1225 1289 1477 1335 celebrare.
1503 1309 1524 1330 »
1549 1289 1673 1334 Licet
1702 1288 1779 1334 alii
1802 1288 1976 1346 dicant,
2000 1288 2126 1347 quod

221 1349 433 1394 nondum
454 1354 554 1395 erat
576 1350 625 1395 in
656 1351 850 1396 domum
883 1352 1091 1409 inducta,
1113 1352 1198 1398 sed
1227 1352 1381 1398 solum
1412 1352 1711 1409 desponsata.
1731 1351 1937 1398 Primum
1967 1357 2124 1397 tamen

219 1410 372 1468 magis
389 1417 619 1457 consonat
635 1414 900 1470 Evangelia

218 1679 279 1715 DE
309 1680 356 1716 B.
392 1682 557 1718 MARIAE
589 1682 799 1719 VIRGINIS
840 1682 1251 1733 ANNUNTIATIONE,
1299 1684 1347 1720 m
1387 1684 1613 1727 QUATUOR
1651 1686 1912 1724 Amicums
1950 1684 2119 1723 nlvlsA.

267 1785 422 1826 Deinde
439 1787 789 1841 considerandum
802 1791 864 1827 est
888 1786 938 1826 de
956 1786 1279 1828 annunfiatione
1301 1788 1347 1829 B.
1369 1788 1576 1841 Virginis;
1594 1792 1635 1830 et
1654 1789 1761 1831 circa
1782 1788 1859 1830 hoc
1880 1793 2125 1841 quaeruntur

218 1843 399 1892 quatuor
421 1855 431 1881 ε
467 1847 501 1881 1‘·
528 1841 676 1882 Utrum
702 1842 950 1884 conveniens
975 1843 1097 1883 fuerit
1125 1842 1163 1882 ei
1186 1843 1433 1883 annuntiari
1453 1845 1565 1897 quod
1587 1843 1633 1885 in
1656 1856 1703 1886 ea
1723 1844 2004 1896 generandum
2024 1849 2121 1887 erat.

217 1919 264 1926 —
304 1903 341 1935 2⁰
361 1897 435 1936 Per
452 1909 576 1949 quem
602 1900 689 1937 erat
717 1898 755 1937 ei
785 1897 862 1938 hoc
890 1898 1247 1938 annuntiandum.
1266 1919 1316 1927 —
1336 1902 1378 1937 3⁰
1396 1898 1471 1939 Per
1487 1910 1612 1951 quem
1629 1899 1803 1940 modum
1822 1898 1860 1940 ei
1881 1899 2123 1942 annuntiari

216 1950 402 1992 debebat.
423 1974 471 1982 —-
488 1958 528 1992 4⁰
551 1954 607 1993 De
628 1952 771 1993 ordine
788 1952 1140 1994 annuntiationis.

218 2016 566 2060 ARTICULUS
587 2019 624 2060 1.
641 2040 698 2048 —
718 2029 858 2060 urium
889 2029 1174 2062 nncnssxmuu
1194 2032 1346 2064 runnu·
1364 2033 1613 2064 Annum-imi
1633 2032 1676 2064 Β.
1704 2031 1863 2063 vinem
1882 2031 1990 2070 ouon
2009 2032 2051 2064 m
2071 2032 2125 2064 u

919 2094 1026 2124 unu
1045 2093 1319 2127 ccxi-:munim
1337 2084 1414 2139 (1).

440 2149 488 2182 De
501 2147 555 2182 his
571 2148 676 2183 etiam
694 2148 789 2183 Sent.
810 2157 863 2189 m.
884 2148 963 2183 dist.
981 2150 1017 2191 5,
1035 2155 1155 2193 quaest.
1173 2159 1228 2195 ¹11,
1247 2155 1315 2187 art.
1332 2151 1366 2195 l,
1380 2154 1498 2194 quast.
1514 2160 1541 2191 1,
1562 2154 1597 2186 ot
1612 2150 1689 2186 dist.
1704 2151 1759 2191 50,
1776 2152 1843 2184 art.
1858 2150 1894 2185 5.

272 2201 339 2246 Ad
370 2202 575 2258 primum
607 2202 676 2260 sic
708 2203 991 2260 proceditur.
1019 2208 1061 2250 1.
1081 2206 1270 2251 Videtur
1299 2206 1426 2264 quod
1447 2218 1543 2250 non
1566 2204 1706 2249 fuerit
1732 2203 2048 2249 necessarium
2070 2206 2120 2251 B.

219 2263 390 2321 Virgini
415 2265 682 2309 annuntiari
703 2266 830 2322 quod
845 2265 892 2309 in
917 2278 972 2310 ea
1000 2267 1208 2312 fiendum
1230 2273 1345 2313 erat.
1369 2266 1672 2313 Annuntiatio
1696 2266 1823 2311 enim
1851 2266 1910 2311 ad
1930 2266 2021 2311 hoc
2042 2278 2123 2312 so-

217 2327 315 2372 lum
339 2328 603 2372 necessaria
628 2340 734 2372 esse
756 2327 1002 2373 videbatur
1027 2335 1080 2374 ut
1103 2330 1302 2386 Virginis
1334 2342 1598 2376 consensus
1615 2328 1882 2375 haberetur.
1906 2328 1995 2374 Sed
2016 2341 2123 2374 con-

219 2401 390 2434 sensus
416 2390 521 2446 ejus
541 2402 639 2434 non
666 2389 852 2434 videtur
884 2392 1177 2436 necessarius
1197 2393 1359 2450 fuisse,
1381 2392 1492 2451 quia
1510 2395 1764 2449 conceptus
1785 2389 1986 2448 Virginis
2003 2403 2122 2448 prae-

220 2453 464 2498 nuntiatus
495 2452 584 2497 fuit
613 2452 856 2510 prophetia
882 2454 1319 2513 praedestinationis,
1358 2472 1380 2495 κ
1407 2467 1513 2513 quae
1541 2455 1644 2500 sine
1672 2458 1833 2499 nostro
1865 2453 2122 2512 completur

218 2514 424 2570 arbitrio,
451 2533 472 2554 n
497 2518 551 2559 ut
569 2514 680 2559 dicit
697 2514 912 2572 quaedam
934 2515 1095 2576 Glossa
1115 2517 1286 2572 (Matth.
1306 2530 1338 2575 1,
1361 2517 1463 2562 ord.
1479 2529 1585 2574 sup.
1609 2515 1752 2561 illud:
1775 2517 1833 2559 Ut
1850 2516 2122 2574 adimplere-

218 2582 295 2623 tur
321 2579 443 2684 qugd
476 2579 647 2622 dictum
679 2581 761 2634 est,
796 2580 921 2633 etc.).
943 2580 1043 2623 Non
1073 2592 1186 2637 ergo
1215 2580 1534 2626 necessarium
1551 2579 1639 2625 fuit
1662 2578 1789 2637 quod
1810 2578 1916 2625 talis
1937 2590 2120 2624 annun-

218 2640 347 2685 tiatio
405 2643 517 2685 eret.
2153 2654 2156 2659 '

271 2706 315 2749 2.
339 2705 579 2758 Praeterea,
604 2704 654 2746 B.
675 2702 812 2759 Virgo
829 2702 1163 2749 incarnationis
1184 2704 1323 2749 fidem
1344 2703 1563 2758 babebat,
1594 2704 1698 2748 sine
1716 2716 1811 2762 qua
1833 2702 1994 2747 nullus
2016 2714 2121 2748 esse

217 2769 397 2824 poterat
417 2765 467 2810 in
489 2770 614 2810 statu
633 2765 830 2811 salutis:
861 2764 988 2823 quia,
1009 2770 1062 2811 ut
1082 2766 1252 2811 dicitur
1278 2768 1426 2822 (Rom.
1450 2780 1513 2824 111,
1534 2766 1608 2823 22)
1628 2780 1639 2808 :
1659 2767 1847 2810 Iustitia
1861 2767 1947 2809 Dei
1960 2778 2046 2822 per
2063 2767 2120 2820 si·

216 2830 317 2874 dem
335 2832 443 2872 Jesu
460 2828 638 2871 Christi
657 2831 706 2871 in
720 2840 884 2871 omnes.
908 2827 997 2872 Sed
1016 2827 1074 2872 de
1096 2840 1152 2872 eo
1174 2827 1300 2885 quod
1319 2828 1487 2886 aliquis
1508 2840 1593 2885 per
1608 2826 1933 2872 certitudinem
1955 2826 2117 2884 credit,

217 2904 309 2937 non
331 2890 510 2948 indiget
529 2890 726 2935 ulterius
739 2889 923 2935 instrui.
946 2892 1064 2947 Ergo
1077 2892 1127 2935 B.
1147 2890 1321 2948 Virgini
1346 2904 1441 2936 non
1462 2890 1551 2935 fuit
1574 2889 1891 2935 necessarium
1914 2893 1966 2934 ut
1985 2888 2027 2934 ei
2052 2889 2119 2934 in..

216 2954 422 3000 carnatio
443 2953 542 2998 Filii
558 2953 634 2999 Dei
656 2952 1029 2998 annuntiaretur.
1279 3006 1283 3009 ⁷

270 3020 312 3062 3.
331 3020 573 3071 Praeterea,
596 3015 717 3061 sicut
730 3018 780 3060 B.
799 3014 935 3072 Virgo
951 3015 1251 3074 corporaliter
1265 3015 1495 3061 Christum
1517 3014 1736 3073 concipit,
1756 3014 1822 3059 ita
1835 3019 1881 3059 et
1899 3013 2117 3072 quaelibet

215 3084 376 3125 sancta
390 3079 545 3123 anima
565 3077 768 3134 concipit
783 3078 940 3135 ipsum
954 3077 1276 3134 spiritualiter:
1297 3078 1425 3122 unde
1440 3077 1686 3134 Apostolus
1710 3075 1820 3121 dicit
1832 3076 1942 3132 (Gal.
1963 3090 2023 3131 iv,
2041 3077 2085 3130 9)
2101 3090 2112 3121 ε

213 3140 365 3185 Filioli
383 3143 486 3196 mei,
506 3153 614 3196 quos
635 3141 799 3184 itericm
815 3143 1048 3197 parturio,
1072 3141 1212 3184 donec
1228 3142 1452 3184 formetur
1467 3139 1676 3183 Christus
1698 3141 1748 3181 in
1764 3139 1906 3182 vobis.
1924 3137 2013 3182 Sed
2027 3135 2116 3181 illis

213 3202 294 3260 qui
317 3201 616 3258 spiritualiter
634 3201 808 3246 debent
827 3202 1059 3247 Christum
1082 3202 1343 3259 concipere,
1360 3201 1466 3246 talis
1487 3199 1729 3258 conceptio
1748 3211 1844 3244 non
1868 3197 2115 3243 annuntia-

215 3269 305 3309 tur.
330 3266 448 3319 Ergo
467 3276 554 3307 nec
570 3266 621 3307 Β.
647 3263 821 3320 Virgini
842 3263 930 3308 fuit
946 3265 1322 3309 annuntiandum
1340 3263 1468 3322 qued
1484 3267 1608 3308 esset
1625 3262 1674 3306 in
1690 3266 1823 3306 utero
1837 3264 2113 3318 conceptura

215 3327 376 3371 Filium
398 3325 490 3370 Dei.
863 3340 865 3343 ·

254 3471 300 3511 (1)
321 3471 385 3506 Hic
406 3470 518 3508 agitur
542 3469 580 3503 in
601 3468 666 3503 hoe
684 3468 830 3504 articulo
856 3470 897 3504 de
916 3470 1111 3505 necessitate
1135 3468 1375 3509 congruentiae.
1400 3482 1469 3505 non
1489 3469 1569 3506 vero
1595 3469 1636 3504 de
1660 3470 1855 3503 necessitate
1876 3468 2038 3503 absoluta·
2095 3492 2098 3495 -
