2170 3808
224 217 307 258 568
747 215 947 267 QUAEST.
977 214 1119 267 LXVI,
1151 214 1270 266 ART.
1300 213 1370 255 vn
1398 213 1464 255 ET
1496 214 1598 256 VIII.
2165 244 2170 272 ς

225 284 435 328 membra
459 295 563 340 quae
585 283 873 339 generationi
897 281 1182 335 deserviunt,
1206 285 1450 336 peccatum
1473 280 1698 337 originale
1718 280 2004 339 traducatur,
2032 293 2124 326 non
2157 277 2170 342 ἓξ

226 352 382 389 tamen
407 349 517 389 sunt
546 343 756 388 membra
777 344 855 387 illa
881 344 1034 400 potius
1063 341 1354 398 aspergenda
1375 341 1516 398 quam
1538 347 1694 399 caput,
1719 341 1828 398 quia
1846 353 1930 398 per
1945 341 2131 399 baptis-·

225 419 355 450 mum
375 419 467 450 non
485 406 661 450 tollitur
678 405 972 450 transmissio
988 405 1227 461 originalis
1244 403 1291 447 in
1315 404 1494 459 prolem
1516 416 1600 461 per
1617 410 1773 448 actum
1794 404 2122 462 generationis,
2163 417 2167 450 ῖ

227 469 310 513 sed
331 468 555 513 liberatur
570 468 727 512 anima
750 468 777 512 a
796 468 982 513 macula
1004 473 1049 512 et
1063 473 1197 512 reatu
1222 466 1397 523 peccati
1417 467 1544 523 quod
1562 466 1774 511 incurrit.
1797 465 1968 510 Etideo
1989 466 2127 512 debet

225 530 459 586 praecipue
490 531 635 575 lavari
658 530 737 574 illa
756 543 866 587 pars
893 530 1100 588 corporis
1125 530 1172 573 in
1203 542 1296 586 qua
1329 529 1688 574 manifestantur
1707 541 1850 584 opera
1868 528 2054 572 animae.
2075 530 2126 573 In
2149 526 2170 612 ἐ

225 592 370 636 veteri
392 604 450 635 au
460 597 550 637 tem
569 592 673 649 lege
695 591 955 636 remedium
979 596 1143 636 contra
1161 590 1384 647 originale
1406 597 1648 646 peccatum
1668 590 1931 635 institutum
1957 593 2056 634 erat
2077 589 2151 635 in
2148 620 2170 650 ,ἦ

225 653 438 698 membro
454 655 785 711 generationis,
802 656 912 727 quia
931 654 1084 699 adhue
1099 654 1178 698 ille
1189 666 1273 726 per
1291 664 1431 709 quem
1446 653 1671 709 originale
1686 657 1785 698 erat
1796 650 2132 710 amovendum,

226 716 495 761 nasciturus
515 723 614 762 erat
633 730 692 762 ex
714 717 894 762 semine
915 716 1127 772 Abrahae,
1145 717 1281 774 qu’us
1291 715 1430 760 fidem
1447 715 1738 760 circumcisio
1758 686 2128 772 significabassut

227 776 396 822 dicitur
418 780 563 832 (Rom.
584 782 659 832 iv).
2156 793 2170 798 ’

225 841 307 883 ΑΒ
315 843 570 884 TICULUS
598 844 727 885 V111.
756 866 814 873 —
841 854 983 884 ornum
1013 855 1139 884 ‘rium
1160 853 1357 884 immansio
1384 853 1447 884 sir
1468 853 1520 883 nr:
1547 853 1821 884 nscessmm
1845 852 2034 884 urrisun
2051 839 2126 896 (1).
2139 823 2162 885 ,γ

270 903 320 937 De
341 903 392 936 his
411 903 513 938 etiam
530 904 625 938 Sent.
646 912 695 944 lv,
713 902 790 938 dist.
806 903 839 945 5,
856 907 922 938 art.
938 904 972 947 4,
989 908 1104 945 quoest.
1119 912 1146 938 ιι
1163 906 1195 937 et
1214 911 1268 944 ιιι,
1289 906 1322 937 et
1337 902 1413 937 dist,
1433 902 1488 943 25,
1504 909 1620 943 quaest.
1647 913 1671 942 1,
1689 908 1754 937 art.
1768 902 1799 942 l,
1822 901 2023 944 quaestiuno.
2044 909 2084 937 11.
2156 931 2158 934 .

281 951 346 995 Ad
368 954 584 995 octavum
619 951 687 995 sic
718 950 1001 1008 proceditur.
1026 955 1068 995 1.
1088 951 1276 995 Videtur
1310 949 1437 1007 quod
1466 950 1585 994 trina
1613 951 1851 995 immersio
1873 951 1934 994 sit
1956 950 2015 995 de
2039 960 2126 995 ne-

225 1013 443 1057 cessitate
466 1013 701 1069 baptismi.
722 1014 836 1058 Dicit
852 1014 976 1057 enim
993 1012 1283 1070 Augustinus
1301 1012 1350 1056 in
1373 1012 1575 1069 quodam
1595 1025 1810 1058 sermone
1832 1013 1890 1057 de
1910 1011 2130 1070 Symbolo

225 1073 283 1118 ad
302 1074 556 1131 baptizatos
583 1076 723 1128 (hom.
744 1089 774 1118 11
804 1074 862 1119 ad
887 1076 1164 1132 neophytos,
1190 1080 1242 1119 ut
1275 1073 1475 1119 refertur
1493 1074 1540 1118 in
1565 1077 1692 1118 Decr.
1718 1075 1825 1119 dist.
1848 1079 1892 1131 4,
1917 1077 1978 1118 De
2015 1085 2130 1119 con-

225 1147 320 1180 sec.
347 1149 448 1193 cap.
469 1138 733 1193 Postquam)
759 1152 770 1180 z
795 1154 815 1175 «
838 1137 975 1182 Recte
998 1137 1132 1181 tertio
1152 1136 1293 1182 mersi
1329 1136 1459 1193 estis,
1480 1135 1558 1192 qui
1578 1136 1823 1192 accepistis
1843 1136 2128 1192 baptismum

224 1196 272 1241 in
284 1198 477 1243 nomine
486 1205 663 1243 sanctae
670 1199 793 1243 Trini
802 1198 906 1243 tatis
917 1214 930 1255 ς
942 1200 1068 1243 recte
1077 1199 1212 1243 tertio
1223 1197 1363 1242 mersi
1374 1197 1487 1242 estis
1495 1197 1575 1254 qui
1589 1197 1834 1254 accepistis
1845 1194 2135 1254 baptismum'

225 1259 272 1303 in
297 1260 490 1306 nomine
507 1263 616 1306 Jesu
635 1261 814 1316 Christi,
841 1261 920 1317 qui
944 1261 1084 1305 etiam
1107 1262 1242 1304 tertia
1263 1260 1336 1305 die
1352 1260 1607 1304 resurrexit
1627 1260 1654 1303 a
1667 1259 1886 1315 mortuis;
1908 1259 1986 1303 illa
2003 1260 2128 1307 enim

225 1322 360 1367 tertio
390 1323 584 1379 repetita
606 1324 843 1367 immersio
874 1329 1039 1380 typum
1072 1323 1319 1368 dominicae
1338 1322 1555 1378 exprimit
1588 1323 1853 1379 sepulturae,
1879 1334 1963 1378 per
1986 1334 2128 1379 quam
2146 1331 2149 1334 “

224 1385 401 1430 Christo
424 1386 686 1442 consepulti
710 1387 826 1430 estis
849 1386 897 1429 in
917 1386 1164 1442 baptismo.
1193 1405 1212 1425 »ι
1240 1386 1326 1430 Sed
1348 1391 1601 1442 utrumque
1623 1385 1808 1429 videtur
1838 1385 1897 1430 ad
1921 1385 2131 1431 necessi·
2150 1438 2155 1445 1

224 1451 368 1492 tatem
383 1448 601 1506 baptismi
624 1450 872 1507 pertinere,
894 1449 1072 1493 scilicet
1090 1453 1137 1493 et
1158 1448 1286 1506 quod
1305 1446 1593 1504 significetur
1610 1446 1658 1491 in
1678 1447 1910 1504 baptismo
1933 1448 2133 1494 Trinitas
2145 1454 2154 1479 ῑ

222 1520 546 1568 personarum,
564 1514 611 1555 et
632 1510 759 1566 quod
780 1510 860 1553 fiat
878 1510 1186 1566 configuratio
1210 1510 1268 1553 ad
1293 1510 1583 1564 sepulturam
1608 1509 1789 1554 Christi.
1809 1512 1929 1566 Ergo
1943 1509 2130 1556 videtur

224 1570 349 1626 quod
368 1572 491 1615 trina
508 1571 747 1616 immersio
770 1571 830 1616 sit
850 1571 908 1616 de
927 1571 1204 1616 necessitate
1222 1570 1459 1627 baptismi.

279 1635 323 1676 2.
345 1635 587 1689 Praeterea,
603 1639 897 1678 sacramenta
919 1646 977 1678 ex
1000 1634 1222 1679 mandato
1238 1632 1403 1677 Christi
1420 1631 1675 1677 efficaciam
1694 1632 1882 1678 habent.
1906 1633 1995 1679 Sed
2008 1634 2131 1681 trina

223 1692 462 1738 immersio
495 1701 566 1739 est
595 1707 654 1740 ex
684 1695 908 1740 mandato
929 1695 1123 1752 Christi,
1159 1694 1320 1739 scribit
1345 1694 1471 1739 enim
1497 1693 1710 1751 Pelagius
1731 1708 1852 1753 papa
1874 1695 2132 1743 Gaudentio
2166 1729 2167 1733 ,

223 1755 443 1812 episcopo
468 1758 532 1811 (et
547 1756 746 1801 habetur
763 1769 868 1813 cap.
884 1758 1020 1801 Multi
1032 1761 1154 1813 sunt,
1177 1760 1237 1801 De
1260 1760 1519 1801 consecrat.
1538 1756 1646 1801 dist.
1663 1759 1733 1812 4):
1763 1774 1782 1793 υ
1798 1758 2129 1814 Evangelicum

222 1824 526 1875 praeceptum,
551 1819 655 1875 ipso
682 1820 878 1864 Domino
895 1823 1004 1876 Deo,
1026 1824 1073 1864 et
1099 1821 1335 1864 salvatore
1368 1823 1528 1863 nostro
1546 1821 1656 1864 Jesu
1685 1819 1865 1865 Christo
1900 1821 2126 1878 tradente,

222 1892 311 1925 nos
334 1882 569 1936 admonet,
598 1882 645 1925 in
674 1882 865 1927 nomine
888 1882 1122 1927 Trinitatis
1149 1883 1272 1927 trina
1291 1882 1591 1927 immersione
1609 1886 1826 1927 sanctum
1843 1882 2128 1940 baptismum

222 1941 478 2000 unicuique
500 1944 721 1989 tribuere.
745 1962 767 1984 ιι
789 1946 909 2000 Ergo
938 1945 1060 1989 sicut
1079 1944 1314 2002 baptizare
1333 1945 1380 1988 in
1402 1943 1592 1988 nomine
1622 1943 1856 1989 Trinitatis
1876 1949 1949 1990 est
1968 1945 2027 1990 de
2047 1958 2128 1991 ne-

222 2005 438 2050 cessitate
460 2006 696 2063 baptismi,
722 2006 787 2051 ita
817 2007 958 2052 etiam
976 2007 1212 2064 baptizare
1245 2006 1367 2052 trina
1387 2006 1688 2052 immersione
1712 2007 1898 2053 videtur
1924 2019 2032 2053 esse
2068 2008 2134 2055 de

223 2067 500 2124 necessitate
519 2068 755 2124 baptismi.

276 2131 320 2174 3.
340 2132 584 2186 Praeterea,
616 2131 656 2175 si
679 2131 802 2176 trina
822 2132 1061 2177 immersio
1084 2144 1180 2176 non
1203 2131 1265 2175 sit
1287 2131 1346 2176 de
1374 2131 1654 2176 necessitate
1679 2131 1916 2189 baptismi,
1937 2143 2051 2190 ergo
2068 2131 2127 2180 ad
2151 2169 2154 2172 .

222 2191 421 2247 primam
441 2192 788 2238 immersionem
816 2193 987 2251 aliquis
1007 2193 1224 2250 baptismi
1242 2192 1549 2249 consequitur
1567 2199 1928 2238 sacramentum.
1947 2194 1992 2238 Si
2015 2205 2130 2252 ergo

223 2253 422 2297 addatur
445 2254 655 2299 secunda
689 2255 763 2299 vel
805 2256 955 2312 tertia,
983 2256 1169 2300 videtur
1205 2254 1331 2312 quod
1355 2254 1563 2299 secundo
1580 2255 1656 2299 vel
1675 2255 1812 2300 tertio
1840 2255 2124 2314 baptizetur3

222 2314 348 2370 quod
366 2320 438 2359 est
456 2315 813 2361 inconveniens.
835 2319 934 2361 Non
960 2330 1072 2373 ergo
1093 2330 1191 2361 una
1212 2316 1451 2361 immersio
1470 2316 1642 2360 suffieit
1677 2317 1737 2362 ad
1780 2322 2126 2364 sacramentum
2160 2351 2162 2354 -

220 2375 440 2432 baptismi
457 2392 470 2432 ς
490 2377 572 2421 sed
596 2378 717 2421 trIna
735 2379 972 2423 immersio
990 2380 1175 2424 videtur
1191 2391 1297 2424 esse
1319 2379 1377 2423 de
1394 2379 1671 2424 necessitate
1692 2379 1858 2436 ipsius.

279 2440 366 2484 Sed
387 2444 549 2483 contra
567 2441 777 2498 estquod
792 2443 1039 2498 Gregorius
1053 2443 1165 2488 dicit
1178 2442 1391 2486 scribens
1406 2442 1615 2486 Leandro
1634 2443 1854 2499 episcopo
1866 2444 1932 2498 (in
1950 2442 2144 2502 Regist.v

221 2500 304 2547 lib.
326 2514 356 2556 1,
373 2501 510 2557 epist.
530 2505 603 2558 41,
628 2502 655 2545 a
678 2503 822 2555 med.)
840 2516 851 2545 :
871 2522 890 2541 «
907 2504 1284 2560 Reprehensibile
1306 2514 1411 2547 esse
1434 2503 1706 2548 nullatenus
1727 2508 1880 2560 potest
1898 2504 2145 2559 infantem¹

221 2563 269 2607 in
291 2563 570 2619 baptismate
589 2564 663 2609 vel
684 2570 754 2610 ter
769 2565 845 2610 vel
867 2566 1043 2611 semel
1032 2578 1333 2639 immergere3
1358 2565 1581 2621 quoniam
1612 2571 1658 2610 et
1687 2565 1737 2609 in
1757 2565 1943 2611 tribus
1930 2578 2138 2614 immer-·

221 2626 454 2732 {ionibus
467 2639 775 2684 personarum
797 2629 1010 2689 Trinitas,
1046 2634 1094 2675 et
1129 2629 1177 2674 in
1217 2640 1311 2674 una
1343 2632 1499 2685 potest
1537 2627 1798 2673 Divinitatis
1823 2628 2147 2700 singularitas,

254 2689 472 2745 estgnari
493 2708 516 2728 ι.

268 2750 555 2791 CONCLUSIO.
571 2773 619 2782 -
637 2751 761 2792 Licite
780 2756 909 2804 potest
928 2753 1127 2816 baptismi
1149 2754 1454 2793 sacramentum
1475 2751 1600 2802 (quod
1622 2751 1675 2792 ad
1700 2751 1792 2804 ejus
1814 2755 2009 2794 naturam
2030 2753 2125 2795 atti-
2143 2743 2146 2749 ’

222 2807 305 2854 net)
329 2807 453 2845 unica
476 2806 539 2846 vel
562 2807 671 2846 tuna
692 2809 855 2859 peitici
845 2809 1124 2858 immersione,
1147 2811 1187 2849 et
1207 2812 1378 2859 uterque
1399 2807 1548 2848 modus
1566 2807 1740 2848 diversis
1756 2808 1957 2850 decausis
1976 2809 2029 2850 ab
2051 2811 2126 2853 Eo·
2160 2830 2167 2864 g

220 2860 342 2901 clesia
360 2863 463 2901 olim
481 2862 700 2903 institutus
715 2864 825 2914 fuit3
846 2875 961 2903 nunc
982 2869 1136 2913 tamen,
1156 2875 1239 2903 non
1256 2864 1346 2903 sine
1375 2866 1536 2915 peccato
1561 2863 1870 2904 ministraretur
1895 2875 2122 2908 sacramen·
2138 2860 2168 2914 ’Ϊ-

222 2920 312 2956 tum
331 2915 526 2967 baptismi
542 2916 696 2969 absque
714 2919 825 2958 trina
844 2920 1120 2960 immersione.

278 2973 551 3029 Respondeo
573 2974 824 3020 dicendum
843 2976 986 3033 quod,
1012 2977 1132 3021 sicut
1151 2975 1282 3033 prius
1306 2975 1482 3020 dictum
1506 2981 1579 3021 est
1603 2978 1707 3034 (art.
1728 2988 1868 3033 praec.
1905 2976 1965 3022 ad
1984 2979 2041 3034 1),
2061 2956 2120 3023 ad

221 3036 505 3091 baptismum
526 3049 610 3093 per
639 3050 692 3082 se
708 3039 959 3095 requiritur
983 3039 1157 3084 ablutio
1179 3051 1330 3096 aquae,
1355 3051 1462 3096 quae
1485 3044 1556 3084 est
1576 3039 1633 3084 de
1668 3039 1946 3085 necessitate
1967 3051 2117 3085 sacra·
2146 3048 2158 3073 ’τ’

221 3097 384 3155 menti,
408 3099 576 3143 modus
607 3105 764 3145 autem
787 3100 1039 3146 ablutionis
1075 3114 1158 3158 per
1190 3101 1409 3146 accidens
1442 3114 1494 3147 se
1517 3101 1655 3146 habet
1676 3102 1733 3146 ad
1759 3107 2116 3148 sacramentum.
2135 3116 2167 3154 ·;·

221 3159 276 3202 Et
305 3157 425 3216 ideo,
457 3160 577 3205 sicut
601 3174 659 3206 ex
684 3162 903 3219 praedicta
925 3163 1199 3208 auctoritate
1232 3163 1435 3220 Gregorii
1465 3168 1609 3220 patet,
1638 3166 1867 3220 quantum
1888 3167 1958 3208 est
1971 3163 2031 3208 de
2049 3175 2113 3219 se,
2146 3176 2170 3227 ,κς

221 3223 475 3277 utrumque
492 3221 615 3268 licite
635 3223 734 3268 fieri
749 3228 918 3283 potest,
937 3225 1114 3270 scilicet
1142 3230 1188 3270 et
1208 3225 1354 3269 semel
1376 3231 1423 3269 et
1448 3229 1516 3270 ter
1535 3224 1826 3281 immergere,
1849 3225 1959 3282 quia
1980 3224 2113 3269 unica

223 3319 483 3360 sacramentum,
508 3322 601 3358 iuxta
633 3320 723 3355 illud
752 3322 789 3355 B
811 3322 994 3363 Alphonsi:
1017 3322 1125 3364 Quis·
1252 3321 1297 3363 (⁴)
1321 3321 1426 3356 Trina
1457 3320 1526 3356 sive
1557 3321 1754 3362 immersio,
1777 3321 1848 3357 sive
1876 3321 2023 3363 infusio,
2046 3319 2115 3357 sive

223 3364 303 3407 quis
318 3364 411 3398 alibi
426 3366 534 3408 qutim
554 3369 597 3401 in
614 3370 735 3411 capite
755 3370 964 3415 baptizatus
986 3370 1125 3415 fuerit,
1209 3371 1355 3412 aspersio
1379 3382 1446 3404 non
1474 3376 1525 3404 est
1551 3370 1591 3404 de
1611 3370 1807 3405 necessitate
1825 3348 2041 3411 sacramenti,
2058 3367 2115 3404 sed

222 3411 516 3456 rebaptizandus
557 3419 608 3450 est
637 3415 702 3451 sub
731 3417 940 3454 conditione
973 3418 1117 3462 (lib.v1,
1209 3418 1366 3461 praecepti
1387 3419 1530 3454 tantum.

223 3466 263 3494 ti·
282 3460 367 3501 407).

2142 3550 2170 3673 ›su-..2⁴5
2153 3513 2170 3546 fd
2140 3259 2170 3508 „ww—ww
2146 3222 2168 3250 Ξ.
2153 3226 2162 3234 τ
