2170 3808
214 235 302 278 252
360 277 363 281 ,
982 227 1182 280 QUAEST.
1214 226 1359 270 XXXI.

218 314 333 360 dixit
354 330 364 358 :
392 315 559 359 Gratia
576 311 748 368 pleum-
766 309 999 367 expressit
1018 314 1296 365 conceptum
1318 309 1376 363 (1)
1398 306 1447 352 in
1469 305 1711 364 hocquod
1733 303 1881 350 dixit:
1906 307 2124 353 Dominus

219 380 392 432 tecum,·
411 380 458 420 et
485 372 820 431 praenuntiavit
835 372 1061 416 honorem
1083 373 1471 426 consequentem,
1491 373 1600 414 cum
1626 367 1743 414 dixit
1764 382 1775 410 :
1797 368 2045 412 Benedicta
2075 372 2125 413 tu

218 443 269 484 in
288 437 567 483 mulieribus.
589 435 803 481 Secundo
822 440 980 480 autem
996 432 1268 478 intendebat
1285 444 1388 477 eam
1407 432 1640 477 instruere
1657 431 1714 476 de
1731 429 1958 488 mysterio
1969 432 2123 476 Incar-

223 499 421 546 nationis
440 498 567 556 quod
584 498 633 542 in
652 511 708 543 ea
719 502 818 542 erat
831 496 1148 554 implendum3
1164 494 1291 552 quod
1306 494 1494 551 quidem
1510 494 1620 540 fecit
1633 491 1994 551 praenuntiando
2009 505 2123 541 conr

220 566 407 619 ceptum
426 566 473 605 et
494 564 698 616 partum,
713 559 876 604 dicens
897 562 1042 602 :Ecce
1069 559 1290 612 concipies
1308 559 1358 599 in
1379 558 1521 611 utero,
1547 559 1656 614 etc.,
1677 559 1723 600 et
1743 552 2035 599 ostendendo
2055 552 2124 599 di-

222 623 447 682 gnitatem
468 622 613 678 prolis
631 626 870 678 conceptae
895 623 1005 665 cum
1026 619 1142 664 dixit
1166 634 1178 662 ε
1199 622 1286 661 Hic
1307 620 1396 661 erit
1416 631 1624 674 uniquus,
1645 622 1753 673 etc.,
1787 620 1835 661 et
1861 615 2001 660 etiam
2039 615 2123 662 de-

222 685 525 731 monstrando
537 684 730 729 modum
742 680 1060 739 conceptionis
1072 713 1085 737 ,
1103 683 1210 725 cum
1224 679 1363 725 dixit:
1378 682 1575 737 Spiritus
1585 681 1769 723 sauctus
1779 680 2060 734 superveniet
2075 680 2124 721 in

219 751 277 793 te.
311 748 477 803 Tertio,
498 746 772 792 intendebat
785 745 998 800 animum
1017 743 1119 801 ejus
1138 742 1360 788 inducere
1382 741 1444 787 ad
1460 753 1746 787 consensum
1762 754 1775 785 ε
1792 740 1920 798 quod
1934 739 2163 797 quidem

191 836 201 844 —
217 810 329 856 fecit
352 809 567 867 exemplo
587 807 837 861 Elisabeth,
862 811 910 851 et
925 806 1105 850 ratione
1120 818 1179 850 ex
1199 805 1355 849 divina
1370 803 1708 861 omnipotentia
1729 807 1931 860 sumpta.

274 871 341 917 Ad
370 874 573 928 primum
613 881 726 926 ergo
768 866 1018 913 dicendum
1035 901 1048 920 ,
1087 865 1213 924 quod
1243 866 1400 910 animo
1426 865 1591 910 humili
1622 864 1739 910 nihil
1761 869 1832 910 est
1863 862 2123 910 mirabilius

219 935 363 992 quam
380 933 570 978 auditus
586 945 684 977 suae
696 929 1006 976 excellentiae:
1021 928 1264 973 admiratio
1273 933 1428 973 autem
1437 927 1640 972 maxime
1657 926 1963 972 attentionem
1980 924 2122 971 animi

220 995 351 1050 facit3
375 1000 422 1040 et
441 995 545 1039 ideo
568 993 766 1050 angelus
788 993 952 1043 volens
981 997 1187 1036 mentem
1216 990 1416 1047 Virginis
1445 995 1669 1035 attentam
1689 989 1885 1034 reddere
1906 988 1965 1033 ad
1988 986 2123 1032 audi-

220 1063 320 1103 tum
339 1056 456 1102 tanti
470 1056 700 1115 mysterii,
725 1054 786 1100 ab
809 1055 912 1112 ers
935 1054 1074 1099 laude
1098 1053 1304 1110 incoepit.
1703 1055 1713 1063 ·

272 1118 340 1164 Ad
367 1119 611 1163 secundum
641 1117 908 1172 dicendum,
933 1115 1058 1174 quod
1078 1115 1351 1160 Ambrosius
1385 1113 1604 1170 expresse
1639 1111 1752 1158 dicit
1778 1124 1922 1169 super
1952 1114 2124 1156 Lucam

221 1183 340 1238 (cap.
365 1184 410 1241 1,
427 1192 572 1238 super
593 1179 740 1225 illud:
765 1178 994 1237 Quomodo
1014 1178 1091 1232 fiet
1112 1177 1236 1221 istud
1248 1177 1293 1231 52)
1312 1175 1437 1232 quod
1458 1177 1509 1219 B.
1539 1174 1677 1231 Virgo
1706 1173 1765 1219 de
1785 1173 1943 1219 verbis
1968 1172 2123 1230 angeli

220 1255 314 1288 non
340 1242 584 1288 dubitavit.
605 1241 721 1286 Dicit
732 1241 881 1286 enim:
903 1258 923 1278 «
937 1239 1117 1293 Quanto
1134 1239 1469 1296 temperantior
1483 1242 1555 1283 est
1567 1236 1716 1282 Mariae
1729 1235 1972 1293 responsio
1982 1235 2122 1293 quam
2155 1291 2165 1295 ἱ

221 1306 361 1351 verba
373 1304 646 1350 sacerdotis.
659 1307 765 1348 Haec
785 1303 849 1348 ait
867 1317 879 1347 z
901 1320 921 1340 «
933 1303 1164 1359 Quomodo
1180 1303 1255 1356 fiet
1276 1302 1401 1345 istud
1414 1300 1463 1342 ?»
1479 1300 1558 1344 Ille
1572 1297 1838 1356 respondit:
1859 1315 1879 1335 «
1897 1299 2027 1342 Unde
2038 1298 2125 1341 hoc

218 1368 424 1412 sciam?»
450 1369 594 1423 Negat
618 1366 694 1411 ille
712 1379 763 1411 se
782 1365 973 1410 credere
995 1364 1076 1422 qui
1098 1368 1238 1420 negat
1261 1376 1312 1408 se
1335 1362 1486 1418 scire,
1507 1361 1596 1406 ista
1623 1373 1674 1406 se
1693 1361 1845 1405 faeere
1863 1359 2122 1418 profitetur,
2165 1403 2168 1406 Α

221 1441 309 1474 nec
332 1428 516 1474 dubitat
534 1440 639 1473 esse
653 1426 925 1472 faciendum
947 1425 1073 1483 quod
1095 1425 1330 1483 quomodo
1352 1422 1451 1469 fieri
1470 1423 1619 1481 possit
1637 1422 1878 1480 inquirit.»
1904 1421 2125 1479 Augusti-
2156 1435 2158 1439 ’

219 1504 312 1537 nus
327 1495 484 1536 tamen
504 1492 562 1545 (2)
583 1490 679 1544 (vel
701 1489 824 1534 alius
837 1491 1015 1543 auctor)
1033 1488 1218 1533 videtur
1233 1487 1387 1533 dicere
1402 1485 1528 1544 quod
1542 1484 1822 1530 dubitaverit
1841 1497 1854 1529 :
1871 1483 1983 1529 dicit
1999 1482 2124 1528 enim

217 1552 283 1608 (in
303 1552 385 1597 lib.
414 1551 736 1604 Quaestionum
756 1550 929 1595 veteris
955 1554 1003 1595 et
1024 1549 1134 1594 novi
1157 1547 1454 1605 Testamenti,
1478 1550 1644 1605 quaest.
1666 1549 1737 1602 51,
1769 1544 1893 1591 circa
1921 1544 2123 1602 princ.):

222 1632 243 1653 «
263 1613 526 1670 Ambigenti
548 1613 697 1657 Mariae
715 1613 774 1658 de
796 1616 1027 1670 conceptu
1051 1611 1408 1669 possibilitatem
1428 1609 1627 1666 angelus
1649 1607 1923 1667 praedicat.»
1952 1607 2039 1653 Sed
2051 1611 2124 1652 ta-

217 1676 275 1720 lis
299 1675 528 1719 dubitatio
547 1674 699 1731 magis
722 1678 793 1719 est
808 1673 1127 1718 admirationis
1144 1673 1286 1730 quam
1306 1670 1646 1717 incredulitatis
1667 1685 1678 1714 :
1704 1674 1749 1715 et
1767 1669 1871 1715 ideo
1886 1669 2125 1726 probatio·
2154 1674 2157 1676 ’

218 1750 329 1783 nem
365 1736 565 1793 angelus
603 1736 785 1781 inducit
818 1749 912 1780 non
950 1736 1010 1780 ad
1046 1735 1352 1781 auferendam
1381 1734 1726 1789 infidelitatem,
1754 1731 1840 1778 sed
1877 1731 2030 1790 magis
2065 1731 2125 1776 ad

216 1800 550 1845 removendam
575 1799 678 1855 ejus
698 1798 1070 1843 admirationem.

270 1861 338 1906 Ad
356 1863 540 1905 tertium
564 1859 834 1917 dicendum,
848 1859 990 1916 quod,
1017 1860 1138 1904 sicut
1150 1858 1422 1904 Ambrosius
1435 1857 1546 1903 dicit
1559 1857 1610 1901 in
1624 1860 1917 1902 Hexameron
1937 1856 2123 1913 (implic.

216 1924 300 1970 lib.
325 1938 369 1980 v,
388 1936 492 1980 cap.
509 1926 581 1979 19,
601 1927 648 1967 et
663 1935 807 1980 super
823 1922 939 1966 illud
957 1925 1067 1967 Luc.
1084 1936 1096 1966 1
1120 1925 1390 1979 :Eoeurqens
1405 1923 1590 1976 Μανία,-
1609 1924 1656 1965 et
1671 1933 1772 1977 cap.
1796 1921 1839 1975 8,
1859 1931 1965 1976 sup.
1984 1919 2122 1965 illud:

214 1987 383 2031 Adhuc
410 1999 459 2029 eo
480 1985 727 2041 loquente):
750 2003 768 2023 «
784 1985 851 2029 Ob
874 1985 963 2029 hoc
985 1984 1147 2029 multae
1166 1984 1349 2029 steriles
1370 1987 1653 2040 pepererunt
1673 1984 1749 2036 (3).
1771 1986 1826 2026 ut
1842 1985 2004 2039 partus
2025 1994 2125 2027 cre-

217 2047 357 2092 datur
378 2046 633 2103 Virginis.»
658 2049 712 2090 Et
734 2046 841 2091 ideo
869 2051 1127 2103 conceptus
1145 2045 1379 2090 Elisabeth
1399 2043 1569 2089 sterilis
1588 2043 1842 2100 inducitur,
1873 2055 1969 2087 non
1991 2044 2125 2100 quasi

216 2108 458 2154 sufficiens
478 2112 812 2165 argumentum
833 2110 909 2165 (4),
927 2108 1013 2153 sed
1031 2108 1166 2165 quasi
1183 2107 1421 2165 quoddam
1436 2106 1632 2163 figurale
1651 2105 1935 2161 exemplum.
1954 2108 2005 2149 Et
2021 2106 2125 2150 ideo

216 2170 275 2215 ad
293 2171 696 2215 confirmationem
716 2169 858 2226 huJ'us
881 2171 1085 2227 exempli
1108 2169 1325 2215 subditur
1346 2172 1681 2224 argumentum
1701 2167 1869 2212 efficax
1893 2175 1952 2212 ex
1973 2168 2124 2213 omni-

216 2232 423 2288 potentia
446 2232 619 2276 divina.

903 2364 1209 2428 QUAESTIO
1246 2363 1442 2417 XXXI.

255 2492 320 2528 DE
351 2489 683 2527 CONCEPTIONE
717 2490 1005 2526 SALVATORIS
1039 2489 1196 2532 QUOAD
1229 2490 1496 2539 MATERIAM,
1531 2490 1592 2525 DE
1627 2488 1723 2532 QUA
1755 2488 1937 2527 CORPUS
1969 2490 2084 2528 Esus

593 2552 873 2588 CONCEPTUM
908 2552 1013 2601 EST,
1048 2551 1096 2586 IN
1130 2551 1250 2587 OCTO
1282 2551 1545 2588 ARTICULOS
1577 2552 1742 2588 DWISA.

262 2648 419 2690 Deinde
447 2648 794 2688 considerandum
817 2650 877 2687 est
905 2647 955 2687 de
976 2649 1066 2699 ipsa
1087 2649 1350 2699 conceptione
1378 2648 1601 2688 salvatoris
1626 2662 1636 2687 x
1661 2648 1820 2700 primo,
1849 2650 2056 2700 quantum
2071 2648 2124 2690 ad
2164 2650 2167 2651 ⁷

212 2705 429 2745 materiam
456 2702 506 2742 de
524 2715 606 2753 qua
632 2702 723 2754 ejus
751 2713 898 2752 corpus
919 2705 1165 2754 conceptum
1192 2706 1275 2752 est;
1302 2702 1500 2751 secundo,
1534 2716 1554 2733 ι
1564 2706 1739 2742 uantum
1763 2702 1815 2742 ad
1847 2703 2126 2753 conceptionis>

213 2762 443 2806 auctorem;
463 2758 597 2807 tertio,
617 2758 826 2809 quantum
844 2757 896 2797 ad
909 2757 1083 2797 modum
1100 2761 1140 2797 et
1157 2758 1346 2797 ordinem
1362 2758 1657 2809 conceptionis.
1682 2757 1797 2798 Circa
1813 2759 1999 2808 primum
2013 2769 2123 2809 quae-

212 2818 364 2855 runtur
383 2819 502 2853 octo:
530 2821 564 2852 1⁰
594 2813 741 2853 Utrum
770 2824 862 2853 caro
893 2813 1047 2853 Christi
1063 2813 1188 2854 fuerit
1220 2818 1386 2865 sumpta
1416 2813 1465 2853 de
1494 2813 1642 2853 Adam.
1670 2835 1717 2843 —
1752 2821 1791 2852 2⁰
1824 2813 1971 2853 Utrum
1999 2813 2124 2853 fuerit

213 2872 379 2921 sumpta
394 2868 443 2909 de
457 2867 604 2908 David.
620 2890 667 2897 —
684 2874 723 2908 3⁰
743 2869 800 2908 De
813 2869 1048 2919 genealogia
1064 2868 1232 2917 Christi,
1248 2881 1340 2920 quae
1359 2871 1404 2909 in
1420 2868 1656 2918 Evangeliis
1670 2870 1907 2920 ponitur.-
1919 2873 1960 2908 4⁰
1974 2868 2123 2909 Utrum

214 2923 395 2965 decuerit
412 2924 628 2965 Christum
651 2923 766 2963 nasci
786 2924 835 2963 de
867 2923 1038 2964 semina.
1064 2946 1111 2953 —
1137 2931 1176 2964 5⁰
1200 2925 1346 2965 Utrum
1369 2923 1493 2963 fuerit
1518 2924 1566 2963 <ie
1589 2923 1824 2973 purissimis
1846 2923 2122 2973 sanguinibus

215 2979 398 3028 Virginis
414 2990 563 3030 corpus
584 2979 674 3030 ejus
700 2979 942 3019 formatum.
961 3001 1011 3008 —-
1040 2986 1080 3018 6⁰
1099 2978 1250 3020 Utrum
1271 2990 1363 3020 caro
1386 2977 1534 3018 Christi
1563 2982 1575 3017 i
1580 2979 1685 3018 uerit
1709 2978 1755 3018 in
1780 2979 1967 3030 antiquis
1991 2977 2121 3029 patri-

258 3095 301 3138 (ti
318 3096 416 3138 Quod
445 3095 707 3136 intelligendum
732 3100 780 3128 est
803 3095 844 3129 de
864 3098 1030 3137 conceptu
1049 3107 1126 3130 mox
1254 3096 1361 3138 (5)1ta
1374 3101 1450 3138 post
1468 3096 1625 3131 Gari-iam
1645 3095 1730 3131 editi
1747 3095 1821 3131 fere
1834 3107 1952 3131 omnes
1970 3095 2135 3137 libi-ml..

213 3143 344 3184 futuro,
364 3147 403 3177 ut
425 3143 669 3177 animadvertit
684 3142 830 3183 Sylvius.
1213 3155 1290 3180 cum
1307 3145 1388 3180 Cod.
1406 3145 1521 3181 Alcen.
1543 3145 1684 3187 amque,
1702 3148 1978 3189 proevenerunt.

256 3193 300 3232 (2)
313 3192 475 3231 Hocopus
487 3203 554 3225 non
568 3192 879 3230 estAugustini,sed
889 3191 980 3226 inter
992 3191 1128 3226 adulte-
1255 3194 1301 3236 (4)
1322 3194 1442 3235 Marte,
1459 3193 1508 3228 ait
1533 3194 1744 3236 Bossuetius‚
1763 3193 1814 3226 vit
1835 3204 1901 3234 que
1925 3204 1988 3235 par
1999 3192 2032 3227 le
2057 3204 2118 3227 mi·

213 3242 288 3277 rina
306 3240 348 3275 ab
364 3239 553 3274 editoribus
565 3244 727 3279 reiectum
743 3246 804 3275 est.
822 3241 977 3282 Express'e
999 3245 1130 3274 contra·
1214 3241 1304 3275 racle
1322 3246 1464 3277 souvent
1486 3242 1600 3280 repete
1617 3241 1659 3275 de
1674 3239 1799 3275 rendre
1817 3240 1974 3275 fecundes
1993 3240 2039 3274 les
2054 3240 2118 3274 ste‘·

213 3289 304 3324 rium
320 3288 483 3323 docetille
496 3289 530 3322 S.
548 3289 673 3323 Doctox·
688 3289 790 3327 hom.
805 3290 939 3324 xvae
950 3291 1128 3334 quinqua·
1214 3289 1308 3331 riles,
1331 3289 1354 3323 il
1371 3289 1461 3326 avait
1477 3288 1583 3324 voulu
1608 3289 1770 3330 preparer
1796 3287 1828 3323 le
1843 3289 1968 3323 monde
1996 3300 2035 3323 au
2054 3286 2115 3322 mi-

213 3338 365 3381 qesi’ma,
397 3347 468 3376 cap.
503 3336 547 3377 4),
578 3341 609 3370 et
644 3335 688 3369 ita
715 3338 749 3371 S.
779 3337 928 3372 Irenoeus
962 3337 1036 3378 (lib.
1064 3345 1126 3376 ΠΙ,
1211 3337 1302 3371 racle
1318 3337 1443 3378 unique
1459 3342 1492 3370 et
1506 3347 1663 3372 rouveau
1684 3337 1725 3371 de
1738 3335 2001 3372 Penfantement
2019 3334 2117 3370 d'une

212 3396 287 3426 cap.
307 3385 363 3425 55,
383 3383 445 3419 lib.
461 3393 496 3425 v,
511 3395 583 3426 cap.
602 3383 667 3424 49),
694 3384 730 3418 S.
749 3385 901 3420 Justinus
915 3385 1031 3425 (Dial.
1046 3395 1127 3419 cum
1210 3385 1323 3424 vierge
1350 3385 1574 3427 (Elevations
1594 3394 1665 3419 sur
1687 3384 1736 3420 les
1756 3386 1945 3429 mysteres,
1968 3390 2031 3419 ιιι·
2060 3394 2115 3417 se·

214 3433 387 3516 5531&ssth
390 3434 431 3515 ‚S-
450 3432 673 3473 Chrysologus
688 3432 801 3474 (serm.
821 3433 936 3475 extu),
967 3437 1001 3468 et
1023 3433 1125 3468 multi
1209 3433 1337 3474 maine,
1351 3433 1389 3467 sle
1403 3430 1494 3467 Elev.
