2170 3808
212 232 267 275 84
888 223 1088 276 QUAEST.
1121 220 1225 276 vm,
1254 222 1374 264 ART.
1404 221 1438 264 1.

212 309 373 366 gratiae
392 307 664 364 habitualis;
689 305 772 351 sed
791 308 861 349 est
878 316 1021 361 supra
1036 315 1176 347 omne
1195 313 1360 359 genua,
1389 301 1509 346 sicut
1530 305 1578 346 et
1595 300 1699 358 ipsa
1720 300 1877 346 divina
1895 313 2107 358 persona.
2131 278 2170 348 :f

213 371 341 417 Unde
355 373 443 416 hoc
465 368 705 426 proprium
721 365 839 411 nihil
859 364 1074 422 prohibet
1103 376 1206 409 esse
1229 363 1360 420 prius
1381 362 1643 420 eommuni3
1692 361 1772 407 uia
1790 374 1886 407 non
1902 374 1954 408 se
1974 361 2109 410 habet

212 444 295 490 per
313 431 598 477 additionem
613 429 673 474 ad
695 439 961 484 commune,
978 425 1062 471 sed
1084 424 1238 483 potius
1257 428 1330 469 est
1350 424 1627 482 prineipium
1651 428 1698 470 et
1716 422 1847 480 origo
1863 422 1967 482 ejus
1989 424 2110 488 quod

217 497 285 539 est
304 503 572 538 commune.
2147 502 2152 508 -

2115 609 2135 624 x
2151 615 2161 630 :x

924 620 1230 685 QUAESTIO
1278 618 1411 673 VIII.

263 751 323 786 DE
357 749 530 786 GRATIA
564 748 774 797 CHRISTI,
810 746 1060 783 SECUNDUM
1095 746 1221 789 QUOD
1260 746 1347 782 EST
1382 745 1531 783 CAPUT
1562 743 1829 796 EGCLESIAE,
1865 745 1914 781 IN
1948 743 2066 781 OCTO
2147 743 2149 745 ’

934 808 1194 843 ARTICULOS
1227 808 1394 844 DIVISA.
2135 809 2138 812 ⁴

261 907 417 949 Deinde
438 904 783 948 considerandum
806 906 866 943 est
881 903 931 943 de
945 904 1078 953 gratia
1091 902 1242 942 Christi
1258 903 1486 943 secundum
1502 903 1613 954 quod
1632 905 1692 942 est
1706 905 1830 953 caput
1846 902 2048 951 Eoclesiae,
2076 903 2115 942 et
2137 920 2143 950 ς

213 965 320 1006 circa
344 963 419 1003 hoc
433 964 680 1012 quaeruntur
695 962 805 1000 octo:
828 964 863 998 1⁰
879 959 1030 999 Utrum
1047 958 1233 999 Christus
1245 958 1299 998 sit
1313 962 1438 1009 caput
1451 958 1703 999 Ecclesiae.—
1712 965 1750 997 2⁰
1764 957 1913 998 Utrum
1927 956 1982 997 sit
1993 967 2098 1008 capu

216 1018 438 1060 hominum
457 1016 662 1067 quantum
681 1015 733 1057 ad
751 1025 931 1066 corpora,
948 1013 1013 1053 vel
1032 1013 1170 1053 solum
1190 1013 1395 1064 quantum
1417 1012 1469 1053 ad
1488 1012 1664 1054 animas.
1681 1035 1728 1043 -
1748 1017 1787 1053 3⁰
1802 1012 1953 1053 Utrum
1973 1012 2030 1052 sit
2049 1023 2114 1052 ca-

216 1080 290 1127 put
303 1073 496 1114 omnium
516 1071 803 1111 hominum.—
816 1073 857 1108 4⁰
875 1069 1024 1108 Utrum
1039 1070 1093 1108 sit
1109 1073 1232 1120 caput
1247 1070 1503 1119 angelorum.
1520 1090 1569 1098 -
1584 1076 1623 1108 5⁰
1639 1069 1786 1109 Utrum
1800 1068 1933 1118 gratia
1946 1066 2117 1114 Christi,
2145 1092 2166 1106 -Ᾰ

214 1127 442 1170 secundum
460 1137 588 1178 quam
610 1129 670 1165 est
691 1127 814 1176 caput
842 1125 1051 1174 Ecclesiae,
1085 1124 1140 1164 sit
1161 1124 1302 1164 eadem
1324 1136 1421 1164 cum
1446 1124 1578 1175 gratia
1604 1123 1813 1164 habituali
1838 1124 1950 1176 ejus,
1973 1133 2112 1163 secun·
2158 1135 2159 1138 ¹

214 1185 316 1226 dum
331 1182 442 1236 quod
457 1186 517 1222 est
534 1181 706 1233 quidam
724 1180 848 1220 homo
864 1179 1156 1230 singularis.-
1174 1188 1213 1220 6⁰
1228 1181 1378 1231 Utrum
1394 1192 1478 1221 esse
1496 1183 1619 1231 caput
1633 1179 1818 1220 Ecclesiae
1834 1180 1888 1219 sit
1905 1179 2117 1230 proprium
2147 1206 2149 1211 «

212 1240 445 1282 Christo.—
464 1243 502 1277 7⁰
515 1236 663 1276 Utrum
680 1235 870 1275 diabolus
890 1236 943 1275 sit
962 1240 1084 1287 caput
1106 1236 1297 1276 omnium
1313 1236 1535 1276 malorum.
1547 1257 1592 1264 —
1612 1240 1651 1275 8⁰
1669 1234 1819 1274 Utrum
1839 1232 2118 1274 Antichristus
2149 1261 2153 1273 x

214 1293 339 1335 etiam
355 1293 486 1346 possit
501 1290 584 1332 dici
603 1294 726 1341 caput
745 1291 938 1330 omnium
954 1291 1174 1330 malorum.
2145 1287 2157 1311 θ

437 1356 783 1399 ARTICULUS
802 1356 839 1397 1.
866 1377 921 1384 —-
951 1367 1088 1397 ornum
1107 1367 1312 1411 μσιηιῑετυε
1343 1367 1404 1397 sn·
1434 1367 1561 1397 CAPUT
1591 1366 1800 1397 nccmsm:
1818 1354 1892 1407 (1).

215 1427 261 1462 De
272 1425 327 1461 his
340 1424 445 1461 etiam
455 1423 558 1463 infra,
572 1426 686 1465 quoest.
702 1431 821 1461 xnvnl,
834 1425 900 1458 art.
916 1422 931 1457 l
949 1434 1042 1464 corp.
1060 1428 1093 1456 et
1106 1427 1222 1464 quaest.
1234 1430 1326 1464 xmx,
1340 1426 1405 1457 art.
1418 1423 1432 1457 l
1446 1434 1539 1463 corp.
1556 1427 1590 1457 et
1601 1424 1695 1457 Sent.
1712 1431 1766 1464 ιιι,
1784 1421 1862 1456 dist.
1878 1420 2060 1462 iaqumu
2076 1428 2117 1464 n,

255 1477 322 1509 art.
339 1474 372 1514 ⁴,
393 1477 428 1507 et
457 1473 505 1506 De
530 1483 602 1506 ver.
627 1476 742 1511 quaest.
759 1479 854 1511 xxm,
873 1475 941 1505 art.
959 1471 982 1506 5
1005 1482 1097 1511 corp.
1125 1470 1186 1505 fin.
1206 1475 1239 1504 et
1259 1475 1324 1505 art.
1346 1471 1380 1512 4,
1397 1475 1431 1505 et
1446 1475 1512 1505 art.
1535 1471 1557 1505 5
1580 1483 1674 1512 corp.
1691 1474 1725 1504 et
1740 1470 1927 1511 opusc..u‚
1947 1479 2023 1509 cap.
2039 1467 2117 1509 215.
2140 1480 2161 1498 ἐ

253 1522 423 1563 ‹at-opusc.
440 1529 497 1562 Lx,
515 1531 588 1561 cap.
602 1520 635 1560 5,
652 1524 686 1554 et
708 1520 736 1553 Ι.
755 1520 832 1552 Cor.
852 1527 893 1560 n,
907 1519 985 1553 lect.
1007 1520 1038 1559 i,
1056 1524 1089 1552 et
1108 1519 1227 1559 Ephes.
1245 1528 1271 1554 1.
2145 1518 2151 1531 ³

267 1576 334 1621 Ad
357 1575 562 1632 primum
592 1574 659 1618 sie
692 1573 974 1630 proceditur.
1007 1577 1052 1618 1.
1081 1573 1267 1617 Videtur
1296 1573 1422 1630 quod
1456 1573 1648 1628 Christo,
1689 1571 1952 1618 secundum
1991 1570 2120 1629 quod
2137 1594 2141 1600 ·

212 1643 285 1684 est
298 1638 455 1694 hom0,
477 1648 572 1680 non
588 1640 823 1692 competat
841 1647 948 1679 esse
967 1639 1108 1691 caput
1120 1634 1350 1679 Ecclesiae.
1371 1636 1518 1691 Caput
1535 1635 1661 1679 enim
1683 1634 1834 1679 influit
1856 1645 2048 1679 sensum
2073 1636 2119 1677 et
2142 1636 2166 1688 ρ,

212 1704 393 1746 motum
415 1699 464 1742 in
484 1697 711 1743 membra.
735 1700 910 1742 Sensus
933 1701 1087 1742 autem
1101 1702 1148 1742 et
1161 1702 1318 1742 motus
1338 1697 1610 1754 spiritualis,
1626 1696 1707 1754 qui
1718 1701 1790 1741 est
1803 1707 1887 1753 per
1903 1694 2116 1752 gratiam,
2137 1679 2161 1727 Ξ

212 1775 309 1808 non
325 1761 539 1806 influitur
557 1760 694 1806 nobis
714 1760 742 1804 a
756 1761 934 1804 Christo
957 1760 1164 1816 homine,
1180 1760 1307 1817 quia,
1325 1760 1446 1804 sicut
1463 1760 1753 1816 Augustinus
1768 1758 1879 1804 dicit
1899 1760 1979 1813 (De
1994 1757 2115 1802 Trin.
2137 1755 2163 1810 ε”ᾖ

211 1825 291 1870 lib.
319 1838 349 1881 1,
372 1836 472 1880 cap.
494 1826 566 1878 12,
583 1827 630 1868 et
647 1822 727 1867 lib.
748 1836 820 1878 xv,
843 1835 947 1879 cap.
968 1825 1056 1879 26),
1083 1840 1103 1860 «
1119 1831 1206 1867 nec
1225 1823 1365 1867 etiam
1386 1822 1610 1878 Christus,
1627 1821 1889 1867 secundum
1908 1819 2034 1877 quod
2048 1823 2146 1879 estgf

211 1887 367 1941 homo,
394 1885 474 1929 dat
497 1884 717 1941 Spiritum
737 1888 975 1941 sanctum3
1009 1884 1093 1929 sed
1122 1884 1275 1929 solum
1303 1884 1587 1940 inquantum
1609 1887 1681 1929 est
1708 1886 1847 1928 Deus.
1865 1900 1887 1922 2»
1922 1884 2042 1939 Ergo
2058 1873 2152 1940 eidi

210 1946 471 1992 secundum
491 1945 617 2003 quod
633 1952 706 1991 est
724 1947 878 2004 homo,
903 1959 998 1990 non
1023 1947 1245 2003 competit
1266 1958 1371 1991 esse
1389 1954 1532 2003 caput
1551 1946 1783 1991 Ecclesiae.
2135 1970 2156 1990 η

267 2013 310 2055 2.
331 2012 571 2066 Praeterea,
593 2009 758 2066 capitis
772 2022 867 2054 non
886 2009 1074 2054 videtur
1089 2022 1192 2054 esse
1208 2009 1335 2054 aliud
1349 2014 1506 2066 caput.
1535 2009 1624 2054 Sed
1650 2008 1830 2063 Christi,
1858 2007 2145 2067 secundumfij

211 2071 339 2128 quod
358 2075 429 2115 est
443 2071 599 2128 homo,
625 2075 696 2115 est
711 2074 1004 2128 caputDeus,
1027 2071 1287 2116 secundum
1312 2071 1428 2116 illud
1458 2074 1507 2126 (l.
1529 2070 1731 2116 CorInth.
1767 2084 1828 2127 x1,
1850 2072 1894 2120 3)
1921 2083 1935 2115 ε
1964 2070 2159 2131 Caputssg

213 2134 388 2178 Christi
404 2137 524 2176 Deus
541 2135 618 2186 (2).
643 2135 763 2189 Ergo
785 2133 886 2190 ipse
902 2134 1109 2178 Christus
1130 2146 1221 2177 non
1244 2137 1316 2178 est
1333 2137 1490 2190 caput.

267 2197 310 2239 3.
342 2197 581 2249 Praeterea,
617 2200 756 2251 caput
792 2195 840 2237 in
866 2195 1053 2240 homine
1083 2200 1155 2240 est
1180 2194 1415 2252 quoddam
1429 2193 1710 2252 particulare
1739 2193 2020 2249 membrum,
2043 2194 2118 2239 in·
2150 2227 2153 2229 -

211 2256 449 2301 fluentiam
462 2255 692 2312 recipiens
706 2257 733 2300 a
743 2257 900 2301 corde.
918 2258 1005 2302 Sed
1015 2258 1222 2301 Christus
1233 2261 1305 2302 est
1316 2257 1579 2302 universale
1590 2255 1872 2314 principium
1883 2255 2027 2301 totius
2040 2258 2118 2302 Eo-

212 2317 383 2363 clesiae.
418 2319 533 2373 Ergo
550 2329 645 2360 non
669 2322 741 2361 est
757 2318 976 2362 Ecclesiae
998 2323 1154 2374 caput.
2132 2359 2134 2363 ,

269 2380 358 2425 Sed
376 2383 535 2423 contra
564 2384 636 2424 est
654 2380 780 2437 quod
798 2381 1164 2438 diciturOEpheS.
1181 2395 1212 2438 1,
1237 2383 1308 2437 22)
1325 2396 1336 2426 :
1356 2384 1510 2438 Ipsum
1536 2382 1666 2426 dedit
1688 2385 1830 2439 caput
1857 2394 1995 2439 super
2017 2395 2118 2426 om—
2142 2407 2149 2411 >v

211 2456 315 2487 nem
331 2442 601 2485 Ecclesiam.
2140 2442 2143 2443 ’

261 2510 554 2550 CONCLUSIO.
580 2531 625 2539 —
647 2509 702 2550 Ut
727 2509 904 2549 Ecclesia
930 2521 999 2561 per
1024 2509 1346 2550 similitudinem
1363 2522 1525 2563 corpus,
1545 2512 1603 2552 ita
1625 2511 1813 2552 Christus
1829 2511 1957 2564 hujus
1976 2523 2114 2563 corpo-
2142 2531 2146 2537 ·

213 2567 272 2605 ris
285 2568 408 2615 caput
423 2565 526 2605 recte
540 2564 706 2613 dicitur,
724 2567 816 2604 tum
844 2568 1006 2615 propter
1027 2565 1168 2614 gratiae
1183 2576 1310 2616 quam
1336 2566 1484 2607 habuit
1502 2567 1806 2607 sublimitatem
1827 2579 1874 2608 ac
1901 2567 2116 2619 perfectam

213 2618 534 2672 plenitudinem,
551 2621 644 2659 tum
661 2619 788 2658 etiam
804 2623 965 2670 propter
979 2618 1186 2659 inssuendi
1203 2620 1415 2662 virtutem.

269 2681 544 2739 Respondeo
567 2680 817 2726 dicendum
832 2681 957 2738 qued
974 2682 1095 2727 sicut
1111 2686 1205 2727 tota
1219 2683 1423 2729 Ecclesia
1442 2684 1613 2730 dieitur
1629 2697 1780 2730 unum
1802 2697 1974 2742 corpus
1990 2697 2116 2743 mys-

215 2744 362 2789 ticum
381 2756 464 2800 per
490 2743 843 2789 similitudinem
861 2744 922 2788 ad
944 2745 1158 2790 naturale
1180 2758 1352 2803 corpus
1379 2746 1598 2806 hominis,
1622 2747 1748 2805 quod
1768 2748 2029 2793 secundum
2048 2747 2117 2794 di·
2151 2748 2155 2797 l

214 2817 352 2850 versa
370 2803 582 2849 membra
597 2804 739 2849 habet
760 2804 972 2849 diversos
988 2811 1139 2864 actus,
1158 2811 1211 2852 ut
1229 2808 1475 2865 Apostolus
1491 2809 1626 2854 docet
1644 2809 1790 2865 (Rom.
1807 2821 1882 2864 ιιι,
1908 2813 1955 2854 et
1974 2811 2008 2854 l.
2034 2811 2119 2855 Co·

215 2865 356 2911 rinth.
389 2867 482 2922 xii),
517 2865 582 2909 ita
611 2865 820 2911 Christus
845 2865 1014 2911 dicitur
1045 2872 1187 2924 caput
1214 2869 1429 2914 Ecclesiae
1468 2869 1731 2915 secundum
1763 2869 2115 2916 similitudinem
2144 2895 2146 2898 f

214 2927 409 2972 humani
430 2927 597 2984 capitis
622 2940 635 2972 ε
656 2927 705 2971 in
721 2940 814 2985 quo
834 2928 923 2972 tria
938 2941 1192 2986 possumus
1211 2930 1525 2988 considerare,
1553 2930 1730 2977 scilicet
1752 2931 1982 2990 ordinem,
2012 2945 2116 2990 per-
2142 2958 2143 2961 =

214 2989 461 3059 tectionem
476 2993 523 3034 et
540 2988 774 3035 virtutem.
793 2989 1011 3035 Ordinem
1028 2991 1237 3049 quidem3
1262 2993 1372 3050 quia
1383 2998 1523 3051 caput
1535 2998 1608 3038 est
1621 2993 1772 3051 prima
1790 3006 1900 3051 pars
1914 2993 2117 3040 hominis
2139 3003 2150 3058 ιι

215 3050 480 3106 lncipiendo
494 3050 522 3094 a
544 3051 771 3107 superiori
795 3066 806 3094 ε
824 3057 870 3096 et
888 3052 996 3097 inde
1013 3053 1227 3111 estquod
1246 3067 1385 3100 omne
1401 3055 1684 3113 principium
1699 3056 1942 3102 consuevit
1958 3060 2121 3106 vocarl

215 3116 370 3167 caput,
392 3112 651 3158 secundum
668 3114 781 3158 illud
793 3115 968 3169 (Ezech.
985 3129 1071 3173 xv1,
1087 3119 1182 3171 25);
1201 3118 1276 3161 Ad
1291 3131 1419 3162 omne
1433 3123 1573 3176 caput
1591 3122 1672 3163 viae
1684 3120 1926 3174 aedificasti
1936 3123 2113 3177 sianum

213 3175 542 3229 prostitutionis
567 3177 670 3219 tuae.
690 3175 1021 3221 Per-sectionem
1038 3182 1217 3235 autem3
1236 3180 1344 3236 quia
1359 3181 1407 3225 in
1424 3180 1573 3237 capite
1586 3181 1744 3237 vigent
1761 3192 1926 3226 omnes
1943 3190 2112 3227 sensus

215 3237 262 3277 et
276 3232 518 3278 interiores
531 3239 578 3278 et
593 3236 862 3294 exteriores,
880 3241 986 3282 cum
1009 3239 1056 3283 in
1074 3241 1251 3285 caeteris
1269 3242 1494 3286 membris
1514 3242 1573 3287 sit
1586 3242 1719 3287 solus
1740 3246 1890 3288 tactus
1913 3257 1924 3287 ε
1945 3241 2111 3288 etinde
2134 3256 2144 3328 Ἰ

215 3299 286 3339 est
309 3295 435 3352 quod
459 3296 628 3341 dicitur
648 3300 752 3353 (Isa.
777 3301 924 3357 ix,15)
952 3317 962 3346 ι
985 3304 1133 3346 Senex
1157 3307 1202 3347 et
1220 3305 1497 3348 honorabilis
1510 3308 1604 3361 ipse
1619 3308 1684 3348 est
1707 3309 1865 3361 caput.
1889 3304 2111 3350 Virtutem
2132 3320 2142 3415 ι1

257 3420 297 3475 (i.)
316 3420 395 3454 Fide
421 3426 552 3456 certum
577 3428 640 3478 est·
654 3423 824 3478 Christum
840 3437 914 3480 esse·
936 3435 1036 3468 caput
1056 3429 1115 3463 Ec·
1242 3430 1285 3474 (2)
1303 3430 1479 3470 Postquain
1499 3429 1625 3462 dictum
1642 3435 1691 3464 cst
1706 3430 1795 3471 quod
1807 3435 1922 3474 caput
1935 3430 2108 3466 mulieris
2129 3424 2139 3487 4

214 3469 332 3511 clesm,
351 3474 389 3504 ut
404 3475 493 3510 patet
512 3482 551 3506 ex
569 3472 754 3513 Scriptum
771 3475 805 3507 ct
822 3474 986 3510 conciliis.
1200 3479 1272 3518 vir,
1287 3481 1319 3512 et
1335 3482 1445 3521 caput
1461 3477 1534 3512 viri
1551 3477 1733 3513 Christus.
2133 3510 2137 3538 4
