2170 3808
765 260 964 312 QUAEST.
994 258 1122 313 xvn,
1153 258 1271 301 ΛΒΤ.
1300 258 1336 303 1.
1916 255 1999 297 163

157 344 447 385 CONCLUSIO.
476 363 522 372 —
549 340 655 381 Cum
671 339 716 380 in
738 338 896 380 Christo
921 339 976 379 sit
999 350 1135 378 unum
1155 338 1414 389 suppositum
1431 340 1474 377 et
1491 347 1576 376 una
1597 346 1767 387 persona
1780 366 1791 384 ‚
1812 334 1997 376 Christus

109 402 149 439 et
168 409 275 438 unus
291 410 376 438 esse
398 397 499 437 recte
517 395 685 444 dicitur,
702 398 741 434 et
762 406 914 442 unum3
939 404 1021 433 non
1041 395 1180 433 autem
1197 391 1292 432 duo.

163 459 430 517 Respondeo
451 457 700 504 dicendum
730 456 858 513 qued
889 462 1054 500 natura
1081 454 1339 498 secundum
1366 467 1436 499 se·
1447 453 1761 509 considerata,
1786 455 1924 509 prout
1944 450 1994 495 in

109 523 339 567 abstracto
358 519 658 577 significatur,
677 531 768 562 non
791 519 899 563 vere
917 520 1069 574 potest
1082 515 1322 573 praedicari
1342 515 1401 560 de
1416 515 1658 572 supposito
1677 527 1762 560 seu
1776 526 1992 571 persona,

113 583 200 627 nisi
226 582 272 626 in
295 585 402 636 Dec,
422 581 470 625 in
493 593 587 637 quo
610 592 701 623 non
734 579 889 624 differt
912 578 1033 634 quod
1057 582 1142 632 est,
1164 581 1211 621 et
1233 589 1316 631 quo
1336 579 1418 632 est,
1444 581 1498 621 ut
1521 577 1567 637 in
1586 576 1735 633 prima
1755 579 1887 632 parte
1908 574 1993 619 ha-

113 646 260 689 bitum
280 648 352 689 est
371 646 549 700 (quaest.
577 655 636 696 ni,
659 645 747 686 art.
771 644 798 686 3
817 644 866 686 et
883 641 943 694 4).
968 642 1017 683 ln
1038 638 1217 683 Christo
1240 642 1397 682 autem
1419 641 1527 682 cum
1547 638 1642 682 sint
1663 638 1768 682 duae
1797 642 1993 693 naturae,

109 706 263 751 divina
282 704 455 750 scilicet
477 707 523 747 et
543 702 767 755 humana;
793 701 936 746 altera
954 711 1133 756 earum,
1158 699 1333 743 scilicet
1355 698 1528 753 divina,
1553 702 1707 755 potest
1726 698 1786 743 de
1806 711 1861 743 eo
1877 710 1993 755 prae-

109 766 251 812 dicari
276 771 322 811 et
350 765 398 810 in
422 765 653 809 abstracto
684 768 731 807 et
759 763 807 807 in
828 767 1072 816 concret03
1097 760 1295 805 dicimus
1322 759 1445 805 enim
1468 759 1593 816 quod
1615 758 1758 803 Filius
1784 759 1861 803 Dei
1876 791 1888 814 ,
1912 758 1991 817 qui

110 829 386 885 supponitur
404 827 453 871 in
477 827 564 870 hoc
584 825 773 870 nomine
793 826 1021 879 Christus,
1049 827 1095 867 et
1113 827 1184 867 est
1206 821 1363 866 divina
1384 826 1567 876 natura,
1588 825 1634 865 et
1656 825 1728 865 est
1749 823 1883 865 Deus,
1904 824 1995 868 Seo·

106 890 307 936 humana
332 894 496 933 natura
513 900 604 931 non
622 891 772 943 potest
791 885 1028 943 praedicari
1048 885 1105 930 de
1121 885 1302 928 Christo
1326 883 1583 928 secundum
1608 895 1658 927 se
1674 882 1723 927 in
1741 882 1990 939 abstracto,

106 951 188 995 sed
209 950 361 995 solum
389 950 437 994 in
467 953 708 1002 concreto,
729 951 867 1004 prout
886 946 1062 991 scilicet
1085 944 1372 1001 significatur
1393 944 1438 988 in
1467 944 1725 1001 supposito.
1746 946 1844 988 Non
1864 945 1990 990 enim

112 1013 218 1058 vere
244 1016 396 1070 potest
416 1010 508 1056 dici
530 1010 656 1066 quod
678 1010 884 1054 Christus
909 1008 968 1052 sit
990 1009 1194 1052 humana
1227 1012 1420 1061 natura,
1448 1006 1559 1063 quia
1591 1010 1757 1051 natura
1787 1006 1991 1051 humana

109 1087 202 1118 non
223 1079 294 1118 est
316 1079 422 1118 nata
446 1072 680 1130 praedicari
705 1072 764 1117 de
781 1084 868 1116 suo
889 1070 1155 1127 supposito:
1177 1069 1346 1114 dicitur
1369 1072 1526 1113 autem
1542 1068 1671 1125 quod
1691 1068 1898 1122 Christus
1919 1075 1992 1114 est

102 1136 260 1191 homo,
285 1135 403 1180 sicut
430 1140 477 1180 et
495 1133 620 1191 quod
649 1133 859 1178 Christus
881 1136 952 1177 est
983 1135 1118 1176 Deus.
1142 1134 1263 1175 Deus
1290 1135 1448 1176 autem
1479 1130 1713 1186 significat
1740 1129 1989 1176 habentem

106 1198 342 1251 Deitatem,
363 1201 408 1242 et
428 1198 565 1241 homo
580 1195 808 1252 signifieat
825 1194 1073 1239 habentem
1094 1193 1446 1238 humanitatem.
1472 1191 1612 1236 Aliter
1633 1196 1789 1237 tamen
1811 1192 1991 1239 habens

105 1259 439 1303 humanitatem
461 1257 746 1314 significatur
768 1268 849 1313 per
871 1256 958 1300 hoc
980 1268 1148 1301 nomen
1176 1256 1307 1299 homo
1322 1287 1337 1311 ‚
1361 1258 1407 1300 et
1429 1253 1562 1299 aliter
1586 1266 1671 1311 per
1701 1254 1790 1299 hoc
1817 1267 1990 1301 nomen

103 1323 232 1364 lesus
253 1320 329 1365 vel
349 1322 523 1364 Petrus.
545 1321 657 1363 Nam
681 1318 767 1362 hoc
787 1329 958 1361 nomen
982 1318 1113 1360 homo
1143 1316 1360 1372 importat
1381 1314 1630 1360 habentem
1653 1316 1991 1363 humanitatem

103 1380 382 1437 indistincte,
405 1380 525 1435 sicut
543 1385 589 1425 et
613 1380 700 1424 hoc
719 1391 889 1423 nomen
910 1384 1030 1422 Deus
1051 1378 1314 1423 indistincte
1336 1377 1553 1433 importat
1570 1377 1816 1422 habentem
1839 1379 1991 1424 Deita-

104 1447 226 1498 tem;
256 1443 342 1487 hoc
362 1447 517 1487 autem
548 1453 716 1486 nomen
743 1444 933 1493 Petrus,
964 1441 1039 1485 vel
1067 1445 1219 1494 lesus,
1256 1439 1474 1496 importat
1505 1439 1720 1484 distinete
1741 1440 1990 1487 habentem

104 1502 460 1558 humanitatem3
485 1503 659 1548 scilicet
680 1502 769 1546 sub
788 1501 1106 1547 determinatis
1137 1501 1498 1546 individualibus
1517 1500 1903 1558 proprietatibus3
1924 1503 1991 1548 si-

105 1568 185 1607 cut
210 1568 256 1608 et
278 1565 366 1608 hoc
387 1575 555 1608 nomen
586 1564 731 1606 Filius
767 1567 852 1607 Dei
889 1563 1103 1620 importat
1138 1563 1387 1608 habentem
1408 1563 1631 1608 Deitatem
1663 1563 1752 1608 sub
1773 1563 1994 1610 determi-

104 1628 213 1668 nata
240 1625 516 1682 proprietate
539 1624 788 1682 personali.
822 1627 1051 1670 Numerus
1074 1630 1229 1670 autem
1257 1624 1494 1670 dualitatis
1521 1623 1571 1668 in
1600 1625 1777 1671 Christo
1802 1625 1992 1682 ponitur

105 1685 226 1730 circa
247 1686 371 1742 ipsas
401 1691 606 1731 naturas.
629 1688 682 1730 Et
707 1685 810 1730 ideo
833 1685 871 1730 si
901 1686 1049 1731 ambae
1077 1692 1255 1730 naturae
1284 1685 1333 1730 in
1365 1685 1599 1731 abstracto
1626 1686 1993 1743 praedicarentur

106 1747 164 1792 de
181 1748 372 1806 Christo,
394 1755 664 1805 sequeretur
685 1748 811 1805 qued
831 1749 1039 1794 Christus
1058 1754 1183 1793 esset
1200 1749 1310 1793 duc.
1332 1748 1418 1793 Sed
1437 1748 1547 1806 quia
1569 1748 1674 1794 duae
1697 1754 1874 1793 naturae
1897 1763 1992 1796 non

106 1808 416 1865 praedicantur
432 1810 493 1855 de
514 1810 711 1865 ChristO,
732 1809 821 1854 nisi
842 1814 979 1866 prout
1007 1810 1328 1866 significantur
1344 1810 1391 1854 in
1413 1810 1671 1867 supposito,
1699 1815 1880 1867 oportet
1913 1825 1994 1857 se-

105 1869 311 1914 cundum
329 1870 553 1915 rationem
582 1870 805 1926 suppositi
834 1871 1074 1927 praedicari
1099 1872 1156 1915 de
1183 1871 1360 1915 Christo
1385 1883 1535 1916 unum
1560 1872 1635 1916 vel
1657 1872 1766 1917 duo·
1798 1873 1990 1925 Quidam

105 1935 259 1976 autem
275 1936 530 1987 posuerunt
550 1931 596 1975 in
618 1932 795 1976 Christo
814 1932 906 1976 duo
925 1932 1178 1989 supposita,
1195 1933 1278 1978 sed
1295 1945 1438 1977 unam
1457 1946 1706 1990 personam
1727 1949 1739 1978 ε
1760 1947 1866 1991 quae
1881 1936 1991 1992 qui-

105 1991 211 2036 dem
230 1991 412 2037 videtur
435 2004 486 2037 se
507 1992 677 2037 habere
699 1993 958 2038 secundum
978 2006 1141 2038 eorum
1164 1994 1431 2050 opinionem
1454 1999 1675 2051 tanquam
1696 1996 1990 2052 suppositum

103 2054 384 2110 completum
401 2054 563 2098 ultima
575 2054 900 2110 completione.
926 2057 976 2099 Et
994 2055 1098 2100 ideo
1116 2056 1223 2112 quia
1245 2056 1483 2113 ponebant
1502 2056 1548 2100 in
1568 2057 1746 2101 Christo
1768 2057 1860 2102 duo
1878 2071 1992 2116 sup-

103 2116 271 2171 posita,
291 2115 508 2159 dicebant
527 2115 756 2160 Christum
782 2129 886 2161 esse
917 2116 1010 2162 duo
1034 2118 1318 2162 neutraliter.
1345 2118 1433 2162 Sed
1454 2118 1565 2174 quia
1589 2119 1825 2174 ponebant
1845 2133 1990 2166 unam

103 2187 364 2232 personam,
390 2175 606 2221 dicebant
627 2176 858 2220 Christum
881 2189 1027 2221 unum
1047 2177 1307 2222 masculine
1328 2193 1340 2222 z
1364 2190 1471 2222 nam
1492 2184 1710 2224 neutrum
1736 2191 1888 2236 genus
1907 2181 1990 2227 de-

103 2238 257 2293 signat
276 2237 498 2294 quiddam
527 2237 723 2281 informe
753 2242 799 2281 et
820 2237 1144 2294 imperfectum
1169 2253 1180 2283 :
1207 2251 1357 2295 genus
1377 2245 1534 2284 autem
1563 2241 1877 2286 masculinum
1905 2242 1991 2288 de-

104 2298 256 2353 signat
282 2298 500 2354 quiddam
533 2298 782 2342 formatum
811 2306 858 2343 et
891 2299 1164 2355 perfectum.
1199 2301 1457 2345 Nestoriani
1489 2306 1645 2346 autem
1679 2308 1909 2358 ponentes
1938 2305 1989 2350 in

102 2359 279 2403 Christo
296 2359 417 2404 duas
445 2371 685 2416 personas,
707 2359 939 2415 dicebant,
960 2362 1190 2406 Christum
1223 2374 1317 2407 non
1344 2363 1498 2408 solum
1519 2375 1622 2408 esse
1646 2364 1742 2408 duo
1765 2365 1991 2411 neutrali-

105 2425 189 2476 ter,
221 2421 303 2466 sed
325 2421 463 2466 etiam
483 2420 577 2466 duo
608 2421 881 2467 masculine.
912 2423 1030 2476 Quia
1056 2424 1167 2468 vero
1200 2437 1287 2470 nos
1317 2425 1536 2482 ponimus
1558 2425 1605 2469 in
1638 2427 1817 2471 Christo
1844 2440 1989 2473 unam

103 2493 366 2536 personam,
391 2486 436 2526 et
458 2495 606 2527 unum
626 2483 937 2539 suppositum,
960 2489 1013 2529 ut
1030 2497 1091 2530 ex
1110 2498 1253 2542 supra
1276 2486 1408 2531 dictis
1431 2491 1555 2543 patet
1578 2489 1759 2544 (quaest.
1777 2503 1823 2544 n,
1848 2494 1936 2534 art.
1961 2493 1990 2535 2

103 2547 148 2586 et
166 2544 223 2596 3),
242 2543 450 2600 sequitur
471 2544 595 2600 quod
623 2544 833 2590 dicamus
855 2545 981 2601 quod
1012 2559 1107 2591 non
1126 2548 1278 2592 solum
1301 2549 1509 2593 Christus
1528 2554 1600 2593 est
1622 2562 1748 2594 unus
1770 2551 1989 2596 masculi-

104 2603 180 2658 ne,
203 2603 286 2648 sed
303 2604 442 2648 etiam
461 2604 585 2661 quod
603 2610 674 2650 est
691 2618 841 2651 unum
863 2607 1138 2652 neutraliter
1160 2612 1234 2662 (i).

155 2664 220 2708 Ad
236 2668 435 2722 primum
465 2658 850 2723 ergo⁰dicendum
871 2700 884 2725 ‚
904 2669 1030 2726 quod
1060 2670 1255 2714 verbum
1283 2669 1399 2715 illud
1429 2672 1674 2727 Augustini
1697 2684 1793 2716 non
1822 2677 1894 2718 est
1921 2673 1990 2719 sic

103 2725 467 2782 intelligendum,
493 2729 618 2785 quod
635 2729 683 2788 ly
707 2734 948 2788 utrumque
967 2736 1179 2777 teneatur
1200 2745 1258 2777 ex
1277 2737 1408 2789 parte
1428 2733 1690 2789 praedicati,
1711 2735 1846 2791 quasi
1866 2736 1990 2782 dicat

105 2787 228 2844 quod
259 2788 464 2834 Christus
497 2791 559 2834 sit
587 2796 865 2850 utrumque3
898 2794 982 2839 sed
1015 2798 1199 2839 tenetur
1229 2807 1288 2839 ex
1318 2799 1447 2850 parte
1481 2796 1695 2853 subjecti.
1732 2799 1784 2841 Et
1805 2802 1918 2843 tunc
1940 2798 1990 2855 ly

103 2851 340 2916 utrumque
358 2850 543 2914 ponitur
565 2865 661 2898 non
686 2854 820 2911 quasi
842 2868 927 2911 pro
957 2856 1143 2910 duobus
1166 2856 1445 2913 suppositis,
1466 2858 1548 2904 sed
1577 2871 1661 2915 pro
1692 2858 1877 2905 duobus
1904 2872 1987 2904 no·

105 2907 308 2953 mmibus
331 2909 700 2965 significantibus
733 2914 850 2960 duas
882 2920 1074 2961 naturas
1107 2916 1154 2961 in
1187 2921 1420 2961 concreto,
1446 2919 1640 2963 Possum
1679 2919 1805 2964 enim
1836 2920 1990 2966 dicere

104 2968 228 3024 quod
261 2974 532 3030 utrumque,
556 2973 729 3020 scilicet
759 2979 879 3021 Deus
913 2982 957 3022 et
987 2978 1125 3022 homo
1146 3011 1159 3034 ‚
1200 2981 1272 3022 est
1305 2981 1427 3023 Deus
1460 2984 1649 3037 propter
1683 2981 1989 3038 accipientem

102 3033 270 3135 gem-m
298 3035 343 3075 et
373 3038 623 3090 utrumque
639 3067 652 3091 ‚
676 3036 853 3082 scilicet
877 3041 997 3084 Deus
1018 3044 1065 3084 et
1084 3040 1238 3095 home,
1265 3043 1337 3084 est
1364 3040 1503 3085 homo
1532 3046 1720 3098 propter
1738 3049 1983 3101 acceptum

135 3103 352 3137 ominem.

157 3153 223 3197 Ad
243 3155 482 3198 secundum
507 3155 769 3211 dicendum,
791 3160 916 3216 quod
940 3163 1048 3206 cum
1071 3163 1239 3207 dicitur
1258 3177 1269 3206 ε
1297 3163 1508 3207 Christus
1526 3168 1594 3208 est
1612 3166 1746 3210 aliud
1770 3170 1813 3210 et
1839 3167 1988 3223 aliud,

101 3214 270 3259 locutio
292 3221 361 3259 est
380 3218 654 3272 exponenda
673 3224 726 3264 ut
753 3220 814 3264 sit
835 3234 1003 3267 sensus
1023 3240 1033 3267 :
1068 3225 1247 3267 Habeas
1279 3225 1420 3267 aliam
1444 3229 1489 3268 et
1511 3226 1654 3269 aliam
1686 3232 1916 3272 naturam.
1935 3231 1987 3272 Et

103 3277 189 3320 noc
216 3277 353 3321 modo
375 3279 563 3334 exponit
597 3282 884 3337 Augustinus
916 3283 965 3327 in
993 3285 1072 3329 lib.
1107 3290 1267 3330 contra
1298 3286 1575 3331 Felicianum
1601 3290 1659 3343 (2)
1681 3291 1799 3345 (cap.
1835 3293 1906 3344 11,
1938 3288 1987 3332 in

109 3432 112 3435 Ι
139 3382 181 3422 (Ι)
197 3383 268 3417 Non
286 3389 394 3419 tamen
412 3397 450 3419 eo
466 3399 561 3421 sensu
578 3401 643 3429 quo
660 3400 776 3424 unum
792 3391 993 3427 neutraliter
1078 3394 1131 3434 50)
1149 3407 1157 3429 ι
1178 3396 1253 3437 qu
1283 3399 1316 3429 et
1336 3396 1450 3431 Pater
1474 3408 1590 3432 unum
1606 3408 1744 3438 sumus,
1764 3397 1819 3432 sed
1845 3401 1985 3438 propter

101 3431 226 3465 eicitur
242 3433 275 3466 in
293 3433 414 3467 divinis
432 3436 471 3468 ad
489 3447 589 3469 unam
609 3443 641 3470 et
663 3438 814 3472 eamdem
840 3445 995 3474 naturam
1083 3443 1244 3476 unitatem
1262 3443 1438 3484 suppositi.

100 3478 350 3521 Qgflaffllssffli
380 3482 468 3515 Sicut
494 3483 570 3517 cum
595 3484 746 3520 Christus
768 3487 817 3521 ait
832 3487 937 3525 (loun.
962 3495 995 3529 X,
1125 3490 1168 3532 (2)
1183 3489 1318 3525 Plenius
1341 3493 1440 3532 quum
1468 3491 1523 3526 hic
1551 3494 1655 3533 prop'e
1685 3492 1813 3526 finem:
1834 3492 1921 3526 sicut
1942 3492 1980 3527 in
