<?xml version="1.0" encoding="UTF-8"?>
<!DOCTYPE html PUBLIC "-//W3C//DTD XHTML 1.0 Transitional//EN"
    "http://www.w3.org/TR/xhtml1/DTD/xhtml1-transitional.dtd">
<html xmlns="http://www.w3.org/1999/xhtml" xml:lang="en" lang="en">
 <head>
  <title>
</title>
<meta http-equiv="Content-Type" content="text/html;charset=utf-8" />
  <meta name='ocr-system' content='tesseract 3.04.00' />
  <meta name='ocr-capabilities' content='ocr_page ocr_carea ocr_par ocr_line ocrx_word'/>
</head>
<body>
  <div class='ocr_page' id='page_1' title='image "./summatheologica06thomuoft_0503.png"; bbox 0 0 2170 3808; ppageno 0'>
   <div class='ocr_carea' id='block_1_1' title="bbox 0 0 35 3808">
    <p class='ocr_par' dir='ltr' id='par_1_1' title="bbox 0 0 35 3808">
     <span class='ocr_line' id='line_1_1' title="bbox 0 0 35 3808; baseline 0 0"><span class='ocrx_word' id='word_1_1' title='bbox 0 0 35 3808; x_wconf 95' lang='lat' dir='ltr'> </span> 
     </span>
    </p>
   </div>
   <div class='ocr_carea' id='block_1_2' title="bbox 755 233 1969 290">
    <p class='ocr_par' dir='ltr' id='par_1_2' title="bbox 755 233 1969 290">
     <span class='ocr_line' id='line_1_2' title="bbox 755 233 1969 290; baseline 0 -13"><span class='ocrx_word' id='word_1_2' title='bbox 755 235 950 286; x_wconf 81' lang='lat' dir='ltr'>QUAEST.</span> <span class='ocrx_word' id='word_1_3' title='bbox 981 235 1062 290; x_wconf 84' lang='lat' dir='ltr'>LV,</span> <span class='ocrx_word' id='word_1_4' title='bbox 1091 235 1208 277; x_wconf 84' lang='lat' dir='ltr'>ART.</span> <span class='ocrx_word' id='word_1_5' title='bbox 1237 233 1306 276; x_wconf 85' lang='lat' dir='ltr'>lv.</span> <span class='ocrx_word' id='word_1_6' title='bbox 1880 235 1969 277; x_wconf 54' lang='lat'>467¹</span> 
     </span>
    </p>
   </div>
   <div class='ocr_carea' id='block_1_3' title="bbox 84 311 1962 1546">
    <p class='ocr_par' dir='ltr' id='par_1_3' title="bbox 96 311 1962 618">
     <span class='ocr_line' id='line_1_3' title="bbox 97 311 1957 374; baseline -0.003 -10"><span class='ocrx_word' id='word_1_7' title='bbox 97 323 205 373; x_wconf 88' lang='lat' dir='ltr'>tem,</span> <span class='ocrx_word' id='word_1_8' title='bbox 222 318 312 362; x_wconf 87' lang='lat' dir='ltr'>nisi</span> <span class='ocrx_word' id='word_1_9' title='bbox 333 316 458 374; x_wconf 90' lang='lat' dir='ltr'>quod</span> <span class='ocrx_word' id='word_1_10' title='bbox 471 319 557 362; x_wconf 86' lang='lat' dir='ltr'>est.</span> <span class='ocrx_word' id='word_1_11' title='bbox 579 313 665 359; x_wconf 86' lang='lat' dir='ltr'>Sed</span> <span class='ocrx_word' id='word_1_12' title='bbox 684 313 732 358; x_wconf 91' lang='lat' dir='ltr'>in</span> <span class='ocrx_word' id='word_1_13' title='bbox 751 314 925 359; x_wconf 87' lang='lat' dir='ltr'>Christo</span> <span class='ocrx_word' id='word_1_14' title='bbox 942 326 1036 358; x_wconf 91' lang='lat' dir='ltr'>non</span> <span class='ocrx_word' id='word_1_15' title='bbox 1053 314 1141 358; x_wconf 88' lang='lat' dir='ltr'>fuit</span> <span class='ocrx_word' id='word_1_16' title='bbox 1153 313 1240 358; x_wconf 84' lang='lat' dir='ltr'>nisi</span> <span class='ocrx_word' id='word_1_17' title='bbox 1256 325 1352 357; x_wconf 88' lang='lat' dir='ltr'>una</span> <span class='ocrx_word' id='word_1_18' title='bbox 1365 311 1559 370; x_wconf 83' lang='lat' dir='ltr'>effigies.</span> <span class='ocrx_word' id='word_1_19' title='bbox 1576 311 1620 356; x_wconf 93' lang='lat' dir='ltr'>Si</span> <span class='ocrx_word' id='word_1_20' title='bbox 1634 323 1745 368; x_wconf 87' lang='lat' dir='ltr'>ergo</span> <span class='ocrx_word' id='word_1_21' title='bbox 1758 313 1957 359; x_wconf 73' lang='lat' dir='ltr'>Christus</span> 
     </span>
     <span class='ocr_line' id='line_1_4' title="bbox 97 375 1960 435; baseline -0.003 -11"><span class='ocrx_word' id='word_1_22' title='bbox 97 381 144 425; x_wconf 89' lang='lat' dir='ltr'>in</span> <span class='ocrx_word' id='word_1_23' title='bbox 168 380 257 424; x_wconf 88' lang='lat' dir='ltr'>alia</span> <span class='ocrx_word' id='word_1_24' title='bbox 275 380 426 435; x_wconf 88' lang='lat' dir='ltr'>effigie</span> <span class='ocrx_word' id='word_1_25' title='bbox 446 376 672 435; x_wconf 86' lang='lat' dir='ltr'>apparuit,</span> <span class='ocrx_word' id='word_1_26' title='bbox 698 387 790 420; x_wconf 90' lang='lat' dir='ltr'>non</span> <span class='ocrx_word' id='word_1_27' title='bbox 816 376 904 421; x_wconf 86' lang='lat' dir='ltr'>fuit</span> <span class='ocrx_word' id='word_1_28' title='bbox 925 376 1149 433; x_wconf 76' lang='lat' dir='ltr'><strong>apparitio</strong></span> <span class='ocrx_word' id='word_1_29' title='bbox 1166 387 1292 432; x_wconf 87' lang='lat' dir='ltr'>vera,</span> <span class='ocrx_word' id='word_1_30' title='bbox 1316 375 1399 420; x_wconf 90' lang='lat' dir='ltr'>sed</span> <span class='ocrx_word' id='word_1_31' title='bbox 1419 375 1548 431; x_wconf 82' lang='lat' dir='ltr'>ficta3</span> <span class='ocrx_word' id='word_1_32' title='bbox 1566 375 1690 432; x_wconf 92' lang='lat' dir='ltr'>quod</span> <span class='ocrx_word' id='word_1_33' title='bbox 1714 380 1784 420; x_wconf 88' lang='lat' dir='ltr'>est</span> <span class='ocrx_word' id='word_1_34' title='bbox 1802 375 1960 419; x_wconf 90' lang='lat' dir='ltr'>incon-</span> 
     </span>
     <span class='ocr_line' id='line_1_5' title="bbox 97 434 1962 498; baseline -0.002 -12"><span class='ocrx_word' id='word_1_35' title='bbox 97 441 307 498; x_wconf 85' lang='lat' dir='ltr'>veniens,</span> <span class='ocrx_word' id='word_1_36' title='bbox 329 437 452 498; x_wconf 87' lang='lat' dir='ltr'>quia,</span> <span class='ocrx_word' id='word_1_37' title='bbox 474 443 524 484; x_wconf 92' lang='lat' dir='ltr'>ut</span> <span class='ocrx_word' id='word_1_38' title='bbox 540 435 827 494; x_wconf 77' lang='lat' dir='ltr'>Augustinus</span> <span class='ocrx_word' id='word_1_39' title='bbox 858 437 969 483; x_wconf 91' lang='lat' dir='ltr'>dicit</span> <span class='ocrx_word' id='word_1_40' title='bbox 997 439 1180 492; x_wconf 87' lang='lat' dir='ltr'>(Quaest.</span> <span class='ocrx_word' id='word_1_41' title='bbox 1206 434 1287 480; x_wconf 89' lang='lat' dir='ltr'>lib.</span> <span class='ocrx_word' id='word_1_42' title='bbox 1322 450 1490 493; x_wconf 71' lang='grc'><strong>1111111111,</strong></span> <span class='ocrx_word' id='word_1_43' title='bbox 1510 450 1588 494; x_wconf 90' lang='lat' dir='ltr'>qu.</span> <span class='ocrx_word' id='word_1_44' title='bbox 1617 439 1704 495; x_wconf 77' lang='lat'>13),</span> <span class='ocrx_word' id='word_1_45' title='bbox 1735 454 1756 475; x_wconf 73' lang='grc' dir='ltr'>α</span> <span class='ocrx_word' id='word_1_46' title='bbox 1779 437 1818 482; x_wconf 92' lang='lat' dir='ltr'>si</span> <span class='ocrx_word' id='word_1_47' title='bbox 1845 437 1962 483; x_wconf 87' lang='lat' dir='ltr'>fallit</span> 
     </span>
     <span class='ocr_line' id='line_1_6' title="bbox 96 497 1960 559; baseline -0.002 -11"><span class='ocrx_word' id='word_1_48' title='bbox 96 503 315 559; x_wconf 91' lang='lat' dir='ltr'>Christus,</span> <span class='ocrx_word' id='word_1_49' title='bbox 334 503 503 547; x_wconf 88' lang='lat' dir='ltr'>veritas</span> <span class='ocrx_word' id='word_1_50' title='bbox 526 512 619 544; x_wconf 91' lang='lat' dir='ltr'>non</span> <span class='ocrx_word' id='word_1_51' title='bbox 641 506 734 554; x_wconf 81' lang='lat' dir='ltr'>est3</span> <span class='ocrx_word' id='word_1_52' title='bbox 757 503 829 544; x_wconf 88' lang='lat' dir='ltr'>est</span> <span class='ocrx_word' id='word_1_53' title='bbox 845 503 1000 544; x_wconf 88' lang='lat' dir='ltr'>autem</span> <span class='ocrx_word' id='word_1_54' title='bbox 1019 499 1187 543; x_wconf 87' lang='lat' dir='ltr'>veritas</span> <span class='ocrx_word' id='word_1_55' title='bbox 1205 497 1426 543; x_wconf 86' lang='lat' dir='ltr'>Christus.</span> <span class='ocrx_word' id='word_1_56' title='bbox 1451 518 1471 538; x_wconf 87' lang='lat'>»</span> <span class='ocrx_word' id='word_1_57' title='bbox 1496 501 1614 555; x_wconf 87' lang='lat' dir='ltr'>Ergo</span> <span class='ocrx_word' id='word_1_58' title='bbox 1636 499 1820 544; x_wconf 85' lang='lat' dir='ltr'>videtur</span> <span class='ocrx_word' id='word_1_59' title='bbox 1836 500 1960 557; x_wconf 81' lang='lat' dir='ltr'>quod</span> 
     </span>
     <span class='ocr_line' id='line_1_7' title="bbox 96 559 1640 618; baseline -0.004 -8"><span class='ocrx_word' id='word_1_60' title='bbox 96 565 300 610; x_wconf 86' lang='lat' dir='ltr'>Christus</span> <span class='ocrx_word' id='word_1_61' title='bbox 321 577 414 608; x_wconf 92' lang='lat' dir='ltr'>non</span> <span class='ocrx_word' id='word_1_62' title='bbox 436 562 646 609; x_wconf 76' lang='lat' dir='ltr'>debuerit</span> <span class='ocrx_word' id='word_1_63' title='bbox 663 560 900 618; x_wconf 81' lang='lat' dir='ltr'>discipulis</span> <span class='ocrx_word' id='word_1_64' title='bbox 916 560 963 605; x_wconf 88' lang='lat' dir='ltr'>in</span> <span class='ocrx_word' id='word_1_65' title='bbox 989 559 1077 604; x_wconf 90' lang='lat' dir='ltr'>alia</span> <span class='ocrx_word' id='word_1_66' title='bbox 1093 559 1246 616; x_wconf 88' lang='lat' dir='ltr'>effigie</span> <span class='ocrx_word' id='word_1_67' title='bbox 1265 571 1501 615; x_wconf 89' lang='lat' dir='ltr'>apparere.</span> <span class='ocrx_word' id='word_1_68' title='bbox 1638 576 1640 578; x_wconf 94' lang='lat'>·</span> 
     </span>
    </p>

    <p class='ocr_par' dir='ltr' id='par_1_4' title="bbox 91 622 1958 928">
     <span class='ocr_line' id='line_1_8' title="bbox 149 622 1958 682; baseline 0 -10"><span class='ocrx_word' id='word_1_69' title='bbox 149 629 195 672; x_wconf 79' lang='lat'>2.</span> <span class='ocrx_word' id='word_1_70' title='bbox 223 630 459 682; x_wconf 83' lang='lat' dir='ltr'>Praeterea,</span> <span class='ocrx_word' id='word_1_71' title='bbox 476 624 588 669; x_wconf 90' lang='lat' dir='ltr'>nihil</span> <span class='ocrx_word' id='word_1_72' title='bbox 601 627 752 681; x_wconf 89' lang='lat' dir='ltr'>potest</span> <span class='ocrx_word' id='word_1_73' title='bbox 773 625 821 668; x_wconf 92' lang='lat' dir='ltr'>in</span> <span class='ocrx_word' id='word_1_74' title='bbox 841 623 930 668; x_wconf 91' lang='lat' dir='ltr'>alia</span> <span class='ocrx_word' id='word_1_75' title='bbox 945 622 1098 679; x_wconf 88' lang='lat' dir='ltr'>effigie</span> <span class='ocrx_word' id='word_1_76' title='bbox 1119 634 1340 679; x_wconf 86' lang='lat' dir='ltr'>apparere</span> <span class='ocrx_word' id='word_1_77' title='bbox 1364 634 1504 680; x_wconf 88' lang='lat' dir='ltr'>quam</span> <span class='ocrx_word' id='word_1_78' title='bbox 1530 622 1712 679; x_wconf 86' lang='lat' dir='ltr'>habeat,</span> <span class='ocrx_word' id='word_1_79' title='bbox 1735 624 1822 669; x_wconf 88' lang='lat' dir='ltr'>nisi</span> <span class='ocrx_word' id='word_1_80' title='bbox 1837 627 1958 672; x_wconf 88' lang='lat' dir='ltr'>oculi</span> 
     </span>
     <span class='ocr_line' id='line_1_9' title="bbox 93 684 1954 746; baseline 0 -12"><span class='ocrx_word' id='word_1_81' title='bbox 93 687 372 734; x_wconf 86' lang='lat' dir='ltr'>intuentium</span> <span class='ocrx_word' id='word_1_82' title='bbox 392 687 623 744; x_wconf 83' lang='lat' dir='ltr'>aliquibus</span> <span class='ocrx_word' id='word_1_83' title='bbox 649 686 894 743; x_wconf 73' lang='lat' dir='ltr'>praestigiis</span> <span class='ocrx_word' id='word_1_84' title='bbox 913 685 1222 730; x_wconf 76' lang='lat' dir='ltr'>detineantur.</span> <span class='ocrx_word' id='word_1_85' title='bbox 1247 684 1514 741; x_wconf 77' lang='lat' dir='ltr'>HUJusmodi</span> <span class='ocrx_word' id='word_1_86' title='bbox 1540 689 1692 729; x_wconf 89' lang='lat' dir='ltr'>autem</span> <span class='ocrx_word' id='word_1_87' title='bbox 1707 688 1954 746; x_wconf 82' lang='lat' dir='ltr'>praestigia,</span> 
     </span>
     <span class='ocr_line' id='line_1_10' title="bbox 93 746 1954 805; baseline 0 -10"><span class='ocrx_word' id='word_1_88' title='bbox 93 752 201 795; x_wconf 78' lang='lat' dir='ltr'>cum</span> <span class='ocrx_word' id='word_1_89' title='bbox 219 750 344 802; x_wconf 72' lang='lat' dir='ltr'>{fiant</span> <span class='ocrx_word' id='word_1_90' title='bbox 367 749 558 805; x_wconf 86' lang='lat' dir='ltr'>magicis</span> <span class='ocrx_word' id='word_1_91' title='bbox 587 748 763 792; x_wconf 92' lang='lat' dir='ltr'>artibus</span> <span class='ocrx_word' id='word_1_92' title='bbox 794 760 889 792; x_wconf 92' lang='lat' dir='ltr'>non</span> <span class='ocrx_word' id='word_1_93' title='bbox 916 747 1199 792; x_wconf 90' lang='lat' dir='ltr'>conveniunt</span> <span class='ocrx_word' id='word_1_94' title='bbox 1226 746 1418 803; x_wconf 84' lang='lat' dir='ltr'>ChristO,</span> <span class='ocrx_word' id='word_1_95' title='bbox 1455 746 1712 792; x_wconf 81' lang='lat' dir='ltr'>secundum</span> <span class='ocrx_word' id='word_1_96' title='bbox 1746 748 1859 794; x_wconf 89' lang='lat' dir='ltr'>illud</span> <span class='ocrx_word' id='word_1_97' title='bbox 1889 753 1954 803; x_wconf 82' lang='lat'>(11.</span> 
     </span>
     <span class='ocr_line' id='line_1_11' title="bbox 93 808 1948 868; baseline 0 -12"><span class='ocrx_word' id='word_1_98' title='bbox 93 811 192 856; x_wconf 83' lang='lat' dir='ltr'>Cor.</span> <span class='ocrx_word' id='word_1_99' title='bbox 212 824 272 868; x_wconf 77' lang='lat' dir='ltr'>vi,</span> <span class='ocrx_word' id='word_1_100' title='bbox 291 814 361 866; x_wconf 72' lang='lat'>15)</span> <span class='ocrx_word' id='word_1_101' title='bbox 384 825 396 854; x_wconf 74' lang='grc' dir='ltr'><em>τ</em></span> <span class='ocrx_word' id='word_1_102' title='bbox 421 815 529 867; x_wconf 81' lang='lat' dir='ltr'>Quae</span> <span class='ocrx_word' id='word_1_103' title='bbox 548 812 777 853; x_wconf 78' lang='lat' dir='ltr'>conventio</span> <span class='ocrx_word' id='word_1_104' title='bbox 799 810 974 853; x_wconf 76' lang='lat' dir='ltr'>Christi</span> <span class='ocrx_word' id='word_1_105' title='bbox 992 809 1056 852; x_wconf 84' lang='lat' dir='ltr'>ad</span> <span class='ocrx_word' id='word_1_106' title='bbox 1071 808 1221 852; x_wconf 79' lang='lat' dir='ltr'>Belial</span> <span class='ocrx_word' id='word_1_107' title='bbox 1235 808 1258 852; x_wconf 68' lang='lat'><em>2</em></span> <span class='ocrx_word' id='word_1_108' title='bbox 1277 810 1394 864; x_wconf 89' lang='lat' dir='ltr'>Ergo</span> <span class='ocrx_word' id='word_1_109' title='bbox 1412 808 1594 853; x_wconf 85' lang='lat' dir='ltr'>videtur</span> <span class='ocrx_word' id='word_1_110' title='bbox 1616 809 1740 865; x_wconf 83' lang='lat' dir='ltr'>quod</span> <span class='ocrx_word' id='word_1_111' title='bbox 1758 822 1852 854; x_wconf 90' lang='lat' dir='ltr'>non</span> <span class='ocrx_word' id='word_1_112' title='bbox 1875 812 1948 857; x_wconf 67' lang='lat' dir='ltr'>de«</span> 
     </span>
     <span class='ocr_line' id='line_1_12' title="bbox 91 871 842 928; baseline -0.001 -12"><span class='ocrx_word' id='word_1_113' title='bbox 91 871 244 917; x_wconf 84' lang='lat' dir='ltr'>buerit</span> <span class='ocrx_word' id='word_1_114' title='bbox 259 873 307 918; x_wconf 90' lang='lat' dir='ltr'>in</span> <span class='ocrx_word' id='word_1_115' title='bbox 331 872 420 917; x_wconf 83' lang='lat' dir='ltr'>alia</span> <span class='ocrx_word' id='word_1_116' title='bbox 438 871 589 928; x_wconf 85' lang='lat' dir='ltr'>effigie</span> <span class='ocrx_word' id='word_1_117' title='bbox 606 883 842 928; x_wconf 89' lang='lat' dir='ltr'>apparere.</span> 
     </span>
    </p>

    <p class='ocr_par' dir='ltr' id='par_1_5' title="bbox 84 930 1957 1420">
     <span class='ocr_line' id='line_1_13' title="bbox 145 930 1957 990; baseline 0.001 -12"><span class='ocrx_word' id='word_1_118' title='bbox 145 936 189 979; x_wconf 86' lang='lat'>3.</span> <span class='ocrx_word' id='word_1_119' title='bbox 218 937 455 990; x_wconf 84' lang='lat' dir='ltr'>Praeterea,</span> <span class='ocrx_word' id='word_1_120' title='bbox 484 934 604 978; x_wconf 89' lang='lat' dir='ltr'>sicut</span> <span class='ocrx_word' id='word_1_121' title='bbox 629 945 714 990; x_wconf 88' lang='lat' dir='ltr'>per</span> <span class='ocrx_word' id='word_1_122' title='bbox 744 943 925 977; x_wconf 89' lang='lat' dir='ltr'>sacram</span> <span class='ocrx_word' id='word_1_123' title='bbox 953 932 1231 988; x_wconf 84' lang='lat' dir='ltr'>scripturam</span> <span class='ocrx_word' id='word_1_124' title='bbox 1253 934 1412 976; x_wconf 88' lang='lat' dir='ltr'>nostra</span> <span class='ocrx_word' id='word_1_125' title='bbox 1437 930 1554 976; x_wconf 90' lang='lat' dir='ltr'>fides</span> <span class='ocrx_word' id='word_1_126' title='bbox 1580 930 1869 989; x_wconf 81' lang='lat' dir='ltr'>certificatur,</span> <span class='ocrx_word' id='word_1_127' title='bbox 1892 933 1957 979; x_wconf 88' lang='lat' dir='ltr'>ita</span> 
     </span>
     <span class='ocr_line' id='line_1_14' title="bbox 90 992 1936 1052; baseline -0.001 -11"><span class='ocrx_word' id='word_1_128' title='bbox 90 993 300 1052; x_wconf 87' lang='lat' dir='ltr'>discipuli</span> <span class='ocrx_word' id='word_1_129' title='bbox 333 993 566 1041; x_wconf 87' lang='lat' dir='ltr'>certificati</span> <span class='ocrx_word' id='word_1_130' title='bbox 603 998 714 1039; x_wconf 89' lang='lat' dir='ltr'>sunt</span> <span class='ocrx_word' id='word_1_131' title='bbox 741 994 799 1038; x_wconf 92' lang='lat' dir='ltr'>de</span> <span class='ocrx_word' id='word_1_132' title='bbox 829 994 920 1038; x_wconf 90' lang='lat' dir='ltr'>fide</span> <span class='ocrx_word' id='word_1_133' title='bbox 950 992 1299 1038; x_wconf 88' lang='lat' dir='ltr'>resurrectionis</span> <span class='ocrx_word' id='word_1_134' title='bbox 1328 1005 1411 1050; x_wconf 90' lang='lat' dir='ltr'>per</span> <span class='ocrx_word' id='word_1_135' title='bbox 1441 993 1604 1038; x_wconf 86' lang='lat' dir='ltr'>Christi</span> <span class='ocrx_word' id='word_1_136' title='bbox 1628 993 1936 1050; x_wconf 84' lang='lat' dir='ltr'>apparitiones</span> 
     </span>
     <span class='ocr_line' id='line_1_15' title="bbox 91 1054 1948 1115; baseline -0.001 -13"><span class='ocrx_word' id='word_1_137' title='bbox 91 1055 194 1115; x_wconf 87' lang='lat' dir='ltr'>Sed,</span> <span class='ocrx_word' id='word_1_138' title='bbox 212 1058 332 1103; x_wconf 86' lang='lat' dir='ltr'>sicut</span> <span class='ocrx_word' id='word_1_139' title='bbox 356 1057 642 1114; x_wconf 81' lang='lat' dir='ltr'>Augustinus</span> <span class='ocrx_word' id='word_1_140' title='bbox 672 1056 784 1101; x_wconf 90' lang='lat' dir='ltr'>dicit</span> <span class='ocrx_word' id='word_1_141' title='bbox 813 1056 861 1100; x_wconf 89' lang='lat' dir='ltr'>in</span> <span class='ocrx_word' id='word_1_142' title='bbox 889 1054 1081 1112; x_wconf 89' lang='lat' dir='ltr'>epistola</span> <span class='ocrx_word' id='word_1_143' title='bbox 1101 1055 1161 1099; x_wconf 88' lang='lat' dir='ltr'>ad</span> <span class='ocrx_word' id='word_1_144' title='bbox 1184 1055 1509 1107; x_wconf 72' lang='lat' dir='ltr'>Hieronymum</span> <span class='ocrx_word' id='word_1_145' title='bbox 1529 1054 1716 1111; x_wconf 90' lang='lat' dir='ltr'>(implic.</span> <span class='ocrx_word' id='word_1_146' title='bbox 1747 1055 1879 1112; x_wconf 86' lang='lat' dir='ltr'>epist.</span> <span class='ocrx_word' id='word_1_147' title='bbox 1908 1060 1948 1109; x_wconf 59' lang='lat'>8,</span> 
     </span>
     <span class='ocr_line' id='line_1_16' title="bbox 89 1115 1955 1176; baseline 0.001 -14"><span class='ocrx_word' id='word_1_148' title='bbox 89 1129 194 1175; x_wconf 83' lang='lat' dir='ltr'>cap.</span> <span class='ocrx_word' id='word_1_149' title='bbox 212 1120 258 1174; x_wconf 87' lang='grc'>3,</span> <span class='ocrx_word' id='word_1_150' title='bbox 280 1122 444 1175; x_wconf 81' lang='lat' dir='ltr'>parurn</span> <span class='ocrx_word' id='word_1_151' title='bbox 462 1119 490 1163; x_wconf 78' lang='lat' dir='ltr'>a</span> <span class='ocrx_word' id='word_1_152' title='bbox 506 1119 654 1176; x_wconf 90' lang='lat' dir='ltr'>princ.</span> <span class='ocrx_word' id='word_1_153' title='bbox 676 1122 722 1163; x_wconf 89' lang='lat' dir='ltr'>et</span> <span class='ocrx_word' id='word_1_154' title='bbox 738 1117 873 1174; x_wconf 85' lang='lat' dir='ltr'>epist.</span> <span class='ocrx_word' id='word_1_155' title='bbox 893 1119 937 1171; x_wconf 84' lang='lat'>9,</span> <span class='ocrx_word' id='word_1_156' title='bbox 949 1128 1050 1172; x_wconf 90' lang='lat' dir='ltr'>cap.</span> <span class='ocrx_word' id='word_1_157' title='bbox 1069 1118 1126 1172; x_wconf 84' lang='grc'>3),</span> <span class='ocrx_word' id='word_1_158' title='bbox 1146 1132 1167 1154; x_wconf 70' lang='grc' dir='ltr'><strong>α</strong></span> <span class='ocrx_word' id='word_1_159' title='bbox 1192 1115 1232 1160; x_wconf 93' lang='lat' dir='ltr'>si</span> <span class='ocrx_word' id='word_1_160' title='bbox 1249 1116 1324 1160; x_wconf 88' lang='lat' dir='ltr'>vel</span> <span class='ocrx_word' id='word_1_161' title='bbox 1340 1127 1487 1160; x_wconf 89' lang='lat' dir='ltr'>unum</span> <span class='ocrx_word' id='word_1_162' title='bbox 1506 1116 1795 1161; x_wconf 82' lang='lat' dir='ltr'>mendacium</span> <span class='ocrx_word' id='word_1_163' title='bbox 1816 1117 1863 1162; x_wconf 90' lang='lat' dir='ltr'>in</span> <span class='ocrx_word' id='word_1_164' title='bbox 1884 1130 1955 1163; x_wconf 90' lang='lat' dir='ltr'>sa-</span> 
     </span>
     <span class='ocr_line' id='line_1_17' title="bbox 88 1177 1949 1238; baseline -0.001 -14"><span class='ocrx_word' id='word_1_165' title='bbox 88 1191 167 1224; x_wconf 90' lang='lat' dir='ltr'>cra</span> <span class='ocrx_word' id='word_1_166' title='bbox 197 1181 427 1237; x_wconf 85' lang='lat' dir='ltr'>Scriptura</span> <span class='ocrx_word' id='word_1_167' title='bbox 456 1181 719 1238; x_wconf 82' lang='lat' dir='ltr'>recipiatur,</span> <span class='ocrx_word' id='word_1_168' title='bbox 747 1177 1054 1223; x_wconf 87' lang='lat' dir='ltr'>infirmabitur</span> <span class='ocrx_word' id='word_1_169' title='bbox 1078 1181 1174 1222; x_wconf 87' lang='lat' dir='ltr'>tota</span> <span class='ocrx_word' id='word_1_170' title='bbox 1197 1190 1341 1222; x_wconf 82' lang='lat' dir='ltr'>sacrae</span> <span class='ocrx_word' id='word_1_171' title='bbox 1372 1178 1615 1234; x_wconf 85' lang='lat' dir='ltr'>Scripturae</span> <span class='ocrx_word' id='word_1_172' title='bbox 1641 1181 1949 1226; x_wconf 65' lang='lat' dir='ltr'>auctoritas-»</span> 
     </span>
     <span class='ocr_line' id='line_1_18' title="bbox 86 1239 1951 1299; baseline 0.003 -15"><span class='ocrx_word' id='word_1_173' title='bbox 86 1241 206 1298; x_wconf 83' lang='lat' dir='ltr'>Ergo</span> <span class='ocrx_word' id='word_1_174' title='bbox 223 1241 263 1287; x_wconf 85' lang='lat' dir='ltr'>si</span> <span class='ocrx_word' id='word_1_175' title='bbox 284 1242 358 1288; x_wconf 90' lang='lat' dir='ltr'>vel</span> <span class='ocrx_word' id='word_1_176' title='bbox 375 1242 421 1287; x_wconf 93' lang='lat' dir='ltr'>in</span> <span class='ocrx_word' id='word_1_177' title='bbox 439 1255 534 1288; x_wconf 85' lang='lat' dir='ltr'>una</span> <span class='ocrx_word' id='word_1_178' title='bbox 551 1241 836 1299; x_wconf 82' lang='lat' dir='ltr'>apparitione</span> <span class='ocrx_word' id='word_1_179' title='bbox 850 1239 1055 1284; x_wconf 88' lang='lat' dir='ltr'>Christus</span> <span class='ocrx_word' id='word_1_180' title='bbox 1072 1239 1311 1295; x_wconf 88' lang='lat' dir='ltr'>discipulis</span> <span class='ocrx_word' id='word_1_181' title='bbox 1329 1240 1541 1295; x_wconf 87' lang='lat' dir='ltr'>apparuit</span> <span class='ocrx_word' id='word_1_182' title='bbox 1561 1240 1693 1285; x_wconf 89' lang='lat' dir='ltr'>aliter</span> <span class='ocrx_word' id='word_1_183' title='bbox 1714 1243 1855 1299; x_wconf 80' lang='lat' dir='ltr'>quam</span> <span class='ocrx_word' id='word_1_184' title='bbox 1871 1255 1951 1289; x_wconf 91' lang='lat' dir='ltr'>es-</span> 
     </span>
     <span class='ocr_line' id='line_1_19' title="bbox 86 1299 1951 1359; baseline 0.002 -14"><span class='ocrx_word' id='word_1_185' title='bbox 86 1305 173 1358; x_wconf 90' lang='lat' dir='ltr'>set,</span> <span class='ocrx_word' id='word_1_186' title='bbox 215 1302 521 1347; x_wconf 88' lang='lat' dir='ltr'>infirmabitur</span> <span class='ocrx_word' id='word_1_187' title='bbox 561 1301 783 1359; x_wconf 90' lang='lat' dir='ltr'>quicquid</span> <span class='ocrx_word' id='word_1_188' title='bbox 824 1299 1035 1355; x_wconf 90' lang='lat' dir='ltr'>discipuli</span> <span class='ocrx_word' id='word_1_189' title='bbox 1078 1304 1183 1355; x_wconf 90' lang='lat' dir='ltr'>post</span> <span class='ocrx_word' id='word_1_190' title='bbox 1226 1300 1610 1344; x_wconf 86' lang='lat' dir='ltr'>resurrectionem</span> <span class='ocrx_word' id='word_1_191' title='bbox 1649 1302 1865 1348; x_wconf 79' lang='lat' dir='ltr'>viderunt</span> <span class='ocrx_word' id='word_1_192' title='bbox 1903 1305 1951 1349; x_wconf 92' lang='lat' dir='ltr'>in</span> 
     </span>
     <span class='ocr_line' id='line_1_20' title="bbox 84 1361 1906 1420; baseline 0.003 -14"><span class='ocrx_word' id='word_1_193' title='bbox 84 1361 277 1420; x_wconf 86' lang='lat' dir='ltr'>Christo,</span> <span class='ocrx_word' id='word_1_194' title='bbox 297 1365 420 1420; x_wconf 90' lang='lat' dir='ltr'>quod</span> <span class='ocrx_word' id='word_1_195' title='bbox 438 1368 511 1409; x_wconf 88' lang='lat' dir='ltr'>est</span> <span class='ocrx_word' id='word_1_196' title='bbox 530 1362 884 1409; x_wconf 83' lang='lat' dir='ltr'>inconveniens.</span> <span class='ocrx_word' id='word_1_197' title='bbox 904 1364 1003 1405; x_wconf 92' lang='lat' dir='ltr'>Non</span> <span class='ocrx_word' id='word_1_198' title='bbox 1024 1373 1136 1417; x_wconf 90' lang='lat' dir='ltr'>ergo</span> <span class='ocrx_word' id='word_1_199' title='bbox 1154 1361 1314 1406; x_wconf 90' lang='lat' dir='ltr'>debuit</span> <span class='ocrx_word' id='word_1_200' title='bbox 1328 1362 1376 1405; x_wconf 89' lang='lat' dir='ltr'>in</span> <span class='ocrx_word' id='word_1_201' title='bbox 1391 1362 1481 1406; x_wconf 89' lang='lat' dir='ltr'>alia</span> <span class='ocrx_word' id='word_1_202' title='bbox 1500 1363 1656 1418; x_wconf 85' lang='lat' dir='ltr'>effigie</span> <span class='ocrx_word' id='word_1_203' title='bbox 1669 1376 1906 1420; x_wconf 87' lang='lat' dir='ltr'>apparere.</span> 
     </span>
    </p>

    <p class='ocr_par' dir='ltr' id='par_1_6' title="bbox 85 1422 1952 1546">
     <span class='ocr_line' id='line_1_21' title="bbox 138 1422 1952 1482; baseline 0.002 -13"><span class='ocrx_word' id='word_1_204' title='bbox 138 1424 225 1469; x_wconf 89' lang='lat' dir='ltr'>Sed</span> <span class='ocrx_word' id='word_1_205' title='bbox 247 1429 406 1469; x_wconf 79' lang='lat' dir='ltr'>contra</span> <span class='ocrx_word' id='word_1_206' title='bbox 426 1429 498 1470; x_wconf 91' lang='lat' dir='ltr'>est</span> <span class='ocrx_word' id='word_1_207' title='bbox 513 1424 637 1482; x_wconf 81' lang='lat' dir='ltr'>quod</span> <span class='ocrx_word' id='word_1_208' title='bbox 656 1424 822 1468; x_wconf 89' lang='lat' dir='ltr'>dicitur</span> <span class='ocrx_word' id='word_1_209' title='bbox 835 1422 987 1477; x_wconf 85' lang='lat' dir='ltr'>(Marci</span> <span class='ocrx_word' id='word_1_210' title='bbox 1005 1422 1086 1467; x_wconf 89' lang='lat' dir='ltr'>ult.</span> <span class='ocrx_word' id='word_1_211' title='bbox 1109 1425 1178 1478; x_wconf 74' lang='lat'>12)</span> <span class='ocrx_word' id='word_1_212' title='bbox 1197 1435 1209 1466; x_wconf 90' lang='lat'>:</span> <span class='ocrx_word' id='word_1_213' title='bbox 1225 1427 1331 1467; x_wconf 83' lang='lat' dir='ltr'>Post</span> <span class='ocrx_word' id='word_1_214' title='bbox 1343 1423 1439 1468; x_wconf 74' lang='lat' dir='ltr'>Itaec</span> <span class='ocrx_word' id='word_1_215' title='bbox 1458 1425 1626 1468; x_wconf 83' lang='lat' dir='ltr'>duobus</span> <span class='ocrx_word' id='word_1_216' title='bbox 1636 1439 1694 1469; x_wconf 79' lang='lat' dir='ltr'>ex</span> <span class='ocrx_word' id='word_1_217' title='bbox 1715 1430 1777 1470; x_wconf 80' lang='lat' dir='ltr'>eis</span> <span class='ocrx_word' id='word_1_218' title='bbox 1790 1429 1952 1472; x_wconf 84' lang='lat' dir='ltr'>ambu-</span> 
     </span>
     <span class='ocr_line' id='line_1_22' title="bbox 85 1485 1411 1546; baseline 0 -18"><span class='ocrx_word' id='word_1_219' title='bbox 85 1485 283 1530; x_wconf 77' lang='lat' dir='ltr'>lantibus</span> <span class='ocrx_word' id='word_1_220' title='bbox 303 1491 500 1546; x_wconf 63' lang='lat' dir='ltr'>ostensqs</span> <span class='ocrx_word' id='word_1_221' title='bbox 523 1489 653 1530; x_wconf 77' lang='lat' dir='ltr'>estin</span> <span class='ocrx_word' id='word_1_222' title='bbox 674 1485 770 1529; x_wconf 85' lang='lat' dir='ltr'>alia</span> <span class='ocrx_word' id='word_1_223' title='bbox 792 1487 931 1542; x_wconf 75' lang='lat' dir='ltr'>effiqz&#39;e</span> <span class='ocrx_word' id='word_1_224' title='bbox 949 1485 1151 1528; x_wconf 77' lang='lat' dir='ltr'>euntibus</span> <span class='ocrx_word' id='word_1_225' title='bbox 1172 1488 1221 1528; x_wconf 80' lang='lat' dir='ltr'>in</span> <span class='ocrx_word' id='word_1_226' title='bbox 1238 1485 1411 1528; x_wconf 81' lang='lat' dir='ltr'>villam.</span> 
     </span>
    </p>
   </div>
   <div class='ocr_carea' id='block_1_4' title="bbox 83 1552 1951 1663">
    <p class='ocr_par' dir='ltr' id='par_1_7' title="bbox 83 1552 1951 1663">
     <span class='ocr_line' id='line_1_23' title="bbox 130 1552 1950 1606; baseline 0.002 -11"><span class='ocrx_word' id='word_1_227' title='bbox 130 1553 420 1595; x_wconf 82' lang='lat' dir='ltr'>CONCLUSIO.</span> <span class='ocrx_word' id='word_1_228' title='bbox 438 1577 483 1584; x_wconf 95' lang='lat'>-</span> <span class='ocrx_word' id='word_1_229' title='bbox 499 1554 647 1595; x_wconf 85' lang='lat' dir='ltr'>Debuit</span> <span class='ocrx_word' id='word_1_230' title='bbox 668 1553 854 1594; x_wconf 84' lang='lat' dir='ltr'>Christus</span> <span class='ocrx_word' id='word_1_231' title='bbox 878 1553 930 1593; x_wconf 84' lang='lat' dir='ltr'>ad</span> <span class='ocrx_word' id='word_1_232' title='bbox 960 1552 1207 1592; x_wconf 89' lang='lat' dir='ltr'>credendum</span> <span class='ocrx_word' id='word_1_233' title='bbox 1228 1552 1437 1604; x_wconf 84' lang='lat' dir='ltr'>dispositis</span> <span class='ocrx_word' id='word_1_234' title='bbox 1458 1553 1504 1592; x_wconf 90' lang='lat' dir='ltr'>in</span> <span class='ocrx_word' id='word_1_235' title='bbox 1522 1555 1681 1606; x_wconf 87' lang='lat' dir='ltr'>propria</span> <span class='ocrx_word' id='word_1_236' title='bbox 1707 1560 1797 1606; x_wconf 89' lang='lat' dir='ltr'>post</span> <span class='ocrx_word' id='word_1_237' title='bbox 1821 1569 1950 1599; x_wconf 87' lang='lat' dir='ltr'>resur-</span> 
     </span>
     <span class='ocr_line' id='line_1_24' title="bbox 83 1607 1951 1663; baseline 0.005 -16"><span class='ocrx_word' id='word_1_238' title='bbox 83 1608 302 1649; x_wconf 79' lang='lat' dir='ltr'>rectionem</span> <span class='ocrx_word' id='word_1_239' title='bbox 320 1621 507 1660; x_wconf 84' lang='lat' dir='ltr'>apparere</span> <span class='ocrx_word' id='word_1_240' title='bbox 523 1609 669 1660; x_wconf 83' lang='lat' dir='ltr'>effigie,</span> <span class='ocrx_word' id='word_1_241' title='bbox 683 1607 835 1649; x_wconf 81' lang='lat' dir='ltr'>caeteris</span> <span class='ocrx_word' id='word_1_242' title='bbox 847 1611 986 1648; x_wconf 85' lang='lat' dir='ltr'>autem</span> <span class='ocrx_word' id='word_1_243' title='bbox 1005 1608 1146 1648; x_wconf 89' lang='lat' dir='ltr'>minus</span> <span class='ocrx_word' id='word_1_244' title='bbox 1163 1607 1373 1660; x_wconf 86' lang='lat' dir='ltr'>dispositis</span> <span class='ocrx_word' id='word_1_245' title='bbox 1391 1608 1565 1658; x_wconf 80' lang='lat' dir='ltr'>effigiem</span> <span class='ocrx_word' id='word_1_246' title='bbox 1578 1612 1738 1650; x_wconf 85' lang='lat' dir='ltr'>mutare</span> <span class='ocrx_word' id='word_1_247' title='bbox 1751 1623 1822 1663; x_wconf 91' lang='lat' dir='ltr'>pro</span> <span class='ocrx_word' id='word_1_248' title='bbox 1837 1614 1951 1655; x_wconf 83' lang='lat' dir='ltr'>varia</span> 
     </span>
    </p>
   </div>
   <div class='ocr_carea' id='block_1_5' title="bbox 74 1659 1956 3394">
    <p class='ocr_par' dir='ltr' id='par_1_8' title="bbox 83 1659 540 1714">
     <span class='ocr_line' id='line_1_25' title="bbox 83 1659 540 1714; baseline 0.007 -14"><span class='ocrx_word' id='word_1_249' title='bbox 83 1659 251 1702; x_wconf 88' lang='lat' dir='ltr'>illorum</span> <span class='ocrx_word' id='word_1_250' title='bbox 266 1663 540 1714; x_wconf 87' lang='lat' dir='ltr'>dispositione.</span> 
     </span>
    </p>

    <p class='ocr_par' dir='ltr' id='par_1_9' title="bbox 75 1725 1956 2645">
     <span class='ocr_line' id='line_1_26' title="bbox 138 1725 1948 1785; baseline 0.003 -15"><span class='ocrx_word' id='word_1_251' title='bbox 138 1725 407 1782; x_wconf 89' lang='lat' dir='ltr'>Respondeo</span> <span class='ocrx_word' id='word_1_252' title='bbox 418 1726 668 1772; x_wconf 91' lang='lat' dir='ltr'>dicendum</span> <span class='ocrx_word' id='word_1_253' title='bbox 684 1725 825 1781; x_wconf 84' lang='lat' dir='ltr'>quod,</span> <span class='ocrx_word' id='word_1_254' title='bbox 850 1725 970 1770; x_wconf 87' lang='lat' dir='ltr'>sicut</span> <span class='ocrx_word' id='word_1_255' title='bbox 984 1725 1159 1771; x_wconf 88' lang='lat' dir='ltr'>dictum</span> <span class='ocrx_word' id='word_1_256' title='bbox 1177 1730 1249 1770; x_wconf 91' lang='lat' dir='ltr'>est</span> <span class='ocrx_word' id='word_1_257' title='bbox 1265 1726 1366 1782; x_wconf 88' lang='lat' dir='ltr'>(art.</span> <span class='ocrx_word' id='word_1_258' title='bbox 1385 1728 1408 1771; x_wconf 86' lang='lat'><strong>1</strong></span> <span class='ocrx_word' id='word_1_259' title='bbox 1432 1730 1478 1771; x_wconf 92' lang='lat' dir='ltr'>et</span> <span class='ocrx_word' id='word_1_260' title='bbox 1497 1729 1525 1770; x_wconf 74' lang='lat'>2</span> <span class='ocrx_word' id='word_1_261' title='bbox 1543 1726 1640 1784; x_wconf 85' lang='lat' dir='ltr'>huj.</span> <span class='ocrx_word' id='word_1_262' title='bbox 1661 1732 1775 1785; x_wconf 84' lang='lat' dir='ltr'>qn.),</span> <span class='ocrx_word' id='word_1_263' title='bbox 1795 1743 1948 1776; x_wconf 90' lang='lat' dir='ltr'>resur-</span> 
     </span>
     <span class='ocr_line' id='line_1_27' title="bbox 83 1785 1948 1844; baseline 0.004 -15"><span class='ocrx_word' id='word_1_264' title='bbox 83 1785 226 1830; x_wconf 87' lang='lat' dir='ltr'>rectio</span> <span class='ocrx_word' id='word_1_265' title='bbox 240 1787 400 1832; x_wconf 90' lang='lat' dir='ltr'>Christi</span> <span class='ocrx_word' id='word_1_266' title='bbox 415 1787 749 1832; x_wconf 89' lang='lat' dir='ltr'>manifestanda</span> <span class='ocrx_word' id='word_1_267' title='bbox 762 1786 848 1831; x_wconf 89' lang='lat' dir='ltr'>fuit</span> <span class='ocrx_word' id='word_1_268' title='bbox 860 1786 1125 1831; x_wconf 90' lang='lat' dir='ltr'>hominibus</span> <span class='ocrx_word' id='word_1_269' title='bbox 1138 1799 1223 1843; x_wconf 89' lang='lat' dir='ltr'>per</span> <span class='ocrx_word' id='word_1_270' title='bbox 1244 1787 1433 1831; x_wconf 89' lang='lat' dir='ltr'>modum</span> <span class='ocrx_word' id='word_1_271' title='bbox 1451 1799 1544 1844; x_wconf 88' lang='lat' dir='ltr'>quo</span> <span class='ocrx_word' id='word_1_272' title='bbox 1559 1788 1625 1833; x_wconf 91' lang='lat' dir='ltr'>eis</span> <span class='ocrx_word' id='word_1_273' title='bbox 1648 1789 1803 1834; x_wconf 87' lang='lat' dir='ltr'>divina</span> <span class='ocrx_word' id='word_1_274' title='bbox 1819 1804 1948 1837; x_wconf 86' lang='lat' dir='ltr'>reve-</span> 
     </span>
     <span class='ocr_line' id='line_1_28' title="bbox 81 1845 1949 1910; baseline 0.004 -18"><span class='ocrx_word' id='word_1_275' title='bbox 81 1845 248 1893; x_wconf 83' lang='lat' dir='ltr'>lantur.</span> <span class='ocrx_word' id='word_1_276' title='bbox 271 1851 563 1894; x_wconf 87' lang='lat' dir='ltr'>Innotescunt</span> <span class='ocrx_word' id='word_1_277' title='bbox 579 1854 734 1893; x_wconf 90' lang='lat' dir='ltr'>autem</span> <span class='ocrx_word' id='word_1_278' title='bbox 752 1848 907 1894; x_wconf 81' lang='lat' dir='ltr'>divina</span> <span class='ocrx_word' id='word_1_279' title='bbox 924 1848 1190 1894; x_wconf 91' lang='lat' dir='ltr'>hominibus</span> <span class='ocrx_word' id='word_1_280' title='bbox 1208 1849 1532 1905; x_wconf 81' lang='lat' dir='ltr'>diversimode,</span> <span class='ocrx_word' id='word_1_281' title='bbox 1551 1852 1806 1896; x_wconf 82' lang='lat' dir='ltr'>secundum</span> <span class='ocrx_word' id='word_1_282' title='bbox 1824 1854 1949 1910; x_wconf 79' lang='lat' dir='ltr'>quod</span> 
     </span>
     <span class='ocr_line' id='line_1_29' title="bbox 82 1907 1944 1974; baseline 0.003 -20"><span class='ocrx_word' id='word_1_283' title='bbox 82 1907 391 1955; x_wconf 81' lang='lat' dir='ltr'>diversimode</span> <span class='ocrx_word' id='word_1_284' title='bbox 409 1915 518 1955; x_wconf 88' lang='lat' dir='ltr'>sunt</span> <span class='ocrx_word' id='word_1_285' title='bbox 537 1910 702 1955; x_wconf 87' lang='lat' dir='ltr'>affecti.</span> <span class='ocrx_word' id='word_1_286' title='bbox 737 1912 849 1955; x_wconf 88' lang='lat' dir='ltr'>Nam</span> <span class='ocrx_word' id='word_1_287' title='bbox 878 1910 943 1955; x_wconf 89' lang='lat' dir='ltr'>illi</span> <span class='ocrx_word' id='word_1_288' title='bbox 968 1910 1046 1967; x_wconf 91' lang='lat' dir='ltr'>qui</span> <span class='ocrx_word' id='word_1_289' title='bbox 1079 1910 1252 1955; x_wconf 87' lang='lat' dir='ltr'>habent</span> <span class='ocrx_word' id='word_1_290' title='bbox 1283 1915 1486 1956; x_wconf 88' lang='lat' dir='ltr'>mentem</span> <span class='ocrx_word' id='word_1_291' title='bbox 1513 1911 1631 1956; x_wconf 80' lang='lat' dir='ltr'>bene</span> <span class='ocrx_word' id='word_1_292' title='bbox 1661 1913 1944 1974; x_wconf 80' lang='lat' dir='ltr'>dispositam,</span> 
     </span>
     <span class='ocr_line' id='line_1_30' title="bbox 81 1971 1946 2029; baseline 0.003 -14"><span class='ocrx_word' id='word_1_293' title='bbox 81 1971 339 2016; x_wconf 81' lang='lat' dir='ltr'>secundum</span> <span class='ocrx_word' id='word_1_294' title='bbox 357 1972 594 2016; x_wconf 84' lang='lat' dir='ltr'>veritatem</span> <span class='ocrx_word' id='word_1_295' title='bbox 610 1971 765 2016; x_wconf 87' lang='lat' dir='ltr'>divina</span> <span class='ocrx_word' id='word_1_296' title='bbox 782 1971 1058 2029; x_wconf 68' lang='lat' dir='ltr'>percipiunt,</span> <span class='ocrx_word' id='word_1_297' title='bbox 1073 1972 1139 2016; x_wconf 90' lang='lat' dir='ltr'>illi</span> <span class='ocrx_word' id='word_1_298' title='bbox 1156 1976 1310 2016; x_wconf 91' lang='lat' dir='ltr'>autem</span> <span class='ocrx_word' id='word_1_299' title='bbox 1329 1973 1408 2028; x_wconf 90' lang='lat' dir='ltr'>qui</span> <span class='ocrx_word' id='word_1_300' title='bbox 1435 1987 1529 2018; x_wconf 90' lang='lat' dir='ltr'>non</span> <span class='ocrx_word' id='word_1_301' title='bbox 1548 1974 1720 2018; x_wconf 89' lang='lat' dir='ltr'>habent</span> <span class='ocrx_word' id='word_1_302' title='bbox 1743 1981 1946 2022; x_wconf 89' lang='lat' dir='ltr'>mentem</span> 
     </span>
     <span class='ocr_line' id='line_1_31' title="bbox 80 2030 1946 2096; baseline 0.004 -19"><span class='ocrx_word' id='word_1_303' title='bbox 80 2030 199 2084; x_wconf 73' lang='lat' dir='ltr'>bene</span> <span class='ocrx_word' id='word_1_304' title='bbox 214 2033 501 2090; x_wconf 69' lang='lat' dir='ltr'>dispositam,</span> <span class='ocrx_word' id='word_1_305' title='bbox 516 2034 673 2079; x_wconf 89' lang='lat' dir='ltr'>divina</span> <span class='ocrx_word' id='word_1_306' title='bbox 687 2034 947 2091; x_wconf 90' lang='lat' dir='ltr'>percipiunt</span> <span class='ocrx_word' id='word_1_307' title='bbox 963 2046 1069 2078; x_wconf 90' lang='lat' dir='ltr'>cum</span> <span class='ocrx_word' id='word_1_308' title='bbox 1085 2034 1286 2091; x_wconf 88' lang='lat' dir='ltr'>quadam</span> <span class='ocrx_word' id='word_1_309' title='bbox 1303 2035 1572 2080; x_wconf 85' lang='lat' dir='ltr'>confusione</span> <span class='ocrx_word' id='word_1_310' title='bbox 1589 2036 1852 2093; x_wconf 85' lang='lat' dir='ltr'>dubietatis,</span> <span class='ocrx_word' id='word_1_311' title='bbox 1873 2042 1946 2096; x_wconf 84' lang='lat' dir='ltr'>vel</span> 
     </span>
     <span class='ocr_line' id='line_1_32' title="bbox 81 2095 1947 2155; baseline 0.003 -16"><span class='ocrx_word' id='word_1_312' title='bbox 81 2095 492 2140; x_wconf 70' lang='lat' dir='ltr'>erroriszanz’malis</span> <span class='ocrx_word' id='word_1_313' title='bbox 509 2100 628 2139; x_wconf 77' lang='lat' dir='ltr'>enim</span> <span class='ocrx_word' id='word_1_314' title='bbox 647 2097 779 2139; x_wconf 80' lang='lat' dir='ltr'>homo</span> <span class='ocrx_word' id='word_1_315' title='bbox 795 2109 885 2139; x_wconf 81' lang='lat' dir='ltr'>non</span> <span class='ocrx_word' id='word_1_316' title='bbox 902 2099 1095 2152; x_wconf 80' lang='lat' dir='ltr'>percipit</span> <span class='ocrx_word' id='word_1_317' title='bbox 1112 2109 1167 2139; x_wconf 84' lang='lat' dir='ltr'>ea</span> <span class='ocrx_word' id='word_1_318' title='bbox 1185 2108 1280 2152; x_wconf 83' lang='lat' dir='ltr'>quae</span> <span class='ocrx_word' id='word_1_319' title='bbox 1298 2100 1402 2139; x_wconf 78' lang='lat' dir='ltr'>sunt</span> <span class='ocrx_word' id='word_1_320' title='bbox 1418 2099 1613 2154; x_wconf 62' lang='lat' dir='ltr'>Spiritas</span> <span class='ocrx_word' id='word_1_321' title='bbox 1635 2102 1734 2155; x_wconf 79' lang='lat' dir='ltr'>Dei,</span> <span class='ocrx_word' id='word_1_322' title='bbox 1757 2104 1809 2144; x_wconf 90' lang='lat' dir='ltr'>ut</span> <span class='ocrx_word' id='word_1_323' title='bbox 1830 2101 1947 2145; x_wconf 90' lang='lat' dir='ltr'>dici-</span> 
     </span>
     <span class='ocr_line' id='line_1_33' title="bbox 79 2157 1956 2218; baseline 0.004 -19"><span class='ocrx_word' id='word_1_324' title='bbox 79 2157 156 2199; x_wconf 85' lang='lat' dir='ltr'>tur</span> <span class='ocrx_word' id='word_1_325' title='bbox 172 2157 219 2210; x_wconf 91' lang='lat'>(1.</span> <span class='ocrx_word' id='word_1_326' title='bbox 238 2157 439 2201; x_wconf 87' lang='lat' dir='ltr'>Corinth.</span> <span class='ocrx_word' id='word_1_327' title='bbox 460 2170 506 2216; x_wconf 84' lang='lat'>11,</span> <span class='ocrx_word' id='word_1_328' title='bbox 526 2160 615 2212; x_wconf 77' lang='lat'>14).</span> <span class='ocrx_word' id='word_1_329' title='bbox 634 2158 686 2202; x_wconf 91' lang='lat' dir='ltr'>Et</span> <span class='ocrx_word' id='word_1_330' title='bbox 704 2157 806 2201; x_wconf 82' lang='lat' dir='ltr'>ideo</span> <span class='ocrx_word' id='word_1_331' title='bbox 825 2157 1030 2202; x_wconf 89' lang='lat' dir='ltr'>Christus</span> <span class='ocrx_word' id='word_1_332' title='bbox 1043 2157 1322 2214; x_wconf 88' lang='lat' dir='ltr'>quibusdam</span> <span class='ocrx_word' id='word_1_333' title='bbox 1340 2157 1399 2203; x_wconf 89' lang='lat' dir='ltr'>ad</span> <span class='ocrx_word' id='word_1_334' title='bbox 1414 2158 1696 2204; x_wconf 88' lang='lat' dir='ltr'>credendum</span> <span class='ocrx_word' id='word_1_335' title='bbox 1713 2160 1956 2218; x_wconf 63' lang='lat' dir='ltr'>dispositis⁴</span> 
     </span>
     <span class='ocr_line' id='line_1_34' title="bbox 77 2219 1945 2282; baseline 0.004 -21"><span class='ocrx_word' id='word_1_336' title='bbox 77 2221 184 2273; x_wconf 90' lang='lat' dir='ltr'>post</span> <span class='ocrx_word' id='word_1_337' title='bbox 203 2219 586 2264; x_wconf 86' lang='lat' dir='ltr'>resurrectionem</span> <span class='ocrx_word' id='word_1_338' title='bbox 615 2219 826 2276; x_wconf 87' lang='lat' dir='ltr'>apparuit</span> <span class='ocrx_word' id='word_1_339' title='bbox 848 2219 909 2263; x_wconf 85' lang='lat' dir='ltr'>in·</span> <span class='ocrx_word' id='word_1_340' title='bbox 926 2232 1011 2264; x_wconf 90' lang='lat' dir='ltr'>sua</span> <span class='ocrx_word' id='word_1_341' title='bbox 1032 2220 1201 2277; x_wconf 88' lang='lat' dir='ltr'>effigie,</span> <span class='ocrx_word' id='word_1_342' title='bbox 1221 2220 1312 2264; x_wconf 90' lang='lat' dir='ltr'>illis</span> <span class='ocrx_word' id='word_1_343' title='bbox 1331 2224 1487 2266; x_wconf 89' lang='lat' dir='ltr'>autem</span> <span class='ocrx_word' id='word_1_344' title='bbox 1518 2221 1566 2265; x_wconf 90' lang='grc'>111</span> <span class='ocrx_word' id='word_1_345' title='bbox 1587 2222 1674 2266; x_wconf 83' lang='grc'><strong>3113</strong></span> <span class='ocrx_word' id='word_1_346' title='bbox 1695 2224 1847 2280; x_wconf 86' lang='lat' dir='ltr'>effigie</span> <span class='ocrx_word' id='word_1_347' title='bbox 1863 2237 1945 2282; x_wconf 86' lang='lat' dir='ltr'>ap-</span> 
     </span>
     <span class='ocr_line' id='line_1_35' title="bbox 77 2278 1945 2340; baseline 0.005 -18"><span class='ocrx_word' id='word_1_348' title='bbox 77 2278 248 2338; x_wconf 84' lang='lat' dir='ltr'>paruit,</span> <span class='ocrx_word' id='word_1_349' title='bbox 273 2279 353 2336; x_wconf 90' lang='lat' dir='ltr'>qui</span> <span class='ocrx_word' id='word_1_350' title='bbox 372 2279 471 2336; x_wconf 76' lang='lat' dir='ltr'>Jam</span> <span class='ocrx_word' id='word_1_351' title='bbox 493 2279 769 2326; x_wconf 89' lang='lat' dir='ltr'>videbantur</span> <span class='ocrx_word' id='word_1_352' title='bbox 797 2281 920 2326; x_wconf 81' lang='lat' dir='ltr'>clrca</span> <span class='ocrx_word' id='word_1_353' title='bbox 947 2279 1088 2326; x_wconf 89' lang='lat' dir='ltr'>fidem</span> <span class='ocrx_word' id='word_1_354' title='bbox 1110 2286 1375 2339; x_wconf 83' lang='lat' dir='ltr'>tepescere3</span> <span class='ocrx_word' id='word_1_355' title='bbox 1403 2282 1530 2327; x_wconf 92' lang='lat' dir='ltr'>unde</span> <span class='ocrx_word' id='word_1_356' title='bbox 1560 2283 1776 2329; x_wconf 87' lang='lat' dir='ltr'>dicebant</span> <span class='ocrx_word' id='word_1_357' title='bbox 1797 2288 1945 2340; x_wconf 85' lang='lat' dir='ltr'>(Lucae</span> 
     </span>
     <span class='ocr_line' id='line_1_36' title="bbox 78 2338 1945 2400; baseline 0.004 -15"><span class='ocrx_word' id='word_1_358' title='bbox 78 2338 163 2385; x_wconf 86' lang='lat' dir='ltr'>ult.</span> <span class='ocrx_word' id='word_1_359' title='bbox 183 2341 255 2395; x_wconf 78' lang='lat'>21)</span> <span class='ocrx_word' id='word_1_360' title='bbox 274 2355 286 2385; x_wconf 74' lang='lat' dir='ltr'><strong><em>z</em></strong></span> <span class='ocrx_word' id='word_1_361' title='bbox 307 2343 400 2385; x_wconf 91' lang='lat' dir='ltr'>Nos</span> <span class='ocrx_word' id='word_1_362' title='bbox 427 2344 578 2385; x_wconf 71' lang='lat' dir='ltr'>autem</span> <span class='ocrx_word' id='word_1_363' title='bbox 595 2342 884 2399; x_wconf 78' lang='lat' dir='ltr'>sperabamus</span> <span class='ocrx_word' id='word_1_364' title='bbox 902 2345 1009 2398; x_wconf 77' lang='lat' dir='ltr'>quia</span> <span class='ocrx_word' id='word_1_365' title='bbox 1034 2345 1128 2400; x_wconf 82' lang='lat' dir='ltr'>ipse</span> <span class='ocrx_word' id='word_1_366' title='bbox 1154 2346 1268 2386; x_wconf 82' lang='lat' dir='ltr'>esset</span> <span class='ocrx_word' id='word_1_367' title='bbox 1286 2343 1599 2400; x_wconf 82' lang='lat' dir='ltr'>redempturus</span> <span class='ocrx_word' id='word_1_368' title='bbox 1622 2347 1784 2391; x_wconf 85' lang='lat' dir='ltr'>Israel.</span> <span class='ocrx_word' id='word_1_369' title='bbox 1817 2348 1945 2393; x_wconf 90' lang='lat' dir='ltr'>Unde</span> 
     </span>
     <span class='ocr_line' id='line_1_37' title="bbox 77 2401 1944 2462; baseline 0.005 -17"><span class='ocrx_word' id='word_1_370' title='bbox 77 2401 318 2458; x_wconf 85' lang='lat' dir='ltr'>Gregorius</span> <span class='ocrx_word' id='word_1_371' title='bbox 340 2402 450 2447; x_wconf 89' lang='lat' dir='ltr'>dicit</span> <span class='ocrx_word' id='word_1_372' title='bbox 482 2403 653 2458; x_wconf 88' lang='lat' dir='ltr'>(homil.</span> <span class='ocrx_word' id='word_1_373' title='bbox 679 2417 781 2447; x_wconf 82' lang='lat' dir='ltr'>xxm</span> <span class='ocrx_word' id='word_1_374' title='bbox 809 2404 858 2448; x_wconf 93' lang='grc'>111</span> <span class='ocrx_word' id='word_1_375' title='bbox 881 2406 1055 2461; x_wconf 88' lang='lat' dir='ltr'>Evang.</span> <span class='ocrx_word' id='word_1_376' title='bbox 1087 2408 1195 2449; x_wconf 90' lang='lat' dir='ltr'>ante</span> <span class='ocrx_word' id='word_1_377' title='bbox 1218 2404 1377 2462; x_wconf 90' lang='lat' dir='ltr'>med.),</span> <span class='ocrx_word' id='word_1_378' title='bbox 1396 2405 1521 2462; x_wconf 84' lang='lat' dir='ltr'>quod</span> <span class='ocrx_word' id='word_1_379' title='bbox 1542 2422 1563 2443; x_wconf 89' lang='lat'>«</span> <span class='ocrx_word' id='word_1_380' title='bbox 1589 2406 1727 2451; x_wconf 88' lang='lat' dir='ltr'>talem</span> <span class='ocrx_word' id='word_1_381' title='bbox 1746 2421 1797 2453; x_wconf 90' lang='lat' dir='ltr'>se</span> <span class='ocrx_word' id='word_1_382' title='bbox 1818 2411 1944 2455; x_wconf 86' lang='lat' dir='ltr'>exhi-</span> 
     </span>
     <span class='ocr_line' id='line_1_38' title="bbox 75 2461 1940 2524; baseline 0.005 -15"><span class='ocrx_word' id='word_1_383' title='bbox 75 2461 261 2510; x_wconf 83' lang='lat' dir='ltr'>buiteis</span> <span class='ocrx_word' id='word_1_384' title='bbox 283 2464 332 2509; x_wconf 91' lang='lat' dir='ltr'>in</span> <span class='ocrx_word' id='word_1_385' title='bbox 353 2477 559 2522; x_wconf 91' lang='lat' dir='ltr'>corpore,</span> <span class='ocrx_word' id='word_1_386' title='bbox 586 2465 736 2523; x_wconf 89' lang='lat' dir='ltr'>qualis</span> <span class='ocrx_word' id='word_1_387' title='bbox 761 2466 885 2523; x_wconf 91' lang='lat' dir='ltr'>apud</span> <span class='ocrx_word' id='word_1_388' title='bbox 904 2466 1007 2511; x_wconf 92' lang='lat' dir='ltr'>illos</span> <span class='ocrx_word' id='word_1_389' title='bbox 1024 2471 1123 2511; x_wconf 86' lang='lat' dir='ltr'>erat</span> <span class='ocrx_word' id='word_1_390' title='bbox 1154 2466 1202 2511; x_wconf 91' lang='lat' dir='ltr'>in</span> <span class='ocrx_word' id='word_1_391' title='bbox 1228 2470 1412 2511; x_wconf 88' lang='lat' dir='ltr'>mente:</span> <span class='ocrx_word' id='word_1_392' title='bbox 1437 2467 1546 2524; x_wconf 86' lang='lat' dir='ltr'>quia</span> <span class='ocrx_word' id='word_1_393' title='bbox 1566 2469 1690 2514; x_wconf 89' lang='lat' dir='ltr'>enim</span> <span class='ocrx_word' id='word_1_394' title='bbox 1713 2471 1863 2516; x_wconf 85' lang='lat' dir='ltr'>adhuc</span> <span class='ocrx_word' id='word_1_395' title='bbox 1893 2473 1940 2518; x_wconf 73' lang='lat' dir='ltr'>ir.</span> 
     </span>
     <span class='ocr_line' id='line_1_39' title="bbox 75 2527 1938 2586; baseline 0.005 -14"><span class='ocrx_word' id='word_1_396' title='bbox 75 2537 235 2572; x_wconf 84' lang='lat' dir='ltr'>eorum</span> <span class='ocrx_word' id='word_1_397' title='bbox 249 2527 467 2574; x_wconf 84' lang='lat' dir='ltr'>cordibus</span> <span class='ocrx_word' id='word_1_398' title='bbox 488 2529 761 2586; x_wconf 83' lang='lat' dir='ltr'>peregrinus</span> <span class='ocrx_word' id='word_1_399' title='bbox 777 2534 875 2574; x_wconf 89' lang='lat' dir='ltr'>erat</span> <span class='ocrx_word' id='word_1_400' title='bbox 897 2528 924 2572; x_wconf 79' lang='lat' dir='ltr'>a</span> <span class='ocrx_word' id='word_1_401' title='bbox 945 2529 1052 2586; x_wconf 87' lang='lat' dir='ltr'>fide,</span> <span class='ocrx_word' id='word_1_402' title='bbox 1075 2529 1143 2574; x_wconf 87' lang='lat' dir='ltr'>ire</span> <span class='ocrx_word' id='word_1_403' title='bbox 1157 2541 1208 2575; x_wconf 89' lang='lat' dir='ltr'>se</span> <span class='ocrx_word' id='word_1_404' title='bbox 1223 2528 1408 2585; x_wconf 79' lang='lat' dir='ltr'>longius</span> <span class='ocrx_word' id='word_1_405' title='bbox 1430 2530 1578 2585; x_wconf 85' lang='lat' dir='ltr'>finxit,</span> <span class='ocrx_word' id='word_1_406' title='bbox 1601 2549 1621 2570; x_wconf 85' lang='lat'><strong><em>»</em></strong></span> <span class='ocrx_word' id='word_1_407' title='bbox 1642 2532 1882 2580; x_wconf 86' lang='lat' dir='ltr'>scilicetac</span> <span class='ocrx_word' id='word_1_408' title='bbox 1902 2536 1938 2580; x_wconf 85' lang='lat' dir='ltr'>si</span> 
     </span>
     <span class='ocr_line' id='line_1_40' title="bbox 75 2589 498 2645; baseline 0.007 -14"><span class='ocrx_word' id='word_1_409' title='bbox 75 2591 198 2633; x_wconf 90' lang='lat' dir='ltr'>esset</span> <span class='ocrx_word' id='word_1_410' title='bbox 211 2589 498 2645; x_wconf 88' lang='lat' dir='ltr'>peregrinus.</span> 
     </span>
    </p>

    <p class='ocr_par' dir='ltr' id='par_1_10' title="bbox 74 2650 1942 3257">
     <span class='ocr_line' id='line_1_41' title="bbox 128 2650 1941 2712; baseline 0.003 -17"><span class='ocrx_word' id='word_1_411' title='bbox 128 2650 194 2696; x_wconf 83' lang='lat' dir='ltr'>Ad</span> <span class='ocrx_word' id='word_1_412' title='bbox 223 2654 420 2707; x_wconf 79' lang='lat' dir='ltr'>primum</span> <span class='ocrx_word' id='word_1_413' title='bbox 442 2663 551 2709; x_wconf 86' lang='lat' dir='ltr'>ergo</span> <span class='ocrx_word' id='word_1_414' title='bbox 574 2652 839 2708; x_wconf 87' lang='lat' dir='ltr'>dicendum,</span> <span class='ocrx_word' id='word_1_415' title='bbox 861 2652 1003 2710; x_wconf 78' lang='lat' dir='ltr'>quod,</span> <span class='ocrx_word' id='word_1_416' title='bbox 1030 2652 1150 2698; x_wconf 87' lang='lat' dir='ltr'>sicut</span> <span class='ocrx_word' id='word_1_417' title='bbox 1170 2653 1454 2709; x_wconf 85' lang='lat' dir='ltr'>Augustinus</span> <span class='ocrx_word' id='word_1_418' title='bbox 1475 2652 1584 2698; x_wconf 91' lang='lat' dir='ltr'>dicit</span> <span class='ocrx_word' id='word_1_419' title='bbox 1609 2657 1693 2708; x_wconf 86' lang='lat' dir='ltr'>(De</span> <span class='ocrx_word' id='word_1_420' title='bbox 1723 2656 1941 2712; x_wconf 80' lang='lat' dir='ltr'>quaestio-</span> 
     </span>
     <span class='ocr_line' id='line_1_42' title="bbox 74 2709 1942 2772; baseline 0.004 -16"><span class='ocrx_word' id='word_1_421' title='bbox 74 2709 173 2756; x_wconf 89' lang='lat' dir='ltr'>nib.</span> <span class='ocrx_word' id='word_1_422' title='bbox 187 2723 349 2768; x_wconf 85' lang='lat' dir='ltr'>evang.</span> <span class='ocrx_word' id='word_1_423' title='bbox 374 2713 453 2758; x_wconf 88' lang='lat' dir='ltr'>lib.</span> <span class='ocrx_word' id='word_1_424' title='bbox 477 2727 522 2770; x_wconf 85' lang='lat'>11,</span> <span class='ocrx_word' id='word_1_425' title='bbox 543 2718 702 2770; x_wconf 82' lang='lat' dir='ltr'>quaest.</span> <span class='ocrx_word' id='word_1_426' title='bbox 727 2714 812 2759; x_wconf 86' lang='lat' dir='ltr'>ult.</span> <span class='ocrx_word' id='word_1_427' title='bbox 835 2714 885 2758; x_wconf 88' lang='lat' dir='ltr'>in</span> <span class='ocrx_word' id='word_1_428' title='bbox 904 2714 1087 2771; x_wconf 72' lang='lat' dir='ltr'>princ),</span> <span class='ocrx_word' id='word_1_429' title='bbox 1111 2731 1131 2752; x_wconf 89' lang='lat'><strong><em>«</em></strong></span> <span class='ocrx_word' id='word_1_430' title='bbox 1155 2727 1249 2758; x_wconf 89' lang='lat' dir='ltr'>non</span> <span class='ocrx_word' id='word_1_431' title='bbox 1266 2727 1404 2759; x_wconf 91' lang='lat' dir='ltr'>omne</span> <span class='ocrx_word' id='word_1_432' title='bbox 1429 2715 1552 2771; x_wconf 90' lang='lat' dir='ltr'>quod</span> <span class='ocrx_word' id='word_1_433' title='bbox 1570 2715 1789 2772; x_wconf 88' lang='lat' dir='ltr'>fingimus</span> <span class='ocrx_word' id='word_1_434' title='bbox 1808 2729 1942 2763; x_wconf 88' lang='lat' dir='ltr'>men-</span> 
     </span>
     <span class='ocr_line' id='line_1_43' title="bbox 75 2772 1940 2834; baseline 0.005 -18"><span class='ocrx_word' id='word_1_435' title='bbox 75 2772 259 2818; x_wconf 87' lang='lat' dir='ltr'>dacium</span> <span class='ocrx_word' id='word_1_436' title='bbox 282 2778 376 2831; x_wconf 80' lang='lat' dir='ltr'>est3</span> <span class='ocrx_word' id='word_1_437' title='bbox 403 2775 488 2820; x_wconf 88' lang='lat' dir='ltr'>sed</span> <span class='ocrx_word' id='word_1_438' title='bbox 508 2775 695 2833; x_wconf 88' lang='lat' dir='ltr'>quando</span> <span class='ocrx_word' id='word_1_439' title='bbox 717 2775 831 2822; x_wconf 93' lang='lat' dir='ltr'>illud</span> <span class='ocrx_word' id='word_1_440' title='bbox 849 2775 1071 2832; x_wconf 89' lang='lat' dir='ltr'>fingimus</span> <span class='ocrx_word' id='word_1_441' title='bbox 1089 2776 1214 2832; x_wconf 90' lang='lat' dir='ltr'>quod</span> <span class='ocrx_word' id='word_1_442' title='bbox 1242 2776 1356 2821; x_wconf 91' lang='lat' dir='ltr'>nihil</span> <span class='ocrx_word' id='word_1_443' title='bbox 1377 2778 1433 2829; x_wconf 85' lang='lat'>(1)</span> <span class='ocrx_word' id='word_1_444' title='bbox 1462 2776 1844 2834; x_wconf 85' lang='lat' dir='ltr'>significat,‘tunc</span> <span class='ocrx_word' id='word_1_445' title='bbox 1870 2784 1940 2825; x_wconf 81' lang='lat' dir='ltr'>est</span> 
     </span>
     <span class='ocr_line' id='line_1_44' title="bbox 75 2834 1938 2899; baseline 0.004 -20"><span class='ocrx_word' id='word_1_446' title='bbox 75 2834 393 2893; x_wconf 78' lang='lat' dir='ltr'>mendacium3</span> <span class='ocrx_word' id='word_1_447' title='bbox 413 2840 520 2881; x_wconf 81' lang='grc'><strong>311111</strong></span> <span class='ocrx_word' id='word_1_448' title='bbox 541 2841 694 2882; x_wconf 87' lang='grc'><strong>31113111</strong></span> <span class='ocrx_word' id='word_1_449' title='bbox 712 2837 836 2883; x_wconf 91' lang='lat' dir='ltr'>fictio</span> <span class='ocrx_word' id='word_1_450' title='bbox 858 2843 1016 2883; x_wconf 89' lang='lat' dir='ltr'>nostra</span> <span class='ocrx_word' id='word_1_451' title='bbox 1040 2839 1235 2883; x_wconf 86' lang='lat' dir='ltr'>refertur</span> <span class='ocrx_word' id='word_1_452' title='bbox 1254 2838 1303 2883; x_wconf 91' lang='lat' dir='ltr'>in</span> <span class='ocrx_word' id='word_1_453' title='bbox 1322 2838 1523 2895; x_wconf 85' lang='lat' dir='ltr'>aliquam</span> <span class='ocrx_word' id='word_1_454' title='bbox 1541 2839 1938 2899; x_wconf 85' lang='lat' dir='ltr'>significationem,</span> 
     </span>
     <span class='ocr_line' id='line_1_45' title="bbox 75 2897 1941 2958; baseline 0.004 -19"><span class='ocrx_word' id='word_1_455' title='bbox 75 2907 171 2940; x_wconf 90' lang='lat' dir='ltr'>non</span> <span class='ocrx_word' id='word_1_456' title='bbox 188 2902 260 2941; x_wconf 88' lang='lat' dir='ltr'>est</span> <span class='ocrx_word' id='word_1_457' title='bbox 275 2897 584 2956; x_wconf 89' lang='lat' dir='ltr'>mendacium,</span> <span class='ocrx_word' id='word_1_458' title='bbox 601 2899 683 2944; x_wconf 88' lang='lat' dir='ltr'>sed</span> <span class='ocrx_word' id='word_1_459' title='bbox 706 2898 857 2956; x_wconf 87' lang='lat' dir='ltr'>aliqua</span> <span class='ocrx_word' id='word_1_460' title='bbox 871 2897 1022 2957; x_wconf 83' lang='lat' dir='ltr'>figura</span> <span class='ocrx_word' id='word_1_461' title='bbox 1041 2900 1261 2957; x_wconf 86' lang='lat' dir='ltr'>veritatis,</span> <span class='ocrx_word' id='word_1_462' title='bbox 1286 2900 1489 2956; x_wconf 89' lang='lat' dir='ltr'>alioquin</span> <span class='ocrx_word' id='word_1_463' title='bbox 1512 2901 1668 2944; x_wconf 89' lang='lat' dir='ltr'>omnia</span> <span class='ocrx_word' id='word_1_464' title='bbox 1685 2913 1791 2958; x_wconf 86' lang='lat' dir='ltr'>quae</span> <span class='ocrx_word' id='word_1_465' title='bbox 1815 2902 1842 2946; x_wconf 80' lang='lat' dir='ltr'>a</span> <span class='ocrx_word' id='word_1_466' title='bbox 1862 2910 1941 2948; x_wconf 75' lang='lat' dir='ltr'>sa-&#39;</span> 
     </span>
     <span class='ocr_line' id='line_1_46' title="bbox 74 2957 1938 3023; baseline 0.005 -21"><span class='ocrx_word' id='word_1_467' title='bbox 74 2957 307 3014; x_wconf 89' lang='lat' dir='ltr'>pientibus</span> <span class='ocrx_word' id='word_1_468' title='bbox 328 2964 376 3005; x_wconf 86' lang='lat' dir='ltr'>et</span> <span class='ocrx_word' id='word_1_469' title='bbox 398 2960 570 3005; x_wconf 88' lang='lat' dir='ltr'>sanctis</span> <span class='ocrx_word' id='word_1_470' title='bbox 596 2961 724 3019; x_wconf 78' lang='lat' dir='ltr'>viris,</span> <span class='ocrx_word' id='word_1_471' title='bbox 747 2961 821 3006; x_wconf 80' lang='lat' dir='ltr'>vel</span> <span class='ocrx_word' id='word_1_472' title='bbox 850 2964 989 3008; x_wconf 89' lang='lat' dir='ltr'>etiam</span> <span class='ocrx_word' id='word_1_473' title='bbox 1016 2962 1074 3007; x_wconf 88' lang='lat' dir='ltr'>ab</span> <span class='ocrx_word' id='word_1_474' title='bbox 1106 2963 1206 3020; x_wconf 88' lang='lat' dir='ltr'>ipso</span> <span class='ocrx_word' id='word_1_475' title='bbox 1225 2963 1417 3007; x_wconf 91' lang='lat' dir='ltr'>Domino</span> <span class='ocrx_word' id='word_1_476' title='bbox 1440 2963 1633 3019; x_wconf 81' lang='lat' dir='ltr'>figurate</span> <span class='ocrx_word' id='word_1_477' title='bbox 1662 2964 1781 3009; x_wconf 90' lang='lat' dir='ltr'>dicta</span> <span class='ocrx_word' id='word_1_478' title='bbox 1814 2971 1938 3023; x_wconf 91' lang='lat' dir='ltr'>sunt,</span> 
     </span>
     <span class='ocr_line' id='line_1_47' title="bbox 75 3020 1941 3080; baseline 0.004 -16"><span class='ocrx_word' id='word_1_479' title='bbox 75 3020 316 3065; x_wconf 86' lang='lat' dir='ltr'>mendacia</span> <span class='ocrx_word' id='word_1_480' title='bbox 333 3021 705 3079; x_wconf 88' lang='lat' dir='ltr'>deputabuntur,</span> <span class='ocrx_word' id='word_1_481' title='bbox 729 3024 838 3080; x_wconf 88' lang='lat' dir='ltr'>quia</span> <span class='ocrx_word' id='word_1_482' title='bbox 860 3025 1116 3070; x_wconf 81' lang='lat' dir='ltr'>secundum</span> <span class='ocrx_word' id='word_1_483' title='bbox 1145 3025 1367 3070; x_wconf 88' lang='lat' dir='ltr'>usitatum</span> <span class='ocrx_word' id='word_1_484' title='bbox 1397 3025 1681 3070; x_wconf 90' lang='lat' dir='ltr'>intellectum</span> <span class='ocrx_word' id='word_1_485' title='bbox 1709 3038 1803 3070; x_wconf 90' lang='lat' dir='ltr'>non</span> <span class='ocrx_word' id='word_1_486' title='bbox 1824 3039 1941 3072; x_wconf 92' lang='lat' dir='ltr'>con-</span> 
     </span>
     <span class='ocr_line' id='line_1_48' title="bbox 76 3080 1939 3145; baseline 0.005 -20"><span class='ocrx_word' id='word_1_487' title='bbox 76 3080 194 3126; x_wconf 86' lang='lat' dir='ltr'>sistit</span> <span class='ocrx_word' id='word_1_488' title='bbox 212 3083 381 3128; x_wconf 82' lang='lat' dir='ltr'>veritas</span> <span class='ocrx_word' id='word_1_489' title='bbox 402 3083 451 3129; x_wconf 91' lang='lat' dir='ltr'>in</span> <span class='ocrx_word' id='word_1_490' title='bbox 476 3083 644 3130; x_wconf 88' lang='lat' dir='ltr'>talibus</span> <span class='ocrx_word' id='word_1_491' title='bbox 661 3085 809 3130; x_wconf 90' lang='lat' dir='ltr'>dictis.</span> <span class='ocrx_word' id='word_1_492' title='bbox 835 3086 960 3131; x_wconf 88' lang='lat' dir='ltr'>Sicut</span> <span class='ocrx_word' id='word_1_493' title='bbox 988 3092 1143 3132; x_wconf 88' lang='lat' dir='ltr'>autem</span> <span class='ocrx_word' id='word_1_494' title='bbox 1165 3087 1304 3145; x_wconf 86' lang='lat' dir='ltr'>dicta,</span> <span class='ocrx_word' id='word_1_495' title='bbox 1323 3086 1386 3131; x_wconf 89' lang='lat' dir='ltr'>ita</span> <span class='ocrx_word' id='word_1_496' title='bbox 1406 3087 1545 3132; x_wconf 89' lang='lat' dir='ltr'>etiam</span> <span class='ocrx_word' id='word_1_497' title='bbox 1564 3087 1804 3144; x_wconf 88' lang='lat' dir='ltr'>finguntur</span> <span class='ocrx_word' id='word_1_498' title='bbox 1820 3090 1939 3135; x_wconf 88' lang='lat' dir='ltr'>facta</span> 
     </span>
     <span class='ocr_line' id='line_1_49' title="bbox 75 3143 1939 3209; baseline 0.004 -20"><span class='ocrx_word' id='word_1_499' title='bbox 75 3143 177 3189; x_wconf 85' lang='lat' dir='ltr'>sine</span> <span class='ocrx_word' id='word_1_500' title='bbox 201 3146 457 3204; x_wconf 87' lang='lat' dir='ltr'>mendacio,</span> <span class='ocrx_word' id='word_1_501' title='bbox 477 3147 536 3192; x_wconf 88' lang='lat' dir='ltr'>ad</span> <span class='ocrx_word' id='word_1_502' title='bbox 557 3147 758 3205; x_wconf 88' lang='lat' dir='ltr'>aliquam</span> <span class='ocrx_word' id='word_1_503' title='bbox 780 3160 878 3193; x_wconf 86' lang='lat' dir='ltr'>rem</span> <span class='ocrx_word' id='word_1_504' title='bbox 897 3146 1265 3206; x_wconf 87' lang='lat' dir='ltr'>significandam.</span> <span class='ocrx_word' id='word_1_505' title='bbox 1291 3167 1312 3190; x_wconf 82' lang='grc'><em>»</em></span> <span class='ocrx_word' id='word_1_506' title='bbox 1341 3152 1396 3195; x_wconf 89' lang='grc' dir='ltr'>Ε1</span> <span class='ocrx_word' id='word_1_507' title='bbox 1415 3150 1480 3194; x_wconf 86' lang='grc'>113</span> <span class='ocrx_word' id='word_1_508' title='bbox 1498 3152 1672 3195; x_wconf 82' lang='lat' dir='ltr'>factum</span> <span class='ocrx_word' id='word_1_509' title='bbox 1687 3155 1758 3196; x_wconf 89' lang='lat' dir='ltr'>est</span> <span class='ocrx_word' id='word_1_510' title='bbox 1777 3151 1866 3209; x_wconf 87' lang='lat' dir='ltr'>hic,</span> <span class='ocrx_word' id='word_1_511' title='bbox 1887 3158 1939 3197; x_wconf 88' lang='lat' dir='ltr'>ut</span> 
     </span>
     <span class='ocr_line' id='line_1_50' title="bbox 74 3205 1514 3257; baseline 0.008 -6"><span class='ocrx_word' id='word_1_512' title='bbox 74 3205 248 3252; x_wconf 88' lang='lat' dir='ltr'>dictum</span> <span class='ocrx_word' id='word_1_513' title='bbox 263 3212 350 3253; x_wconf 83' lang='lat' dir='ltr'>est.</span> <span class='ocrx_word' id='word_1_514' title='bbox 1511 3254 1514 3257; x_wconf 59' lang='grc'>,</span> 
     </span>
    </p>

    <p class='ocr_par' dir='ltr' id='par_1_11' title="bbox 75 3269 1943 3394">
     <span class='ocr_line' id='line_1_51' title="bbox 129 3269 1943 3331; baseline 0.004 -16"><span class='ocrx_word' id='word_1_515' title='bbox 129 3269 196 3315; x_wconf 86' lang='lat' dir='ltr'>Ad</span> <span class='ocrx_word' id='word_1_516' title='bbox 226 3272 469 3316; x_wconf 82' lang='lat' dir='ltr'>secundum</span> <span class='ocrx_word' id='word_1_517' title='bbox 494 3271 740 3317; x_wconf 90' lang='lat' dir='ltr'>dicendum</span> <span class='ocrx_word' id='word_1_518' title='bbox 754 3305 766 3328; x_wconf 88' lang='lat'>,</span> <span class='ocrx_word' id='word_1_519' title='bbox 802 3272 924 3330; x_wconf 83' lang='lat' dir='ltr'>quod</span> <span class='ocrx_word' id='word_1_520' title='bbox 937 3306 949 3330; x_wconf 93' lang='lat'>,</span> <span class='ocrx_word' id='word_1_521' title='bbox 987 3274 1107 3319; x_wconf 87' lang='lat' dir='ltr'>sicut</span> <span class='ocrx_word' id='word_1_522' title='bbox 1133 3274 1417 3331; x_wconf 86' lang='lat' dir='ltr'>Augustinus</span> <span class='ocrx_word' id='word_1_523' title='bbox 1452 3274 1562 3320; x_wconf 92' lang='lat' dir='ltr'>dicit</span> <span class='ocrx_word' id='word_1_524' title='bbox 1593 3277 1670 3330; x_wconf 84' lang='lat' dir='ltr'>(De</span> <span class='ocrx_word' id='word_1_525' title='bbox 1706 3288 1943 3322; x_wconf 87' lang='lat' dir='ltr'>consensu.</span> 
     </span>
     <span class='ocr_line' id='line_1_52' title="bbox 75 3330 1935 3394; baseline 0.005 -21"><span class='ocrx_word' id='word_1_526' title='bbox 75 3330 246 3387; x_wconf 86' lang='lat' dir='ltr'>Evang.</span> <span class='ocrx_word' id='word_1_527' title='bbox 267 3331 346 3376; x_wconf 91' lang='lat' dir='ltr'>lib.</span> <span class='ocrx_word' id='word_1_528' title='bbox 370 3345 430 3388; x_wconf 90' lang='lat'>111,</span> <span class='ocrx_word' id='word_1_529' title='bbox 454 3345 554 3390; x_wconf 86' lang='lat' dir='ltr'>cap.</span> <span class='ocrx_word' id='word_1_530' title='bbox 578 3337 649 3390; x_wconf 75' lang='lat'>25,</span> <span class='ocrx_word' id='word_1_531' title='bbox 671 3333 791 3377; x_wconf 90' lang='lat' dir='ltr'>inter</span> <span class='ocrx_word' id='word_1_532' title='bbox 813 3334 959 3390; x_wconf 87' lang='lat' dir='ltr'>princ.</span> <span class='ocrx_word' id='word_1_533' title='bbox 984 3338 1030 3379; x_wconf 90' lang='lat' dir='ltr'>et</span> <span class='ocrx_word' id='word_1_534' title='bbox 1049 3335 1215 3390; x_wconf 88' lang='lat' dir='ltr'>med.):</span> <span class='ocrx_word' id='word_1_535' title='bbox 1243 3336 1494 3381; x_wconf 88' lang='lat' dir='ltr'>«Dominus</span> <span class='ocrx_word' id='word_1_536' title='bbox 1517 3341 1696 3394; x_wconf 88' lang='lat' dir='ltr'>poterat</span> <span class='ocrx_word' id='word_1_537' title='bbox 1718 3339 1935 3383; x_wconf 80' lang='lat' dir='ltr'>transfor-</span> 
     </span>
    </p>
   </div>
   <div class='ocr_carea' id='block_1_6' title="bbox 116 3455 1561 3505">
    <p class='ocr_par' dir='ltr' id='par_1_12' title="bbox 116 3455 1561 3505">
     <span class='ocr_line' id='line_1_53' title="bbox 116 3455 1561 3505; baseline 0.006 -14"><span class='ocrx_word' id='word_1_538' title='bbox 116 3455 161 3498; x_wconf 72' lang='grc'>(1)</span> <span class='ocrx_word' id='word_1_539' title='bbox 177 3456 239 3492; x_wconf 76' lang='lat' dir='ltr'>ffio</span> <span class='ocrx_word' id='word_1_540' title='bbox 269 3458 535 3494; x_wconf 83' lang='lat' dir='ltr'>subaudiendum</span> <span class='ocrx_word' id='word_1_541' title='bbox 554 3463 605 3495; x_wconf 82' lang='lat' dir='ltr'>est</span> <span class='ocrx_word' id='word_1_542' title='bbox 624 3459 710 3495; x_wconf 88' lang='lat' dir='ltr'>nihil</span> <span class='ocrx_word' id='word_1_543' title='bbox 737 3461 826 3502; x_wconf 72' lang='lat' dir='ltr'>quod</span> <span class='ocrx_word' id='word_1_544' title='bbox 845 3471 961 3496; x_wconf 78' lang='lat' dir='ltr'>verum</span> <span class='ocrx_word' id='word_1_545' title='bbox 976 3461 1032 3504; x_wconf 87' lang='lat' dir='ltr'>sit,</span> <span class='ocrx_word' id='word_1_546' title='bbox 1046 3462 1103 3497; x_wconf 83' lang='lat' dir='ltr'>sed</span> <span class='ocrx_word' id='word_1_547' title='bbox 1118 3463 1247 3498; x_wconf 67' lang='lat' dir='ltr'>tantum</span> <span class='ocrx_word' id='word_1_548' title='bbox 1263 3464 1352 3505; x_wconf 74' lang='lat' dir='ltr'>quod</span> <span class='ocrx_word' id='word_1_549' title='bbox 1367 3464 1485 3500; x_wconf 86' lang='lat' dir='ltr'>falsum</span> <span class='ocrx_word' id='word_1_550' title='bbox 1503 3468 1561 3499; x_wconf 78' lang='lat' dir='ltr'>est.</span> 
     </span>
    </p>
   </div>
  </div>
 </body>
</html>
