2170 3808
203 202 286 244 248
860 197 1059 251 QUAEST.
1088 197 1215 252 XXX,
1245 196 1364 240 ART.
1395 196 1449 240 11.

203 280 552 338 intelligendam
566 278 873 336 quaestionem
893 290 997 335 quae
1012 277 1199 334 ponitur
1220 278 1324 331 (lsa.
1350 291 1475 334 11101,-
1488 279 1556 333 1):
1576 279 1686 334 Quis
1707 280 1772 330 est
1789 279 1873 321 iste
1895 278 1972 332 qui
1991 281 2110 324 venit

207 343 261 386 de
285 344 435 387 Edem
456 340 554 397 (11)?
569 343 689 397 Ergo
703 340 888 386 videtur
911 338 1036 396 quod
1058 350 1141 395 per
1170 338 1352 383 nullum
1375 339 1597 397 angelum
1614 338 1767 396 potuit
1784 336 2111 384 convenienter

205 403 496 449 annuntiatio
511 401 846 446 incarnationis
859 401 975 446 fieri.

260 469 304 510 4.
326 463 568 519 Praeterea,
590 463 770 521 majora
794 467 906 508 sunt
926 475 1010 520 per
1030 460 1234 519 majores
1255 461 1447 507 nuntios
1466 460 1806 507 annuntianda.
1829 460 1918 506 Sed
1935 465 2113 519 myste-

206 527 328 572 rium
352 526 691 572 incarnationis
709 530 780 571 est
794 525 1051 570 maximum
1074 524 1195 569 inter
1220 523 1377 568 omnia
1396 536 1500 581 quae
1522 537 1606 582 per
1624 523 1817 581 angelos
1837 528 1951 568 sunt
1967 523 2114 569 homi-

206 587 347 632 nibus
361 588 652 632 annuntiata.
671 589 789 644 Ergo
808 587 992 632 videtur
1006 585 1132 643 quod
1147 585 1186 630 si
1204 598 1288 643 per
1303 586 1507 643 aliquem
1521 585 1743 644 angelum
1760 585 1923 631 debuit
1937 597 2115 630 annun·

207 650 325 706 tiari,
343 650 422 695 ille
441 649 656 696 debuerit
668 662 776 694 esse
791 649 849 694 de
868 660 1088 705 supremo
1099 647 1277 693 ordine.
1301 647 1390 693 Sed
1409 648 1591 693 Gabriel
1609 660 1705 693 non
1720 651 1794 693 est
1813 646 1872 693 de
1895 659 2114 705 supremo
2159 674 2162 675 ν

206 713 384 768 ordine,
408 713 516 757 cum
540 713 601 757 sit
619 712 677 757 de
695 711 857 756 ordine
877 709 1279 767 archangelorum,
1300 710 1381 767 qui
1399 714 1472 755 est
1492 710 1808 768 penultimus:
1825 709 1952 755 unde
1969 709 2116 756 Eccle-

207 774 277 819 sia
288 779 447 819 cantat
461 790 472 819 :
489 775 747 819 Gabrielem
760 772 1086 830 archanqelum
1095 775 1260 816 scimus
1277 773 1500 817 divinitas
1513 773 1556 817 te
1567 786 1660 818 esse
1671 774 1882 828 affatum.
1895 774 1992 817 Non
2005 783 2116 830 ergo

207 835 476 894 huJusmodi
492 835 787 880 annuntiatio
805 846 890 892 per
910 833 1167 879 Gabrielem
1181 833 1515 894 archangelum
1535 834 1868 880 convenienter
1887 834 2008 879 facta
2027 837 2114 880 est.

263 897 352 942 Sed
385 900 546 940 contra
564 901 636 940 est
661 895 788 953 quod
818 895 987 940 dicitur
1017 897 1144 950 (Luc.
1172 909 1210 952 1,
1236 897 1308 950 26)
1335 911 1346 940 :
1372 898 1534 939 Missus
1565 900 1632 941 est
1661 895 1851 941 Gabriel
1874 895 2062 952 anqelus
2086 896 2116 940 ὰ

208 961 318 1014 Dee,
340 963 429 1002 etc.
2164 962 2165 966 ’

253 1032 546 1072 CONCLUSIO.
563 1054 611 1058 —
634 1031 739 1071 Gum
757 1030 902 1070 divina
921 1030 1128 1071 ordinatio
1147 1031 1345 1082 postulet,
1365 1035 1414 1071 ut
1433 1030 1718 1072 mediantibus
1731 1031 1892 1082 angelis
1909 1030 1964 1071 ad
1982 1030 2116 1071 homi·

210 1098 282 1128 nes
303 1085 448 1126 divina
467 1086 724 1137 perveniant,
747 1085 996 1126 conveniens
1015 1086 1119 1135 fuit,
1143 1088 1188 1124 ut
1209 1087 1461 1138 mysterium
1493 1086 1647 1126 divinae
1672 1086 1973 1127 Incarnationis
1995 1084 2119 1127 matri
2163 1104 2165 1106 ·

208 1141 281 1183 Dei
300 1152 370 1192 per
385 1140 582 1192 angelum
601 1140 936 1181 annuntiaretur.

262 1203 538 1259 Respondeo
564 1203 814 1248 dicendum
839 1202 965 1260 quod
986 1202 1274 1251 conveniens
1287 1201 1376 1247 fuit
1392 1203 1530 1248 matri
1548 1203 1628 1248 Dei
1648 1204 1919 1249 annuntiari
1933 1216 2019 1262 per
2035 1216 2118 1249 an·

209 1264 366 1322 gelum
389 1266 564 1310 divinae
578 1265 917 1310 incarnationis
940 1264 1235 1321 mysterium,
1262 1269 1454 1322 propter
1472 1265 1577 1310 tria.
1600 1265 1752 1310 Primo
1772 1265 1977 1323 quidem,
2001 1266 2120 1312 utin

207 1327 296 1371 hoc
309 1328 448 1372 etiam
467 1331 732 1372 servaretur
742 1327 900 1373 divina
915 1326 1161 1383 ordinatio,
1179 1327 1438 1372 secundum
1454 1340 1596 1384 quam
1612 1327 1926 1373 mediantibus
1939 1327 2119 1384 angelis

208 1389 364 1434 div1na
386 1390 446 1435 ad
458 1390 675 1435 homines
689 1390 991 1446 perveniunt:
1006 1389 1134 1434 unde
1155 1389 1407 1446 Dionysius
1427 1388 1539 1435 dicit
1553 1389 1751 1445 (Coelest.
1771 1390 2115 1449 hierarch.cap.
2155 1384 2170 1426 Ὗ

208 1455 251 1509 4,
290 1451 318 1495 ἐι
349 1452 508 1508 med),
541 1452 668 1510 quod
706 1470 725 1490 α
757 1451 969 1498 divinum
1003 1453 1114 1497 Jesu
1142 1451 1446 1508 benignitatis
1475 1451 1751 1509 mysterium
1785 1451 1940 1508 angeli
1970 1452 2118 1509 primo
2159 1460 2170 1477 1'

207 1513 359 1559 edocti
383 1518 521 1569 sunt3
547 1517 710 1571 postea
734 1525 819 1570 per
840 1514 970 1570 ipsos
989 1513 1049 1558 ad
1073 1525 1162 1558 nos
1181 1513 1463 1570 cognitionis
1487 1514 1638 1570 gratia
1657 1513 1890 1558 transivit.
1915 1513 1988 1559 Sic
2007 1526 2119 1572 ergo
2163 1516 2168 1532 '¹

208 1575 529 1621 divinissimus
543 1575 725 1620 Gabriel
735 1576 1001 1621 Zachariam
1017 1575 1207 1632 quidem
1222 1575 1395 1633 docuit,
1411 1576 1686 1634 prophetam
1700 1578 1927 1621 loannem
1941 1588 2001 1622 ex
2017 1577 2119 1635 ipso
2158 1583 2163 1634 j

208 1638 521 1694 n-asciturum3
545 1637 731 1682 Mariam
750 1641 924 1695 autem,
946 1637 1181 1695 quomodo
1203 1636 1252 1682 in
1274 1637 1377 1694 ipsa
1398 1634 1533 1684 fieret
1547 1637 1867 1683 thearchicam
1886 1639 1945 1693 (2)
1960 1637 2119 1684 ineffa-

207 1699 314 1745 bilis
343 1699 420 1744 Dei
450 1699 742 1744 formationis
771 1699 1065 1758 mysterium.
1084 1719 1104 1739 »
1132 1699 1358 1756 Secundo,
1383 1699 1473 1745 hoc
1505 1699 1594 1744 fuit
1617 1699 1906 1745 conveniens
1929 1712 2118 1756 repara-

207 1761 320 1806 tioni
343 1762 578 1819 humanae,
597 1775 703 1819 quae
721 1761 879 1806 futura
895 1766 997 1807 erat
1015 1774 1100 1819 per
1117 1762 1372 1819 Christum3
1394 1761 1522 1807 unde
1535 1762 1658 1807 Beda
1676 1761 1788 1807 dicit
1806 1761 1871 1816 (in
1886 1761 2047 1807 homil.
2070 1763 2117 1809 in

207 1824 328 1869 festo
356 1828 561 1869 Annunt.
587 1825 636 1869 in
666 1825 816 1882 princ.
851 1829 899 1870 et
930 1829 1002 1870 est
1033 1824 1156 1869 inter
1177 1825 1402 1870 hiemales
1424 1825 1482 1870 de
1507 1826 1626 1880 SS.):
1654 1842 1676 1864 κ
1699 1827 1867 1882 Aptum
1899 1824 2116 1872 humanae

207 1887 561 1933 restaurationis
589 1887 874 1945 principium
898 1891 953 1932 ut
980 1887 1178 1945 angelus
1202 1888 1230 1932 a
1254 1891 1345 1933 Deo
1363 1888 1624 1933 mitteretur
1644 1888 1703 1934 ad
1724 1886 1957 1945 Virginem
1982 1893 2119 1944 partu

207 1949 576 1994 consecrandam
601 1949 775 2005 divinO,
792 1948 904 2006 quia
918 1950 1070 2006 prima
1089 1950 1364 2007 perditionis
1377 1950 1598 1995 humanae
1615 1949 1706 1995 fuit
1723 1962 1885 2008 causa,
1902 1953 2011 1995 oiim
2026 1963 2119 1996 ser-

206 2023 325 2067 pens
350 2012 377 2055 a
399 2012 584 2056 diabolo
612 2012 889 2057 mittebatur
918 2012 978 2056 ad
1010 2012 1256 2058 mulierem
1281 2013 1446 2070 spiritu
1469 2011 1701 2070 superbiae
1729 2013 2066 2070 decipiendam.
2093 2031 2116 2054 a
2162 2051 2163 2054 ,

206 2071 371 2130 Tertio,
383 2073 493 2130 quia
507 2073 597 2118 hoc
617 2073 907 2130 congruebat
926 2074 1179 2130 virginitati
1204 2074 1369 2120 matris
1385 2074 1492 2131 Dei3
1513 2074 1641 2120 unde
1652 2073 1963 2132 Hieronymus
1981 2074 2120 2130 (alius
2160 2121 2162 2125 .

208 2137 386 2189 auctor)
406 2134 594 2190 dicit(in
611 2147 752 2180 serm.
784 2137 1141 2193 Assumptionis,
1163 2137 1286 2181 inter
1305 2136 1454 2193 princ.
1482 2141 1529 2182 et
1545 2135 1687 2191 med.)
1704 2150 1715 2178 τ
1737 2153 1759 2174 «ι
1781 2138 1905 2181 Bene
1922 2136 2120 2193 angelus
2156 2135 2166 2189 ¹3'

209 2195 268 2243 ad
282 2197 517 2253 Virginem
532 2197 752 2243 mittitur:
781 2198 891 2255 quia
910 2210 1096 2255 semper
1116 2204 1188 2243 est
1206 2198 1387 2256 angelis
1405 2202 1604 2255 cognata
1615 2197 1875 2255 virginitas.
1893 2199 2117 2253 Profecto,
2149 2198 2162 2207 ”

208 2256 258 2301 in
276 2269 419 2302 carne
440 2265 607 2314 praeter
621 2271 813 2304 carnem
834 2259 1006 2317 vivere,
1028 2273 1122 2304 non
1140 2264 1324 2305 terrena
1349 2260 1446 2305 vita
1467 2264 1558 2316 est,
1582 2260 1666 2305 sed
1683 2258 1906 2304 coelestis.
1926 2278 1947 2299 ι»
2158 2260 2170 2314 ᾗ

265 2319 332 2364 Ad
348 2322 547 2376 primum
563 2333 677 2377 ergo
701 2321 974 2378 dicendum,
996 2322 1122 2378 quod
1144 2329 1294 2367 mater
1315 2321 1394 2367 Dei
1417 2322 1631 2380 superior
1653 2326 1755 2367 erat
1767 2322 1949 2380 angelis
1969 2335 2118 2380 quan·
2154 2327 2160 2338 ⁹

211 2381 310 2426 10111
327 2382 386 2426 ad
409 2381 699 2440 dignitatem,
717 2384 778 2429 ad
796 2396 940 2441 quam
960 2384 1181 2429 divinitus
1205 2384 1487 2442 eligebatur,
1514 2385 1598 2430 sed
1614 2385 1845 2442 quantum
1862 2384 1923 2430 ad
1943 2389 2118 2432 statum
2164 2442 2170 2445 ξ

208 2442 453 2499 praesentis
474 2443 597 2500 vitae,
611 2444 802 2489 inferior
816 2451 917 2490 erat
936 2445 1134 2502 angelis,
1151 2446 1262 2502 quia
1285 2446 1446 2503 etipse
1465 2446 1675 2492 Christus
1691 2446 1873 2492 ratione
1886 2446 2118 2503 passibilis
2155 2471 2170 2486 κ

208 2503 317 2549 vitae
337 2505 514 2548 modico
546 2506 604 2549 ab
629 2506 804 2562 anqelis
827 2509 1086 2550 minoratus
1112 2511 1192 2564 est,
1224 2512 1276 2552 ut
1300 2507 1472 2553 dicitur
1506 2508 1658 2562 (Hebr.
1684 2521 1732 2566 11,
1766 2510 1825 2563 9).
1851 2508 1940 2553 Sed
1961 2515 2117 2556 tamen

208 2565 319 2622 quia
340 2566 547 2611 Christus
568 2567 707 2611 simul
723 2568 811 2613 fuit
826 2569 975 2613 viator
992 2573 1039 2613 et
1058 2570 1438 2627 comprehensor,
1468 2570 1696 2627 quantum
1719 2569 1779 2614 ad
1799 2567 2117 2626 cognitionem

208 2626 475 2672 divinorum
496 2642 591 2673 non
610 2629 850 2685 indigebat
867 2631 927 2675 ab
951 2631 1133 2687 angelis
1156 2631 1343 2678 instrui.
1363 2632 1451 2677 Sed
1466 2635 1605 2677 Mater
1621 2631 1703 2677 Dei
1718 2631 1931 2677 nondum
1951 2635 2115 2680 eratin

208 2692 334 2734 51010
350 2690 795 2746 comprehensorum
809 2707 821 2748 3
841 2698 887 2737 et
906 2692 1010 2737 ideo
1033 2693 1091 2738 de
1106 2692 1266 2739 divino
1283 2699 1515 2752 conceptu
1528 2706 1613 2752 per
1635 2693 1829 2750 angelos
1842 2693 2117 2742 instruenda

208 2755 323 2798 erat.
2160 2765 2161 2769 ’

262 2814 330 2859 Ad
352 2815 596 2858 secundum
617 2814 885 2872 dicendum,
906 2815 1048 2873 quod,
1074 2816 1197 2861 sicut
1226 2817 1515 2874 Augustinus
1542 2817 1681 2872 (alius
1710 2819 1888 2873 auctor)
1912 2817 2025 2864 dicit
2051 2820 2116 2876 (in

208 2887 349 2920 serm.
371 2877 433 2920 De
458 2877 803 2933 assumptione,
825 2890 927 2934 cap.
952 2880 995 2932 4)
1019 2893 1030 2922 :
1058 2880 1139 2923 «B.
1163 2878 1301 2936 Virgo
1329 2879 1465 2924 Maria
1487 2881 1600 2925 vera
1621 2879 1938 2926 -aestimatione
1957 2881 1985 2926 a
2014 2881 2116 2940 qui-

207 2935 409 2983 busdam
439 2938 741 2996 generalibus
764 2940 996 2997 excipitur
1020 2943 1079 2997 (3)
1102 2953 1115 2984 1
1136 2941 1246 2998 quia
1269 2954 1358 2987 nec
1383 2947 1641 2999 conceptus
1662 2941 2004 3000 multiplicavit,
2028 2956 2115 2990 nec

210 2998 299 3043 sub
317 2999 420 3056 viri,
446 3000 492 3045 id
515 3005 603 3057 est,
624 3000 795 3055 mariti,
813 3006 1042 3058 potestate
1060 3002 1164 3059 fuit,
1189 3000 1298 3060 quae
1319 3004 1636 3061 integerrimis
1659 3003 1921 3049 visceribus
1944 3004 2003 3050 de
2018 3005 2114 3063 Spi-

208 3058 302 3104 ritu
321 3065 485 3106 sancto
501 3062 734 3106 Christum
753 3062 975 3119 suscepit.
998 3081 1019 3102 »
1059 3066 1112 3108 Et
1136 3064 1240 3109 ideo
1264 3077 1359 3109 non
1385 3065 1546 3110 debuit
1569 3065 1805 3110 mediante
1823 3065 1926 3110 viro
1947 3066 2111 3112 instmi

249 3194 294 3236 (l)
324 3194 376 3229 Ad
407 3196 592 3236 passionem
624 3202 774 3240 spectat,
809 3204 846 3232 ut
873 3211 912 3234 ex
948 3199 1116 3240 adjunctis
1203 3213 1261 3243 pas
1280 3213 1347 3237 une
1367 3203 1528 3238 necessita
1545 3214 1724 3236 commune
1752 3204 1895 3238 atoutes
1911 3203 1960 3238 les
1973 3203 2112 3240 femme·

209 3242 394 3283 colligitur·
1204 3247 1394 3284 ‹Penfanter
1408 3261 1487 3286 avec
1504 3244 1654 3284 'tristesse
1673 3254 1709 3285 et
1723 3249 1806 3285 dans
1826 3251 1856 3285 10
1872 3251 1957 3293 peril
1982 3251 2023 3286 de
2036 3250 2112 3286 leur

251 3291 293 3330 (2)
315 3291 352 3325 ld
381 3295 432 3325 est
459 3292 822 3338 divino-principale
849 3295 901 3329 vel
927 3296 1117 3338 principale
1202 3293 1281 3332 rie?
1302 3298 1407 3332 Marie
1437 3310 1479 3333 011
1502 3309 1520 3331 a
1540 3300 1590 3333 ete
1621 3300 1804 3340 exemptae.
1831 3299 1964 3334 N’a-t-il
1980 3311 2038 3342 pas
2060 3299 2111 3334 ete

208 3348 292 3379 opus
308 3338 381 3373 Dei.
1201 3348 1383 3387 prononcfi,
1404 3350 1468 3381 etc.
1491 3346 1542 3380 Cf.
1559 3348 1613 3380 ‹ler
1631 3356 1780 3382 sermon
1798 3358 1866 3382 sur
1885 3347 1924 3382 Ia
1952 3347 2109 3391 Concep-

250 3386 294 3426 (5)
308 3386 469 3421 Combien
482 3400 502 3428 y
517 3388 609 3421 a-t-il
623 3383 663 3422 de
680 3389 743 3422 lois
753 3391 938 3434 generales,
953 3391 1116 3427 exclamat
1203 3394 1283 3428 tion
1311 3394 1355 3428 de
1387 3394 1425 3428 la
1453 3395 1572 3429 sainte
1608 3395 1736 3439 Vierqe
1751 3421 1761 3437 ,
1794 3399 1877 3430 tom.
1907 3403 1964 3437 xv,
1990 3406 2025 3437 p.
2054 3394 2111 3435 Η,

210 3435 409 3477 Bossuetius,
424 3436 505 3470 dont
525 3436 629 3470 Marie
646 3448 665 3471 a
681 3438 732 3471 ete
753 3439 927 3479 dispensae
940 3439 957 3474 ⁴?
975 3439 1116 3475 n’est-ce
1201 3442 1284 3476 edit.
1304 3441 1345 3474 de
1358 3439 1565 3478 Versailles).
