2170 3808
622 228 816 280 QuAEsT.
848 229 983 281 LXVI,
1015 228 1134 270 ART.
1164 228 1218 269 xi
1246 227 1310 270 ΕΤ
1338 211 1426 270 Χιι.
1889 233 1972 275 575

80 315 317 373 figuralia3
344 314 462 358 sicut
483 312 729 369 diluvium,
748 314 873 370 quod
893 314 980 358 suit
1009 314 1197 370 signum
1230 314 1372 358 nostri
1393 313 1628 371 baptismi,
1657 315 1883 371 quantum
1911 319 1971 363 ad

80 375 380 422 salvationem
403 374 609 418 fidelium
633 374 680 417 in
706 375 925 430 Ecclesia,
957 375 1079 419 sicut
1103 380 1209 418 tunc
1227 388 1387 431 paucae
1419 378 1581 419 animae
1604 378 1661 430 (1)
1683 378 1819 420 salvae
1837 380 1971 431 factae

79 441 184 481 sunt
203 441 251 479 in
270 450 398 493 arca,
415 440 469 480 ut
487 435 654 480 dicitur
673 438 721 491 (l.
744 437 861 481 Petri
878 450 941 492 ιιι,
959 440 1043 490 20).
1061 438 1191 480 Ponit
1210 438 1348 481 etiam
1375 438 1620 481 transitum
1648 439 1788 483 maris
1814 440 1970 497 Rubri,

80 498 160 556 qui
190 498 422 554 significat
454 501 667 542 nostrum
702 497 949 555 baptisma,
975 502 1202 555 quantum
1240 499 1299 543 ad
1332 499 1652 542 liberationem
1695 501 1720 542 a
1749 502 1972 548 servitute

79 560 282 616 peccati3
311 559 436 603 unde
468 562 515 603 et
539 561 784 615 Apostolus
805 560 915 605 dicit
936 563 987 614 (l.
1011 561 1214 604 Corinth.
1250 573 1292 616 x,
1325 562 1386 615 2),
1421 560 1545 616 quod
1578 575 1726 604 omnes
1750 563 1971 620 baptizati

79 623 184 664 sunt
205 623 253 663 in
284 620 399 663 nube
429 623 472 662 et
503 624 552 662 in
573 624 710 665 mari.
731 621 863 666 Ponit
889 622 1029 665 etiam
1049 621 1312 665 ablutiones
1332 621 1557 676 diversas,
1584 635 1692 678 quae
1719 623 1892 669 fiebant
1921 627 1969 670 in

81 681 221 726 veteri
263 683 380 737 tege,
407 678 761 738 praefigurantes
792 685 1005 727 nostrum
1028 683 1270 739 baptisma,
1293 683 1519 739 quantum
1552 684 1611 728 ad
1647 686 1967 740 purgationem

77 748 390 798 peccatorum.
415 744 545 787 Ponit
582 744 722 788 etiam
755 744 1039 801 baptismum
1078 745 1283 800 Joannis,
1309 745 1387 801 qui
1415 745 1502 789 fuit
1521 747 1883 802 praeparatorius
1909 749 1969 796 ad

78 808 288 849 nostrum
311 804 559 861 baptisma.

133 877 473 919 ARTICULUS
491 878 598 920 ΧΠ.
611 900 668 909 —·
688 889 825 920 omum
847 889 1074 920 nArtrisnns
1097 889 1309 920 sanctinus
1328 889 1392 920 sir
1412 889 1652 920 rorlssnms
1675 891 1804 921 mrsu
1820 891 1913 923 ΑιιΑ

847 951 1098 981 immissum
1126 939 1198 992 (2).

248 1013 294 1047 De
311 1013 365 1047 his
383 1014 486 1047 etiam
502 1014 596 1048 Sent.
614 1021 664 1055 lv,
683 1013 762 1048 dist.
779 1014 812 1055 4,
829 1017 948 1056 quoest.
966 1021 1019 1054 ιιι,
1040 1017 1106 1048 art.
1122 1013 1156 1052 5,
1170 1016 1286 1054 quaest.
1304 1021 1352 1054 tv,
1368 1016 1404 1047 et
1421 1012 1523 1047 Hebr-
1543 1021 1590 1053 vl.
1609 1013 1689 1048 lect.
1704 1013 1727 1049 5
1740 1013 1802 1048 fin.

135 1074 200 1120 Ad
232 1074 561 1120 duodecimum
592 1074 662 1119 sic
682 1075 963 1132 proceditur.
998 1078 1039 1118 1.
1061 1074 1248 1118 Videtur
1270 1074 1394 1131 quod
1428 1075 1688 1130 baptismus
1724 1075 1969 1132 sanguinis

79 1148 175 1182 non
214 1137 274 1181 sit
312 1137 581 1193 potissimus
601 1137 721 1181 inter
739 1136 827 1181 tria
848 1135 1067 1193 praedicta
1091 1136 1385 1192 baptismata.
1402 1137 1668 1192 Baptismus
1689 1138 1813 1182 enim
1836 1150 1969 1195 aquae

79 1198 303 1254 imprimit
320 1200 652 1254 characterem,
676 1198 802 1254 quod
823 1198 1013 1253 quidem
1039 1198 1300 1253 baptismus
1323 1198 1568 1254 sanguinis
1588 1211 1681 1242 non
1702 1199 1826 1244 facit.
1850 1203 1970 1257 Ergo

79 1259 342 1316 baptismus
363 1260 606 1315 sanguinis
620 1272 715 1303 non
733 1263 806 1302 est
822 1258 974 1314 potior
988 1259 1129 1314 quam
1142 1257 1404 1314 baptismus
1427 1271 1577 1314 aquae.

133 1323 177 1366 2.
203 1323 442 1375 Praeterea,
463 1319 726 1375 baptismus
744 1319 991 1374 sanguinis
1013 1331 1107 1362 non
1130 1318 1252 1362 valet
1275 1318 1377 1363 sine
1400 1318 1629 1375 baptismo
1649 1320 1867 1378 flaminis,
1889 1323 1967 1379 qui

80 1386 153 1426 est
173 1394 257 1439 per
275 1381 544 1426 charitatem
565 1394 579 1423 ι
603 1381 774 1426 dicitur
801 1381 926 1425 enim
951 1383 999 1435 (1.
1024 1381 1228 1425 Corinth.
1262 1394 1352 1437 xm,
1380 1382 1422 1435 3)
1444 1384 1520 1424 :Si
1549 1383 1788 1426 tradidero
1810 1398 1971 1440 corpus

77 1455 240 1500 meum,
263 1447 330 1487 ita
346 1448 398 1487 ut
416 1445 626 1500 ardeam,
648 1445 921 1487 charitatem
945 1446 1096 1486 autem
1119 1456 1208 1485 non
1243 1443 1458 1498 habuere,
1486 1444 1604 1486 vnihil
1629 1445 1743 1487 mihi
1764 1447 1967 1501 prodest.

81 1505 166 1549 Sed
205 1505 466 1562 baptismus
510 1504 712 1549 flaminis
743 1505 868 1549 valet
906 1505 1007 1549 sine
1043 1504 1276 1560 baptismo
1322 1504 1585 1560 sanguinis,
1606 1517 1700 1549 non
1738 1507 1862 1551 enim
1884 1509 1967 1552 soli

81 1570 309 1623 martyres
325 1567 578 1612 salvantur.
599 1569 718 1624 Ergo
740 1566 1001 1624 baptismus
1022 1567 1268 1622 sanguinis
1290 1579 1383 1610 non
1404 1574 1475 1610 est
1490 1568 1774 1623 potissimus

135 1631 178 1674 3.
202 1631 441 1684 Praeterea,
462 1629 583 1674 sicut
602 1629 863 1685 baptismus
880 1642 1016 1686 aquae
1042 1630 1182 1673 habet
1213 1629 1466 1673 efficaciam
1495 1630 1521 1672 a
1552 1630 1769 1686 passione
1786 1631 1967 1689 Christi,

80 1691 155 1736 cui
174 1691 434 1736 secundum
470 1691 688 1748 praedicta
719 1693 822 1745 (art.
850 1695 1007 1749 praec.)
1031 1692 1282 1749 respondet
1312 1691 1573 1747 baptismus
1606 1692 1882 1749 sanguinis3
1907 1694 1988 1736 ita'

81 1753 236 1809 passio
256 1753 420 1798 Christi
446 1753 699 1797 efficaciam
724 1752 865 1798 habet
885 1752 913 1797 a
935 1753 1105 1810 Spiritu
1124 1757 1302 1809 sancto,
1324 1753 1586 1797 secundum
1605 1753 1719 1797 illud
1737 1754 1888 1807 (Hebr.
1909 1768 1966 1810 ιιι,

79 1817 151 1868 14)
181 1829 195 1859 t
235 1817 429 1872 sanquis
467 1815 657 1871 Christi,
678 1817 755 1870 qui
772 1828 860 1872 per
889 1817 1111 1872 Spiritum
1143 1818 1348 1858 sanctum
1379 1815 1539 1857 obtulit
1570 1818 1858 1870 semetipsum
1884 1829 1969 1872 pro

79 1877 222 1933 nobis,
234 1877 500 1920 emundabit
516 1879 836 1920 conscientiam
849 1882 1055 1920 nostram
1072 1878 1129 1919 ab
1147 1877 1354 1932 operibus
1376 1879 1579 1931 mortuis,
1605 1882 1693 1920 etc.
1713 1879 1832 1933 Ergo
1853 1878 1970 1934 bap-

82 1939 248 1983 tismus
268 1939 469 1983 flaminis
489 1938 639 1995 potior
653 1943 724 1983 est
745 1939 887 1996 quam
906 1939 1169 1995 baptismus
1180 1938 1441 1994 sanguinis.
1467 1941 1563 1982 Non
1584 1950 1695 1994 ergo
1710 1938 1972 1995 baptismus

81 2000 325 2057 sanguinis
342 2005 413 2045 est
431 2000 718 2057 potissimus.

72 2064 80 2068 “
127 2063 225 2108 *Sed
265 2066 423 2106 contra
463 2067 536 2107 est
571 2063 696 2119 quod
742 2062 1032 2118 Augustinus
1079 2061 1139 2107 ad
1170 2064 1474 2106 Fortunatum
1504 2061 1704 2117 loquens
1741 2061 1799 2106 de
1842 2074 1970 2107 com-

82 2124 321 2181 paratione
353 2125 683 2180 baptismatum
729 2123 839 2169 dicit
876 2125 1158 2178 (Gennadius
1194 2123 1242 2166 in
1290 2123 1370 2167 lib.
1412 2126 1473 2167 De
1511 2123 1677 2167 eccles.
1715 2123 1968 2179 dogmatib.

80 2199 184 2244 cap.
226 2189 327 2241 74):
355 2187 653 2242 «Baptizatus
678 2186 924 2230 confitetur
960 2186 1095 2230 fidem
1136 2197 1272 2230 suam
1305 2197 1462 2229 coram
1492 2185 1758 2239 sacerdote,
1793 2192 1971 2243 martyr

81 2260 238 2293 coram
254 2253 552 2305 persecutore
575 2263 586 2289 ε
611 2248 688 2292 ille
705 2253 808 2304 post
823 2248 1162 2293 confessionem
1185 2247 1449 2303 aspergitur
1466 2251 1606 2303 aqua,
1621 2246 1696 2290 hic
1711 2248 1966 2303 sanguine3

80 2309 159 2355 ille
178 2321 262 2366 per
279 2309 619 2365 impositionem
636 2313 805 2354 manus
824 2310 1055 2366 pontificis
1077 2308 1241 2364 recipit
1263 2308 1480 2364 Spiritum
1500 2312 1731 2356 sanctum.
1757 2308 1832 2352 hic
1850 2315 1975 2353 tem·

80 2370 211 2428 plum
226 2371 427 2415 efficitur
445 2370 638 2427 Spiritus
657 2372 822 2414 sancti.
840 2389 859 2409 »

128 2452 418 2493 CONCLUSIO.
445 2474 493 2480 —
518 2452 621 2491 Ci'im
643 2453 685 2490 in
714 2452 919 2503 baptismo
940 2451 1173 2499 sanguinis,
1199 2449 1332 2501 passio
1357 2449 1509 2490 Christi
1526 2461 1596 2500 per
1621 2451 1753 2503 operis
1770 2451 1967 2492 imitatio-

81 2518 177 2548 nem
194 2511 234 2548 et
250 2508 385 2547 virtus
403 2507 584 2558 Spiritus
605 2509 735 2548 saneti
758 2518 830 2558 per
844 2507 1079 2547 dilectionis
1099 2506 1295 2545 fervorem
1314 2507 1514 2556 operetur,
1534 2506 1671 2555 palam
1690 2509 1750 2545 est
1769 2506 1876 2546 inter
1891 2507 1969 2546 tria

80 2562 328 2614 baptismata
344 2561 599 2612 baptismum
622 2561 842 2612 sanguinis
854 2592 866 2611 ‚
885 2561 1021 2613 quoad
1036 2560 1279 2599 sacramenti
1296 2560 1485 2599 effectum
1500 2570 1583 2598 esse
1599 2560 1847 2610 potissimun

135 2638 404 2694 Respondeo
429 2637 677 2682 dicendum
699 2637 839 2694 qued,
876 2636 997 2680 sicut
1028 2635 1204 2679 dictum
1236 2638 1306 2679 est
1351 2636 1454 2685 (art.
1475 2636 1648 2690 praec),
1674 2634 1838 2678 effusio
1858 2647 1971 2679 san-

83 2698 237 2756 guinis
255 2711 341 2754 pro
356 2698 549 2755 Christo,
566 2702 612 2742 et
625 2699 831 2755 operatio
853 2697 1046 2741 interior
1065 2696 1256 2752 Spiritus
1272 2694 1419 2739 sancti
1440 2695 1658 2739 dicuntur
1672 2695 1966 2751 baptismata,

82 2761 362 2817 inquantum
403 2759 612 2803 efficiunt
645 2760 861 2805 effectum
900 2758 1117 2815 baptismi
1156 2770 1306 2813 aquae.
1351 2756 1612 2813 Baptismus
1649 2762 1806 2800 autem
1835 2769 1969 2814 aquae

81 2821 335 2868 efficaciam
355 2821 496 2865 babet
518 2821 546 2864 a
572 2821 790 2877 passione
812 2821 976 2866 Christi
996 2827 1042 2864 et
1064 2821 1091 2863 a
1112 2819 1280 2875 Spiritu
1302 2823 1480 2870 sancte,
1503 2822 1556 2862 ut
1578 2817 1753 2862 dictum
1776 2823 1848 2862 est
1863 2822 1875 2866 ζ
1880 2824 1965 2863 art.

81 2884 384 2942 praec.).1Quae
406 2882 594 2938 quidem
618 2883 724 2927 duae
738 2895 894 2927 causae
929 2886 1184 2938 operantur
1214 2880 1261 2923 in
1287 2879 1493 2936 quolibet
1511 2879 1675 2923 horum
1698 2879 1838 2923 trium
1855 2879 1969 2936 bap-

80 2947 335 3001 tismatum,
375 2942 763 2988 excellentissime
797 2948 954 2988 tamen
988 2943 1037 2986 in
1074 2942 1304 2998 baptismo
1336 2940 1581 2996 sanguinis
1618 2955 1628 2982 :
1666 2952 1773 2983 nam
1814 2942 1968 2997 passio

79 3004 246 3052 Christi
268 3008 485 3061 operatur
506 3003 692 3060 quidem
711 3004 759 3047 in
773 3003 1004 3060 baptismo
1025 3014 1159 3058 aquae
1178 3014 1259 3058 per
1274 3001 1522 3059 quamdam
1539 3001 1779 3056 figuralem
1797 3015 1969 3058 reprae-

84 3066 410 3120 sentationem3
436 3065 483 3110 in
518 3065 749 3122 baptismo
788 3071 944 3110 autem
971 3064 1172 3109 flaminis
1191 3063 1264 3107 vel
1296 3063 1579 3119 poenitentiae
1616 3074 1699 3118 per
1719 3064 1968 3119 quamdam

82 3129 400 3185 affectionem3
425 3127 508 3173 sed
530 3127 579 3171 in
601 3127 831 3184 baptismo
859 3127 1102 3183 sanguinis
1125 3137 1208 3181 per
1236 3125 1541 3169 imitationem
1564 3125 1718 3181 operis
1738 3127 1809 3181 (3).
1833 3126 1969 3170 Simi-
2039 3148 2041 3153 .

123 3273 166 3315 (4)
187 3270 332 3310 Vulgata
359 3282 369 3304 t
395 3271 442 3304 ln
467 3279 543 3313 qua
568 3269 702 3314 pauci,
727 3268 768 3303 id
797 3271 848 3304 etl
863 3295 875 3311 ,
901 3272 979 3304 octo
1065 3262 1470 3309 imprimi'tcharaeterem
1481 3267 1558 3310 quia
1573 3279 1640 3302 non
1650 3271 1967 3310 estsaoramentum‚

82 3322 227 3360 animae,
243 3324 307 3353 etc.
1066 3322 1100 3351 et
1116 3329 1181 3350 non
1197 3320 1358 3357 operatur
1377 3316 1485 3351 active
1508 3322 1542 3351 et
1557 3317 1704 3358 physice,
1721 3316 1778 3351 sed
1794 3316 1920 3357 passive
1934 3321 1970 3352 et

122 3367 167 3408 (2)
198 3367 388 3407 Baptismus
411 3364 586 3404 sanguinis
611 3364 744 3406 supplet
766 3363 874 3399 vicem
898 3363 981 3404 bap-
1067 3363 1265 3404 moraliter,
1281 3368 1319 3398 ut
1334 3363 1430 3398 aiunt
1443 3364 1601 3402 theologi.

82 3414 174 3448 tismi
202 3425 294 3454 aquae
321 3414 484 3453 quantum
508 3412 547 3446 ad
569 3412 798 3446 remissionem
824 3411 929 3451 culpae
947 3415 982 3446 et
1110 3412 1152 3453 (5)
1175 3412 1262 3445 Hinc
1278 3411 1423 3446 Ecclesia
1449 3416 1521 3446 tum
1548 3412 1692 3446 infantes
1712 3410 1752 3445 ab
1774 3411 1903 3445 Herode
1914 3422 1968 3446 oc·

83 3472 187 3503 poenae
199 3466 267 3495 tam
280 3461 315 3494 in
328 3461 454 3495 adultis
473 3461 573 3502 quam
586 3459 622 3493 in
634 3458 828 3500 infantibus,
842 3459 899 3493 sed
915 3470 983 3500 non
1068 3456 1163 3499 cisos,
1178 3465 1250 3493 tum
1272 3460 1354 3493 alics
1367 3472 1428 3501 pro
1445 3459 1576 3494 Christo
1593 3460 1810 3500 interemptos
1824 3458 1969 3492 celebrat
