2170 3808
144 182 228 224 27⁶2
688 178 887 231 QUAEST.
919 178 1087 231 XXXII,
1118 178 1235 222 ART.
1269 179 1323 221 111
1350 180 1415 222 ET
1443 180 1511 224 lv.

145 260 390 321 materiam
409 259 700 305 ministrante
722 258 772 302 in
791 257 1140 303 similitudinem
1164 258 1359 316 speciei3
1380 264 1427 304 et
1454 259 1560 305 ideo
1584 258 1754 304 dicitur
1782 258 1908 304 filius
1928 259 2065 316 ejus>

146 322 353 368 Christus
368 325 540 376 autem,
559 320 822 374 secundum
840 319 966 378 qued
986 320 1141 378 hom0,
1163 326 1418 378 conceptus
1436 325 1509 366 est
1530 321 1588 367 de
1612 320 1783 378 Spiritu
1802 325 1963 365 sancto
1983 321 2048 366 si·-

146 388 226 430 cut
256 384 315 430 de
348 383 498 428 activo
518 382 745 439 principio
758 383 841 440 (1);
867 394 962 427 non
994 387 1146 428 tamen
1179 382 1440 428 secundum
1474 382 1828 428 similitudinem
1853 381 2048 439 speciei,

146 446 268 493 sicut
282 446 423 490 homo
438 444 647 490 nascitur
665 444 724 489 de
738 448 868 502 patre
884 457 971 489 suo
990 459 1000 488 t
1015 449 1061 488 et
1075 443 1178 488 ideo
1193 445 1403 490 Christus
1421 457 1517 490 non
1532 444 1701 491 dicitur
1715 440 1841 489 filius
1857 443 2050 500 Spiritus

145 507 312 553 sancti.
645 513 648 517 '

198 569 266 614 Ad
302 569 546 612 secundum
580 568 849 623 dicendum,
882 567 1009 624 qued
1038 566 1253 611 homines
1286 566 1367 623 qui
1402 559 1698 625 spiritualiter
1730 567 1990 612 formantur
2021 566 2049 612 a
2115 549 2117 551 ¹

145 631 317 688 Spiritu
342 635 523 688 sancto,
543 644 639 676 non
658 633 859 688 possunt
880 629 970 674 dici
997 628 1078 673 filii
1097 629 1174 674 Dei
1194 628 1456 675 secundum
1477 631 1728 688 perfectam
1749 628 1975 674 rationem
1996 627 2030 673 fi

144 691 376 739 liationis:
397 698 446 739 et
458 694 563 740 ideo
582 694 803 739 dicuntur
824 691 907 736 filii
925 691 1004 736 Dei
1027 691 1285 737 secundum
1304 690 1574 738 filiationem
1589 690 1925 750 imperfectam,
1947 701 2051 747 quae

145 762 216 800 est
243 756 504 801 secundum
539 753 891 800 similitudinem
923 753 1100 811 gratiae,
1129 758 1176 798 et
1198 765 1303 810 quae
1329 757 1402 798 est
1431 754 1458 798 a
1490 759 1585 799 tota
1609 754 1843 799 Trinitate.
1876 751 1963 797 Sed
1992 751 2050 797 de

145 817 323 863 Christo
341 823 411 864 est
438 818 528 862 alia
542 818 675 874 rat10,
701 821 755 862 ut
773 817 950 862 dictum
967 820 1040 862 est
1053 816 1115 871 (in
1139 829 1265 873 corp.
1292 818 1416 871 art.).

198 882 254 925 Et
275 880 487 926 similiter
506 880 757 926 dIcendum
777 883 850 924 est
866 879 925 923 ad
949 881 1147 922 tertium.

212 946 558 988 ARTICULUS
579 944 661 988 IV.
674 967 728 975 -
747 955 883 987 unum
906 956 945 986 B.
967 954 1091 985 vmeo
1106 955 1271 991 Ancum
1286 946 1433 985 lucrive
1455 953 1607 985 namur
1629 954 1670 985 nv
1694 951 1979 986 concam-rona

852 1016 1055 1048 conponis
1079 1017 1242 1048 cnmsu
1265 1005 1344 1058 (2).

289 1074 338 1108 De
356 1074 411 1107 his
429 1073 533 1108 etiam
553 1073 657 1116 infra,
675 1077 789 1115 quoest·
810 1082 923 1109 xxxnl
935 1100 944 1116 ‚
961 1079 1025 1109 art.
1045 1074 1063 1107 ll
1080 1074 1121 1108 ad
1140 1074 1174 1115 2,
1201 1077 1238 1109 et
1257 1074 1353 1108 Sent.
1372 1081 1425 1115 111,
1446 1072 1524 1107 dist.
1541 1072 1575 1113 5,
1591 1073 1710 1114 quaest.
1729 1080 1768 1113 u.
1787 1072 1905 1109 art-d.

199 1129 264 1174 Ad
280 1133 499 1185 quartum
516 1127 584 1173 sic
594 1127 876 1185 proceditur.
902 1132 944 1173 1.
973 1128 1158 1173 Videtur
1181 1129 1307 1186 qued
1326 1131 1373 1173 B.
1392 1129 1527 1184 Virgo
1548 1126 1726 1184 aliquid
1743 1125 1891 1172 active
1906 1126 2053 1184 egerit

143 1191 192 1235 in
212 1190 515 1247 conceptione
540 1191 747 1247 corporis
772 1190 952 1236 Christi.
974 1191 1091 1236 Dicit
1107 1192 1234 1236 enim
1258 1195 1575 1236 Damascenus
1604 1190 1748 1245 (Orth.
1769 1189 1849 1235 fid.
1874 1189 1956 1234 lib.
1985 1203 2049 1253 111,

142 1266 245 1311 cap.
266 1256 309 1309 2,
330 1258 439 1297 ante
454 1253 613 1309 med.),
641 1270 662 1291 «
686 1253 812 1310 qued
835 1252 1032 1311 Spiritus
1053 1259 1247 1300 sanctus
1268 1253 1542 1311 supervenit
1554 1252 1745 1310 Virgini,
1758 1265 1967 1310 purgans
1981 1252 2050 1309 ip-

142 1328 263 1371 sam,
284 1320 331 1360 et
355 1315 573 1360 virtutem
597 1316 913 1373 susceptivam
931 1316 1065 1361 Verbi
1087 1316 1165 1362 Dei
1192 1316 1419 1372 tribuens,
1446 1315 1584 1360 simul
1609 1319 1767 1360 autem
1787 1319 1834 1360 et
1857 1326 2050 1372 genera-

143 1379 301 1423 tivam.
323 1396 343 1417 »
377 1378 466 1423 Sed
493 1378 714 1423 virtutem
743 1378 1064 1435 generativam
1093 1380 1328 1436 passivam
1359 1378 1561 1424 habebat
1593 1378 1622 1422 a
1650 1382 1835 1435 natura,
1865 1377 1988 1422 sicut
2004 1382 2051 1424 et

141 1439 365 1496 quaelibet
382 1439 569 1483 femina.
583 1442 704 1495 Ergo
725 1439 855 1484 dedit
866 1439 910 1484 ei
922 1439 1141 1485 virtutem
1158 1440 1476 1498 generativam
1490 1440 1689 1484 activam
1704 1454 1714 1481 z
1727 1442 1776 1484 et
1789 1439 1858 1484 sic
1875 1438 2050 1496 aliquid

141 1503 289 1547 active
308 1502 401 1558 egit
419 1502 467 1546 in
484 1502 790 1559 conceptione
808 1503 989 1548 Christi.

197 1567 240 1608 2.
257 1566 497 1616 Praeterea,
521 1575 686 1608 omnes
705 1564 902 1609 virtutes
916 1565 1084 1609 animae
1104 1564 1378 1622 vegetabilis
1393 1568 1505 1609 sunt
1518 1564 1714 1609 virtutes
1727 1562 1908 1620 activae,
1928 1564 2050 1610 sicut

140 1628 486 1671 commentator
513 1625 624 1670 dicit
645 1628 721 1680 (De
751 1626 924 1684 anima,
956 1627 1036 1672 lib.
1062 1641 1109 1683 11,
1140 1630 1391 1671 comment.
1413 1628 1468 1672 33
1491 1630 1538 1671 et
1566 1628 1702 1684 seq.).
1733 1625 1821 1671 Sed
1844 1626 2052 1683 potentia

143 1688 418 1745 generativa
442 1692 534 1732 tam
558 1688 607 1732 in
630 1701 760 1733 mare
774 1688 915 1746 quam
938 1690 987 1734 in
1007 1689 1181 1734 femina
1203 1689 1402 1747 pertinet
1419 1689 1479 1735 ad
1495 1689 1701 1734 animam
1723 1688 2048 1745 vegetabilem.

139 1752 260 1807 Ergo
281 1749 439 1795 tamin
462 1762 591 1795 mare
606 1749 748 1808 quam
767 1750 816 1794 in
830 1750 1001 1795 femina
1026 1751 1175 1796 active
1197 1755 1417 1808 operatur
1437 1751 1497 1796 ad
1519 1750 1871 1808 conceptionem
1886 1750 2049 1808 proliS.

197 1814 239 1857 3.
271 1814 518 1870 Praeterea,
542 1812 716 1857 femina
732 1813 792 1858 ad
813 1813 1166 1870 conceptionem
1185 1814 1329 1870 prolis
1346 1813 1590 1859 materiam
1609 1812 1857 1871 ministrat,
1881 1826 1940 1859 ex
1957 1826 2051 1870 qua

140 1873 415 1918 naturaliter
429 1886 599 1931 corpus
617 1874 759 1930 prolis
777 1875 1018 1919 formatur.
1041 1875 1127 1920 Sed
1146 1880 1314 1919 natura
1330 1878 1402 1920 est
1419 1871 1698 1932 principium
1715 1877 1872 1919 motus
1888 1875 2052 1921 intrin-

141 1947 321 1981 secum.
350 1939 468 1991 Ergo
486 1935 670 1980 videtur
693 1936 818 1993 qued
840 1935 889 1980 in
920 1937 1022 1993 ipsa
1044 1936 1255 1994 materia,
1281 1948 1424 1993 quam
1453 1939 1501 1981 Β.
1530 1937 1666 1994 Virgo
1689 1936 1970 1983 ministravit
1990 1938 2052 1984 ad

140 2002 421 2054 conceptum
435 1997 619 2056 Christi,
635 1998 775 2043 fuerit
795 1997 985 2055 aliquod
999 1997 1278 2054 principium
1303 1998 1523 2044 activum.

198 2059 286 2104 Sed
308 2063 466 2102 contra
485 2059 703 2116 estquod
725 2059 1007 2116 principium
1027 2060 1230 2104 activum
1252 2059 1301 2103 in
1320 2059 1619 2115 generatione
1642 2059 1812 2104 dicitur
1831 2059 1950 2105 ratio
1972 2072 2049 2106 se-

140 2120 344 2165 minalis.
372 2121 474 2175 Sed,
501 2121 621 2166 sicut
649 2121 938 2178 Augustinus
961 2121 1072 2166 dicit
1103 2124 1266 2178 (Super
1291 2123 1402 2166 Gen.
1424 2121 1482 2166 ad
1505 2121 1594 2166 litt.
1616 2120 1697 2165 lib.
1718 2135 1763 2177 x,
1788 2132 1891 2179 cap.
1917 2123 1973 2167 20
2003 2127 2050 2168 et

140 2184 227 2240 21),
269 2200 289 2220 «
314 2195 484 2239 corpus
516 2183 679 2228 Christi
708 2184 758 2227 in
781 2183 880 2228 sola
900 2184 1096 2229 materia
1123 2183 1351 2241 corporali
1381 2196 1465 2241 per
1496 2183 1702 2229 divinam
1734 2184 2050 2241 conceptionis

139 2242 520 2301 formationisque
541 2246 765 2290 rationem
786 2245 844 2291 de
863 2245 1049 2303 Virgine
1071 2250 1365 2303 assumptum
1384 2249 1471 2304 est,
1494 2258 1591 2290 non
1614 2250 1769 2291 autem
1788 2247 2049 2292 secundum

142 2307 348 2365 aliquam
366 2307 596 2352 rationem
613 2308 886 2352 seminalem
907 2308 1180 2353 humanam.
1205 2327 1225 2349 »
1250 2311 1370 2365 Ergo
1390 2310 1440 2352 Β.
1464 2308 1603 2366 Virgo
1629 2308 1746 2353 nihil
1770 2308 1920 2354 active
1940 2310 2050 2356 fecit

140 2369 189 2415 in
204 2370 509 2426 conceptione
530 2371 736 2427 corporis
759 2370 940 2415 Christi.

190 2438 484 2478 CONCLUSIO.
508 2461 558 2467 —-
579 2439 828 2491 Quanquam
848 2439 964 2479 beata
987 2439 1110 2489 Virgo
1129 2442 1224 2478 ante
1245 2439 1342 2478 Filii
1361 2440 1434 2479 Dei
1460 2438 1771 2490 conceptionem
1786 2438 1945 2492 aliquid
1962 2452 2048 2492 ege·

142 2494 212 2543 rit,
230 2493 448 2533 materiam
464 2493 752 2544 praeparando;
775 2494 883 2533 nihil
908 2497 1046 2533 tamen
1068 2494 1110 2532 in
1136 2493 1252 2533 illius
1270 2494 1533 2545 conceptione
1554 2493 1651 2543 egit,
1670 2493 1740 2533 sed
1761 2493 1893 2535 solam
1913 2500 2048 2536 mate-

140 2550 249 2590 riam
266 2549 539 2598 ministravit,
558 2550 654 2590 cum
673 2551 696 2589 a
718 2550 875 2600 Spiritu
895 2553 1034 2590 sancto
1056 2549 1251 2600 acceperit
1268 2554 1316 2589 ut
1336 2548 1455 2589 illius
1476 2550 1644 2588 tantum
1663 2552 1796 2590 mater
1817 2553 1933 2591 esset.
1971 2585 1974 2588 Α

196 2612 469 2668 Respondeo
481 2611 731 2657 dicendum
743 2612 867 2669 qued
883 2611 1072 2669 quidam
1090 2612 1251 2656 dicunt
1263 2614 1312 2656 B.
1328 2611 1563 2669 Virginem
1580 2611 1755 2668 aliquid
1770 2611 1920 2658 active
1936 2626 2046 2670 ope-

62 2695 66 2698 »
141 2677 289 2718 ratam
299 2685 403 2718 esse
411 2673 460 2717 in
470 2674 772 2730 conceptione
783 2675 945 2719 Christi
956 2679 1001 2719 et
1014 2674 1210 2718 naturali
1222 2675 1406 2730 virtute,
1418 2678 1465 2719 et
1474 2674 1832 2731 supernaturali.
1841 2676 2046 2721 Naturali

141 2736 329 2793 quidem
346 2738 531 2792 virtute,
554 2737 664 2793 quia
684 2741 866 2793 ponunt
885 2737 1010 2794 quod
1032 2736 1079 2780 in
1103 2737 1310 2794 qualibet
1331 2737 1524 2781 materia
1546 2737 1746 2781 naturali
1764 2740 1837 2782 est
1857 2738 2046 2795 aliquod

140 2799 343 2843 activum
363 2798 665 2855 principium3
693 2799 899 2857 alioquin
921 2800 1119 2845 credunt
1146 2799 1271 2857 qued
1300 2812 1396 2844 non
1419 2802 1543 2845 esset
1566 2799 1890 2845 transmutatio
1910 2805 2045 2847 natu-

140 2860 269 2905 ralis.
293 2862 344 2904 In
361 2873 454 2918 quo
471 2861 782 2918 decipiuntur,
803 2861 914 2919 quia
935 2863 1258 2907 transmutatio
1280 2861 1448 2907 dicitur
1466 2861 1692 2906 naturalis
1709 2866 1898 2919 propter
1913 2864 2045 2920 prin-

141 2922 314 2978 cipium
338 2923 662 2980 intrinsecum,
701 2936 796 2969 non
826 2925 979 2969 solum
1002 2926 1224 2982 activum,
1250 2926 1333 2971 sed
1362 2925 1503 2970 etiam
1532 2924 1788 2981 passivum.
1820 2927 2046 2983 Expresse

142 2984 266 3029 enim
291 2985 401 3029 dicit
427 2986 733 3043 Philosophus
751 2987 949 3045 (Physic.
970 2987 1052 3032 lib.
1069 3002 1157 3043 vni,
1182 2992 1299 3032 text..
1315 2990 1371 3033 29
1393 2991 1440 3032 et
1457 2991 1594 3045 seq.),
1613 2987 1738 3044 quod
1755 2987 1803 3032 in
1824 2989 2045 3044 gravibus

142 3051 189 3089 et
206 3045 389 3090 levibus
411 3052 484 3092 est
503 3048 782 3105 principium
809 3049 1050 3106 passivum
1079 3054 1234 3094 motus
1256 3049 1498 3107 naturalis,
1521 3053 1569 3094 et
1585 3061 1682 3093 non
1709 3049 1929 3094 activum.
1954 3053 2045 3097 Neo

142 3111 215 3150 est
229 3107 449 3163 possibile
473 3109 599 3165 qued
621 3110 814 3155 materia
831 3116 936 3167 agat
951 3111 1011 3157 ad
1025 3112 1099 3156 sui
1112 3112 1450 3168 formationem,
1473 3111 1584 3168 quia
1604 3123 1698 3155 non
1719 3115 1793 3156 est
1809 3117 1939 3158 actu:
1956 3125 2044 3158 nec

184 3229 228 3271 (l)
243 3228 601 3265 Formationemfoems
615 3239 775 3272 operante
790 3234 825 3267 in
840 3234 1050 3276 supplemen-
1177 3236 1220 3278 (2)
1239 3237 1342 3270 Docet
1365 3237 1400 3270 S.
1419 3236 1563 3270 Thomas
1586 3235 1622 3268 B.
1640 3234 1815 3275 Virginem
1833 3236 1919 3271 nihil
1937 3237 2042 3272 active

143 3279 215 3310 tum
233 3276 300 3312 viri
324 3276 377 3310 vel
408 3277 519 3313 virilis
538 3279 679 3314 virtutis
695 3292 704 3314 ε
734 3281 888 3323 alioquin
913 3294 981 3316 nou
1009 3283 1050 3318 de
1136 3288 1310 3326 operatam
1330 3295 1398 3319 esse
1414 3283 1451 3317 in
1469 3283 1688 3324 conceptione
1709 3283 1855 3319 Christi:
1874 3284 1909 3318 id
1925 3288 1987 3327 est,
2004 3284 2040 3318 in

142 3325 275 3367 Spiritu
298 3328 412 3360 sancto
428 3333 527 3360 natus
540 3326 593 3361 vel
615 3332 794 3369 conceptus
818 3331 868 3371 (ut
884 3331 1050 3371 exprimi·
1136 3332 1206 3374 ipsa
1225 3331 1376 3374 corporis
1404 3335 1475 3372 ejus
1495 3330 1697 3366 formatione
1722 3338 1755 3366 et
1779 3333 2039 3373 organizationo.

143 3374 200 3454 tup
216 3373 254 3407 in
267 3373 444 3416 symbolo),
461 3374 517 3408 sed
533 3376 551 3409 a
567 3375 697 3416 Spiritu
712 3380 827 3410 sancto
839 3377 948 3413 factus
964 3379 1050 3413 dice-

143 3432 180 3454 re
198 3432 253 3455 ur.
