<?xml version="1.0" encoding="UTF-8"?>
<!DOCTYPE html PUBLIC "-//W3C//DTD XHTML 1.0 Transitional//EN"
    "http://www.w3.org/TR/xhtml1/DTD/xhtml1-transitional.dtd">
<html xmlns="http://www.w3.org/1999/xhtml" xml:lang="en" lang="en">
 <head>
  <title>
</title>
<meta http-equiv="Content-Type" content="text/html;charset=utf-8" />
  <meta name='ocr-system' content='tesseract 3.04.00' />
  <meta name='ocr-capabilities' content='ocr_page ocr_carea ocr_par ocr_line ocrx_word'/>
</head>
<body>
  <div class='ocr_page' id='page_1' title='image "./summatheologica06thomuoft_0623.png"; bbox 0 0 2170 3808; ppageno 0'>
   <div class='ocr_carea' id='block_1_1' title="bbox 140 3 174 56">
    <p class='ocr_par' dir='ltr' id='par_1_1' title="bbox 140 3 174 56">
     <span class='ocr_line' id='line_1_1' title="bbox 140 3 174 56; textangle 90"><span class='ocrx_word' id='word_1_1' title='bbox 140 3 174 56; x_wconf 50' lang='lat'>&#39;&#39;25&#39;&#39;-</span> 
     </span>
    </p>
   </div>
   <div class='ocr_carea' id='block_1_2' title="bbox 804 226 2049 282">
    <p class='ocr_par' dir='ltr' id='par_1_2' title="bbox 804 226 2049 282">
     <span class='ocr_line' id='line_1_2' title="bbox 804 226 2049 282; baseline -0.002 -11"><span class='ocrx_word' id='word_1_2' title='bbox 804 228 1002 279; x_wconf 84' lang='lat' dir='ltr'><strong>QUAEST.</strong></span> <span class='ocrx_word' id='word_1_3' title='bbox 1032 229 1205 282; x_wconf 84' lang='lat' dir='ltr'>LXVIII,</span> <span class='ocrx_word' id='word_1_4' title='bbox 1236 228 1352 271; x_wconf 88' lang='lat' dir='ltr'><strong>ART.</strong></span> <span class='ocrx_word' id='word_1_5' title='bbox 1383 227 1415 271; x_wconf 92' lang='lat' dir='ltr'>l.</span> <span class='ocrx_word' id='word_1_6' title='bbox 1969 226 2049 268; x_wconf 77' lang='lat'>587</span> 
     </span>
    </p>
   </div>
   <div class='ocr_carea' id='block_1_3' title="bbox 153 304 2066 3195">
    <p class='ocr_par' dir='ltr' id='par_1_3' title="bbox 165 304 2052 489">
     <span class='ocr_line' id='line_1_3' title="bbox 166 304 2052 369; baseline -0.003 -14"><span class='ocrx_word' id='word_1_7' title='bbox 166 310 339 369; x_wconf 88' lang='lat' dir='ltr'>peccati</span> <span class='ocrx_word' id='word_1_8' title='bbox 371 307 624 365; x_wconf 80' lang='lat' dir='ltr'>originaliS.</span> <span class='ocrx_word' id='word_1_9' title='bbox 656 307 745 352; x_wconf 86' lang='lat' dir='ltr'>Sed</span> <span class='ocrx_word' id='word_1_10' title='bbox 766 308 844 352; x_wconf 89' lang='lat' dir='ltr'>ille</span> <span class='ocrx_word' id='word_1_11' title='bbox 866 308 945 364; x_wconf 88' lang='lat' dir='ltr'>qui</span> <span class='ocrx_word' id='word_1_12' title='bbox 974 312 1047 353; x_wconf 89' lang='lat' dir='ltr'>est</span> <span class='ocrx_word' id='word_1_13' title='bbox 1075 308 1359 364; x_wconf 90' lang='lat' dir='ltr'>baptizatus,</span> <span class='ocrx_word' id='word_1_14' title='bbox 1380 307 1488 351; x_wconf 77' lang='lat' dir='ltr'>cum</span> <span class='ocrx_word' id='word_1_15' title='bbox 1513 320 1605 351; x_wconf 91' lang='lat' dir='ltr'>non</span> <span class='ocrx_word' id='word_1_16' title='bbox 1629 306 1798 351; x_wconf 90' lang='lat' dir='ltr'>habeat</span> <span class='ocrx_word' id='word_1_17' title='bbox 1826 304 2052 361; x_wconf 85' lang='lat' dir='ltr'>originale</span> 
     </span>
     <span class='ocr_line' id='line_1_4' title="bbox 166 366 2052 429; baseline -0.004 -12"><span class='ocrx_word' id='word_1_18' title='bbox 166 377 406 429; x_wconf 88' lang='lat' dir='ltr'>peccatum</span> <span class='ocrx_word' id='word_1_19' title='bbox 424 403 436 426; x_wconf 90' lang='lat'>,</span> <span class='ocrx_word' id='word_1_20' title='bbox 461 382 554 414; x_wconf 90' lang='lat' dir='ltr'>non</span> <span class='ocrx_word' id='word_1_21' title='bbox 578 369 764 414; x_wconf 87' lang='lat' dir='ltr'>videtur</span> <span class='ocrx_word' id='word_1_22' title='bbox 790 369 915 426; x_wconf 84' lang='lat' dir='ltr'>quod</span> <span class='ocrx_word' id='word_1_23' title='bbox 945 370 1094 426; x_wconf 85' lang='lat' dir='ltr'>possit</span> <span class='ocrx_word' id='word_1_24' title='bbox 1127 369 1239 414; x_wconf 90' lang='lat' dir='ltr'>illud</span> <span class='ocrx_word' id='word_1_25' title='bbox 1273 369 1599 414; x_wconf 83' lang='lat' dir='ltr'><strong>transfundere</strong></span> <span class='ocrx_word' id='word_1_26' title='bbox 1629 368 1677 412; x_wconf 91' lang='lat' dir='ltr'>in</span> <span class='ocrx_word' id='word_1_27' title='bbox 1706 366 1901 425; x_wconf 85' lang='lat' dir='ltr'>prolem.</span> <span class='ocrx_word' id='word_1_28' title='bbox 1933 368 2052 422; x_wconf 86' lang='lat' dir='ltr'>Ergo</span> 
     </span>
     <span class='ocr_line' id='line_1_5' title="bbox 165 430 1380 489; baseline -0.003 -11"><span class='ocrx_word' id='word_1_29' title='bbox 165 433 246 478; x_wconf 85' lang='lat' dir='ltr'>filii</span> <span class='ocrx_word' id='word_1_30' title='bbox 266 432 600 489; x_wconf 86' lang='lat' dir='ltr'>baptizatorum</span> <span class='ocrx_word' id='word_1_31' title='bbox 621 443 712 475; x_wconf 91' lang='lat' dir='ltr'>non</span> <span class='ocrx_word' id='word_1_32' title='bbox 737 431 955 476; x_wconf 85' lang='lat' dir='ltr'>videntur</span> <span class='ocrx_word' id='word_1_33' title='bbox 977 443 1079 475; x_wconf 88' lang='lat' dir='ltr'>esse</span> <span class='ocrx_word' id='word_1_34' title='bbox 1099 430 1380 487; x_wconf 88' lang='lat' dir='ltr'>baptizandi.</span> 
     </span>
    </p>

    <p class='ocr_par' dir='ltr' id='par_1_4' title="bbox 163 489 2052 674">
     <span class='ocr_line' id='line_1_6' title="bbox 218 489 2052 548; baseline -0.002 -10"><span class='ocrx_word' id='word_1_35' title='bbox 218 496 261 539; x_wconf 87' lang='lat'>3.</span> <span class='ocrx_word' id='word_1_36' title='bbox 294 496 532 544; x_wconf 82' lang='lat' dir='ltr'>Praeterea,</span> <span class='ocrx_word' id='word_1_37' title='bbox 549 491 812 548; x_wconf 83' lang='lat' dir='ltr'><strong>baptismus</strong></span> <span class='ocrx_word' id='word_1_38' title='bbox 831 492 968 537; x_wconf 86' lang='lat' dir='ltr'>datur</span> <span class='ocrx_word' id='word_1_39' title='bbox 986 492 1045 536; x_wconf 89' lang='lat' dir='ltr'>ad</span> <span class='ocrx_word' id='word_1_40' title='bbox 1061 493 1149 536; x_wconf 90' lang='lat' dir='ltr'>hoc</span> <span class='ocrx_word' id='word_1_41' title='bbox 1171 491 1295 548; x_wconf 82' lang='lat' dir='ltr'>quod</span> <span class='ocrx_word' id='word_1_42' title='bbox 1315 491 1485 548; x_wconf 87' lang='lat' dir='ltr'>aliquis</span> <span class='ocrx_word' id='word_1_43' title='bbox 1503 503 1585 547; x_wconf 88' lang='lat' dir='ltr'>per</span> <span class='ocrx_word' id='word_1_44' title='bbox 1605 490 1801 547; x_wconf 80' lang='lat' dir='ltr'>gratiam</span> <span class='ocrx_word' id='word_1_45' title='bbox 1819 489 1845 532; x_wconf 78' lang='lat' dir='ltr'>a</span> <span class='ocrx_word' id='word_1_46' title='bbox 1863 493 2052 545; x_wconf 85' lang='lat' dir='ltr'>peccato</span> 
     </span>
     <span class='ocr_line' id='line_1_7' title="bbox 163 549 2052 610; baseline -0.003 -10"><span class='ocrx_word' id='word_1_47' title='bbox 163 554 432 600; x_wconf 88' lang='lat' dir='ltr'>mundetur.</span> <span class='ocrx_word' id='word_1_48' title='bbox 463 554 550 598; x_wconf 85' lang='lat' dir='ltr'>Sed</span> <span class='ocrx_word' id='word_1_49' title='bbox 582 554 669 598; x_wconf 83' lang='lat' dir='ltr'>hoc</span> <span class='ocrx_word' id='word_1_50' title='bbox 700 558 1051 610; x_wconf 87' lang='lat' dir='ltr'>consequuntur</span> <span class='ocrx_word' id='word_1_51' title='bbox 1074 552 1139 596; x_wconf 88' lang='lat' dir='ltr'>illi</span> <span class='ocrx_word' id='word_1_52' title='bbox 1172 552 1385 608; x_wconf 88' lang='lat' dir='ltr'>quisunt</span> <span class='ocrx_word' id='word_1_53' title='bbox 1412 551 1686 596; x_wconf 86' lang='lat' dir='ltr'>sanctificati</span> <span class='ocrx_word' id='word_1_54' title='bbox 1717 551 1766 595; x_wconf 92' lang='lat' dir='ltr'>in</span> <span class='ocrx_word' id='word_1_55' title='bbox 1794 554 1928 595; x_wconf 89' lang='lat' dir='ltr'>utero</span> <span class='ocrx_word' id='word_1_56' title='bbox 1948 549 2052 594; x_wconf 87' lang='lat' dir='ltr'>sine</span> 
     </span>
     <span class='ocr_line' id='line_1_8' title="bbox 165 612 1689 674; baseline -0.003 -13"><span class='ocrx_word' id='word_1_57' title='bbox 165 616 412 674; x_wconf 86' lang='lat' dir='ltr'>baptismo.</span> <span class='ocrx_word' id='word_1_58' title='bbox 438 617 556 671; x_wconf 87' lang='lat' dir='ltr'>Ergo</span> <span class='ocrx_word' id='word_1_59' title='bbox 579 627 671 659; x_wconf 91' lang='lat' dir='ltr'>non</span> <span class='ocrx_word' id='word_1_60' title='bbox 698 619 915 659; x_wconf 89' lang='lat' dir='ltr'>tenentur</span> <span class='ocrx_word' id='word_1_61' title='bbox 934 614 991 658; x_wconf 85' lang='lat' dir='ltr'>ad</span> <span class='ocrx_word' id='word_1_62' title='bbox 1015 613 1364 670; x_wconf 88' lang='lat' dir='ltr'>suscipiendum</span> <span class='ocrx_word' id='word_1_63' title='bbox 1388 612 1689 669; x_wconf 89' lang='lat' dir='ltr'>baptismum.</span> 
     </span>
    </p>

    <p class='ocr_par' dir='ltr' id='par_1_5' title="bbox 161 676 2050 857">
     <span class='ocr_line' id='line_1_9' title="bbox 221 676 2050 734; baseline -0.003 -11"><span class='ocrx_word' id='word_1_64' title='bbox 221 679 308 723; x_wconf 87' lang='lat' dir='ltr'>Sed</span> <span class='ocrx_word' id='word_1_65' title='bbox 327 680 487 720; x_wconf 78' lang='lat' dir='ltr'>cont-ra</span> <span class='ocrx_word' id='word_1_66' title='bbox 504 681 575 721; x_wconf 91' lang='lat' dir='ltr'>est</span> <span class='ocrx_word' id='word_1_67' title='bbox 591 677 716 734; x_wconf 89' lang='lat' dir='ltr'>quod</span> <span class='ocrx_word' id='word_1_68' title='bbox 729 677 898 722; x_wconf 87' lang='lat' dir='ltr'>dicitur</span> <span class='ocrx_word' id='word_1_69' title='bbox 917 679 1142 732; x_wconf 85' lang='lat' dir='ltr'>(Joan.1n,</span> <span class='ocrx_word' id='word_1_70' title='bbox 1163 679 1206 730; x_wconf 80' lang='grc'>5)</span> <span class='ocrx_word' id='word_1_71' title='bbox 1226 688 1238 719; x_wconf 76' lang='lat' dir='ltr'><strong><em>z</em></strong></span> <span class='ocrx_word' id='word_1_72' title='bbox 1262 679 1363 720; x_wconf 81' lang='lat' dir='ltr'>Nisi</span> <span class='ocrx_word' id='word_1_73' title='bbox 1380 679 1478 732; x_wconf 79' lang='lat' dir='ltr'>quis</span> <span class='ocrx_word' id='word_1_74' title='bbox 1497 678 1678 719; x_wconf 80' lang='lat' dir='ltr'>renatus</span> <span class='ocrx_word' id='word_1_75' title='bbox 1697 676 1836 728; x_wconf 71' lang='lat' dir='ltr'>suerit</span> <span class='ocrx_word' id='word_1_76' title='bbox 1854 686 1913 717; x_wconf 77' lang='lat' dir='ltr'>ex</span> <span class='ocrx_word' id='word_1_77' title='bbox 1929 685 2050 730; x_wconf 80' lang='lat' dir='ltr'>aqua</span> 
     </span>
     <span class='ocr_line' id='line_1_10' title="bbox 162 735 2050 796; baseline -0.003 -12"><span class='ocrx_word' id='word_1_78' title='bbox 162 743 207 784; x_wconf 77' lang='lat' dir='ltr'>et</span> <span class='ocrx_word' id='word_1_79' title='bbox 228 742 402 796; x_wconf 73' lang='lat' dir='ltr'>Spiritu</span> <span class='ocrx_word' id='word_1_80' title='bbox 420 743 597 794; x_wconf 80' lang='lat' dir='ltr'>sancto,</span> <span class='ocrx_word' id='word_1_81' title='bbox 616 753 706 782; x_wconf 78' lang='lat' dir='ltr'>non</span> <span class='ocrx_word' id='word_1_82' title='bbox 723 741 871 796; x_wconf 77' lang='lat' dir='ltr'>potest</span> <span class='ocrx_word' id='word_1_83' title='bbox 897 741 1085 782; x_wconf 78' lang='lat' dir='ltr'>introire</span> <span class='ocrx_word' id='word_1_84' title='bbox 1107 740 1157 781; x_wconf 82' lang='lat' dir='ltr'>in</span> <span class='ocrx_word' id='word_1_85' title='bbox 1175 751 1361 794; x_wconf 72' lang='lat' dir='ltr'>requam</span> <span class='ocrx_word' id='word_1_86' title='bbox 1385 740 1497 793; x_wconf 72' lang='lat' dir='ltr'>Dez’;</span> <span class='ocrx_word' id='word_1_87' title='bbox 1518 742 1565 782; x_wconf 87' lang='lat' dir='ltr'>et</span> <span class='ocrx_word' id='word_1_88' title='bbox 1586 736 1682 790; x_wconf 85' lang='lat' dir='ltr'>(lib.</span> <span class='ocrx_word' id='word_1_89' title='bbox 1714 739 1776 780; x_wconf 90' lang='lat' dir='ltr'>De</span> <span class='ocrx_word' id='word_1_90' title='bbox 1798 735 1910 779; x_wconf 86' lang='lat' dir='ltr'>eccl.</span> <span class='ocrx_word' id='word_1_91' title='bbox 1936 735 2050 792; x_wconf 84' lang='lat' dir='ltr'>dog-</span> 
     </span>
     <span class='ocr_line' id='line_1_11' title="bbox 161 798 2029 857; baseline -0.002 -11"><span class='ocrx_word' id='word_1_92' title='bbox 161 801 380 854; x_wconf 87' lang='lat' dir='ltr'>matibus,</span> <span class='ocrx_word' id='word_1_93' title='bbox 400 813 487 855; x_wconf 88' lang='lat' dir='ltr'>cap</span> <span class='ocrx_word' id='word_1_94' title='bbox 507 802 577 855; x_wconf 73' lang='grc'>74)</span> <span class='ocrx_word' id='word_1_95' title='bbox 596 801 795 846; x_wconf 87' lang='lat' dir='ltr'>dicitur:</span> <span class='ocrx_word' id='word_1_96' title='bbox 821 818 842 839; x_wconf 86' lang='lat'>«</span> <span class='ocrx_word' id='word_1_97' title='bbox 860 800 1105 857; x_wconf 86' lang='lat' dir='ltr'>Baptizatis</span> <span class='ocrx_word' id='word_1_98' title='bbox 1126 802 1307 844; x_wconf 80' lang='lat' dir='ltr'>tantum</span> <span class='ocrx_word' id='word_1_99' title='bbox 1326 799 1413 844; x_wconf 90' lang='lat' dir='ltr'>iter</span> <span class='ocrx_word' id='word_1_100' title='bbox 1430 798 1595 843; x_wconf 88' lang='lat' dir='ltr'>salutis</span> <span class='ocrx_word' id='word_1_101' title='bbox 1615 810 1719 843; x_wconf 89' lang='lat' dir='ltr'>esse</span> <span class='ocrx_word' id='word_1_102' title='bbox 1738 798 1988 842; x_wconf 84' lang='lat' dir='ltr'>credimus.</span> <span class='ocrx_word' id='word_1_103' title='bbox 2007 816 2029 836; x_wconf 70' lang='lat' dir='ltr'>a»</span> 
     </span>
    </p>

    <p class='ocr_par' dir='ltr' id='par_1_6' title="bbox 161 865 2050 1030">
     <span class='ocr_line' id='line_1_12' title="bbox 211 865 2049 919; baseline -0.003 -9"><span class='ocrx_word' id='word_1_104' title='bbox 211 869 684 910; x_wconf 81' lang='lat' dir='ltr'>CONCLUSIO.—-Cum</span> <span class='ocrx_word' id='word_1_105' title='bbox 715 879 836 908; x_wconf 89' lang='lat' dir='ltr'>nemo</span> <span class='ocrx_word' id='word_1_106' title='bbox 865 870 944 907; x_wconf 87' lang='lat' dir='ltr'>nisi</span> <span class='ocrx_word' id='word_1_107' title='bbox 976 868 1135 908; x_wconf 86' lang='lat' dir='ltr'>Christo</span> <span class='ocrx_word' id='word_1_108' title='bbox 1164 869 1452 919; x_wconf 82' lang='lat' dir='ltr'>incorporatus</span> <span class='ocrx_word' id='word_1_109' title='bbox 1482 867 1660 907; x_wconf 84' lang='lat' dir='ltr'>salutem</span> <span class='ocrx_word' id='word_1_110' title='bbox 1688 865 1879 917; x_wconf 85' lang='lat' dir='ltr'>consequi</span> <span class='ocrx_word' id='word_1_111' title='bbox 1913 867 2049 916; x_wconf 83' lang='lat' dir='ltr'>queat,</span> 
     </span>
     <span class='ocr_line' id='line_1_13' title="bbox 163 919 2050 975; baseline -0.004 -10"><span class='ocrx_word' id='word_1_112' title='bbox 163 924 431 965; x_wconf 83' lang='lat' dir='ltr'>manifestum</span> <span class='ocrx_word' id='word_1_113' title='bbox 447 927 508 963; x_wconf 82' lang='lat' dir='ltr'>est</span> <span class='ocrx_word' id='word_1_114' title='bbox 535 935 678 963; x_wconf 79' lang='lat' dir='ltr'>omnes</span> <span class='ocrx_word' id='word_1_115' title='bbox 701 923 889 963; x_wconf 87' lang='lat' dir='ltr'>homines</span> <span class='ocrx_word' id='word_1_116' title='bbox 901 924 953 963; x_wconf 84' lang='lat' dir='ltr'>ad</span> <span class='ocrx_word' id='word_1_117' title='bbox 973 923 1170 975; x_wconf 82' lang='lat' dir='ltr'>baptismi</span> <span class='ocrx_word' id='word_1_118' title='bbox 1188 923 1490 974; x_wconf 83' lang='lat' dir='ltr'><strong>susceptionem</strong></span> <span class='ocrx_word' id='word_1_119' title='bbox 1512 923 1656 971; x_wconf 86' lang='lat' dir='ltr'>teneri,</span> <span class='ocrx_word' id='word_1_120' title='bbox 1671 932 1743 972; x_wconf 84' lang='lat' dir='ltr'>per</span> <span class='ocrx_word' id='word_1_121' title='bbox 1757 931 1880 971; x_wconf 87' lang='lat' dir='ltr'>quem</span> <span class='ocrx_word' id='word_1_122' title='bbox 1893 919 2050 960; x_wconf 83' lang='lat' dir='ltr'>Christo</span> 
     </span>
     <span class='ocr_line' id='line_1_14' title="bbox 161 973 1333 1030; baseline -0.002 -11"><span class='ocrx_word' id='word_1_123' title='bbox 161 977 474 1030; x_wconf 67' lang='lat' dir='ltr'>incorporamur</span> <span class='ocrx_word' id='word_1_124' title='bbox 487 982 526 1017; x_wconf 86' lang='lat' dir='ltr'>et</span> <span class='ocrx_word' id='word_1_125' title='bbox 542 979 672 1029; x_wconf 85' lang='lat' dir='ltr'>ipsius</span> <span class='ocrx_word' id='word_1_126' title='bbox 688 978 871 1017; x_wconf 88' lang='lat' dir='ltr'>membra</span> <span class='ocrx_word' id='word_1_127' title='bbox 887 977 1011 1017; x_wconf 86' lang='lat' dir='ltr'>fiunt.</span> <span class='ocrx_word' id='word_1_128' title='bbox 1323 973 1333 981; x_wconf 68' lang='lat'><strong><em>⁴</em></strong></span> 
     </span>
    </p>

    <p class='ocr_par' dir='ltr' id='par_1_7' title="bbox 153 1037 2050 1588">
     <span class='ocr_line' id='line_1_15' title="bbox 217 1037 2048 1096; baseline -0.003 -11"><span class='ocrx_word' id='word_1_129' title='bbox 217 1041 489 1096; x_wconf 84' lang='lat' dir='ltr'>Respondeo</span> <span class='ocrx_word' id='word_1_130' title='bbox 509 1040 757 1085; x_wconf 86' lang='lat' dir='ltr'>dicendum</span> <span class='ocrx_word' id='word_1_131' title='bbox 781 1040 906 1096; x_wconf 85' lang='lat' dir='ltr'>quod</span> <span class='ocrx_word' id='word_1_132' title='bbox 927 1039 984 1084; x_wconf 84' lang='lat' dir='ltr'>ad</span> <span class='ocrx_word' id='word_1_133' title='bbox 1009 1040 1123 1084; x_wconf 90' lang='lat' dir='ltr'>illud</span> <span class='ocrx_word' id='word_1_134' title='bbox 1143 1040 1357 1084; x_wconf 89' lang='lat' dir='ltr'>homines</span> <span class='ocrx_word' id='word_1_135' title='bbox 1374 1042 1591 1084; x_wconf 88' lang='lat' dir='ltr'>tenentur</span> <span class='ocrx_word' id='word_1_136' title='bbox 1613 1037 1715 1082; x_wconf 91' lang='lat' dir='ltr'>sine</span> <span class='ocrx_word' id='word_1_137' title='bbox 1735 1049 1828 1094; x_wconf 87' lang='lat' dir='ltr'>quo</span> <span class='ocrx_word' id='word_1_138' title='bbox 1850 1037 2048 1081; x_wconf 83' lang='lat' dir='ltr'>salutem</span> 
     </span>
     <span class='ocr_line' id='line_1_16' title="bbox 161 1099 2048 1158; baseline -0.002 -11"><span class='ocrx_word' id='word_1_139' title='bbox 161 1103 383 1158; x_wconf 80' lang='lat' dir='ltr'>consequi</span> <span class='ocrx_word' id='word_1_140' title='bbox 406 1115 496 1146; x_wconf 91' lang='lat' dir='ltr'>non</span> <span class='ocrx_word' id='word_1_141' title='bbox 521 1107 731 1158; x_wconf 82' lang='lat' dir='ltr'>possunt.</span> <span class='ocrx_word' id='word_1_142' title='bbox 757 1102 1043 1146; x_wconf 72' lang='lat' dir='ltr'>Manifestum</span> <span class='ocrx_word' id='word_1_143' title='bbox 1068 1107 1139 1145; x_wconf 89' lang='lat' dir='ltr'>est</span> <span class='ocrx_word' id='word_1_144' title='bbox 1161 1107 1317 1146; x_wconf 89' lang='lat' dir='ltr'>autem</span> <span class='ocrx_word' id='word_1_145' title='bbox 1340 1100 1466 1158; x_wconf 82' lang='lat' dir='ltr'>quod</span> <span class='ocrx_word' id='word_1_146' title='bbox 1497 1100 1655 1144; x_wconf 88' lang='lat' dir='ltr'>nullus</span> <span class='ocrx_word' id='word_1_147' title='bbox 1677 1104 1828 1156; x_wconf 89' lang='lat' dir='ltr'>potest</span> <span class='ocrx_word' id='word_1_148' title='bbox 1850 1099 2048 1143; x_wconf 87' lang='lat' dir='ltr'>salutem</span> 
     </span>
     <span class='ocr_line' id='line_1_17' title="bbox 161 1162 2050 1221; baseline -0.003 -11"><span class='ocrx_word' id='word_1_149' title='bbox 161 1164 402 1221; x_wconf 80' lang='lat' dir='ltr'>consequi,</span> <span class='ocrx_word' id='word_1_150' title='bbox 438 1164 526 1207; x_wconf 90' lang='lat' dir='ltr'>nisi</span> <span class='ocrx_word' id='word_1_151' title='bbox 549 1177 631 1221; x_wconf 89' lang='lat' dir='ltr'>per</span> <span class='ocrx_word' id='word_1_152' title='bbox 652 1164 898 1208; x_wconf 74' lang='lat' dir='ltr'>Christum.</span> <span class='ocrx_word' id='word_1_153' title='bbox 931 1164 1060 1208; x_wconf 87' lang='lat' dir='ltr'>Unde</span> <span class='ocrx_word' id='word_1_154' title='bbox 1080 1169 1128 1208; x_wconf 88' lang='lat' dir='ltr'>et</span> <span class='ocrx_word' id='word_1_155' title='bbox 1156 1163 1403 1219; x_wconf 84' lang='lat' dir='ltr'>Apostolus</span> <span class='ocrx_word' id='word_1_156' title='bbox 1429 1162 1539 1207; x_wconf 85' lang='lat' dir='ltr'>dicit</span> <span class='ocrx_word' id='word_1_157' title='bbox 1560 1164 1704 1217; x_wconf 81' lang='lat' dir='ltr'>(Rom.</span> <span class='ocrx_word' id='word_1_158' title='bbox 1735 1176 1781 1218; x_wconf 87' lang='lat' dir='ltr'>v,</span> <span class='ocrx_word' id='word_1_159' title='bbox 1800 1164 1870 1214; x_wconf 88' lang='grc'>18)</span> <span class='ocrx_word' id='word_1_160' title='bbox 1893 1176 1903 1205; x_wconf 89' lang='lat'>:</span> <span class='ocrx_word' id='word_1_161' title='bbox 1925 1163 2050 1205; x_wconf 76' lang='lat' dir='ltr'>Sicut</span> 
     </span>
     <span class='ocr_line' id='line_1_18' title="bbox 158 1223 2050 1282; baseline -0.002 -13"><span class='ocrx_word' id='word_1_162' title='bbox 158 1239 243 1282; x_wconf 86' lang='lat' dir='ltr'>per</span> <span class='ocrx_word' id='word_1_163' title='bbox 260 1230 391 1269; x_wconf 74' lang='lat' dir='ltr'>unius</span> <span class='ocrx_word' id='word_1_164' title='bbox 415 1225 631 1269; x_wconf 82' lang='lat' dir='ltr'>delictum</span> <span class='ocrx_word' id='word_1_165' title='bbox 650 1227 698 1268; x_wconf 78' lang='lat' dir='ltr'>in</span> <span class='ocrx_word' id='word_1_166' title='bbox 721 1236 870 1268; x_wconf 82' lang='lat' dir='ltr'>omnes</span> <span class='ocrx_word' id='word_1_167' title='bbox 892 1223 1094 1267; x_wconf 78' lang='lat' dir='ltr'>homines</span> <span class='ocrx_word' id='word_1_168' title='bbox 1116 1227 1167 1266; x_wconf 79' lang='lat' dir='ltr'>in</span> <span class='ocrx_word' id='word_1_169' title='bbox 1183 1224 1603 1268; x_wconf 72' lang='lat' dir='ltr'>condemnationem</span> <span class='ocrx_word' id='word_1_170' title='bbox 1617 1257 1629 1278; x_wconf 90' lang='lat'>‚</span> <span class='ocrx_word' id='word_1_171' title='bbox 1660 1225 1725 1266; x_wconf 77' lang='lat' dir='ltr'>sic</span> <span class='ocrx_word' id='word_1_172' title='bbox 1753 1225 1796 1266; x_wconf 79' lang='lat' dir='ltr'>et</span> <span class='ocrx_word' id='word_1_173' title='bbox 1813 1235 1896 1279; x_wconf 81' lang='lat' dir='ltr'>per</span> <span class='ocrx_word' id='word_1_174' title='bbox 1917 1225 2050 1266; x_wconf 77' lang='lat' dir='ltr'>unius</span> 
     </span>
     <span class='ocr_line' id='line_1_19' title="bbox 153 1283 2050 1343; baseline -0.001 -13"><span class='ocrx_word' id='word_1_175' title='bbox 153 1289 382 1343; x_wconf 74' lang='lat' dir='ltr'>justitiam</span> <span class='ocrx_word' id='word_1_176' title='bbox 399 1289 448 1329; x_wconf 74' lang='lat' dir='ltr'>in</span> <span class='ocrx_word' id='word_1_177' title='bbox 467 1299 617 1328; x_wconf 76' lang='lat' dir='ltr'>omnes</span> <span class='ocrx_word' id='word_1_178' title='bbox 642 1285 844 1328; x_wconf 75' lang='lat' dir='ltr'>homi-nes</span> <span class='ocrx_word' id='word_1_179' title='bbox 863 1288 910 1327; x_wconf 81' lang='lat' dir='ltr'>in</span> <span class='ocrx_word' id='word_1_180' title='bbox 924 1286 1303 1339; x_wconf 79' lang='lat' dir='ltr'>justificationem</span> <span class='ocrx_word' id='word_1_181' title='bbox 1328 1286 1447 1327; x_wconf 76' lang='lat' dir='ltr'>vitae.</span> <span class='ocrx_word' id='word_1_182' title='bbox 1469 1308 1526 1315; x_wconf 93' lang='lat'>—</span> <span class='ocrx_word' id='word_1_183' title='bbox 1546 1283 1613 1328; x_wconf 89' lang='lat' dir='ltr'>Ad</span> <span class='ocrx_word' id='word_1_184' title='bbox 1633 1283 1721 1329; x_wconf 82' lang='lat' dir='ltr'>hoc</span> <span class='ocrx_word' id='word_1_185' title='bbox 1737 1290 1894 1327; x_wconf 88' lang='lat' dir='ltr'>autem</span> <span class='ocrx_word' id='word_1_186' title='bbox 1913 1284 2050 1328; x_wconf 82' lang='lat' dir='ltr'>datur</span> 
     </span>
     <span class='ocr_line' id='line_1_20' title="bbox 160 1344 2049 1403; baseline -0.001 -12"><span class='ocrx_word' id='word_1_187' title='bbox 160 1348 421 1403; x_wconf 78' lang='lat' dir='ltr'>baptismus</span> <span class='ocrx_word' id='word_1_188' title='bbox 442 1351 495 1390; x_wconf 89' lang='lat' dir='ltr'>ut</span> <span class='ocrx_word' id='word_1_189' title='bbox 516 1346 684 1401; x_wconf 84' lang='lat' dir='ltr'>aliquis</span> <span class='ocrx_word' id='word_1_190' title='bbox 713 1358 795 1402; x_wconf 88' lang='lat' dir='ltr'>per</span> <span class='ocrx_word' id='word_1_191' title='bbox 818 1346 971 1402; x_wconf 89' lang='lat' dir='ltr'>ipsum</span> <span class='ocrx_word' id='word_1_192' title='bbox 997 1351 1297 1401; x_wconf 85' lang='lat' dir='ltr'>regeneratus</span> <span class='ocrx_word' id='word_1_193' title='bbox 1321 1345 1644 1401; x_wconf 74' lang='lat' dir='ltr'>incorporetur</span> <span class='ocrx_word' id='word_1_194' title='bbox 1669 1344 1870 1396; x_wconf 82' lang='lat' dir='ltr'>Christ03</span> <span class='ocrx_word' id='word_1_195' title='bbox 1899 1345 2049 1389; x_wconf 85' lang='lat' dir='ltr'>factus</span> 
     </span>
     <span class='ocr_line' id='line_1_21' title="bbox 158 1406 2048 1463; baseline -0.002 -11"><span class='ocrx_word' id='word_1_196' title='bbox 158 1408 419 1452; x_wconf 86' lang='lat' dir='ltr'>membrum</span> <span class='ocrx_word' id='word_1_197' title='bbox 445 1407 592 1463; x_wconf 89' lang='lat' dir='ltr'>ipsius</span> <span class='ocrx_word' id='word_1_198' title='bbox 610 1409 690 1463; x_wconf 84' lang='grc'>(1);</span> <span class='ocrx_word' id='word_1_199' title='bbox 715 1406 843 1451; x_wconf 91' lang='lat' dir='ltr'>unde</span> <span class='ocrx_word' id='word_1_200' title='bbox 871 1406 1040 1451; x_wconf 90' lang='lat' dir='ltr'>dicitur</span> <span class='ocrx_word' id='word_1_201' title='bbox 1065 1407 1224 1461; x_wconf 81' lang='lat' dir='ltr'>(Galat.</span> <span class='ocrx_word' id='word_1_202' title='bbox 1251 1420 1314 1459; x_wconf 84' lang='lat'>111,</span> <span class='ocrx_word' id='word_1_203' title='bbox 1348 1409 1418 1460; x_wconf 78' lang='lat'>27)</span> <span class='ocrx_word' id='word_1_204' title='bbox 1441 1421 1452 1450; x_wconf 74' lang='grc' dir='ltr'>ι</span> <span class='ocrx_word' id='word_1_205' title='bbox 1482 1409 1756 1462; x_wconf 78' lang='lat' dir='ltr'>Quicumque</span> <span class='ocrx_word' id='word_1_206' title='bbox 1785 1408 1832 1448; x_wconf 76' lang='lat' dir='ltr'>in</span> <span class='ocrx_word' id='word_1_207' title='bbox 1867 1406 2048 1450; x_wconf 72' lang='lat' dir='ltr'>Christo</span> 
     </span>
     <span class='ocr_line' id='line_1_22' title="bbox 160 1467 2049 1526; baseline 0 -14"><span class='ocrx_word' id='word_1_208' title='bbox 160 1469 383 1526; x_wconf 75' lang='lat' dir='ltr'>baptizati</span> <span class='ocrx_word' id='word_1_209' title='bbox 405 1472 528 1525; x_wconf 78' lang='lat' dir='ltr'>estis,</span> <span class='ocrx_word' id='word_1_210' title='bbox 556 1469 788 1511; x_wconf 76' lang='lat' dir='ltr'>Christum</span> <span class='ocrx_word' id='word_1_211' title='bbox 819 1470 1049 1512; x_wconf 73' lang='lat' dir='ltr'>induistis.</span> <span class='ocrx_word' id='word_1_212' title='bbox 1073 1468 1202 1512; x_wconf 89' lang='lat' dir='ltr'>Unde</span> <span class='ocrx_word' id='word_1_213' title='bbox 1231 1467 1531 1512; x_wconf 87' lang='lat' dir='ltr'>manifestum</span> <span class='ocrx_word' id='word_1_214' title='bbox 1552 1471 1622 1511; x_wconf 89' lang='lat' dir='ltr'>est</span> <span class='ocrx_word' id='word_1_215' title='bbox 1654 1467 1779 1523; x_wconf 82' lang='lat' dir='ltr'>quod</span> <span class='ocrx_word' id='word_1_216' title='bbox 1807 1479 1972 1512; x_wconf 87' lang='lat' dir='ltr'>omnes</span> <span class='ocrx_word' id='word_1_217' title='bbox 1989 1467 2049 1512; x_wconf 86' lang='lat' dir='ltr'>ad</span> 
     </span>
     <span class='ocr_line' id='line_1_23' title="bbox 158 1523 1825 1588; baseline -0.001 -12"><span class='ocrx_word' id='word_1_218' title='bbox 158 1523 701 1588; x_wconf 70' lang='lat' dir='ltr'>baptismumtenentur,</span> <span class='ocrx_word' id='word_1_219' title='bbox 722 1536 769 1575; x_wconf 91' lang='lat' dir='ltr'>et</span> <span class='ocrx_word' id='word_1_220' title='bbox 790 1531 892 1575; x_wconf 88' lang='lat' dir='ltr'>sine</span> <span class='ocrx_word' id='word_1_221' title='bbox 910 1543 967 1575; x_wconf 87' lang='lat' dir='ltr'>eo</span> <span class='ocrx_word' id='word_1_222' title='bbox 984 1544 1076 1575; x_wconf 88' lang='lat' dir='ltr'>non</span> <span class='ocrx_word' id='word_1_223' title='bbox 1095 1536 1248 1587; x_wconf 89' lang='lat' dir='ltr'>potest</span> <span class='ocrx_word' id='word_1_224' title='bbox 1265 1544 1370 1576; x_wconf 89' lang='lat' dir='ltr'>esse</span> <span class='ocrx_word' id='word_1_225' title='bbox 1393 1532 1522 1575; x_wconf 86' lang='lat' dir='ltr'>salus</span> <span class='ocrx_word' id='word_1_226' title='bbox 1542 1530 1825 1575; x_wconf 87' lang='lat' dir='ltr'>hominibus.</span> 
     </span>
    </p>

    <p class='ocr_par' dir='ltr' id='par_1_8' title="bbox 159 1593 2066 2510">
     <span class='ocr_line' id='line_1_24' title="bbox 217 1593 2049 1651; baseline -0.001 -12"><span class='ocrx_word' id='word_1_227' title='bbox 217 1593 284 1639; x_wconf 87' lang='lat' dir='ltr'>Ad</span> <span class='ocrx_word' id='word_1_228' title='bbox 303 1597 502 1651; x_wconf 78' lang='lat' dir='ltr'>primum</span> <span class='ocrx_word' id='word_1_229' title='bbox 526 1605 637 1648; x_wconf 83' lang='lat' dir='ltr'>ergo</span> <span class='ocrx_word' id='word_1_230' title='bbox 658 1593 923 1646; x_wconf 83' lang='lat' dir='ltr'>dicendum,</span> <span class='ocrx_word' id='word_1_231' title='bbox 948 1593 1072 1649; x_wconf 84' lang='lat' dir='ltr'>quod</span> <span class='ocrx_word' id='word_1_232' title='bbox 1095 1593 1336 1650; x_wconf 80' lang='lat' dir='ltr'>nunquam</span> <span class='ocrx_word' id='word_1_233' title='bbox 1367 1593 1578 1638; x_wconf 85' lang='lat' dir='ltr'>homines</span> <span class='ocrx_word' id='word_1_234' title='bbox 1603 1597 1854 1649; x_wconf 89' lang='lat' dir='ltr'>potuerunt</span> <span class='ocrx_word' id='word_1_235' title='bbox 1880 1593 2049 1638; x_wconf 85' lang='lat' dir='ltr'>salvari</span> 
     </span>
     <span class='ocr_line' id='line_1_25' title="bbox 161 1653 2050 1710; baseline -0.001 -10"><span class='ocrx_word' id='word_1_236' title='bbox 161 1656 301 1701; x_wconf 87' lang='lat' dir='ltr'>etiam</span> <span class='ocrx_word' id='word_1_237' title='bbox 325 1661 431 1699; x_wconf 86' lang='lat' dir='ltr'>ante</span> <span class='ocrx_word' id='word_1_238' title='bbox 451 1654 615 1698; x_wconf 78' lang='lat' dir='ltr'>Christi</span> <span class='ocrx_word' id='word_1_239' title='bbox 637 1655 913 1710; x_wconf 84' lang='lat' dir='ltr'>adventum,</span> <span class='ocrx_word' id='word_1_240' title='bbox 939 1655 1028 1698; x_wconf 90' lang='lat' dir='ltr'>nisi</span> <span class='ocrx_word' id='word_1_241' title='bbox 1060 1654 1220 1699; x_wconf 89' lang='lat' dir='ltr'>fierent</span> <span class='ocrx_word' id='word_1_242' title='bbox 1243 1655 1451 1699; x_wconf 85' lang='lat' dir='ltr'>membra</span> <span class='ocrx_word' id='word_1_243' title='bbox 1474 1654 1664 1708; x_wconf 84' lang='lat' dir='ltr'>Christi,</span> <span class='ocrx_word' id='word_1_244' title='bbox 1692 1653 1826 1710; x_wconf 89' lang='lat' dir='ltr'>quia,</span> <span class='ocrx_word' id='word_1_245' title='bbox 1862 1659 1914 1698; x_wconf 88' lang='lat' dir='ltr'>ut</span> <span class='ocrx_word' id='word_1_246' title='bbox 1933 1654 2050 1701; x_wconf 82' lang='lat' dir='ltr'>dici-</span> 
     </span>
     <span class='ocr_line' id='line_1_26' title="bbox 161 1717 2050 1771; baseline -0.001 -9"><span class='ocrx_word' id='word_1_247' title='bbox 161 1721 238 1762; x_wconf 86' lang='lat' dir='ltr'>tur</span> <span class='ocrx_word' id='word_1_248' title='bbox 258 1720 372 1771; x_wconf 81' lang='lat' dir='ltr'>(Act.</span> <span class='ocrx_word' id='word_1_249' title='bbox 394 1731 450 1771; x_wconf 76' lang='lat' dir='ltr'>iv,</span> <span class='ocrx_word' id='word_1_250' title='bbox 472 1719 560 1771; x_wconf 66' lang='lat'>12),</span> <span class='ocrx_word' id='word_1_251' title='bbox 593 1730 683 1759; x_wconf 79' lang='lat' dir='ltr'>non</span> <span class='ocrx_word' id='word_1_252' title='bbox 705 1720 771 1760; x_wconf 81' lang='lat' dir='ltr'>est</span> <span class='ocrx_word' id='word_1_253' title='bbox 799 1717 924 1759; x_wconf 77' lang='lat' dir='ltr'>aliud</span> <span class='ocrx_word' id='word_1_254' title='bbox 947 1729 1108 1759; x_wconf 79' lang='lat' dir='ltr'>nomen</span> <span class='ocrx_word' id='word_1_255' title='bbox 1128 1717 1287 1760; x_wconf 75' lang='lat' dir='ltr'>dat-um</span> <span class='ocrx_word' id='word_1_256' title='bbox 1309 1720 1364 1770; x_wconf 76' lang='lat'>(2)</span> <span class='ocrx_word' id='word_1_257' title='bbox 1387 1717 1638 1759; x_wconf 75' lang='lat' dir='ltr'>hominibus</span> <span class='ocrx_word' id='word_1_258' title='bbox 1663 1717 1710 1758; x_wconf 82' lang='lat' dir='ltr'>in</span> <span class='ocrx_word' id='word_1_259' title='bbox 1733 1729 1817 1771; x_wconf 81' lang='lat' dir='ltr'>quo</span> <span class='ocrx_word' id='word_1_260' title='bbox 1843 1719 2050 1771; x_wconf 69' lang='lat' dir='ltr'>oporteat</span> 
     </span>
     <span class='ocr_line' id='line_1_27' title="bbox 160 1770 2048 1833; baseline 0 -10"><span class='ocrx_word' id='word_1_261' title='bbox 160 1792 240 1823; x_wconf 81' lang='lat' dir='ltr'>nos</span> <span class='ocrx_word' id='word_1_262' title='bbox 260 1779 411 1822; x_wconf 84' lang='lat' dir='ltr'>salvos</span> <span class='ocrx_word' id='word_1_263' title='bbox 429 1779 543 1832; x_wconf 79' lang='lat' dir='ltr'>fieri.</span> <span class='ocrx_word' id='word_1_264' title='bbox 569 1778 655 1822; x_wconf 89' lang='lat' dir='ltr'>Sed</span> <span class='ocrx_word' id='word_1_265' title='bbox 677 1783 785 1822; x_wconf 85' lang='lat' dir='ltr'>ante</span> <span class='ocrx_word' id='word_1_266' title='bbox 807 1778 1059 1823; x_wconf 85' lang='lat' dir='ltr'>adventum</span> <span class='ocrx_word' id='word_1_267' title='bbox 1077 1778 1239 1822; x_wconf 85' lang='lat' dir='ltr'>Christi</span> <span class='ocrx_word' id='word_1_268' title='bbox 1261 1779 1472 1824; x_wconf 82' lang='lat' dir='ltr'>homines</span> <span class='ocrx_word' id='word_1_269' title='bbox 1493 1778 1671 1822; x_wconf 85' lang='lat' dir='ltr'>Christo</span> <span class='ocrx_word' id='word_1_270' title='bbox 1688 1770 2048 1833; x_wconf 80' lang='lat' dir='ltr'>incorporaban-</span> 
     </span>
     <span class='ocr_line' id='line_1_28' title="bbox 162 1838 2049 1898; baseline -0.001 -13"><span class='ocrx_word' id='word_1_271' title='bbox 162 1844 239 1885; x_wconf 89' lang='lat' dir='ltr'>tur</span> <span class='ocrx_word' id='word_1_272' title='bbox 261 1851 345 1897; x_wconf 89' lang='lat' dir='ltr'>per</span> <span class='ocrx_word' id='word_1_273' title='bbox 366 1840 504 1883; x_wconf 85' lang='lat' dir='ltr'>fidem</span> <span class='ocrx_word' id='word_1_274' title='bbox 526 1839 669 1886; x_wconf 86' lang='lat' dir='ltr'>futuri</span> <span class='ocrx_word' id='word_1_275' title='bbox 701 1840 960 1895; x_wconf 77' lang='lat' dir='ltr'>adventus3</span> <span class='ocrx_word' id='word_1_276' title='bbox 991 1838 1127 1895; x_wconf 90' lang='lat' dir='ltr'>cujus</span> <span class='ocrx_word' id='word_1_277' title='bbox 1150 1838 1257 1884; x_wconf 86' lang='lat' dir='ltr'>fidei</span> <span class='ocrx_word' id='word_1_278' title='bbox 1282 1840 1573 1896; x_wconf 77' lang='lat' dir='ltr'>signaculum</span> <span class='ocrx_word' id='word_1_279' title='bbox 1604 1843 1702 1883; x_wconf 88' lang='lat' dir='ltr'>erat</span> <span class='ocrx_word' id='word_1_280' title='bbox 1726 1838 2049 1898; x_wconf 77' lang='lat' dir='ltr'>circumcisio,</span> 
     </span>
     <span class='ocr_line' id='line_1_29' title="bbox 162 1898 2066 1958; baseline -0.001 -12"><span class='ocrx_word' id='word_1_281' title='bbox 162 1906 215 1947; x_wconf 92' lang='lat' dir='ltr'>ut</span> <span class='ocrx_word' id='word_1_282' title='bbox 244 1902 490 1958; x_wconf 85' lang='lat' dir='ltr'>Apostolus</span> <span class='ocrx_word' id='word_1_283' title='bbox 520 1901 628 1946; x_wconf 89' lang='lat' dir='ltr'>dicit</span> <span class='ocrx_word' id='word_1_284' title='bbox 654 1902 798 1957; x_wconf 88' lang='lat' dir='ltr'>(Rom.</span> <span class='ocrx_word' id='word_1_285' title='bbox 823 1903 905 1958; x_wconf 78' lang='lat' dir='ltr'>iv)3</span> <span class='ocrx_word' id='word_1_286' title='bbox 929 1905 1039 1945; x_wconf 83' lang='lat' dir='ltr'>ante</span> <span class='ocrx_word' id='word_1_287' title='bbox 1070 1902 1178 1945; x_wconf 83' lang='lat' dir='ltr'>vero</span> <span class='ocrx_word' id='word_1_288' title='bbox 1210 1902 1351 1958; x_wconf 79' lang='lat' dir='ltr'>quam</span> <span class='ocrx_word' id='word_1_289' title='bbox 1385 1901 1675 1946; x_wconf 79' lang='lat' dir='ltr'>circumcisio</span> <span class='ocrx_word' id='word_1_290' title='bbox 1708 1898 2066 1957; x_wconf 71' lang='lat' dir='ltr'>institueretur,</span> 
     </span>
     <span class='ocr_line' id='line_1_30' title="bbox 161 1961 2050 2020; baseline 0 -12"><span class='ocrx_word' id='word_1_291' title='bbox 161 1963 260 2008; x_wconf 76' lang='lat' dir='ltr'>sola</span> <span class='ocrx_word' id='word_1_292' title='bbox 281 1961 390 2016; x_wconf 87' lang='lat' dir='ltr'>fide,</span> <span class='ocrx_word' id='word_1_293' title='bbox 414 1967 466 2006; x_wconf 90' lang='lat' dir='ltr'>ut</span> <span class='ocrx_word' id='word_1_294' title='bbox 487 1963 733 2019; x_wconf 85' lang='lat' dir='ltr'>Gregorius</span> <span class='ocrx_word' id='word_1_295' title='bbox 759 1962 869 2008; x_wconf 84' lang='lat' dir='ltr'>dicit</span> <span class='ocrx_word' id='word_1_296' title='bbox 890 1962 1059 2018; x_wconf 86' lang='lat' dir='ltr'>(Moral.</span> <span class='ocrx_word' id='word_1_297' title='bbox 1087 1962 1172 2007; x_wconf 90' lang='lat' dir='ltr'>lib.</span> <span class='ocrx_word' id='word_1_298' title='bbox 1203 1977 1262 2019; x_wconf 80' lang='grc' dir='ltr'>ιν,</span> <span class='ocrx_word' id='word_1_299' title='bbox 1284 1975 1387 2019; x_wconf 85' lang='lat' dir='ltr'>cap.</span> <span class='ocrx_word' id='word_1_300' title='bbox 1412 1965 1454 2017; x_wconf 88' lang='lat'>3,</span> <span class='ocrx_word' id='word_1_301' title='bbox 1474 1963 1503 2007; x_wconf 78' lang='lat' dir='ltr'>a</span> <span class='ocrx_word' id='word_1_302' title='bbox 1520 1962 1709 2020; x_wconf 88' lang='lat' dir='ltr'>princ.),·</span> <span class='ocrx_word' id='word_1_303' title='bbox 1733 1973 1840 2006; x_wconf 88' lang='lat' dir='ltr'>cum</span> <span class='ocrx_word' id='word_1_304' title='bbox 1869 1963 2050 2008; x_wconf 84' lang='lat' dir='ltr'>sacrifi-</span> 
     </span>
     <span class='ocr_line' id='line_1_31' title="bbox 161 2022 2048 2080; baseline 0.001 -12"><span class='ocrx_word' id='word_1_305' title='bbox 161 2023 338 2069; x_wconf 89' lang='lat' dir='ltr'>ciorum</span> <span class='ocrx_word' id='word_1_306' title='bbox 357 2023 606 2078; x_wconf 81' lang='lat' dir='ltr'>oblatione,</span> <span class='ocrx_word' id='word_1_307' title='bbox 631 2023 802 2080; x_wconf 87' lang='lat' dir='ltr'>quibus</span> <span class='ocrx_word' id='word_1_308' title='bbox 821 2035 955 2068; x_wconf 87' lang='lat' dir='ltr'>suam</span> <span class='ocrx_word' id='word_1_309' title='bbox 974 2022 1113 2067; x_wconf 88' lang='lat' dir='ltr'>fidem</span> <span class='ocrx_word' id='word_1_310' title='bbox 1135 2023 1314 2080; x_wconf 87' lang='lat' dir='ltr'>antiqui</span> <span class='ocrx_word' id='word_1_311' title='bbox 1339 2028 1494 2080; x_wconf 89' lang='lat' dir='ltr'>patres</span> <span class='ocrx_word' id='word_1_312' title='bbox 1521 2022 1873 2079; x_wconf 87' lang='lat' dir='ltr'>profitebantur,</span> <span class='ocrx_word' id='word_1_313' title='bbox 1895 2023 2048 2069; x_wconf 83' lang='lat' dir='ltr'>homi-</span> 
     </span>
     <span class='ocr_line' id='line_1_32' title="bbox 162 2084 2048 2142; baseline 0.001 -13"><span class='ocrx_word' id='word_1_314' title='bbox 162 2098 245 2130; x_wconf 88' lang='lat' dir='ltr'>nes</span> <span class='ocrx_word' id='word_1_315' title='bbox 276 2085 453 2129; x_wconf 84' lang='lat' dir='ltr'>Christo</span> <span class='ocrx_word' id='word_1_316' title='bbox 484 2084 916 2141; x_wconf 84' lang='lat' dir='ltr'>incorporabantur.</span> <span class='ocrx_word' id='word_1_317' title='bbox 946 2086 1054 2128; x_wconf 87' lang='lat' dir='ltr'>Post</span> <span class='ocrx_word' id='word_1_318' title='bbox 1075 2084 1326 2129; x_wconf 88' lang='lat' dir='ltr'>adventum</span> <span class='ocrx_word' id='word_1_319' title='bbox 1360 2085 1499 2129; x_wconf 82' lang='lat' dir='ltr'>etiam</span> <span class='ocrx_word' id='word_1_320' title='bbox 1523 2084 1685 2127; x_wconf 89' lang='lat' dir='ltr'>Christi</span> <span class='ocrx_word' id='word_1_321' title='bbox 1718 2084 1932 2128; x_wconf 89' lang='lat' dir='ltr'>homines</span> <span class='ocrx_word' id='word_1_322' title='bbox 1965 2098 2048 2142; x_wconf 84' lang='lat' dir='ltr'>per</span> 
     </span>
     <span class='ocr_line' id='line_1_33' title="bbox 160 2145 2048 2203; baseline 0 -11"><span class='ocrx_word' id='word_1_323' title='bbox 160 2145 299 2192; x_wconf 89' lang='lat' dir='ltr'>fidem</span> <span class='ocrx_word' id='word_1_324' title='bbox 330 2147 506 2191; x_wconf 89' lang='lat' dir='ltr'>Christo</span> <span class='ocrx_word' id='word_1_325' title='bbox 540 2146 912 2203; x_wconf 75' lang='lat' dir='ltr'>incorporantur,</span> <span class='ocrx_word' id='word_1_326' title='bbox 945 2146 1205 2191; x_wconf 78' lang='lat' dir='ltr'>secundum</span> <span class='ocrx_word' id='word_1_327' title='bbox 1242 2147 1359 2191; x_wconf 89' lang='lat' dir='ltr'>illud</span> <span class='ocrx_word' id='word_1_328' title='bbox 1384 2147 1565 2202; x_wconf 85' lang='lat' dir='ltr'>(Ephes.</span> <span class='ocrx_word' id='word_1_329' title='bbox 1596 2159 1660 2203; x_wconf 85' lang='grc' dir='ltr'>ιιι,</span> <span class='ocrx_word' id='word_1_330' title='bbox 1692 2149 1794 2198; x_wconf 87' lang='lat'>17):</span> <span class='ocrx_word' id='word_1_331' title='bbox 1824 2147 2048 2192; x_wconf 74' lang='lat' dir='ltr'>Habitare</span> 
     </span>
     <span class='ocr_line' id='line_1_34' title="bbox 161 2207 2047 2265; baseline 0.002 -12"><span class='ocrx_word' id='word_1_332' title='bbox 161 2209 390 2254; x_wconf 74' lang='lat' dir='ltr'>Christzmt</span> <span class='ocrx_word' id='word_1_333' title='bbox 411 2222 494 2265; x_wconf 83' lang='lat' dir='ltr'>per</span> <span class='ocrx_word' id='word_1_334' title='bbox 514 2209 649 2262; x_wconf 80' lang='lat' dir='ltr'>fidem</span> <span class='ocrx_word' id='word_1_335' title='bbox 675 2212 723 2251; x_wconf 79' lang='lat' dir='ltr'>in</span> <span class='ocrx_word' id='word_1_336' title='bbox 746 2209 954 2252; x_wconf 70' lang='lat' dir='ltr'>cordibus</span> <span class='ocrx_word' id='word_1_337' title='bbox 973 2211 1150 2253; x_wconf 80' lang='lat' dir='ltr'>vestris.</span> <span class='ocrx_word' id='word_1_338' title='bbox 1179 2209 1265 2253; x_wconf 88' lang='lat' dir='ltr'>Sed</span> <span class='ocrx_word' id='word_1_339' title='bbox 1295 2209 1384 2252; x_wconf 90' lang='lat' dir='ltr'>alio</span> <span class='ocrx_word' id='word_1_340' title='bbox 1416 2209 1551 2264; x_wconf 83' lang='lat' dir='ltr'>signo</span> <span class='ocrx_word' id='word_1_341' title='bbox 1582 2207 1906 2252; x_wconf 85' lang='lat' dir='ltr'>manifestatur</span> <span class='ocrx_word' id='word_1_342' title='bbox 1930 2209 2047 2256; x_wconf 82' lang='lat' dir='ltr'>fides</span> 
     </span>
     <span class='ocr_line' id='line_1_35' title="bbox 160 2268 2046 2326; baseline 0 -11"><span class='ocrx_word' id='word_1_343' title='bbox 160 2270 224 2315; x_wconf 88' lang='lat' dir='ltr'>rei</span> <span class='ocrx_word' id='word_1_344' title='bbox 242 2271 339 2326; x_wconf 85' lang='lat' dir='ltr'>jam</span> <span class='ocrx_word' id='word_1_345' title='bbox 360 2269 616 2326; x_wconf 77' lang='lat' dir='ltr'>praesentis,</span> <span class='ocrx_word' id='word_1_346' title='bbox 641 2270 781 2326; x_wconf 78' lang='lat' dir='ltr'>quam</span> <span class='ocrx_word' id='word_1_347' title='bbox 805 2269 1216 2325; x_wconf 80' lang='lat' dir='ltr'>demonstraretur,</span> <span class='ocrx_word' id='word_1_348' title='bbox 1237 2269 1424 2326; x_wconf 87' lang='lat' dir='ltr'>quando</span> <span class='ocrx_word' id='word_1_349' title='bbox 1446 2274 1544 2313; x_wconf 88' lang='lat' dir='ltr'>erat</span> <span class='ocrx_word' id='word_1_350' title='bbox 1562 2269 1744 2321; x_wconf 86' lang='lat' dir='ltr'>futura,</span> <span class='ocrx_word' id='word_1_351' title='bbox 1768 2268 1890 2314; x_wconf 85' lang='lat' dir='ltr'>sicut</span> <span class='ocrx_word' id='word_1_352' title='bbox 1907 2270 2046 2316; x_wconf 82' lang='lat' dir='ltr'>etiam</span> 
     </span>
     <span class='ocr_line' id='line_1_36' title="bbox 161 2328 2048 2388; baseline 0.002 -13"><span class='ocrx_word' id='word_1_353' title='bbox 161 2331 261 2376; x_wconf 85' lang='lat' dir='ltr'>aliis</span> <span class='ocrx_word' id='word_1_354' title='bbox 296 2331 450 2375; x_wconf 82' lang='lat' dir='ltr'>verbis</span> <span class='ocrx_word' id='word_1_355' title='bbox 476 2328 766 2386; x_wconf 87' lang='lat' dir='ltr'>significatur</span> <span class='ocrx_word' id='word_1_356' title='bbox 788 2343 1026 2388; x_wconf 86' lang='lat' dir='ltr'>praesens,</span> <span class='ocrx_word' id='word_1_357' title='bbox 1058 2330 1341 2388; x_wconf 80' lang='lat' dir='ltr'>praeteritum</span> <span class='ocrx_word' id='word_1_358' title='bbox 1378 2334 1424 2375; x_wconf 88' lang='lat' dir='ltr'>et</span> <span class='ocrx_word' id='word_1_359' title='bbox 1457 2331 1680 2375; x_wconf 63' lang='lat' dir='ltr'>futurum⁷</span> <span class='ocrx_word' id='word_1_360' title='bbox 1718 2333 1772 2374; x_wconf 88' lang='lat' dir='ltr'>Et</span> <span class='ocrx_word' id='word_1_361' title='bbox 1804 2330 1909 2375; x_wconf 81' lang='lat' dir='ltr'>ideo</span> <span class='ocrx_word' id='word_1_362' title='bbox 1939 2332 2048 2379; x_wconf 77' lang='lat' dir='ltr'>licet</span> 
     </span>
     <span class='ocr_line' id='line_1_37' title="bbox 160 2391 2046 2450; baseline 0.001 -13"><span class='ocrx_word' id='word_1_363' title='bbox 160 2394 312 2450; x_wconf 89' lang='lat' dir='ltr'>ipsum</span> <span class='ocrx_word' id='word_1_364' title='bbox 333 2398 676 2437; x_wconf 86' lang='lat' dir='ltr'>sacramentum</span> <span class='ocrx_word' id='word_1_365' title='bbox 697 2392 915 2449; x_wconf 88' lang='lat' dir='ltr'>baptismi</span> <span class='ocrx_word' id='word_1_366' title='bbox 937 2404 1030 2436; x_wconf 92' lang='lat' dir='ltr'>non</span> <span class='ocrx_word' id='word_1_367' title='bbox 1051 2404 1235 2448; x_wconf 87' lang='lat' dir='ltr'>semper</span> <span class='ocrx_word' id='word_1_368' title='bbox 1256 2392 1394 2436; x_wconf 83' lang='lat' dir='ltr'>fuerit</span> <span class='ocrx_word' id='word_1_369' title='bbox 1419 2392 1730 2437; x_wconf 88' lang='lat' dir='ltr'>necessarium</span> <span class='ocrx_word' id='word_1_370' title='bbox 1750 2391 1808 2436; x_wconf 86' lang='lat' dir='ltr'>ad</span> <span class='ocrx_word' id='word_1_371' title='bbox 1828 2393 2046 2449; x_wconf 85' lang='lat' dir='ltr'>salutem,</span> 
     </span>
     <span class='ocr_line' id='line_1_38' title="bbox 159 2454 1996 2510; baseline 0.001 -11"><span class='ocrx_word' id='word_1_372' title='bbox 159 2456 275 2500; x_wconf 84' lang='lat' dir='ltr'>fides</span> <span class='ocrx_word' id='word_1_373' title='bbox 299 2460 471 2510; x_wconf 87' lang='lat' dir='ltr'>tamen,</span> <span class='ocrx_word' id='word_1_374' title='bbox 495 2454 631 2510; x_wconf 87' lang='lat' dir='ltr'>cujus</span> <span class='ocrx_word' id='word_1_375' title='bbox 651 2454 910 2510; x_wconf 85' lang='lat' dir='ltr'>baptismus</span> <span class='ocrx_word' id='word_1_376' title='bbox 932 2460 1274 2498; x_wconf 86' lang='lat' dir='ltr'>sacramentum</span> <span class='ocrx_word' id='word_1_377' title='bbox 1295 2461 1381 2510; x_wconf 87' lang='lat' dir='ltr'>est,</span> <span class='ocrx_word' id='word_1_378' title='bbox 1406 2466 1590 2510; x_wconf 81' lang='lat' dir='ltr'>semper</span> <span class='ocrx_word' id='word_1_379' title='bbox 1611 2455 1875 2498; x_wconf 83' lang='lat' dir='ltr'>necessaria</span> <span class='ocrx_word' id='word_1_380' title='bbox 1895 2455 1996 2500; x_wconf 87' lang='lat' dir='ltr'>fuit.</span> 
     </span>
    </p>

    <p class='ocr_par' dir='ltr' id='par_1_9' title="bbox 157 2515 2046 3114">
     <span class='ocr_line' id='line_1_39' title="bbox 213 2515 2041 2575; baseline 0.001 -15"><span class='ocrx_word' id='word_1_381' title='bbox 213 2517 280 2560; x_wconf 82' lang='lat' dir='ltr'>Ad</span> <span class='ocrx_word' id='word_1_382' title='bbox 301 2517 544 2559; x_wconf 80' lang='lat' dir='ltr'>secundum</span> <span class='ocrx_word' id='word_1_383' title='bbox 569 2515 815 2560; x_wconf 90' lang='lat' dir='ltr'>dicendum</span> <span class='ocrx_word' id='word_1_384' title='bbox 832 2549 844 2569; x_wconf 81' lang='lat'>,</span> <span class='ocrx_word' id='word_1_385' title='bbox 867 2515 992 2571; x_wconf 81' lang='lat' dir='ltr'>quod</span> <span class='ocrx_word' id='word_1_386' title='bbox 1007 2548 1019 2569; x_wconf 86' lang='lat'>,</span> <span class='ocrx_word' id='word_1_387' title='bbox 1043 2515 1163 2559; x_wconf 85' lang='lat' dir='ltr'>sicut</span> <span class='ocrx_word' id='word_1_388' title='bbox 1191 2515 1240 2558; x_wconf 89' lang='lat' dir='ltr'>in</span> <span class='ocrx_word' id='word_1_389' title='bbox 1265 2516 1471 2559; x_wconf 87' lang='lat' dir='ltr'>secunda</span> <span class='ocrx_word' id='word_1_390' title='bbox 1494 2521 1627 2572; x_wconf 91' lang='lat' dir='ltr'>parte</span> <span class='ocrx_word' id='word_1_391' title='bbox 1655 2515 1828 2559; x_wconf 89' lang='lat' dir='ltr'>dictum</span> <span class='ocrx_word' id='word_1_392' title='bbox 1853 2521 1924 2560; x_wconf 90' lang='lat' dir='ltr'>est</span> <span class='ocrx_word' id='word_1_393' title='bbox 1939 2518 1974 2571; x_wconf 83' lang='lat'>(1</span> <span class='ocrx_word' id='word_1_394' title='bbox 1999 2520 2041 2575; x_wconf 74' lang='grc' dir='ltr'>Ξ,</span> 
     </span>
     <span class='ocr_line' id='line_1_40' title="bbox 157 2577 2045 2635; baseline 0.001 -13"><span class='ocrx_word' id='word_1_395' title='bbox 157 2582 323 2635; x_wconf 80' lang='lat' dir='ltr'>quaest.</span> <span class='ocrx_word' id='word_1_396' title='bbox 344 2591 484 2627; x_wconf 61' lang='lat' dir='ltr'>mxxxi,</span> <span class='ocrx_word' id='word_1_397' title='bbox 509 2582 594 2620; x_wconf 87' lang='lat' dir='ltr'>art.</span> <span class='ocrx_word' id='word_1_398' title='bbox 616 2580 643 2620; x_wconf 89' lang='lat'><strong>3</strong></span> <span class='ocrx_word' id='word_1_399' title='bbox 663 2577 721 2621; x_wconf 89' lang='lat' dir='ltr'>ad</span> <span class='ocrx_word' id='word_1_400' title='bbox 741 2580 803 2632; x_wconf 76' lang='lat'>2),</span> <span class='ocrx_word' id='word_1_401' title='bbox 830 2577 893 2620; x_wconf 91' lang='lat' dir='ltr'>illi</span> <span class='ocrx_word' id='word_1_402' title='bbox 916 2577 996 2633; x_wconf 86' lang='lat' dir='ltr'>qui</span> <span class='ocrx_word' id='word_1_403' title='bbox 1018 2577 1326 2634; x_wconf 81' lang='lat' dir='ltr'>baptizantur,</span> <span class='ocrx_word' id='word_1_404' title='bbox 1354 2582 1639 2620; x_wconf 86' lang='lat' dir='ltr'>renovantur</span> <span class='ocrx_word' id='word_1_405' title='bbox 1656 2589 1740 2632; x_wconf 90' lang='lat' dir='ltr'>per</span> <span class='ocrx_word' id='word_1_406' title='bbox 1763 2577 2045 2633; x_wconf 86' lang='lat' dir='ltr'>baptismum</span> 
     </span>
     <span class='ocr_line' id='line_1_41' title="bbox 159 2638 2040 2698; baseline 0.001 -14"><span class='ocrx_word' id='word_1_407' title='bbox 159 2640 417 2684; x_wconf 81' lang='lat' dir='ltr'>secundum</span> <span class='ocrx_word' id='word_1_408' title='bbox 440 2639 679 2695; x_wconf 81' lang='lat' dir='ltr'>spiritum3</span> <span class='ocrx_word' id='word_1_409' title='bbox 705 2644 1051 2696; x_wconf 64' lang='lat' dir='ltr'>corpustamen</span> <span class='ocrx_word' id='word_1_410' title='bbox 1075 2644 1286 2683; x_wconf 89' lang='lat' dir='ltr'>remanet</span> <span class='ocrx_word' id='word_1_411' title='bbox 1308 2638 1571 2695; x_wconf 88' lang='lat' dir='ltr'>subjectum</span> <span class='ocrx_word' id='word_1_412' title='bbox 1604 2638 1823 2682; x_wconf 79' lang='lat' dir='ltr'>vetustati</span> <span class='ocrx_word' id='word_1_413' title='bbox 1849 2638 2040 2698; x_wconf 80' lang='lat' dir='ltr'>peccati,</span> 
     </span>
     <span class='ocr_line' id='line_1_42' title="bbox 159 2699 2044 2757; baseline 0.002 -13"><span class='ocrx_word' id='word_1_414' title='bbox 159 2700 419 2744; x_wconf 77' lang='lat' dir='ltr'>secundum</span> <span class='ocrx_word' id='word_1_415' title='bbox 439 2699 555 2744; x_wconf 90' lang='lat' dir='ltr'>illud</span> <span class='ocrx_word' id='word_1_416' title='bbox 575 2701 722 2754; x_wconf 89' lang='lat' dir='ltr'>(Rom.</span> <span class='ocrx_word' id='word_1_417' title='bbox 747 2714 838 2756; x_wconf 84' lang='lat' dir='ltr'>vm,</span> <span class='ocrx_word' id='word_1_418' title='bbox 861 2703 930 2755; x_wconf 85' lang='lat'>10)</span> <span class='ocrx_word' id='word_1_419' title='bbox 953 2715 964 2742; x_wconf 92' lang='lat'><strong>:</strong></span> <span class='ocrx_word' id='word_1_420' title='bbox 989 2703 1166 2757; x_wconf 80' lang='lat' dir='ltr'>Corpus</span> <span class='ocrx_word' id='word_1_421' title='bbox 1191 2702 1371 2755; x_wconf 82' lang='lat' dir='ltr'>quidem</span> <span class='ocrx_word' id='word_1_422' title='bbox 1393 2704 1622 2743; x_wconf 75' lang='lat' dir='ltr'>mortuum</span> <span class='ocrx_word' id='word_1_423' title='bbox 1650 2703 1716 2742; x_wconf 77' lang='lat' dir='ltr'>est</span> <span class='ocrx_word' id='word_1_424' title='bbox 1733 2704 1924 2756; x_wconf 82' lang='lat' dir='ltr'>propter</span> <span class='ocrx_word' id='word_1_425' title='bbox 1939 2714 2044 2757; x_wconf 79' lang='lat' dir='ltr'>pec-</span> 
     </span>
     <span class='ocr_line' id='line_1_43' title="bbox 159 2762 2044 2820; baseline 0.002 -14"><span class='ocrx_word' id='word_1_426' title='bbox 159 2765 339 2816; x_wconf 73' lang='lat' dir='ltr'>catum5</span> <span class='ocrx_word' id='word_1_427' title='bbox 355 2763 543 2817; x_wconf 78' lang='lat' dir='ltr'>spiritus</span> <span class='ocrx_word' id='word_1_428' title='bbox 563 2765 667 2805; x_wconf 71' lang='lat' dir='ltr'>vero</span> <span class='ocrx_word' id='word_1_429' title='bbox 686 2765 796 2805; x_wconf 79' lang='lat' dir='ltr'>vivit</span> <span class='ocrx_word' id='word_1_430' title='bbox 808 2766 999 2820; x_wconf 79' lang='lat' dir='ltr'>propter</span> <span class='ocrx_word' id='word_1_431' title='bbox 1005 2764 1393 2817; x_wconf 69' lang='lat' dir='ltr'>Justificationem.</span> <span class='ocrx_word' id='word_1_432' title='bbox 1416 2762 1544 2807; x_wconf 87' lang='lat' dir='ltr'>Unde</span> <span class='ocrx_word' id='word_1_433' title='bbox 1564 2766 1609 2806; x_wconf 83' lang='lat' dir='ltr'>et</span> <span class='ocrx_word' id='word_1_434' title='bbox 1624 2762 1914 2818; x_wconf 82' lang='lat' dir='ltr'>Augustinus</span> <span class='ocrx_word' id='word_1_435' title='bbox 1934 2776 2044 2820; x_wconf 84' lang='lat' dir='ltr'>pro-</span> 
     </span>
     <span class='ocr_line' id='line_1_44' title="bbox 159 2823 2045 2882; baseline 0.002 -14"><span class='ocrx_word' id='word_1_436' title='bbox 159 2823 240 2868; x_wconf 89' lang='lat' dir='ltr'>bat</span> <span class='ocrx_word' id='word_1_437' title='bbox 271 2826 454 2878; x_wconf 88' lang='lat' dir='ltr'>(Contra</span> <span class='ocrx_word' id='word_1_438' title='bbox 472 2823 719 2879; x_wconf 74' lang='lat' dir='ltr'>lulianum,</span> <span class='ocrx_word' id='word_1_439' title='bbox 740 2825 819 2869; x_wconf 90' lang='lat' dir='ltr'>lib.</span> <span class='ocrx_word' id='word_1_440' title='bbox 842 2839 903 2882; x_wconf 77' lang='lat' dir='ltr'>vi,</span> <span class='ocrx_word' id='word_1_441' title='bbox 924 2838 1026 2882; x_wconf 89' lang='lat' dir='ltr'>cap.</span> <span class='ocrx_word' id='word_1_442' title='bbox 1053 2829 1125 2881; x_wconf 85' lang='lat'>17,</span> <span class='ocrx_word' id='word_1_443' title='bbox 1147 2825 1270 2870; x_wconf 90' lang='lat' dir='ltr'>circa</span> <span class='ocrx_word' id='word_1_444' title='bbox 1291 2825 1452 2881; x_wconf 70' lang='lat' dir='ltr'>med),</span> <span class='ocrx_word' id='word_1_445' title='bbox 1475 2825 1599 2882; x_wconf 82' lang='lat' dir='ltr'>quod</span> <span class='ocrx_word' id='word_1_446' title='bbox 1626 2842 1646 2863; x_wconf 73' lang='grc' dir='ltr'>«ι</span> <span class='ocrx_word' id='word_1_447' title='bbox 1667 2837 1761 2869; x_wconf 90' lang='lat' dir='ltr'>non</span> <span class='ocrx_word' id='word_1_448' title='bbox 1784 2825 2045 2882; x_wconf 84' lang='lat' dir='ltr'>baptizatur</span> 
     </span>
     <span class='ocr_line' id='line_1_45' title="bbox 160 2884 2046 2945; baseline 0.003 -15"><span class='ocrx_word' id='word_1_449' title='bbox 160 2884 207 2930; x_wconf 72' lang='lat' dir='ltr'>sn</span> <span class='ocrx_word' id='word_1_450' title='bbox 226 2886 415 2930; x_wconf 89' lang='lat' dir='ltr'>homine</span> <span class='ocrx_word' id='word_1_451' title='bbox 435 2885 660 2942; x_wconf 87' lang='lat' dir='ltr'>quidquid</span> <span class='ocrx_word' id='word_1_452' title='bbox 678 2886 725 2930; x_wconf 91' lang='lat' dir='ltr'>in</span> <span class='ocrx_word' id='word_1_453' title='bbox 749 2899 803 2931; x_wconf 87' lang='lat' dir='ltr'>eo</span> <span class='ocrx_word' id='word_1_454' title='bbox 821 2892 907 2932; x_wconf 90' lang='lat' dir='ltr'>est.</span> <span class='ocrx_word' id='word_1_455' title='bbox 932 2907 951 2927; x_wconf 87' lang='lat'>»</span> <span class='ocrx_word' id='word_1_456' title='bbox 974 2887 1261 2932; x_wconf 80' lang='lat' dir='ltr'>Manifestum</span> <span class='ocrx_word' id='word_1_457' title='bbox 1280 2892 1352 2932; x_wconf 87' lang='lat' dir='ltr'>est</span> <span class='ocrx_word' id='word_1_458' title='bbox 1373 2891 1528 2932; x_wconf 89' lang='lat' dir='ltr'>autem</span> <span class='ocrx_word' id='word_1_459' title='bbox 1548 2887 1671 2944; x_wconf 83' lang='lat' dir='ltr'>quod</span> <span class='ocrx_word' id='word_1_460' title='bbox 1690 2887 1827 2931; x_wconf 91' lang='lat' dir='ltr'>homo</span> <span class='ocrx_word' id='word_1_461' title='bbox 1848 2901 1939 2932; x_wconf 88' lang='lat' dir='ltr'>non</span> <span class='ocrx_word' id='word_1_462' title='bbox 1961 2901 2046 2945; x_wconf 87' lang='lat' dir='ltr'>ge-</span> 
     </span>
     <span class='ocr_line' id='line_1_46' title="bbox 159 2946 2044 3006; baseline 0.003 -15"><span class='ocrx_word' id='word_1_463' title='bbox 159 2952 294 2992; x_wconf 85' lang='lat' dir='ltr'>nerat</span> <span class='ocrx_word' id='word_1_464' title='bbox 320 2946 619 3002; x_wconf 81' lang='lat' dir='ltr'>generatione</span> <span class='ocrx_word' id='word_1_465' title='bbox 640 2948 814 2993; x_wconf 88' lang='lat' dir='ltr'>carnali</span> <span class='ocrx_word' id='word_1_466' title='bbox 843 2950 1104 2995; x_wconf 77' lang='lat' dir='ltr'>secundum</span> <span class='ocrx_word' id='word_1_467' title='bbox 1127 2950 1354 3006; x_wconf 88' lang='lat' dir='ltr'>spiritum,</span> <span class='ocrx_word' id='word_1_468' title='bbox 1379 2949 1461 2994; x_wconf 89' lang='lat' dir='ltr'>sed</span> <span class='ocrx_word' id='word_1_469' title='bbox 1485 2949 1744 2994; x_wconf 79' lang='lat' dir='ltr'>secundum</span> <span class='ocrx_word' id='word_1_470' title='bbox 1766 2962 1967 2995; x_wconf 88' lang='lat' dir='ltr'>carnem.</span> <span class='ocrx_word' id='word_1_471' title='bbox 1990 2954 2044 2997; x_wconf 80' lang='lat' dir='ltr'>Et</span> 
     </span>
     <span class='ocr_line' id='line_1_47' title="bbox 158 3008 2044 3114; baseline 0.002 -60"><span class='ocrx_word' id='word_1_472' title='bbox 158 3008 264 3114; x_wconf 48' lang='lat' dir='ltr'>{deo</span> <span class='ocrx_word' id='word_1_473' title='bbox 284 3009 364 3053; x_wconf 87' lang='lat' dir='ltr'>filii</span> <span class='ocrx_word' id='word_1_474' title='bbox 399 3009 732 3066; x_wconf 88' lang='lat' dir='ltr'>baptizatorum</span> <span class='ocrx_word' id='word_1_475' title='bbox 762 3023 870 3055; x_wconf 91' lang='lat' dir='ltr'>cum</span> <span class='ocrx_word' id='word_1_476' title='bbox 898 3017 1087 3069; x_wconf 88' lang='lat' dir='ltr'>peccato</span> <span class='ocrx_word' id='word_1_477' title='bbox 1114 3011 1326 3069; x_wconf 85' lang='lat' dir='ltr'>originali</span> <span class='ocrx_word' id='word_1_478' title='bbox 1351 3016 1635 3068; x_wconf 79' lang='lat' dir='ltr'>nascuntur3</span> <span class='ocrx_word' id='word_1_479' title='bbox 1674 3010 1800 3056; x_wconf 89' lang='lat' dir='ltr'>unde</span> <span class='ocrx_word' id='word_1_480' title='bbox 1832 3010 2044 3069; x_wconf 84' lang='lat' dir='ltr'>indigent</span> 
     </span>
    </p>

    <p class='ocr_par' dir='ltr' id='par_1_10' title="bbox 192 3069 397 3126">
     <span class='ocr_line' id='line_1_48' title="bbox 192 3069 397 3126; baseline -0.005 -12"><span class='ocrx_word' id='word_1_481' title='bbox 192 3069 397 3126; x_wconf 84' lang='lat' dir='ltr'>aptizari.</span> 
     </span>
    </p>

    <p class='ocr_par' dir='ltr' id='par_1_11' title="bbox 214 3131 2042 3195">
     <span class='ocr_line' id='line_1_49' title="bbox 214 3131 2042 3195; baseline 0.002 -18"><span class='ocrx_word' id='word_1_482' title='bbox 214 3131 282 3177; x_wconf 88' lang='lat' dir='ltr'>Ad</span> <span class='ocrx_word' id='word_1_483' title='bbox 306 3135 487 3176; x_wconf 76' lang='lat' dir='ltr'>tertium-</span> <span class='ocrx_word' id='word_1_484' title='bbox 511 3131 760 3177; x_wconf 88' lang='lat' dir='ltr'>dicendum</span> <span class='ocrx_word' id='word_1_485' title='bbox 778 3165 792 3189; x_wconf 86' lang='lat'>‚</span> <span class='ocrx_word' id='word_1_486' title='bbox 827 3134 951 3195; x_wconf 84' lang='lat' dir='ltr'>quod</span> <span class='ocrx_word' id='word_1_487' title='bbox 985 3134 1051 3179; x_wconf 90' lang='lat' dir='ltr'>illi</span> <span class='ocrx_word' id='word_1_488' title='bbox 1084 3135 1163 3192; x_wconf 87' lang='lat' dir='ltr'>qui</span> <span class='ocrx_word' id='word_1_489' title='bbox 1195 3138 1306 3179; x_wconf 90' lang='lat' dir='ltr'>sunt</span> <span class='ocrx_word' id='word_1_490' title='bbox 1335 3133 1609 3179; x_wconf 88' lang='lat' dir='ltr'>sanctificati</span> <span class='ocrx_word' id='word_1_491' title='bbox 1638 3133 1687 3178; x_wconf 92' lang='lat' dir='ltr'>in</span> <span class='ocrx_word' id='word_1_492' title='bbox 1709 3138 1859 3190; x_wconf 87' lang='lat' dir='ltr'>utero,</span> <span class='ocrx_word' id='word_1_493' title='bbox 1880 3148 2042 3181; x_wconf 90' lang='lat' dir='ltr'>conse·</span> 
     </span>
    </p>
   </div>
   <div class='ocr_carea' id='block_1_4' title="bbox 161 3194 2116 3253">
    <p class='ocr_par' dir='ltr' id='par_1_12' title="bbox 161 3194 2116 3253">
     <span class='ocr_line' id='line_1_50' title="bbox 161 3194 2116 3253; baseline 0.002 -14"><span class='ocrx_word' id='word_1_494' title='bbox 161 3199 370 3251; x_wconf 87' lang='lat' dir='ltr'>quuntur</span> <span class='ocrx_word' id='word_1_495' title='bbox 398 3194 587 3250; x_wconf 87' lang='lat' dir='ltr'>quidem</span> <span class='ocrx_word' id='word_1_496' title='bbox 611 3194 806 3250; x_wconf 88' lang='lat' dir='ltr'>gratiam</span> <span class='ocrx_word' id='word_1_497' title='bbox 836 3197 1166 3241; x_wconf 87' lang='lat' dir='ltr'>emundantem</span> <span class='ocrx_word' id='word_1_498' title='bbox 1203 3197 1230 3240; x_wconf 80' lang='lat' dir='ltr'>a</span> <span class='ocrx_word' id='word_1_499' title='bbox 1260 3200 1449 3253; x_wconf 85' lang='lat' dir='ltr'>peccato</span> <span class='ocrx_word' id='word_1_500' title='bbox 1479 3196 1719 3253; x_wconf 79' lang='lat' dir='ltr'>originali3</span> <span class='ocrx_word' id='word_1_501' title='bbox 1757 3210 1849 3241; x_wconf 90' lang='lat' dir='ltr'>non</span> <span class='ocrx_word' id='word_1_502' title='bbox 1887 3203 2042 3243; x_wconf 90' lang='lat' dir='ltr'>tamen</span> <span class='ocrx_word' id='word_1_503' title='bbox 2112 3217 2116 3231; x_wconf 85' lang='lat'><strong>·</strong></span> 
     </span>
    </p>
   </div>
   <div class='ocr_carea' id='block_1_5' title="bbox 160 3255 2043 3315">
    <p class='ocr_par' dir='ltr' id='par_1_13' title="bbox 160 3255 2043 3315">
     <span class='ocr_line' id='line_1_51' title="bbox 160 3255 2043 3315; baseline 0.002 -15"><span class='ocrx_word' id='word_1_504' title='bbox 160 3266 219 3300; x_wconf 83' lang='lat' dir='ltr'>ex</span> <span class='ocrx_word' id='word_1_505' title='bbox 256 3257 343 3299; x_wconf 88' lang='lat' dir='ltr'>hoc</span> <span class='ocrx_word' id='word_1_506' title='bbox 373 3255 475 3312; x_wconf 91' lang='lat' dir='ltr'>ipso</span> <span class='ocrx_word' id='word_1_507' title='bbox 506 3261 856 3312; x_wconf 87' lang='lat' dir='ltr'>consequuntur</span> <span class='ocrx_word' id='word_1_508' title='bbox 885 3259 1216 3315; x_wconf 85' lang='lat' dir='ltr'>characterem,</span> <span class='ocrx_word' id='word_1_509' title='bbox 1251 3270 1344 3315; x_wconf 90' lang='lat' dir='ltr'>quo</span> <span class='ocrx_word' id='word_1_510' title='bbox 1377 3258 1555 3302; x_wconf 88' lang='lat' dir='ltr'>Christo</span> <span class='ocrx_word' id='word_1_511' title='bbox 1594 3259 1960 3315; x_wconf 72' lang='lat' dir='ltr'>configuremur.</span> <span class='ocrx_word' id='word_1_512' title='bbox 1991 3263 2043 3304; x_wconf 89' lang='lat' dir='ltr'>Et</span> 
     </span>
    </p>
   </div>
   <div class='ocr_carea' id='block_1_6' title="bbox 141 3356 2043 3493">
    <p class='ocr_par' dir='ltr' id='par_1_14' title="bbox 141 3356 2043 3493">
     <span class='ocr_line' id='line_1_52' title="bbox 202 3356 2043 3404; baseline 0.003 -14"><span class='ocrx_word' id='word_1_513' title='bbox 202 3356 245 3396; x_wconf 83' lang='lat' dir='ltr'>(l)</span> <span class='ocrx_word' id='word_1_514' title='bbox 271 3357 344 3391; x_wconf 86' lang='lat' dir='ltr'>Per</span> <span class='ocrx_word' id='word_1_515' title='bbox 364 3359 506 3401; x_wconf 76' lang='lat' dir='ltr'>ipsum,</span> <span class='ocrx_word' id='word_1_516' title='bbox 524 3358 574 3392; x_wconf 84' lang='lat' dir='ltr'>ait</span> <span class='ocrx_word' id='word_1_517' title='bbox 597 3358 780 3392; x_wconf 83' lang='lat' dir='ltr'>concilium</span> <span class='ocrx_word' id='word_1_518' title='bbox 799 3359 1056 3402; x_wconf 87' lang='lat' dir='ltr'>Florentinum,</span> <span class='ocrx_word' id='word_1_519' title='bbox 1184 3361 1229 3404; x_wconf 85' lang='lat'>(2)</span> <span class='ocrx_word' id='word_1_520' title='bbox 1245 3360 1360 3402; x_wconf 85' lang='lat' dir='ltr'>Adde,</span> <span class='ocrx_word' id='word_1_521' title='bbox 1386 3362 1449 3396; x_wconf 80' lang='lat' dir='ltr'>sub</span> <span class='ocrx_word' id='word_1_522' title='bbox 1475 3361 1583 3401; x_wconf 72' lang='lat' dir='ltr'>caelo,</span> <span class='ocrx_word' id='word_1_523' title='bbox 1607 3365 1646 3395; x_wconf 86' lang='lat' dir='ltr'>ut</span> <span class='ocrx_word' id='word_1_524' title='bbox 1676 3362 1740 3396; x_wconf 73' lang='lat' dir='ltr'>fert</span> <span class='ocrx_word' id='word_1_525' title='bbox 1768 3361 1838 3402; x_wconf 80' lang='lat' dir='ltr'>ipsc</span> <span class='ocrx_word' id='word_1_526' title='bbox 1859 3365 1979 3401; x_wconf 83' lang='lat' dir='ltr'>textus,</span> <span class='ocrx_word' id='word_1_527' title='bbox 2003 3365 2043 3396; x_wconf 75' lang='lat' dir='ltr'>ut</span> 
     </span>
     <span class='ocr_line' id='line_1_53' title="bbox 159 3405 2042 3451; baseline 0.003 -13"><span class='ocrx_word' id='word_1_528' title='bbox 159 3405 320 3439; x_wconf 82' lang='lat' dir='ltr'>membra</span> <span class='ocrx_word' id='word_1_529' title='bbox 345 3405 485 3442; x_wconf 78' lang='lat' dir='ltr'>Christi</span> <span class='ocrx_word' id='word_1_530' title='bbox 503 3417 545 3441; x_wconf 86' lang='lat' dir='ltr'>ac</span> <span class='ocrx_word' id='word_1_531' title='bbox 561 3407 604 3441; x_wconf 85' lang='lat' dir='ltr'>de</span> <span class='ocrx_word' id='word_1_532' title='bbox 630 3416 780 3450; x_wconf 79' lang='lat' dir='ltr'>corpore</span> <span class='ocrx_word' id='word_1_533' title='bbox 795 3408 969 3450; x_wconf 77' lang='lat' dir='ltr'>efficimur</span> <span class='ocrx_word' id='word_1_534' title='bbox 988 3409 1058 3443; x_wconf 84' lang='lat' dir='ltr'>Ec·</span> <span class='ocrx_word' id='word_1_535' title='bbox 1142 3409 1352 3443; x_wconf 79' lang='lat' dir='ltr'>solummodo</span> <span class='ocrx_word' id='word_1_536' title='bbox 1371 3411 1577 3450; x_wconf 83' lang='lat' dir='ltr'>comparatio</span> <span class='ocrx_word' id='word_1_537' title='bbox 1593 3409 1651 3444; x_wconf 81' lang='lat' dir='ltr'>fiat</span> <span class='ocrx_word' id='word_1_538' title='bbox 1667 3409 1708 3444; x_wconf 80' lang='lat' dir='ltr'>ad</span> <span class='ocrx_word' id='word_1_539' title='bbox 1726 3408 1881 3444; x_wconf 82' lang='lat' dir='ltr'>homines</span> <span class='ocrx_word' id='word_1_540' title='bbox 1897 3420 2042 3451; x_wconf 83' lang='lat' dir='ltr'>quorum</span> 
     </span>
     <span class='ocr_line' id='line_1_54' title="bbox 141 3451 1626 3493; baseline 0.004 -8"><span class='ocrx_word' id='word_1_541' title='bbox 141 3466 144 3469; x_wconf 64' lang='lat'><strong><em>¹</em></strong></span> <span class='ocrx_word' id='word_1_542' title='bbox 161 3451 290 3487; x_wconf 71' lang='lat' dir='ltr'>cleszoe.</span> <span class='ocrx_word' id='word_1_543' title='bbox 1142 3456 1267 3490; x_wconf 75' lang='lat' dir='ltr'>nullius</span> <span class='ocrx_word' id='word_1_544' title='bbox 1282 3468 1401 3490; x_wconf 84' lang='lat' dir='ltr'>nomen</span> <span class='ocrx_word' id='word_1_545' title='bbox 1415 3458 1520 3493; x_wconf 77' lang='lat' dir='ltr'>salvos</span> <span class='ocrx_word' id='word_1_546' title='bbox 1535 3456 1626 3491; x_wconf 77' lang='lat' dir='ltr'>facit.</span> 
     </span>
    </p>
   </div>
  </div>
 </body>
</html>
