2170 3808
589 173 786 226 QUAEST.
819 171 994 224 XXXIV,
1023 170 1140 213 ΛΒΤ.
1171 169 1225 211 111
1253 168 1317 211 ET
1344 168 1413 211 lv.
1870 166 1953 208 283

115 262 181 308 Ad
204 262 403 317 primum
421 267 532 312 ergo
550 253 817 308 dicendum,
848 252 974 308 quod
985 250 1201 308 „liberum
1228 249 1473 293 arbitrium
1495 258 1590 292 non
1623 244 1794 291 eodem
1815 243 1955 290 modo

59 335 112 370 se
143 322 284 368 habet
301 321 360 366 ad
381 320 555 365 bonum
569 320 617 361 et
641 314 834 360 malum.
858 316 970 358 Nam
996 312 1056 358 ad
1073 312 1247 356 bonum
1266 322 1317 355 se
1334 308 1474 354 habet
1491 320 1574 366 per
1595 319 1647 353 se
1669 313 1717 352 et
1733 305 1955 350 naturali-

60 396 131 436 ter
153 399 165 430 ε
193 384 252 429 ad
284 382 459 428 malum
481 382 639 424 autem
658 389 710 422 se
728 376 869 421 habet
889 388 972 433 per
1005 373 1198 419 modum
1230 373 1438 417 defectus
1469 375 1515 415 et
1533 374 1700 427 praeter
1721 372 1953 413 naturam.

61 447 187 492 Sicut
208 449 365 491 autem
384 439 688 497 Philosophus
710 438 821 484 dicit
847 439 923 493 (De
941 436 1077 491 coelo,
1097 434 1177 479 lib.
1198 447 1241 490 11,
1266 437 1380 478 text.
1397 435 1484 488 ¹18),
1498 431 1730 489 posterius
1745 434 1817 476 est
1829 427 1956 486 quod

59 513 132 553 est
153 512 321 566 praeter
334 510 566 559 naturam,
585 513 642 547 eo
658 501 783 558 quod
802 504 874 544 est
895 497 1155 544 secundum
1173 499 1410 550 naturamz,
1431 494 1542 551 quia
1555 493 1601 538 id
1616 492 1742 550 quod
1758 495 1827 537 est
1841 502 1956 548 prae-

59 574 130 615 ter
158 573 391 625 naturam,
426 569 497 611 est
532 563 747 621 quaedam
767 560 940 607 excisio
962 559 1021 605 ab
1040 571 1096 604 eo
1114 557 1239 616 quod
1268 560 1338 602 est
1358 555 1618 601 secundum
1639 559 1869 599 naturam.
1902 554 1956 597 Et

60 630 166 676 ideo
184 631 381 676 liberum
399 626 641 680 arbitrium
660 628 883 670 creaturae
899 622 948 667 in
962 621 1112 679 primo
1131 618 1324 666 instanti
1342 617 1591 663 creationis
1610 620 1761 673 potest
1779 613 1956 660 moveri

61 693 119 738 ad
141 693 322 739 bonum
341 689 580 744 merend0‚
601 699 697 733 non
717 692 872 732 autem
891 685 952 731 ad
978 684 1155 729 malum
1173 681 1423 741 peccando,
1444 680 1485 726 si
1524 684 1677 724 tamen
1707 682 1874 723 natura
1895 676 1957 722 sit

60 753 155 798 inte
215 766 243 797 a
282 754 303 798 1
325 786 337 797 .

119 754 456 859 Aigirseguitdum
484 809 751 865 dicendum,
773 807 899 865 quod
931 806 1048 851 illud
1065 804 1192 862 quod
1210 805 1350 849 homo
1378 803 1519 848 habet
1543 801 1592 846 in
1612 798 1841 858 principio
1859 810 1958 843 suae

60 874 323 932 c1¹eationiS‚
349 871 609 919 secundum
644 881 943 916 communem
966 871 1146 914 naturae
1179 878 1388 922 cursum,
1429 868 1501 911 est
1522 862 1698 909 homini
1729 859 1956 906 naturale.

60 936 178 982 Nihil
211 941 366 982 tamen
405 934 619 992 prohibet
654 933 768 990 quin
803 932 961 990 aliqua
998 934 1209 976 creatura
1247 929 1297 974 in
1317 926 1542 986 principio
1576 937 1674 971 suae
1710 922 1958 993 creationis

61 998 250 1056 aliquod
295 996 573 1043 beneficium
617 995 778 1052 gratiae
823 994 851 1038 a
895 995 986 1039 Deo
1027 995 1357 1049 consequatur.
1400 992 1456 1034 Et
1488 990 1576 1034 hoc
1620 985 1760 1033 modo
1802 996 1958 1029 amma

61 1059 222 1106 Christi
244 1060 295 1105 in
333 1058 560 1117 principio
597 1069 710 1113 suae,
733 1055 978 1102 creationis
1017 1058 1269 1099 consecuta
1305 1056 1376 1097 est
1412 1051 1624 1109 gratiam,
1666 1050 1759 1107 qua
1799 1050 1959 1105 posset

61 1122 230 1168 mereri
250 1137 262 1167 ε
286 1127 335 1168 et
355 1123 411 1168 ea
433 1121 611 1166 ratione
634 1119 783 1177 gratia
803 1118 882 1165 illa
907 1116 1167 1163 secundum
1189 1115 1438 1173 quamdam
1474 1111 1825 1158 similitudinem
1846 1108 1955 1154 dici-

61 1186 138 1227 tur
174 1183 320 1230 fuisse
358 1182 426 1228 illi
459 1181 636 1228 homini
670 1180 914 1236 naturalis,
949 1182 1003 1224 ut
1033 1182 1161 1235 patet
1204 1189 1288 1234 per
1326 1175 1635 1232 Augustinum
1669 1173 1733 1228 (in
1773 1170 1957 1216 Euchir.

61 1256 162 1301 cap.
188 1248 245 1291 40
266 1278 278 1290 .

117 1306 184 1351 Ad
199 1247 382 1350 teg-tium
397 1304 661 1357 dicendum,
680 1302 806 1360 qued
823 1302 937 1346 nihil
959 1302 1172 1359 prohibet
1192 1300 1315 1345 idem
1339 1312 1443 1344 esse
1461 1297 1662 1354 aliquus
1683 1308 1744 1341 ex
1764 1293 1962 1340 diversis

62 1367 217 1412 causis
241 1371 318 1413 :et
334 1363 596 1412 secundum
616 1365 706 1410 hoc
721 1363 930 1409 Christus
954 1363 1149 1420 gloriam
1168 1361 1542 1416 immortalitatiS,
1566 1370 1708 1417 quam
1726 1356 1898 1402 meruit
1910 1355 1961 1400 in

61 1428 210 1487 primo
227 1429 420 1474 instanti
442 1440 540 1474 suae
561 1425 890 1483 conceptioniS‚
913 1425 1064 1483 potuit
1085 1426 1224 1470 etiam
1240 1423 1573 1480 posterioribus
1587 1421 1770 1467 actibus
1788 1424 1836 1465 et
1849 1431 1962 1477 pas-

62 1490 273 1536 sionibus
293 1490 475 1548 mereri,
492 1502 587 1534 non
609 1488 799 1546 quidem
818 1492 868 1532 ut
886 1491 1012 1533 esset
1025 1487 1114 1532 sibi
1135 1486 1287 1543 inagis
1305 1486 1476 1542 debita,
1493 1484 1576 1530 sed
1592 1488 1647 1528 ut
1664 1482 1752 1528 sibi
1775 1494 1833 1528 ex
1852 1481 1962 1539 plu-

64 1550 196 1596 ribus
217 1553 373 1596 causis
391 1552 653 1597 deberetur.

64 1629 409 1672 ARTICULUS
429 1630 509 1672 lV.
533 1651 589 1658 —
616 1639 752 1669 ornum
775 1638 975 1668 cumsws
998 1638 1145 1667 ruemr
1163 1635 1396 1666 rsnrsscrus
1417 1632 1742 1665 comnenusson
1771 1631 1813 1662 m
1834 1629 1960 1663 ramo

659 1699 843 1730 INSTANTI
863 1699 950 1730 suaa
971 1697 1264 1730 coucssrrioms
1287 1686 1364 1739 (2).

636 1771 686 1804 De
703 1770 757 1804 his
774 1770 876 1804 etiam
892 1770 974 1804 locis
987 1781 1076 1810 sup„
1092 1771 1157 1804 art.
1172 1768 1206 1810 5,
1224 1767 1390 1802 adductis.

119 1835 188 1882 Ad
208 1841 425 1893 quartum
439 1836 506 1881 sic
521 1836 800 1894 proceditur.
820 1838 862 1880 1.
878 1835 1065 1880 Videtur
1083 1834 1208 1893 quod
1231 1833 1436 1878 Christus
1458 1845 1552 1877 non
1572 1831 1711 1877 fuerit
1725 1830 1962 1888 perfectus

56 1898 426 1957 comprehensor
445 1897 493 1942 in
513 1897 663 1954 primo
685 1897 878 1941 instanti
899 1909 999 1942 suae
1019 1895 1351 1952 conceptionis.
1374 1894 1582 1940 Meritum
1597 1893 1722 1938 enim
1740 1891 1963 1949 praecedit

65 1959 326 2017 praemium,
348 1959 470 2004 sicut
491 1963 538 2004 et
560 1959 694 2016 culpa
716 1970 917 2016 poenam.
931 1959 1018 2014 Sed
1039 1958 1248 2003 Christus
1268 1957 1317 2001 in
1338 1957 1489 2015 primo
1511 1954 1704 2000 instanti
1727 1966 1825 1999 suae
1846 1966 1962 1999 con-

66 2020 292 2078 ceptionis
313 2021 497 2074 meruit,
515 2019 635 2065 sicut
652 2021 826 2065 dictum
841 2024 912 2065 est
931 2022 1033 2074 (art.
1055 2020 1227 2076 praec.).
1244 2020 1356 2064 Cum
1372 2030 1483 2075 ergo
1495 2021 1644 2062 status
1659 2016 1963 2072 comprehen-

65 2082 185 2128 soris
200 2081 262 2127 sit
277 2081 531 2139 principale
552 2081 813 2138 praemium,
836 2081 1020 2126 videtur
1041 2080 1165 2138 quod
1189 2079 1395 2124 Christus
1412 2080 1461 2123 in
1484 2079 1633 2135 primo
1652 2077 1843 2122 instanti
1864 2089 1963 2122 suae

65 2143 381 2201 conceptionis
404 2156 499 2187 non
519 2143 656 2187 fuerit
669 2144 1045 2199 comprehensor.

118 2208 164 2251 2.
194 2208 436 2265 Praeterea,
472 2205 694 2250 Dominus
735 2205 846 2251 dicit
889 2206 1010 2260 (Luc.
1051 2203 1135 2248 ult.
1176 2205 1247 2258 26)
1291 2218 1302 2247 :
1346 2206 1452 2247 Haec
1495 2203 1693 2259 oportuit
1730 2201 1963 2245 Christum

64 2270 184 2324 pati,
225 2271 269 2311 et
299 2270 373 2313 ita,
402 2270 579 2311 intrare
614 2270 663 2310 in
705 2267 905 2323 qloriam
942 2279 1086 2309 suam.
1133 2266 1220 2310 Sed
1261 2264 1408 2322 gloria
1451 2263 1653 2322 pertinet
1693 2262 1754 2308 ad
1787 2267 1961 2308 statum

66 2328 483 2385 comprehensoris.
532 2331 651 2385 Ergo
692 2327 900 2372 Christus
947 2340 1042 2371 non
1085 2326 1172 2371 fuit
1213 2326 1261 2371 in
1303 2330 1429 2371 statu
1470 2325 1871 2382 comprehensoris
1911 2325 1962 2370 in

65 2389 215 2446 primo
248 2389 440 2435 instanti
475 2401 573 2434 suae
590 2389 922 2446 conceptionis,
947 2389 1136 2446 quando
1167 2389 1320 2434 adhuc
1340 2387 1515 2432 nullam
1544 2386 1830 2432 sustinuerat
1855 2398 1962 2444 pas-

67 2462 265 2497 sionem.

122 2515 167 2557 3.
198 2513 437 2569 Praeterea,
471 2511 586 2558 illud
622 2512 748 2570 quod
783 2525 878 2557 non
914 2512 1132 2558 convenit
1168 2524 1256 2557 nec
1286 2512 1463 2556 homini
1499 2522 1588 2556 nec
1623 2510 1807 2568 angelo,
1829 2510 1962 2556 vide-

68 2577 143 2618 tur
179 2584 284 2618 esse
315 2573 553 2630 proprium
588 2577 704 2628 Deo;
734 2577 781 2618 et
816 2573 881 2617 ita
923 2585 1016 2617 non
1056 2572 1274 2618 convenit
1310 2573 1503 2628 Christ0‚
1543 2573 1803 2617 secundum
1838 2572 1964 2629 quod

67 2634 223 2680 homo.
249 2634 338 2680 Sed
369 2646 552 2693 semper
582 2647 686 2680 esse
712 2635 900 2680 beatum
923 2647 1017 2680 non
1036 2635 1253 2679 convenit
1274 2647 1360 2679 nec
1383 2633 1559 2679 homini
1587 2645 1674 2678 nec
1698 2633 1887 2690 ange103
1922 2635 1962 2679 si

69 2696 192 2741 enim
215 2696 416 2742 fuissent
440 2697 613 2742 conditi
643 2697 783 2752 beati,
819 2697 1114 2754 postmodum
1150 2709 1246 2741 non
1277 2700 1560 2754 peccassent.
1595 2697 1714 2752 Ergo
1737 2695 1960 2746 Christus,

70 2758 330 2803 secundum
359 2759 484 2816 quod
519 2760 681 2816 homo,
724 2772 819 2803 non
842 2759 928 2804 fuit
951 2759 1114 2804 beatus
1147 2759 1196 2802 in
1220 2758 1371 2815 primo
1401 2757 1592 2802 instanti
1631 2769 1730 2802 suae
1762 2769 1962 2815 concep-7

71 2817 225 2862 tionis.

126 2878 215 2923 Sed
255 2882 417 2922 contra
451 2883 522 2924 est
552 2881 677 2937 quod
709 2881 876 2926 dicitur
895 2881 1031 2934 (Psal.
1063 2895 1176 2936 mav,
1216 2884 1258 2936 5)
1297 2895 1309 2926 :
1346 2885 1511 2925 Beatus
1540 2894 1670 2937 quem
1706 2882 1882 2938 eleqz‘sti
1918 2885 1963 2927 et

71 2942 380 2996 assumpsisti,·
411 2941 536 2997 quod
563 2942 820 2987 secundum
851 2945 1057 2988 Glossam
1083 2943 1199 2999 (ord.
1231 2946 1365 3000 Aug.)
1401 2944 1597 2988 refertur
1627 2943 1682 2988 ad
1708 2944 1961 2989 humanam

72 3007 286 3046 naturam
318 3001 496 3058 Christi,
522 3015 661 3059 «quae
679 3010 918 3061 assumpta
946 3006 1067 3050 esta
1091 3005 1235 3049 Verbo
1269 3005 1347 3048 Dei
1376 3005 1423 3048 in
1454 3004 1677 3049 unitatem
1695 3018 1920 3062 personae.
1938 3026 1957 3045 »

72 3062 228 3107 sedin
251 3063 400 3120 primo
430 3063 621 3108 instanti
642 3066 958 3122 conceptionis
979 3066 1067 3111 fuit
1087 3071 1327 3124 assumpta
1350 3067 1554 3111 humana
1578 3071 1743 3112 natura
1766 3068 1793 3111 a
1814 3070 1962 3113 Verbo

71 3123 148 3167 Dei
187 3122 238 3167 in
281 3123 505 3168 unitatem
552 3137 778 3181 personae.
821 3129 940 3183 Ergo
980 3128 1030 3172 in
1072 3129 1222 3184 primo
1273 3129 1462 3171 instanti
1509 3141 1608 3172 suae
1650 3130 1962 3185 conceptionis

73 3256 143 3293 cius
171 3253 213 3288 ab
246 3253 466 3290 interioribus
495 3257 745 3297 operationibus
778 3257 970 3298 impediret.
1056 3260 1224 3294 sententia
1242 3259 1439 3294 confirmari
1455 3265 1566 3301 potest
1577 3273 1615 3296 ex
1626 3262 1835 3302 seripturis:
1856 3261 1960 3302 Quod

100 3301 156 3356 ji)
173 3301 225 3336 lta
249 3314 327 3336 cum
353 3303 430 3338 Mss.
453 3304 537 3339 editi
559 3317 686 3339 omnes,
708 3305 828 3338 Medic.
849 3305 942 3340 addit
962 3319 971 3340 ε
1056 3308 1191 3342 scimus
1209 3308 1389 3352 loquitur,
1417 3312 1450 3342 et
1469 3309 1566 3353 quod
1583 3309 1758 3350 vidimus,
1781 3312 1960 3343 testamur

76 3353 168 3385 ”cut
183 3354 268 3385 erat
284 3356 425 3386 natura
440 3362 550 3396 quam
575 3352 744 3388 Christus
760 3356 971 3397 assumpsit.
1057 3355 1162 3396 (Joan.
1191 3356 1255 3395 ιιι).
1289 3355 1377 3397 Quae
1398 3357 1477 3391 vidi
1504 3357 1607 3400 apud
1633 3357 1797 3396 Patrem,
1832 3356 1959 3398 loquar

115 3396 159 3436 (2)
187 3397 400 3435 Affirmative
427 3400 606 3440 respondet
637 3402 671 3435 S.
695 3401 819 3435 Doctor
845 3406 879 3435 et
903 3401 972 3436 haec
1057 3403 1162 3438 (Joan.
1182 3403 1272 3439 vui).
