2170 3808
202 236 284 278 146
680 240 683 245 '
874 227 1199 282 QUAEST.X11,
1230 227 1347 269 ART.
1378 226 1430 269 11.

204 316 411 361 Christus
441 328 534 360 non
555 313 816 373 profecerit.
849 313 975 357 Sicut
1002 310 1127 355 enim
1154 308 1413 353 secundum
1437 307 1681 352 scientiam
1714 304 2036 360 beatitudinis,
2052 313 2091 350 et

203 377 462 423 secundum
486 376 730 421 scientiam
763 375 963 419 infusam
994 372 1201 417 Christus
1226 370 1443 426 cognovit
1471 369 1655 424 omnia,
1681 368 1745 412 ita
1772 372 1820 412 et
1842 368 2093 414 secundum

201 439 324 483 hanc
344 438 586 483 scientiam
613 436 903 494 acquisitam,
938 439 991 479 ut
1007 447 1067 479 ex
1089 432 1226 478 dictis
1244 436 1372 488 patet
1393 433 1497 487 (ait.
1527 431 1702 487 praec..)
1734 429 1823 474 Sed
1843 430 2091 475 secundnm

204 501 308 545 illas
325 500 546 545 scientias
571 512 663 544 non
683 498 893 556 profecit.
919 499 1037 553 Ergo
1059 508 1145 541 nec
1166 494 1427 539 secundum
1444 494 1595 538 istam.
2026 517 2027 522 =

259 564 581 616 2.Pra,te1ea,
613 562 834 618 proficere
863 566 935 605 est
956 557 1239 614 imperfecti3
1268 555 1379 613 quia
1407 556 1667 612 perfeetum
1696 553 1980 599 additionem
2006 565 2090 608 non

201 623 380 680 recipit.
401 623 520 669 Sed
512 636 558 667 in
575 623 751 668 Christo
771 635 863 666 non
886 626 959 666 est
976 631 1150 677 ponere
1172 617 1419 663 scientiam
1441 616 1777 674 imperfectam.
1796 617 1916 671 Ergo
1939 627 2092 668 secun·

202 685 313 729 dum
333 687 454 730 hanc
469 686 711 730 scientiam
726 685 934 730 Christus
959 696 1053 727 non
1076 680 1286 738 profecit.

258 750 300 793 3.
333 750 572 803 Praeterea,
595 751 906 791 Damascenus
923 746 1035 789 dicit
1055 744 1199 798 (Orth.
1222 743 1302 788 fid.
1320 742 1402 787 lib.
1423 754 1602 800 uncap.
1621 743 1714 796 22).
1737 759 1759 779 «ι
1780 740 2092 797 Quiproficere

200 809 364 854 dicunt
381 810 611 854 Christum
628 809 858 880 sapientia
875 814 921 852 et
935 807 1100 864 gratia,
1117 811 1171 850 ut
1187 804 1554 850 additamentum
1567 807 1734 849 sensus
1748 803 2091 858 suscipientem.

204 883 297 915 non
318 877 603 916 venerantur
622 871 841 915 unionem
862 882 969 927 quae
988 873 1061 913 est
1076 867 1335 912 secundum
1351 867 1692 924 hypostasim.»
1720 864 2012 919 Sedimpium
2027 874 2093 914 est

202 931 327 977 illam
351 934 571 978 unionem
596 945 687 977 non
713 931 938 977 v·ene1ari.
968 934 1087 988 Ergo
1120 929 1316 986 impium
1338 933 1410 974 est
1435 928 1589 974 dicere
1614 926 1739 984 quod
1768 926 1961 971 scientia
1995 927 2094 985 ejus
2155 936 2158 946 ²

198 994 570 1040 additamentum
589 995 835 1051 acceperit.

257 1057 342 1101 Sed
363 1061 523 1100 contra
545 1064 617 1102 est
638 1057 763 1114 quod
784 1056 954 1101 dicitur
969 1058 1095 1110 (Luc.
1111 1069 1158 1110 ιι,
1176 1057 1266 1111 52),
1285 1052 1412 1111 quod
1429 1057 1557 1098 lesus
1569 1050 1837 1110 proficiebat
1850 1053 2092 1109 sapientia,
2149 1066 2168 1072 ff

200 1123 247 1161 et
262 1123 413 1167 aetate
428 1123 470 1163 et
486 1134 539 1175 qr
542 1123 644 1163 atta
657 1121 784 1176 apud
802 1124 945 1162 Deum
961 1121 1005 1161 et
1020 1119 1248 1173 hom-ines‚·
1265 1122 1314 1161 et
1326 1115 1596 1160 Ambrosius
1609 1111 1825 1165 dicit(lib.
1840 1112 1928 1158 De
1918 1126 2092 1163 mcarn.
2145 1137 2147 1139 ν

201 1183 328 1225 Dom.
351 1194 454 1239 cap.
468 1185 511 1235 7,
531 1182 694 1226 amed.
703 1186 732 1235 ),
749 1181 918 1238 quod‹
939 1179 1210 1238 proficiebat
1228 1177 1775 1234 secundumsapientiam
1787 1177 2056 1222 humanam.
2069 1196 2090 1217 »
2147 1185 2151 1189 ·

200 1245 412 1288 Humana
433 1250 590 1289 autem
615 1245 843 1300 sapientia
872 1248 943 1288 est
968 1255 1076 1300 quae
1101 1243 1309 1287 humano
1331 1241 1470 1286 modo
1503 1239 1774 1298 acquiritur,
1813 1238 1988 1285 scilicet
2014 1252 2094 1296 per

199 1306 361 1350 lumen
378 1306 642 1351 intellectus
654 1308 853 1362 agentis.
871 1309 989 1362 Ergo
1001 1304 1208 1349 Christus
1220 1303 1479 1348 secundum
1491 1303 1613 1348 hanc
1632 1302 1875 1347 scientiam
1888 1302 2091 1358 profecit.

248 1374 541 1416 CONCLUSIO.
557 1398 606 1405 -
631 1375 847 1415 Profeeisse
873 1373 1102 1425 sapientia,
1126 1377 1244 1413 aetate
1263 1376 1303 1412 et
1327 1372 1459 1422 gratia
1484 1371 1672 1412 Christus
1694 1372 1858 1420 dicitur,
1879 1383 1960 1411 non
1985 1371 2094 1422 qued

203 1428 388 1469 seientia}
408 1431 575 1471 habitus
600 1430 643 1470 in
666 1442 712 1470 eo
729 1435 865 1481 postea
882 1429 1093 1480 perfectior
1107 1427 1243 1477 fuerit,
1264 1428 1334 1468 sed
1354 1428 1451 1480 quia
1470 1427 1696 1468 secundum
1713 1430 1982 1478 augmentum
1997 1429 2093 1467 oeta-

200 1484 256 1524 tis
277 1497 400 1537 opera
415 1488 600 1537 faciebat,
615 1499 707 1540 quae
727 1486 926 1538 majorem
942 1486 1158 1526 seientiam
1171 1489 1212 1526 et
1224 1486 1399 1536 gratiam
1417 1484 1766 1525 demonstrabant.

255 1550 525 1606 Respondeo
547 1550 792 1596 dicendum
824 1549 950 1607 quod
969 1550 1142 1606 duplex
1161 1554 1233 1594 est
1255 1550 1493 1605 profectus
1507 1548 1743 1592 scientiae:
1764 1561 1891 1593 ιιιιιι5
1905 1549 2092 1605 quidem

198 1612 461 1657 secundum
484 1612 753 1670 essentiam,
786 1618 922 1668 prout
951 1611 1128 1656 scilicet
1149 1612 1248 1668 ipse
1277 1611 1464 1656 habitus
1490 1611 1696 1655 scientiae
1721 1617 1942 1666 augetur:
1974 1610 2094 1655 alius

198 1676 355 1716 autem
380 1674 641 1719 secundum
660 1674 901 1728 effectum,
920 1672 1031 1730 puta
1047 1672 1086 1716 si
1106 1672 1273 1729 aliquis
1287 1672 1546 1717 secundum
1559 1672 1775 1717 eumdem
1798 1677 1844 1716 et
1866 1672 2092 1728 aequalem

194 1734 404 1779 scientiae
423 1737 633 1781 habitum
656 1735 806 1792 primo
825 1736 1007 1779 minora
1024 1735 1128 1780 aliis
1148 1735 1456 1790 demonstret,
1473 1740 1518 1779 et
1539 1739 1698 1791 postea
1720 1737 1896 1791 majora
1918 1739 1963 1778 et
1979 1734 2095 1778 sub-

199 1795 364 1841 tiliora.
389 1801 482 1844 Hoc
500 1805 656 1843 autem
676 1798 882 1843 secundo
898 1797 1038 1842 modo
1052 1797 1354 1842 manifestum
1374 1803 1447 1842 est
1466 1796 1591 1854 quod
1606 1797 1813 1841 Christus
1831 1797 1879 1840 in
1902 1797 2094 1840 scientia
2149 1820 2151 1824 f

191 1861 244 1901 et
264 1859 412 1914 gratia
441 1859 652 1917 profecit,
684 1860 806 1904 sicut
827 1865 874 1903 et
903 1860 948 1903 in
973 1864 1136 1915 aetate3
1168 1859 1278 1915 quia
1299 1859 1477 1904 scilicet
1504 1859 1760 1904 secundum
1790 1863 2093 1916 augmentum

198 1921 347 1965 aetatis
361 1933 499 1978 opera
524 1923 701 1980 maj0ra
732 1922 942 1976 faciebat,
974 1934 1080 1978 quae
1107 1921 1284 1966 scilicet
1310 1922 1530 1978 majorem
1559 1921 1802 1966 scientiam
1826 1928 1874 1966 et
1897 1921 2092 1978 gratiam

197 1982 596 2029 demonstrabant.
619 1984 705 2028 Sed
722 1997 844 2041 quan
854 1987 950 2027 tum
969 1984 1027 2028 ad
1047 1984 1199 2041 ipsum
1224 1982 1433 2028 habitum
1454 1983 1677 2037 scientiae‚
1701 1983 1998 2028 manifestum
2024 1990 2094 2029 est

196 2045 323 2100 quod
344 2045 532 2091 habitus
550 2047 757 2091 scientiae
782 2046 951 2090 infusae
969 2046 1015 2090 in
1036 2058 1091 2091 eo
1110 2058 1203 2090 non
1226 2050 1297 2091 est
1313 2050 1659 2102 augmentatus,
1684 2046 1792 2090 cnm
1814 2046 1842 2090 a
1869 2046 2093 2103 principio
2121 2057 2126 2062 ·

198 2107 405 2161 plenarie
433 2108 573 2153 fuerit
590 2108 631 2153 ei
652 2108 863 2152 omnium
894 2107 1092 2152 scientia
1117 2108 1298 2164 infusa3
1319 2114 1364 2152 et
1378 2107 1526 2152 multo
1551 2107 1708 2152 minus
1738 2108 1932 2152 scientia
1959 2108 2094 2154 beata

198 2170 246 2212 in
269 2181 325 2214 eo
339 2170 502 2226 augeri
523 2169 698 2227 potuit:
722 2169 781 2214 de
801 2170 996 2214 scientia
1015 2177 1170 2215 autem
1189 2169 1364 2226 divina,
1383 2168 1511 2227 quod
1533 2182 1628 2214 non
1646 2170 1792 2226 possit
1813 2171 1990 2226 augeri,
2010 2183 2094 2216 su-

196 2243 280 2286 pra
305 2231 352 2275 in
372 2232 522 2287 prima
545 2238 675 2288 parte
696 2232 872 2276 dictum
901 2236 972 2276 est
990 2234 1172 2289 (quaest.
1201 2245 1288 2285 xiv,
1313 2236 1399 2276 art.
1425 2235 1512 2284 15).
1541 2232 1584 2276 Si
1610 2231 1751 2288 igitur
1772 2240 1940 2289 praeter
1960 2233 2092 2278 habi·

199 2302 299 2337 tum
325 2294 529 2338 scientiae
551 2294 776 2348 infusum,
804 2306 897 2337 non
924 2293 985 2338 sit
1015 2294 1063 2337 in
1097 2293 1253 2338 anima
1276 2293 1439 2338 Christi
1472 2293 1641 2351 aliquis
1672 2293 1861 2339 habitus
1886 2294 2092 2340 scientiae

192 2356 453 2413 acquisitae,
477 2361 531 2400 ut
551 2356 833 2413 quibusdam
853 2356 1053 2411 videtur,
1069 2361 1116 2400 et
1136 2356 1249 2400 mihi
1265 2356 1518 2413 aliquando
1535 2356 1690 2401 visum
1714 2361 1786 2402 est
1807 2359 1866 2411 (3,
1884 2357 1992 2402 dist.
2019 2362 2090 2415 14,

192 2425 365 2472 quaest.
384 2432 413 2473 1,
436 2424 523 2462 art.
543 2420 587 2472 3,
608 2423 774 2475 quaest.
801 2421 860 2474 v),
882 2419 1010 2463 nulla
1029 2418 1221 2463 scientia
1241 2419 1288 2463 in
1303 2419 1481 2463 Christo
1494 2424 1796 2475 augmentata
1815 2419 1902 2464 fuit
1921 2433 2092 2465 secun-

198 2480 310 2524 dum
339 2480 610 2537 essentiam,
642 2480 726 2525 sed
755 2481 907 2524 solum
929 2494 1011 2537 per
1045 2481 1398 2537 experientiam,
1435 2481 1483 2527 id
1505 2486 1594 2538 est,
1626 2494 1709 2539 per
1740 2483 2090 2529 conversionem

191 2542 460 2598 specierum
490 2542 851 2599 intelligibilium
889 2543 1144 2587 inditarum
1177 2544 1235 2589 ad
1264 2546 1604 2601 phantasmata.
1634 2546 1687 2589 Et
1711 2545 1973 2590 secundum
2004 2547 2092 2592 hoo

198 2604 361 2649 dicunt
380 2603 506 2660 quod
528 2604 721 2649 scientia
738 2604 900 2648 Christi
921 2603 1116 2660 profecit
1133 2605 1395 2650 secundum
1414 2605 1766 2662 experientiam,
1779 2607 2091 2653 convertendo

198 2666 375 2711 scilicet
396 2667 576 2723 species
593 2667 908 2723 intelligibiles
928 2667 1098 2712 inditas
1115 2668 1175 2711 ad
1190 2680 1244 2712 ea
1260 2681 1365 2726 quae
1380 2669 1438 2713 de
1453 2680 1576 2713 novo
1592 2680 1675 2724 per
1689 2680 1881 2713 sensum
1897 2670 2088 2727 accepit.

200 2730 287 2774 Sed
320 2730 429 2785 quia
462 2730 795 2773 inconveniens
829 2730 1010 2774 videtur
1038 2729 1164 2787 quod
1191 2730 1347 2787 aliqua
1380 2731 1605 2775 naturalis
1636 2730 1756 2775 actio
1791 2731 2092 2787 intelligibilis

191 2791 373 2836 Christo
394 2792 594 2846 deesset,
618 2795 726 2836 cum
754 2792 997 2837 extrahere
1026 2793 1206 2850 species
1226 2793 1540 2848 intelligibiles
1559 2794 1587 2836 a
1607 2794 2010 2849 phantasmatibus
2028 2795 2088 2840 sit

198 2853 410 2910 quaedam
449 2853 672 2897 naturalis
693 2854 813 2897 actio
838 2853 1037 2898 hominis
1059 2854 1320 2899 secundum
1344 2855 1630 2900 intellectum
1659 2859 1893 2913 agentem,
1920 2869 2091 2903 conve·

200 2915 336 2959 niens
354 2916 535 2960 videtur
560 2916 681 2960 hanc
703 2916 843 2960 etiam
867 2917 1096 2961 actionem
1120 2917 1168 2961 in
1194 2917 1373 2961 Christo
1395 2930 1584 2975 ponere.
1609 2919 1665 2962 Et
1686 2929 1745 2962 ex
1768 2917 1855 2962 hoc
1883 2920 2124 2976 sequitur

192 2977 324 3032 qued
353 2977 400 3021 in
425 2978 580 3022 anima
612 2979 774 3023 Christi
804 2978 974 3037 aliquis
1004 2979 1190 3025 habitus
1211 2979 1418 3025 scientiae
1440 2980 1594 3036 fuerit,
1618 2979 1698 3036 qui
1723 2991 1803 3036 per
1827 2980 2088 3039 hujusmodi

198 3038 556 3084 abstractionem
582 3042 842 3097 specierum
868 3042 1066 3098 potuerit
1093 3042 1408 3097 augmentari3
1431 3055 1490 3087 ex
1508 3043 1595 3087 hoc
1617 3042 1794 3087 scilicet
1809 3043 1933 3099 quod
1952 3044 2090 3090 intel-

198 3099 345 3144 lectus
364 3113 510 3158 agens
524 3107 629 3159 post
647 3103 823 3159 primas
838 3105 1017 3160 species
1033 3104 1347 3160 intelligibiles
1367 3104 1663 3151 abstractas
1646 3119 1674 3149 a
1692 3105 2090 3162 phantasmatibus

198 3163 528 3217 poteratetiam
551 3164 664 3208 alias
688 3170 735 3210 et
756 3166 870 3211 alias
897 3166 1164 3212 abstrahere
1189 3170 1265 3222 (1).

193 3284 333 3319 Christo
353 3297 419 3319 non
432 3285 611 3327 profecisse
626 3314 634 3327 ,
649 3288 705 3323 sed
727 3290 836 3330 quoad
849 3290 1024 3325 seleutiam
1045 3301 1100 3324 ac·
1186 3291 1245 3325 alii
1263 3293 1342 3327 vcro
1354 3291 1558 3333 quamdam
1548 3302 1646 3331 ignor
1648 3292 1772 3325 amiam
1790 3291 1920 3326 ratione
1933 3292 2089 3327 humani-

198 3333 358 3374 quisnam
373 3345 428 3367 res
443 3335 533 3368 inter
549 3335 725 3377 theologos,
739 3338 1017 3373 controvertitur.
1186 3340 1264 3374 tatis
1279 3352 1316 3373 co
1309 3339 1507 3380 infitentur,
1528 3350 1565 3372 ex
1583 3338 1705 3378 quibus
1718 3338 1837 3372 Athan.
1858 3343 1958 3376 (c‹.›ut
1972 3341 2086 3374 Arian-

240 3381 283 3421 (l)
309 3381 354 3414 Ex
381 3382 422 3415 l).
447 3381 584 3416 'l'homae
607 3385 775 3419 sententia
798 3386 925 3425 optime
945 3385 1102 3420 conciliat
1185 3387 1247 3422 lib.
1263 3389 1329 3428 lv),
1351 3389 1392 3421 lin
1397 3388 1473 3427 sil.(
1466 3390 1530 3427 (.ep
1555 3386 1641 3425 541)
1667 3387 1767 3426 Gteg.
1800 3387 1955 3421 Nazianz.
1981 3389 2087 3427 (Orat.

197 3431 337 3465 scientia
356 3432 463 3466 varias
483 3432 619 3466 Pau-um
637 3435 838 3472 sententias.
862 3449 1007 3476 quorum
1040 3436 1098 3471 alii
1183 3436 1250 3474 502.
1269 3435 1373 3476 cyril.
1392 3435 1449 3469 Al„
1441 3434 1550 3469 xaud.
1584 3435 1695 3476 (lhos.
1728 3434 1789 3470 lib.
1811 3443 1897 3477 xxn,
1928 3448 1962 3476 p.
1981 3391 2089 3475 ³218).

196 3478 422 3518 ignorantiam
437 3492 655 3521 Quaecumque
675 3482 731 3523 sit,
759 3482 795 3516 iu
812 3483 944 3517 Christo
956 3490 1088 3523 negant,
1184 3482 1356 3526 Hilarius,
1378 3483 1532 3517 Ambros.
1553 3486 1618 3518 etc.

2153 2954 2170 3174 l

2142 3205 2170 3470 l
