2170 3808
192 239 282 282 114
887 234 1088 285 QUAEST.
1116 234 1205 288 XII,
1235 233 1353 276 ART.
1383 234 1416 277 1.

200 318 459 364 secundum
486 317 649 361 lumen
668 315 891 361 divinitus
913 315 1139 360 infusum.
1160 317 1279 371 Ergo
1299 314 1348 359 in
1368 314 1546 359 Christo
1565 314 1654 359 fuit
1674 315 1854 360 tantum
1873 328 1994 360 unus
2009 317 2091 361 ha-

198 381 328 426 bitus
344 379 568 424 scientiae.

255 442 342 486 Sed
370 445 531 484 contra
561 444 633 485 est
657 440 785 497 quod
814 440 1015 494 (Zachar.
1037 453 1100 496 m,
1131 441 1176 495 9)
1206 439 1374 484 dicitur
1397 439 1523 496 quod
1547 452 1685 495 super
1710 439 1912 494 lapidem
1940 451 2086 500 amm,

200 503 246 548 id
263 509 349 556 est,
375 502 625 558 Christum,
647 505 754 546 sunt
776 506 944 558 septem
963 501 1097 544 oculi.
1122 503 1206 545 Per
1220 501 1409 546 oculum
1424 504 1582 546 autem
1602 500 1794 545 scientia
1809 500 2086 583 intelligitur.

199 567 317 621 Ergo
339 566 522 609 videtur
535 564 662 622 quod
680 564 728 609 in
751 564 928 608 Christo
952 563 1124 608 fuerint
1143 563 1303 620 plures
1321 563 1508 608 habitu-s
1523 562 1747 608 scientiae.

246 633 537 674 CONCLUSIO.
564 654 614 662 —
638 632 816 673 Scientia
830 632 964 672 indita
982 631 1134 671 animae
1152 630 1302 672 Christi
1318 630 1510 672 distincta
1536 631 1616 671 fuit
1638 630 1684 670 in
1713 629 1894 672 diversos
1915 631 2087 683 habitus,

199 689 427 784 setlzundum
446 688 560 729 varia
588 686 802 728 scibilium
821 698 1000 738 genera·
1022 686 1090 727 hic
1111 686 1226 727 enim
1247 686 1399 727 modus
1419 691 1479 727 est
1504 686 1698 726 humanae
1722 685 1874 727 anima
1891 692 2088 728 connatu-

201 754 243 783 Γᾶ
261 754 298 783 IS
2010 746 2014 771 l

255 806 526 862 Respondeo
566 805 815 851 dicendum
848 805 989 862 quod,
1013 805 1136 850 sicut
1159 804 1335 850 dictum
1365 808 1438 849 est
1457 805 1562 859 (art.
1586 808 1613 850 2
1635 810 1683 850 et
1710 808 1738 850 4
1766 804 1866 862 huj.
1894 808 2088 862 quaest.),

200 867 394 912 scientia
406 868 550 912 indita
569 867 735 911 animae
750 866 913 911 Christi
928 865 1092 911 habuit
1105 866 1299 911 modum
1318 866 1668 911 connaturalem
1683 865 1851 911 animae
1862 865 2087 911 humanae.

199 932 279 974 Est
298 935 456 974 autem
488 928 791 974 connaturale
810 928 980 974 animae
1003 930 1218 973 humanae
1235 933 1289 974 ut
1309 928 1500 986 recipiat
1524 929 1704 986 species
1724 928 1773 973 in
1802 927 1970 973 minori
1990 929 2090 973 uni-

199 991 466 1036 versalitate
500 990 643 1048 quam
668 990 822 1047 angeli
846 993 933 1045 (l):
968 992 1030 1035 ita
1063 990 1238 1036 scilicet
1263 991 1388 1048 quod
1407 990 1616 1036 diversas
1638 995 1829 1035 naturas
1859 990 2092 1046 specificas

199 1066 283 1125 per
301 1054 511 1099 diversas
530 1053 709 1109 species
726 1052 1041 1110 intelligibiles
1064 1057 1332 1110 cognoscat.
1355 1055 1417 1097 Ex
1440 1052 1529 1097 hoc
1551 1057 1707 1097 autem
1730 1051 1956 1107 contingit
1972 1051 2093 1108 quod

200 1116 249 1160 in
272 1117 407 1161 nobis
434 1117 527 1161 sint
545 1116 717 1162 diversi
739 1116 847 1161 habi
850 1120 927 1162 tus
951 1116 1267 1172 scientiarum,
1293 1115 1402 1186 quia
1422 1118 1531 1160 sunt
1559 1115 1741 1160 diversa
1763 1115 1993 1160 scibilium
2016 1127 2093 1172 ge-

200 1189 337 1222 nera:
360 1178 637 1236 inquantum
660 1177 837 1223 scilicet
858 1190 913 1223 ea
932 1190 1039 1235 quae
1058 1177 1372 1223 reducuntur
1362 1190 1409 1221 m
1428 1189 1574 1222 unum
1592 1188 1741 1234 genus
1754 1176 1916 1221 eodem
1937 1174 2093 1220 habitu

201 1239 404 1284 scientiae
427 1243 797 1311 cognoscuntur·²
816 1239 938 1284 sicut
960 1239 1129 1284 dicitur
1150 1239 1408 1293 (Posterior.
1435 1238 1516 1283 lib
1539 1253 1569 1295 1,
1594 1242 1705 1282 text.
1719 1240 1808 1294 42),
1828 1235 1955 1293 quod
1969 1255 1988 1275 α
2003 1249 2094 1281 una
2146 1267 2155 1298 5

202 1301 395 1346 scientia
416 1307 488 1346 est
505 1314 611 1359 quae
629 1306 700 1346 est
719 1301 861 1346 unius
885 1301 1067 1358 generis
1082 1301 1340 1358 subjecti.»
1366 1303 1420 1346 Et
1434 1301 1537 1346 ideo
1559 1300 1752 1345 scientia
1770 1298 1915 1344 indita
1933 1298 2096 1343 animae

199 1364 363 1409 Christi
384 1363 472 1408 fuit
486 1363 703 1409 distincta
720 1363 979 1408 secundum
1002 1363 1211 1408 diversos
1230 1363 1431 1409 habitus.

253 1425 320 1470 Ad
351 1429 550 1481 primum
571 1437 683 1481 ergo
712 1424 978 1479 dicendum,
1017 1424 1159 1482 quod,
1190 1425 1312 1469 sicut
1340 1437 1484 1482 supra
1514 1424 1692 1470 dictum
1719 1426 1792 1468 est
1812 1424 1914 1476 (art.
1951 1425 1977 1466 4
1996 1420 2092 1478 huj.

200 1489 404 1545 quaest),
426 1488 622 1533 scientia
645 1488 810 1532 animae
833 1487 999 1532 Christi
1032 1492 1105 1531 est
1126 1487 1465 1544 perfectissima
1486 1492 1533 1532 et
1565 1487 1796 1532 excedens
1824 1483 2094 1540 angelorum

193 1550 441 1595 ⁴scientiam
463 1555 690 1608 quantum
710 1550 769 1595 ad
789 1550 835 1594 id
862 1549 989 1607 quod
1007 1550 1329 1595 consideratur
1352 1550 1402 1594 in
1423 1563 1479 1595 ea
1499 1562 1558 1594 ex
1579 1555 1712 1606 parte
1734 1547 1813 1592 Dei
1837 1546 2093 1602 influentis3

200 1617 272 1657 est
294 1618 449 1658 tamen
486 1613 606 1657 infra
635 1612 876 1657 scientiam
896 1612 1152 1669 angelicam
1175 1615 1405 1668 quantum
1427 1612 1486 1657 ad
1520 1611 1713 1656 modum
1741 1608 2021 1666 recipientis.
2044 1610 2097 1652 Et

200 1675 260 1720 ad
279 1674 546 1732 hujusmodi
565 1675 757 1720 modum
780 1674 981 1745 pertinet
993 1673 1118 1731 quod
1134 1674 1326 1719 scientia
1342 1674 1419 1718 illa
1441 1686 1523 1731 per
1537 1673 1710 1718 multos
1728 1671 1916 1716 habitus
1934 1669 2097 1715 distin·
2139 1673 2142 1675 ’

199 1742 384 1792 guatur,
411 1736 545 1794 quasi
568 1749 650 1794 per
668 1736 845 1793 species
860 1736 1011 1792 magis
1032 1735 1334 1794 particulares
1350 1736 1569 1781 existens.

253 1799 320 1844 Ad
351 1800 600 1843 secundum
617 1797 887 1855 dicendum,
917 1797 1044 1855 quod
1065 1797 1181 1842 fides
1204 1801 1364 1842 nostra
1393 1797 1606 1842 innititur
1633 1796 1795 1853 primae
1819 1793 2027 1850 veritati,
2052 1799 2098 1838 et

199 1861 304 1906 ideo
323 1861 530 1906 Christus
563 1865 634 1906 est
656 1865 818 1906 auctor
839 1859 948 1905 fidei
981 1864 1153 1905 nostrae
1175 1859 1438 1905 secundum
1466 1859 1672 1906 divinam
1702 1855 1962 1915 scientiam,
1993 1868 2097 1914 quae

188 1928 272 1968 >est
288 1923 559 1981 simpliciter
579 1935 690 1968 una.

253 1987 321 2032 Ad
356 1990 543 2031 tertium
573 1985 839 2041 dicendum,
877 1984 1003 2042 quod
1036 1985 1196 2031 lumen
1233 1983 1454 2031 divinitus
1487 1983 1695 2029 infusum
1728 1987 1800 2028 est
1836 1981 2097 2027 communis

198 2049 316 2094 ratio
346 2048 635 2106 intelligendi
657 2060 712 2093 ea
746 2059 852 2105 quae
875 2047 1097 2092 divinitus
1120 2047 1403 2102 revelantur,
1430 2046 1552 2091 sicut
1578 2050 1626 2091 et
1653 2046 1813 2091 lumen
1835 2038 2098 2089 intellectus
2143 2079 2150 2087 „

199 2112 378 2168 agentis
390 2124 552 2156 eorum
572 2123 675 2168 quae
687 2110 962 2155 naturaliter
975 2115 1338 2166 cognoscuntur.
1355 2112 1409 2153 Et
1426 2109 1530 2154 ideo
1541 2107 1742 2166 oportuit
1759 2119 1863 2152 esse
1876 2106 1924 2150 in
1943 2107 2098 2150 anima

199 2174 359 2219 Christi
383 2174 595 2231 proprias
627 2171 807 2229 species
828 2171 1121 2227 singularum
1145 2183 1317 2226 rerum,
1349 2170 1408 2215 ad
1437 2168 1813 2227 cognoscendum
1837 2169 2097 2225 cognitione

199 2235 385 2293 propria
405 2234 799 2306 unumquodquez,
821 2239 868 2278 et
899 2234 1160 2278 secundum
1191 2235 1276 2278 hoc
1302 2232 1506 2289 oportuit
1533 2244 1638 2277 esse
1668 2231 1878 2277 diversos
1911 2230 2097 2276 habitus

191 2297 406 2343 scientiae
427 2297 477 2341 in
498 2295 657 2340 anima
675 2294 857 2352 Christi,
874 2294 927 2340 u¹t
941 2295 1117 2341 dictum
1141 2300 1213 2341 est
1232 2296 1297 2349 (in
1316 2307 1444 2352 corp.
1476 2298 1561 2340 art.
1563 2297 1596 2350 ).
2139 2291 2141 2294 ⁴

227 2534 292 2568 'DE
325 2531 535 2568 SCIENTIA
569 2531 733 2566 ANIMAE
766 2532 954 2567 CHRISTI
988 2531 1253 2581 ACQUISITA,
1276 2531 1323 2566 IN
1357 2530 1579 2573 QUATUOR
1610 2530 1871 2567 ARTICULOS
1895 2530 2062 2566 mvlsA.

248 2621 399 2662 Deinde
417 2620 763 2661 considerandum
781 2625 841 2662 est
859 2620 909 2661 de
926 2620 1098 2661 scientia
1113 2621 1265 2660 animae
1284 2619 1434 2660 Christi
1454 2619 1656 2672 acquisita
1674 2619 1739 2660 vel
1763 2618 2096 2670 experimentali;

188 2681 239 2718 ‘et
263 2677 369 2717 circa
385 2675 463 2715 hoc
480 2679 727 2727 quaeruntur
743 2678 923 2727 quatuor
942 2688 953 2715 ε
978 2680 1014 2714 1·
1034 2675 1182 2715 Utrum
1205 2675 1434 2715 secundum
1454 2673 1562 2714 hanc
1591 2673 1805 2714 scientiam
1822 2673 2008 2713 Christus
2031 2683 2096 2713 co-

200 2732 387 2783 gnoverit
407 2732 564 2772 omnia.
584 2753 634 2760 -
657 2737 695 2770 2⁰
710 2732 859 2772 Utrum
875 2731 922 2770 in
945 2729 1023 2771 hac
1041 2731 1212 2771 scientia
1235 2731 1460 2782 profecerit.
1489 2752 1536 2760 —
1550 2734 1591 2770 3⁰
1609 2729 1757 2771 Utrum
1775 2727 1935 2780 aliquid
1955 2727 2007 2768 ab
2025 2727 2099 2769 ho·

199 2789 314 2829 mine
329 2787 528 2828 didicerit.
545 2808 593 2815 —
610 2790 656 2837 4⁰,
672 2785 821 2826 Utrum
835 2785 1029 2838 acceperit
1043 2785 1200 2837 aliquid
1222 2786 1274 2826 ab
1292 2785 1462 2837 angelis.
1531 2828 1534 2831 Δ

392 2851 736 2894 ARTICULUS
763 2852 800 2894 1.
836 2873 891 2880 -
914 2863 1049 2893 urium
1080 2861 1295 2893 SECUNDUM
1324 2861 1431 2893 nanc
1461 2861 1676 2892 screnum
1706 2859 1907 2891 cnmsrus

935 2926 1197 2959 coenovnmr
1228 2926 1366 2958 οΜΝιΑ.

255 2977 319 3023 Ad
340 2976 545 3034 primum
575 2975 644 3020 sic
676 2975 960 3033 proceditur.
983 2980 1026 3022 1.
1050 2976 1237 3021 Videtur
1262 2975 1388 3033 quod
1415 2974 1675 3020 secundum
1705 2974 1828 3019 hanc
1857 2971 2097 3018 scientiam

195 3038 405 3084 Christus
420 3050 515 3082 non
534 3037 694 3082 omnia
714 3037 1000 3095 cognoverit.
1017 3038 1290 3095 Hujusmodi
1312 3037 1437 3082 enim
1456 3035 1650 3081 scientia
1666 3048 1748 3094 per
1765 3034 2096 3091 experientiam

196 3100 468 3158 acquiritur.
494 3099 583 3144 Sed
601 3100 809 3146 Christus
827 3113 922 3146 non
939 3100 1098 3146 omnia
1119 3104 1339 3157 expertus
1358 3104 1445 3145 est.
1466 3101 1566 3144 Non
1585 3098 1727 3156 igitur
1750 3096 1906 3143 omnia
1925 3108 2098 3142 secun·
2133 3138 2136 3143 .
2169 3121 2170 3124 =

197 3162 311 3208 dum
331 3162 452 3207 hanc
467 3161 708 3207 scientiam
730 3162 881 3208 scivit.
2168 3205 2170 3213 ,

253 3226 297 3269 2.
323 3225 563 3279 Praeterea,
586 3223 725 3268 homo
742 3223 985 3269 scientiam
1003 3236 1086 3281 per
1108 3236 1300 3270 sensum
1324 3223 1536 3282 acquirit.
1559 3221 1647 3267 Sed
1661 3233 1755 3266 non
1771 3219 1927 3265 omnia
1949 3220 2096 3265 sensi-
2168 3261 2169 3267 ,

197 3285 308 3332 bilia
329 3285 545 3331 sensibus
562 3286 879 3342 corporalibus
912 3287 1075 3332 Christi
1098 3288 1287 3332 fuerunt
1309 3287 1534 3344 subjecta.
1558 3287 1657 3329 Non
1680 3283 1821 3340 igitur
1838 3282 2094 3328 secundum

195 3351 321 3395 hanc
339 3347 581 3395 scientiam
600 3348 757 3392 omnia
771 3351 987 3405 cognovit
1002 3350 1221 3394 Christus.
2167 3343 2168 3346 ’

242 3446 286 3488 (l)
302 3446 471 3480 nocuerat
486 3447 521 3480 S.
537 3444 663 3480 Doctor
683 3445 808 3486 species
832 3445 960 3481 infusas
977 3447 1097 3481 animm
1182 3446 1294 3487 geticis
1312 3447 1417 3487 (Sent.
1433 3453 1487 3486 ΠΙ,
1515 3444 1594 3478 dist.
1608 3443 1663 3484 M,
1679 3445 1743 3477 art.
1760 3443 1794 3483 5,
1815 3443 2003 3485 quaest.1v)‚
2037 3440 2094 3476 scd

194 3492 322 3528 Christi
340 3504 408 3528 non
425 3504 493 3530 esse
507 3492 623 3529 minus
636 3492 842 3529 universales
856 3493 1026 3537 speciebus
1036 3506 1102 3530 an—
1181 3495 1266 3531 hanc
1279 3493 1479 3530 sententiam
1494 3492 1549 3528 hic
1560 3490 1734 3529 evidenter
1752 3495 1931 3528 retractat.
