2170 3808
221 241 304 285 294
743 237 941 290 QUAEST.
973 236 1130 290 XXXV,
1164 235 1279 278 ART.
1311 237 1380 279 Vll
1408 237 1472 279 ET
1499 237 1603 280 VIII.

222 320 554 436 ἓὲῧιῐιέιῖξῗοίιι
576 317 761 364 civitate
780 317 971 374 ignobili
996 317 1124 361 nasci
1144 316 1306 373 voluit,
1332 322 1382 373 et,
1403 316 1451 361 in
1467 318 1654 362 civitate
1670 316 1811 362 nobili
1834 316 1929 374 pati
1947 329 2116 375 oppro-

276 444 342 488 Ad
364 444 612 486 secuudum
631 442 898 498 dicendum,
922 440 1047 498 quod
1072 440 1279 485 Christus
1306 440 1469 486 florere
1491 442 1637 487 voluit
1659 442 1918 486 secundum
1941 441 2116 486 virtuo-

222 517 321 549 sam
344 505 761 557 conversationem,
787 517 880 548 non
914 504 1172 549 secundum
1198 503 1352 547 carnis
1371 504 1616 559 originem.
1644 507 1696 548 Et
1714 504 1818 548 ideo
1856 503 1903 546 in
1935 503 2116 551 civitate

221 568 442 611 Nazareth
485 566 672 612 educari
708 566 853 610 voluit
884 571 930 610 et
977 565 1165 620 nutriri3
1208 564 1255 608 in
1297 565 1561 611 Bethlehem
1605 571 1761 610 autem
1801 566 1944 609 voluit
1984 567 2115 622 quasi

221 629 414 685 peregre
435 630 561 673 nasci
585 645 595 673 :
621 629 745 685 quia,
767 634 820 672 ut
840 627 1088 684 Gregorius
1104 627 1214 671 dicit
1239 627 1345 679 (loc.
1367 639 1472 683 sup.
1491 628 1602 685 cit.),
1629 646 1650 665 «
1665 640 1747 684 per
1761 627 2115 686 humanitatem,

222 702 363 746 quam
380 696 715 748 assumpserat
736 690 869 747 quasi
885 690 932 734 in
958 690 1106 734 alieno
1122 690 1419 745 nascebatur,
1437 703 1525 734 non
1543 690 1802 736 secundum
1826 694 2116 748 potestatem,

223 751 307 796 sed
335 754 594 798 secundum
621 758 860 806 naturam3
878 770 898 790 υ
917 757 963 796 et
984 751 1139 806 etiam,
1165 757 1217 794 ut
1237 752 1358 795 Beda
1378 723 1487 795 dicit
1506 754 1624 808 (cap.
1642 755 1669 796 5
1688 752 1735 795 in
1759 753 1867 794 Luc.
1871 753 1902 806 ),
1930 768 1950 788 «
1981 750 2029 796 in
2049 751 2119 796 di-

223 815 428 859 versorio
441 815 543 859 loco
565 813 744 870 egebat,
766 820 818 858 ut
839 813 972 890 nobis
991 813 1163 856 multas
1182 812 1450 856 mansiones
1470 814 1516 857 in
1536 813 1674 858 domo
1687 812 1833 858 Patris
1852 812 1923 857 sui
1944 825 2119 872 praepa·

222 881 360 920 raret
374 895 394 915 »

277 938 342 982 Ad
363 941 544 980 tertium
564 937 834 991 dicendum,
853 936 995 993 quod,
1019 936 1140 980 sicut
1158 935 1328 980 dicitur
1345 936 1407 988 (in
1423 937 1625 993 quodam
1647 949 1788 981 serm.
1807 935 1970 993 Ephes.
1983 947 2116 981 conc.

223 1000 304 1059 qui
323 1008 396 1045 est
413 1000 633 1044 Theodori
656 1003 845 1057 Ancyr.,
870 1006 916 1044 et
931 1000 1127 1043 habetur
1145 1000 1193 1042 in
1213 1011 1268 1043 eo
1288 1012 1419 1043 conc.
1447 1004 1567 1055 part.
1592 1012 1654 1054 in,
1672 1012 1774 1056 cap.
1792 1001 1850 1052 9),
1876 998 1951 1042 «si
1973 998 2118 1043 maxi-

222 1074 346 1107 mam
378 1065 569 1106 Romam
593 1061 810 1118 elegisset
830 1062 1079 1114 civitatem,
1105 1066 1294 1118 propter
1316 1061 1569 1118 potentiam
1593 1061 1784 1120 civium,
1814 1061 2118 1105 mutationem

222 1124 348 1168 orbis
367 1129 594 1169 terrarum
619 1129 860 1181 putarent;
886 1124 924 1168 si
958 1124 1081 1168 filius
1109 1124 1275 1168 fuisset
1296 1124 1604 1181 imperatoris,
1629 1124 1844 1180 potestati
1873 1123 2118 1168 utilitatem

221 1186 554 1232 adscriberent.
568 1186 656 1230 Sed
666 1193 717 1230 ut
729 1185 950 1229 Divinitas
965 1191 1324 1240 cognosceretur
1336 1187 1495 1230 orbem
1511 1187 1865 1230 transformasse
1874 1191 2116 1241 terrarum,

223 1249 554 1304 pauperculam
584 1248 723 1302 elegit
753 1253 967 1302 matrem,
987 1253 1034 1291 et
1053 1247 1373 1304 pauperiorem
1401 1248 1614 1303 patriam.
1649 1248 1793 1303 Elegit
1825 1251 1981 1291 autem
1999 1249 2119 1290 Deus

223 1310 406 1354 infirma
424 1311 605 1365 mundi,
622 1316 675 1355 ut
688 1311 946 1355 confundat
959 1310 1110 1364 fortia,
1125 1329 1143 1348 »ι
1166 1310 1287 1354 sicut
1305 1310 1474 1355 dicitur
1488 1313 1534 1364 (1.
1557 1312 1759 1355 Corinth.
1781 1325 1810 1369 1,
1831 1313 1918 1365 ⁴27).
1952 1311 2002 1353 Et
2015 1309 2118 1355 ideo

222 1377 274 1416 ut
302 1385 436 1416 suam
461 1379 735 1429 potestatem
766 1373 918 1428 magis
950 1372 1230 1426 ostenderet,
1254 1372 1304 1417 in
1338 1373 1435 1429 ipsa
1459 1375 1616 1428 Roma,
1642 1386 1746 1430 quae
1781 1377 1922 1429 caput
1957 1372 2116 1416 mundi

222 1441 340 1492 erat,
371 1435 510 1479 etiam
546 1441 686 1491 caput
724 1434 935 1479 Ecclesiae
977 1446 1076 1479 suae
1105 1434 1297 1489 statuit,
1335 1435 1383 1478 in
1419 1436 1607 1491 signum
1641 1435 1856 1492 perfectae
1896 1434 2117 1494 victoriae,

222 1502 275 1542 ut
316 1498 484 1543 exinde
532 1498 648 1542 fides
678 1497 968 1542 derivaretur
1001 1496 1058 1541 ad
1103 1497 1375 1540 universum
1411 1497 1671 1555 mundum,
1709 1497 1972 1542 secundum
2004 1497 2120 1542 illud

223 1563 324 1615 (isa.
352 1574 464 1613 xxvi,
487 1562 529 1616 5)
558 1575 568 1603 :
591 1562 835 1603 Civitatem
868 1559 1104 1602 sublimem
1142 1559 1414 1603 humiliabit.
1436 1593 1447 1604 .
1473 1594 1483 1604 .
1510 1593 1521 1614 ‚
1544 1564 1589 1602 et
1617 1560 1896 1603 conculcabit
1919 1572 2020 1602 eam
2038 1573 2120 1616 pes

219 1626 465 1680 pauperis,
488 1622 665 1667 scilicet
696 1621 860 1666 Christi
885 1636 896 1665 ε
917 1634 1096 1678 qressus
1122 1634 1380 1678 cycnorum,
1400 1621 1448 1667 id
1467 1626 1563 1680 est,
1583 1622 1900 1678 apostolorum
1922 1620 2038 1666 Petri
2071 1627 2119 1668 et

222 1685 369 1729 Pauli.

304 1756 651 1798 ARTICULUS
679 1755 805 1796 VIII.
822 1777 879 1785 —
898 1766 1036 1795 u‘rmm
1071 1765 1268 1797 cnmsws
1291 1767 1442 1796 ramur
1463 1766 1654 1796 TEMPORE
1678 1765 1868 1797 continuo
1888 1765 2036 1797 nnus.

275 1824 342 1869 Ad
362 1828 577 1867 octavum
601 1822 668 1866 sic
687 1822 968 1879 proceditur.
994 1825 1036 1865 1.
1062 1821 1250 1866 Videtur
1268 1823 1392 1879 quod
1413 1823 1619 1866 Christus
1638 1835 1730 1866 non
1752 1821 1891 1866 fuerit
1911 1834 2120 1878 congruo

221 1889 429 1942 tempore
450 1890 603 1928 natus.
628 1883 695 1928 Ad
715 1885 802 1927 hoc
825 1884 949 1927 enim
980 1883 1190 1928 Christus
1209 1889 1401 1928 venerat
1420 1889 1472 1927 ut
1507 1895 1619 1927 suos
1645 1883 1692 1927 in
1712 1882 1969 1927 libertatem
1990 1895 2122 1928 revo-

221 1953 363 1992 caret.
385 1950 527 1991 Natus
544 1952 614 1991 est
634 1950 789 1990 autem
807 1950 1015 2001 tempore
1037 1946 1292 2000 servitutis,
1313 1958 1409 2003 quo
1421 1946 1597 1990 scilicet
1615 1949 1741 1990 totus
1754 1945 1880 1990 orbis
1893 1951 2122 2002 praecepto

220 2010 414 2066 Augusti
437 2008 730 2063 describitur,
755 2008 887 2064 quasi
906 2007 1177 2051 tributarius
1198 2009 1366 2063 factus,
1397 2015 1448 2052 ut
1465 2009 1661 2052 habetur
1679 2011 1804 2063 (Luc.
1821 2011 1885 2062 ιι).
1913 2009 2030 2063 Ergo
2052 2009 2122 2052 vi-

221 2071 357 2116 detur
379 2071 504 2128 quod
530 2083 623 2114 non
644 2074 1080 2141 congruo-tempore
1098 2070 1308 2115 Christus
1333 2070 1470 2114 fuerit
1494 2076 1647 2115 natus.

276 2137 319 2178 2
350 2136 592 2189 Praeterea,
626 2133 963 2189 promissiones
995 2133 1053 2176 de
1076 2132 1255 2177 Christo
1285 2133 1521 2176 nascituro
1544 2132 1792 2187 gentilibus
1819 2145 1914 2177 non
1937 2133 2122 2177 fuerant

219 2195 369 2250 factae,
395 2195 654 2240 secundum
676 2195 789 2239 illud
812 2197 958 2249 (Rom.
993 2208 1050 2250 1x,
1075 2198 1162 2249 4):
1191 2199 1389 2250 Quorum
1419 2198 1523 2237 sunt
1541 2198 1780 2250 promis-sa
1805 2196 1890 2239 Sed
1913 2195 2122 2239 Christus

221 2263 361 2301 natus
384 2263 454 2301 est
475 2261 680 2313 tempore
699 2269 792 2312 quo
817 2268 900 2300 rex
929 2256 1192 2313 alienigena
1214 2242 1560 2313 dominabatur,
1587 2256 1708 2300 sicut
1726 2262 1854 2313 patet
1873 2257 2042 2312 (Matth.
2077 2270 2119 2308 ιι,

220 2321 296 2374 1):
321 2321 434 2362 Cum
460 2322 598 2361 natus
631 2322 743 2361 esset
760 2321 886 2360 Iesus
906 2321 955 2361 in
973 2319 1129 2361 diebus
1151 2320 1345 2363 Herodis
1365 2322 1500 2375 reqis.
1533 2320 1652 2374 Ergo
1670 2319 1853 2364 videtur
1882 2318 2007 2376 quod
2026 2331 2120 2363 non

220 2380 360 2426 fuerit
374 2392 583 2436 congruo
618 2385 826 2435 tempore
851 2386 1007 2423 natus.

274 2445 319 2487 3.
350 2445 590 2498 Praeterea,
608 2446 795 2498 tempus
818 2441 1078 2498 praesentiae
1092 2442 1256 2487 Christi
1277 2442 1322 2486 in
1345 2443 1523 2487 mundo
1543 2442 1633 2487 diei
1649 2446 1962 2499 comparatur,
1979 2454 2122 2500 prop·-

142 2515 146 2525 “
220 2510 290 2550 ter
314 2506 360 2550 id
375 2506 501 2561 quod
531 2505 632 2561 ipse
654 2509 727 2549 est
761 2504 843 2548 lux
868 2504 1055 2560 mundi,
1080 2506 1208 2549 unde
1232 2505 1331 2562 ipse
1361 2506 1471 2550 dicit
1489 2508 1634 2558 (ioan.
1658 2519 1715 2562 ix,
1746 2508 1789 2560 4)
1816 2520 1828 2549 ε
1855 2509 1924 2548 Me
1946 2508 2122 2562 oporiet

223 2573 410 2625 operari
440 2581 579 2625 opera
608 2569 704 2623 ejas
740 2570 816 2622 qui
853 2571 977 2611 misit
999 2581 1085 2623 me,
1111 2570 1252 2611 donec
1270 2569 1366 2611 dies
1389 2573 1469 2611 esi.
1496 2568 1585 2612 Sed
1621 2567 1668 2612 in
1707 2572 1868 2612 aestate
1890 2573 2002 2612 sunt
2023 2569 2122 2613 dies
2159 2589 2161 2591 ·

221 2630 456 2687 longiores
492 2630 633 2686 quam
666 2630 714 2673 in
745 2629 915 2673 hieme.
950 2633 1068 2686 Ergo
1106 2631 1214 2674 cnm
1251 2635 1390 2674 natus
1423 2630 1562 2674 fuerit
1594 2630 1642 2674 in
1677 2630 1910 2688 profundo
1939 2630 2119 2687 hiemis,
2159 2669 2162 2674 Δ

219 2693 267 2739 id
290 2701 379 2749 est,
399 2696 425 2738 8
464 2693 693 2737 kalendas
711 2691 812 2749 jan.
838 2693 911 2748 (2),
952 2693 1133 2736 videtur
1165 2692 1292 2748 quod
1311 2705 1406 2737 non
1426 2693 1566 2737 fuerit
1588 2692 1885 2738 convenienti
1914 2697 2122 2749 tempore

219 2760 546 2862 nastgg.mmm
570 2821 642 2861 est
660 2816 786 2872 quod
806 2815 974 2860 dicitur
999 2816 1154 2865 (Galat.
1174 2830 1231 2870 1v,
1254 2811 1296 2869 4)
1315 2831 1328 2861 ε
1354 2817 1469 2860 Cum
1490 2820 1611 2860 venii
1631 2816 1869 2874 plenitudo
1890 2819 2118 2873 temporis,

219 2881 342 2924 misit
363 2879 484 2922 Deus
500 2879 668 2921 Filium
685 2891 830 2934 suum,
861 2881 1037 2932 factum
1059 2892 1117 2921 ex
1136 2880 1338 2934 muliere,
1359 2880 1533 2932 sactum
1548 2879 1628 2922 sub
1650 2878 1758 2935 leqe.

267 2947 559 2987 CONCLUSIO.
592 2968 637 2975 -
664 2947 768 2986 Cum
787 2947 969 2987 Christus
989 2946 1216 2986 secundum
1242 2946 1395 2985 divinae
1417 2946 1632 2998 sapientiae
1659 2945 1969 2999 dispositionem
2000 2949 2121 2986 natus

219 3003 356 3049 tuerit,
379 3001 769 3042 convenientissimo
792 3002 918 3041 etiam
939 3005 1116 3051 tempore
1142 3000 1450 3040 natusdicitur.

273 3065 545 3121 Respondeo
568 3065 818 3109 dicendum
842 3064 966 3120 quod
1000 3066 1098 3108 haec
1125 3069 1196 3108 est
1229 3063 1491 3108 differentia
1515 3064 1636 3109 inter
1671 3062 1901 3108 Christum
1941 3067 1987 3107 et
2007 3063 2119 3106 alios

217 3126 447 3179 homineS,
462 3126 582 3183 quod
603 3127 680 3170 alii
695 3127 908 3171 homines
930 3133 1187 3171 nascuntur
1206 3126 1401 3182 sanecti
1422 3126 1687 3171 necessitati
1704 3126 1948 3182 temporis;
1970 3125 2119 3169 Chris—

219 3193 293 3234 tus
325 3195 497 3246 autem,
522 3195 746 3246 tanquam
772 3190 991 3234 dominus
1015 3195 1061 3234 et
1089 3188 1302 3233 conditor
1326 3190 1536 3234 omnium
1558 3196 1836 3246 temporum,
1871 3189 2011 3244 elegit
2033 3186 2118 3231 sibi

258 3300 303 3340 (l)
318 3300 405 3333 Hinc
432 3300 635 3338 Augustinus
651 3300 721 3337 (tib.
741 3301 788 3334 De
801 3300 1046 3335 catechizandis
1068 3313 1123 3334 ru-
1210 3301 1346 3334 patrum
1363 3301 1499 3335 traditio
1514 3300 1713 3343 fertpraeter
1729 3301 1957 3342 Epiphaniam
1971 3298 2118 3333 et'l'heo·

216 3348 326 3388 dibus,
356 3359 427 3388 cap.
450 3348 504 3388 22)
529 3361 536 3380 ε
558 3348 663 3381 Natus
685 3348 719 3381 in
742 3348 834 3391 villa,
859 3349 983 3390 iuquit,
1010 3350 1123 3383 noluit
1208 3348 1339 3388 philam
1369 3347 1631 3383 Alexandrinum
1650 3350 1706 3389 qui
1732 3361 1771 3383 eo
1796 3349 1850 3382 dic
1867 3355 1984 3382 natum
2001 3347 2119 3380 volunt

215 3407 416 3437 quemquam
444 3396 485 3430 de
508 3399 704 3435 cuiusquam
727 3400 871 3430 terrenae
896 3397 1040 3432 civitatis
1066 3408 1122 3430 su-
1207 3408 1274 3436 quo
1308 3407 1368 3430 nos
1392 3396 1587 3436 Epiphaniae
1612 3395 1737 3430 festum
1763 3396 1996 3439 celebr-anuum
2027 3391 2115 3436 quod

216 3443 385 3478 blimitate
402 3444 553 3483 gloriari.
1209 3443 1333 3478 refellit
1350 3445 1385 3478 S.
1408 3444 1630 3484 Hieronymus
1648 3443 1683 3477 in
1706 3443 1825 3478 Ezech.
1841 3452 1866 3485 1,
1886 3443 1919 3478 2.

254 3492 300 3531 (2)
319 3492 395 3527 Sive
417 3492 460 3526 25
493 3491 692 3530 decembris,
710 3494 750 3525 ut
764 3491 901 3531 antiqua
919 3495 1117 3525 sauctorum
