2170 3808
201 236 255 280 12
809 242 845 262 ..
884 207 1082 277 QUAEST.
1114 222 1155 277 1,
1185 222 1300 264 ART.
1330 222 1398 264 v1.

240 313 583 358 ARTICULUS
604 311 686 353 Vl.
703 331 758 340 —
787 319 923 363 11111011
952 315 1195 348 mmmmmo
1226 314 1418 345 mrrssmu
1446 310 1645 343 1151105101·
1673 308 1804 346 usone
1833 306 1885 337 An
1914 303 2039 337 mun

540 379 542 381 ’
1035 377 1163 409 nuum
1190 366 1260 418 (1).

775 437 824 471 De
839 436 892 471 his
906 436 1009 471 etiam
1027 434 1111 468 locis
1124 446 1198 475 sup.
1212 437 1277 468 art.
1292 433 1326 472 5,
1342 428 1465 465 citatis.

256 498 324 543 Ad
347 500 530 542 sextum
549 493 616 539 sic
637 491 914 550 proceditur.
940 494 984 536 1.
1003 489 1190 534 Videtur
1207 486 1330 545 quod
1350 481 1682 528 incarnationis
1692 491 1811 537 opus
1822 476 1993 524 differri
2003 477 2083 523 de-

202 559 354 605 buerit
371 569 519 613 usque
549 555 598 599 in
619 554 761 600 finem
787 552 967 598 mundi.
1001 551 1170 595 Dicitur
1199 545 1472 602 enim(Psal.
1488 557 1572 601 xcr,
1591 545 1661 598 2):
1687 545 1896 586 Senectus
1917 553 2016 583 mea
2037 542 2086 582 in

201 620 518 664 misericordia
552 618 691 669 uberi,
727 615 774 661 id
805 619 891 672 est,
925 631 945 652 «
970 613 1018 658 in
1040 612 1310 666 novissimo,
1335 629 1354 649 »
1385 613 1438 653 ut
1459 607 1618 652 Glossa
1639 604 1808 660 (interl.
1833 608 1878 647 et
1900 606 2014 658 Aug.
2036 601 2085 646 in

201 682 325 727 hunc
339 681 445 735 loc.)
461 679 585 724 dicit.
604 677 691 723 Sed
704 682 888 734 tempus
906 673 1236 720 incarnationis
1247 675 1318 717 est
1331 668 1535 715 maxime
1549 674 1733 724 tempus
1744 663 2081 720 misericordiae,

202 743 459 788 secundum
487 740 601 785 illud
634 739 766 794 (Psal.
813 751 870 794 (11,
915 739 985 792 14)
1006 751 1017 780 :
1045 739 1266 793 Quoniam
1298 734 1420 777 venit
1477 735 1649 788 tempus
1693 726 1935 771 miserendi
1972 728 2082 782 ey’us.

200 806 319 860 Ergo
341 802 594 848 incarnatio
612 801 783 847 differri
798 798 957 846 debuit
974 810 1124 854 usque
1145 798 1194 841 111
1218 793 1356 840 finem
1377 793 1555 839 mundi.

257 870 298 912 2.
330 868 568 921 Praeterea,
587 864 707 908 sicut
723 863 896 907 dictum
917 865 988 906 est
1006 862 1108 916 (art.
1125 871 1263 916 praec.
1282 858 1340 902 ad
1359 859 1419 912 3),
1436 855 1692 913 perfectum
1715 853 1764 896 in
1785 850 1946 896 eodem
1970 850 2081 895 sub-

200 929 337 987 jecto,
357 933 561 984 tempore
580 932 651 971 est
679 926 911 983 posterius
929 923 1211 980 imperfecto.
1231 924 1350 976 Ergo
1376 917 1492 963 illud
1513 916 1637 974 quod
1655 920 1727 960 est
1747 913 1950 959 maxime
1976 924 2084 969 per-

199 991 388 1046 fectum,
414 990 550 1035 debet
567 1001 670 1034 esse
685 988 874 1032 omnino
896 986 1112 1031 ultimum
1135 984 1184 1028 in
1204 988 1424 1040 temporo.
1448 980 1536 1025 Sed
1553 990 1736 1023 summa
1761 975 1982 1048 perfectio
1999 975 2085 1019 hu-

201 1063 351 1097 manae
368 1056 546 1095 naturae
565 1055 635 1095 est
656 1051 703 1094 in
721 1049 895 1094 unione
910 1048 969 1093 ad
982 1047 1200 1102 Verbum,
1219 1045 1329 1103 quia
1351 1044 1397 1087 in
1416 1042 1593 1087 Christo
1605 1039 1883 1096 complacuit
1896 1048 2084 1082 omnem

200 1113 543 1170 plenitudinem
576 1112 832 1156 Divinitatis
863 1109 1137 1164 inhabitare,
1163 1112 1216 1153 ut
1240 1106 1485 1164 Apostolus
1515 1102 1626 1149 dicit
1659 1100 1849 1156 (Coloss.
1883 1103 1931 1154 1).
1966 1101 2084 1156 Ergo

201 1174 457 1219 incarnatio
475 1173 647 1217 differri
664 1172 823 1218 debuit
844 1183 990 1228 usque
1013 1170 1061 1214 in
1084 1170 1226 1214 finem
1249 1167 1428 1213 mundi.

253 1238 298 1281 3.
328 1238 564 1292 Praeterea,
590 1247 684 1279 non
707 1240 778 1279 est
798 1233 1083 1278 conveniens
1102 1231 1200 1276 fieri
1222 1243 1304 1289 per
1321 1230 1415 1275 duo
1437 1226 1564 1286 quod
1597 1237 1681 1283 per
1707 1235 1857 1270 unum
1877 1222 1978 1268 fieri
2002 1234 2084 1279 po-

204 1301 305 1343 test.
323 1298 410 1342 Sed
424 1310 547 1342 unus
561 1295 724 1341 Christi
747 1295 975 1341 adventus
989 1294 1202 1338 sufficere
1219 1296 1398 1349 poterat
1416 1291 1475 1334 ad
1491 1289 1689 1334 salutem
1712 1287 1929 1330 humanae
1945 1288 2084 1329 natu-

202 1372 280 1415 rae,
296 1359 375 1416 qui
397 1359 485 1403 erit
506 1359 553 1403 in
580 1359 673 1403 fine
703 1357 882 1403 mundi.
913 1360 1031 1413 Ergo
1053 1369 1147 1400 non
1170 1354 1373 1411 oportuit
1397 1352 1522 1410 quod
1545 1354 1683 1395 antea
1703 1348 1885 1394 veniret
1905 1359 1988 1405 per
2008 1346 2084 1391 in-

201 1421 535 1477 carnationem3
565 1425 611 1465 et
633 1421 696 1464 ita
716 1419 972 1464 incarnatio
991 1418 1161 1464 differri
1182 1416 1341 1462 debuit
1354 1426 1504 1472 usque
1521 1413 1568 1458 in
1588 1412 1729 1457 finem
1748 1409 1931 1455 mundi.

255 1484 343 1529 Sed
366 1487 525 1527 contra
547 1488 619 1528 est
636 1483 760 1540 quod
783 1483 949 1528 dicitur
971 1482 1153 1537 (Habac.
1176 1495 1238 1534 111,
1265 1482 1333 1535 2):
1358 1484 1411 1522 In
1425 1477 1570 1522 medio
1593 1487 1815 1520 annorum
1836 1476 1990 1517 notum
2006 1474 2084 1527 sa-

202 1548 286 1588 nies
309 1547 386 1599 (2).
403 1547 500 1589 Non
527 1557 638 1601 ergo
657 1541 817 1589 debuit
839 1543 1173 1588 Incarnationis
1195 1540 1489 1599 mysterium,
1508 1550 1590 1596 per
1613 1536 1739 1594 quod
1753 1535 1931 1580 mundo
1945 1534 2085 1578 inno·
2152 1584 2154 1587 .

202 1607 305 1663 tuit,
329 1619 479 1663 usque
500 1606 548 1651 in
570 1607 711 1651 finem
733 1605 898 1650 mundi
920 1605 1107 1650 differri.

246 1673 536 1713 CONCLUSIO.
553 1695 602 1702 -—
618 1673 677 1712 No
694 1673 764 1712 Dei
779 1672 957 1723 cognitio
972 1671 1134 1724 prorsus
1151 1671 1194 1710 in
1220 1670 1387 1711 homine
1403 1669 1721 1718 extingueretur,
1741 1665 1811 1706 sed
1828 1665 1963 1715 magis
1975 1663 2082 1705 divi-

201 1738 263 1767 nae
282 1727 447 1767 virtutis
468 1727 724 1778 magnitudo,
744 1728 788 1767 in
805 1739 850 1768 eo
863 1727 972 1780 quod
990 1739 1073 1766 non
1093 1727 1228 1766 solum
1247 1738 1316 1777 per
1339 1725 1463 1765 fidem
1482 1723 1626 1772 futuri,
1645 1721 1715 1762 sed
1729 1722 1854 1762 etiam
1871 1731 1942 1772 per
1961 1719 2085 1759 tidem

198 1783 410 1833 praesentis
430 1785 469 1823 et
490 1782 697 1834 praeteriti,
718 1782 905 1822 homines
928 1781 1114 1830 salvaret,
1134 1780 1426 1829 ostenderetur,
1447 1778 1598 1820 Christi
1615 1777 1941 1819 mcarnationem
1957 1785 2085 1827 usquo

198 1836 250 1876 011
267 1837 395 1877 finem
415 1837 566 1877 mundi
587 1836 755 1886 differri,
773 1837 948 1876 minime
965 1836 1113 1877 decuit.

250 1899 520 1955 Respondeo
541 1899 789 1958 dicendum
820 1899 945 1956 quod
966 1899 1086 1943 51001
1107 1911 1202 1943 11011
1223 1898 1310 1942 fuit
1331 1896 1614 1942 conveniens
1634 1898 1778 1939 Deum
1802 1892 2032 1938 incarnari
2054 1893 2086 1938 a

198 1960 420 2016 principio
435 1961 614 2017 mundi,
628 1960 692 2004 ita
707 1974 801 2005 non
820 1961 908 2006 fuit
924 1961 1210 2006 conveniens
1229 1959 1354 2017 quod
1367 1958 1626 2003 incarnatio
1648 1957 1911 2002 differretur
1932 1968 2081 2012 usque

196 2021 243 2065 in
258 2018 400 2066 finem
415 2022 594 2068 mundi.
623 2022 753 2075 Quod
769 2023 957 2080 quidem
975 2027 1165 2080 apparet
1181 2021 1330 2080 primo
1343 2034 1403 2067 ex
1423 2020 1599 2065 unione
1616 2019 1785 2064 divinae
1803 2023 1847 2063 et
1866 2019 2081 2063 humanae

197 2088 389 2128 naturae.
416 2084 539 2128 Sicut
558 2084 681 2128 enim
704 2084 879 2130 (11010111
902 2090 973 2129 051
989 2086 1093 2139 (art.
1107 2097 1246 2141 praec.
1266 2083 1323 2128 ad
1344 2086 1401 2140 3),
1418 2083 1671 2140 perfectum
1690 2092 1785 2124 uno
1804 2080 1943 2124 modo
1963 2085 2081 2124 tem·

197 2157 307 2200 pore
326 2145 904 2203 praeceditimperfectum3
923 2146 1013 2190 alio
1047 2146 1186 2191 modo
1215 2146 1242 2190 0
1270 2157 1501 2190 converso
1525 2144 1843 2200 imperfectum
1873 2146 2079 2199 tempore

196 2206 414 2261 praecedit
433 2207 702 2263 perfectum.
729 2210 778 2252 In
799 2220 854 2252 eo
876 2207 999 2252 enim
1023 2207 1148 2264 quod
1175 2207 1233 2252 de
1257 2206 1525 2263 imperfecto
1540 2202 1593 2249 fit
1611 2204 1884 2261 perfectum,
1902 2203 2079 2261 imper-

197 2268 368 2312 fectum
389 2272 593 2325 tempore
607 2269 826 2326 praecedit
839 2270 1117 2326 perfectum3
1134 2270 1183 2313 in
1202 2281 1257 2313 eo
1271 2269 1381 2313 vero
1395 2268 1520 2325 quod
1537 2271 1608 2313 est
1623 2279 1765 2312 001150
1780 2265 2078 2323 perfectionis

198 2328 418 2386 efficiens,
442 2331 698 2386 perfectum
717 2335 924 2388 tempore
946 2331 1165 2388 praeeedit
1181 2330 1519 2388 imperfectum.
1535 2332 1585 2374 In
1603 2341 1741 2386 opere
1757 2334 1912 2373 autem
1930 2328 2079 2374 incar-

197 2391 394 2435 nationis
415 2396 666 2449 utrumque
684 2393 933 2447 concurrit,
950 2393 1060 2450 quia
1081 2397 1248 2438 natura
1266 2394 1470 2437 humana
1490 2392 1540 2436 in
1556 2392 1658 2449 ipsa
1675 2391 1992 2436 incarnatione
2005 2397 2078 2436 est

198 2453 418 2518 perducta
438 2453 498 2498 ad
519 2465 750 2499 summam
771 2454 1128 2511 perfectionem3
1154 2459 1200 2500 et
1222 2454 1325 2500 ideo
1358 2467 1452 2499 non
1477 2454 1631 2499 decuit
1652 2453 1778 2511 quod
1799 2453 1827 2498 a
1849 2453 2076 2511 principio

197 2513 386 2558 humani
415 2515 597 2571 generis
618 2515 877 2560 incarnatio
898 2515 1018 2560 facta
1044 2516 1224 2561 fuisset.
1257 2517 1345 2562 Sed
1372 2516 1527 2574 ipsum
1556 2515 1754 2561 Verbum
1783 2515 2075 2560 incarnatum

197 2579 268 2620 est
284 2575 575 2632 perfectionis
595 2576 814 2621 humanae
835 2581 1013 2621 naturae
1035 2590 1176 2623 00050
1194 2578 1426 2636 efficiens,
1453 2578 1711 2624 secundum
1732 2578 1846 2623 illud
1871 2578 2016 2635 (Joan.
2039 2590 2072 2634 1,

197 2638 265 2691 16)
282 2649 296 2681 ε
321 2641 387 2680 De
402 2637 681 2693 plenitudine
695 2640 791 2695 ejus
807 2652 887 2682 nos
908 2652 1057 2683 omnes
1076 2643 1329 2696 accepimus
1339 2655 1358 2697 ,-
1376 2645 1423 2686 et
1444 2640 1548 2686 ideo
1567 2653 1661 2684 non
1684 2639 1844 2685 debuit
1858 2641 2075 2689 incarna-

197 2697 334 2742 tionis
351 2710 471 2755 opus
489 2699 706 2756 usquein
730 2700 871 2745 finem
891 2700 1051 2746 mundi
1082 2701 1279 2758 differri,
1305 2702 1387 2747 sed
1408 2702 1626 2759 perfectio
1646 2702 1805 2758 gloriae
1818 2736 1830 2756 ,
1856 2704 1916 2749 011
1932 2717 2075 2763 quam

196 2759 490 2815 perducenda
520 2766 590 2805 est
613 2761 775 2806 ultimo
800 2766 965 2806 natura
986 2763 1190 2807 humana
1216 2775 1300 2821 per
1332 2764 1532 2809 Verbum
1562 2763 1853 2809 incarnatum
1870 2798 1883 2822 ,
1916 2767 2004 2812 erit
2023 2768 2073 2814 in

195 2820 287 2865 fine
306 2820 485 2865 mundi.
509 2823 736 2879 Secundo,
762 2835 819 2868 ex
838 2823 1004 2869 effectu
1025 2824 1242 2870 humanae
1263 2824 1459 2871 salutis:
1485 2830 1538 2871 ut
1560 2826 1684 2871 enim
1705 2825 1874 2871 dicitur
1892 2828 1986 2881 (lib.
2012 2833 2077 2877 Do

124 2886 126 2888 ’
196 2883 366 2934 Quaest.
385 2887 477 2927 vet.
505 2887 550 2927 et
573 2884 681 2928 novi
705 2888 900 2931 Testam.
934 2891 1100 2943 quaest.
1119 2889 1211 2946 83),
1237 2905 1256 2926 «
1278 2886 1327 2931 in
1347 2892 1573 2944 potestate
1596 2888 1752 2933 dantis
1770 2893 1863 2948 est,
1885 2892 2073 2947 quando

193 2942 269 2987 vel
289 2946 516 3000 quantum
538 2946 646 2991 velit
664 2947 887 2993 misereri.
907 2948 1038 2993 Venit
1057 2961 1183 3006 ergo,
1205 2950 1392 3006 quando
1413 2955 1457 2995 et
1474 2949 1714 2995 subveniri
1736 2951 1903 2996 debere
1921 2953 2068 3012 scivit,

195 3007 241 3048 et
263 3010 444 3075 gratum
467 3007 677 3053 futurum
701 3008 991 3055 beneficium.
1014 3010 1126 3056 Cum
1151 3011 1275 3057 enim
1302 3012 1526 3069 languore
1550 3012 1750 3070 quodam
1774 3013 1965 3061 humani
1988 3028 2069 3074 ge«

195 3077 333 3121 nerls,
353 3067 642 3138 obsolescere
665 3071 882 3127 coepisset
905 3073 1107 3129 cognitio
1126 3074 1203 3119 Dei
1222 3074 1343 3119 inter
1370 3075 1597 3134 homines,
1623 3080 1670 3121 et
1684 3088 1838 3120 mores
1854 3077 2066 3124 immuta<

194 3131 372 3200 rentur,
394 3128 562 3184 eligere
580 3131 800 3187 dignatus
821 3138 892 3178 est
913 3134 1138 3179 Abraham
1153 3169 1167 3191 ,
1187 3135 1236 3179 in
1257 3149 1350 3193 quo
1371 3137 1519 3182 forma
1541 3141 1665 3183 esset
1688 3143 1922 3183 renovatae
1949 3140 2068 3186 noti-

195 3197 268 3233 000
290 3192 363 3234 De]
388 3195 433 3234 et
456 3203 638 3265 morum
668 3209 681 3239 :
715 3199 762 3239 et
788 3195 895 3240 cum
927 3197 1078 3242 adhuc
1109 3199 1367 3244 reverentia
1396 3200 1584 3257 segnior
1614 3203 1763 3254 esset,
1796 3205 1955 3257 postea
1988 3215 2071 3260 per

195 3253 390 3309 Moysem
408 3253 558 3310 legem
575 3255 740 3302 litteris
757 3257 906 3313 dedit3
927 3263 973 3304 et
988 3260 1098 3316 quia
1118 3272 1222 3306 eam
1243 3267 1405 3318 gentes
1422 3266 1713 3319 spreverunt,
1737 3275 1832 3307 non
1852 3275 1904 3309 se
1922 3264 2071 3323 subji-

231 3356 275 3399 (⁴)
290 3357 330 3392 In
348 3356 419 3413 ‘hoc
437 3357 578 3412 articulo
601 3361 636 3395 S.
664 3361 796 3416 ‘Doctor
814 3363 1008 3398 confutatur
1033 3365 1088 3399 111-
1214 3366 1258 3409 (2)
1275 3367 1325 3400 Ad
1343 3366 1538 3408 mysterium
1554 3366 1677 3408 quippe
1688 3366 1932 3404 incarnationis
1946 3369 1981 3404 id
1997 3382 2071 3411 per·

192 3404 278 3459 doeos
301 3417 358 3463 qui
387 3406 549 3449 Messinm,
580 3419 674 3450 quast
704 3410 853 3446 nondum
881 3411 1085 3457 advenisset,
1172 3414 1281 3448 tinere
1302 3420 1394 3456 patet
1417 3427 1455 3448 ex
1480 3414 1634 3449 Ecclesioe
1649 3427 1711 3449 usu
1733 3428 1806 3456 ‹111ae
1829 3417 1898 3453 haeo
1913 3417 2013 3454 verba
2033 3419 2069 3455 in

191 3457 350 3488 continuo
363 3458 548 3495 expectant.
1172 3461 1284 3497 officio
1300 3463 1484 3500 nativitatis
1504 3463 1629 3498 Christi
1643 3469 1793 3507 usurpat.
