2170 3808
724 278 922 330 QUAEST.
953 278 1040 331 XV,
1069 277 1187 318 ART.
1216 277 1282 318 lv.
1864 276 1943 316 137

74 366 198 421 Ergo
217 362 396 407 videtur
417 359 539 416 quod
561 370 654 403 non
677 358 850 402 fuerint
871 358 919 402 in
945 369 999 402 eo
1018 357 1184 400 ammae
1208 356 1471 412 passiones3
1496 356 1622 399 etita
1643 353 1796 398 anima
1816 353 1945 397 Chri-

73 426 134 470 sti
154 438 246 470 non
266 423 352 468 suit
371 421 618 480 passibilis.

126 486 214 532 Sed
225 488 383 529 contra
397 487 467 527 est
482 480 748 539 quod(Psal.
765 480 1000 535 Lxxxv11,4)
1022 478 1188 523 dicitur
1204 490 1261 522 ex
1276 490 1474 534 persona
1482 476 1644 521 Christi
1657 491 1668 521 ε
1683 476 1865 533 Repleta
1881 480 1945 519 est

72 547 204 590 malis
221 549 372 589 anima
388 557 501 599 mea,
521 555 614 587 non
627 541 813 599 quidem
827 540 1040 598 peccatis,
1051 539 1132 584 sed
1141 539 1357 583 humanis
1369 538 1520 596 malis,
1532 538 1577 582 id
1590 542 1676 593 est,
1689 537 1941 594 doloribus,

72 614 124 654 ut
145 608 302 653 Glossa
332 604 499 660 (interl.
525 607 661 661 Aug.)
681 602 744 647 ibi
763 601 966 659 exponit.
990 602 1061 645 Sic
1087 613 1199 657 ergo
1225 600 1380 644 anima
1405 599 1572 644 Christi
1589 599 1674 643 fuit
1693 598 1942 655 passibilis.

119 675 402 717 CONCLUSIO.
421 696 470 703 —
486 673 638 713 Anima
662 670 813 711 Christi
844 669 1047 722 passibilis
1075 668 1155 708 suit
1179 668 1375 718 corporali
1398 667 1611 718 passione:
1632 666 1830 706 animales
1850 666 1944 706 vero

71 730 274 782 passiones
291 727 432 768 habuit
455 727 637 778 quidem,
657 726 727 766 sed
752 737 834 765 non
861 729 907 763 ut
937 723 1069 765 caeteri
1091 723 1303 763 homines:
1324 733 1422 761 nam
1445 732 1575 772 neque
1602 722 1654 759 ad
1682 721 1827 760 illicita
1844 720 1943 760 fere·

72 785 235 832 bantur,
258 795 384 835 neque
405 783 576 822 rationis
591 781 799 833 judicium
821 779 1138 831 praeveniebant,
1155 779 1223 818 sed
1245 777 1470 817 secundnm
1486 775 1590 815 illud
1606 774 1854 823 oriebantur,
1874 786 1944 814 ne-

73 850 151 891 que
172 838 366 879 rationem
381 837 467 877 ullo
489 837 610 876 modo
632 835 924 887 impediebant.

128 901 394 958 Respondeo
419 898 668 944 dicendum
689 896 814 954 quod
836 896 1038 940 animam
1070 894 1119 940 in
1152 906 1342 951 corpore
1376 893 1674 938 constitutam
1703 892 1946 949 dupliciter

78 962 302 1019 contingit
320 961 413 1019 pati
431 976 443 1006 :
463 972 558 1005 uno
577 959 715 1004 modo
736 958 950 1015 passione
968 957 1219 1013 corporali3
1245 955 1334 999 alio
1352 955 1489 999 modo
1508 955 1721 1011 passione
1739 953 1941 1001 animali.

78 1024 294 1069 Passione
331 1022 518 1080 quidem
557 1020 780 1077 corporali
813 1019 984 1077 patitur
1014 1031 1096 1075 per
1131 1016 1337 1074 corporis
1377 1017 1611 1062 laesionem
1631 1031 1643 1062 z
1667 1020 1775 1062 cum
1819 1017 1942 1060 enim

79 1084 236 1130 anima
265 1085 325 1130 sit
358 1085 506 1129 forma
535 1082 756 1140 corporis,
782 1093 1073 1137 consequens
1090 1084 1160 1124 est
1178 1080 1301 1135 quod
1330 1091 1479 1139 unum
1508 1078 1566 1124 sit
1590 1091 1693 1124 esse
1711 1078 1877 1123 animae
1898 1084 1946 1122 et

75 1145 301 1202 corporis3
324 1150 371 1190 et
392 1145 494 1191 ideo
522 1155 710 1200 corpore
739 1141 1006 1200 perturbato
1034 1154 1116 1198 per
1144 1140 1348 1197 aliquam
1377 1152 1642 1196 corpoream
1663 1140 1944 1198 passionem,

75 1220 265 1254 necesse
275 1213 345 1254 est
357 1207 481 1265 quod
492 1207 644 1251 anima
658 1218 740 1262 per
754 1204 968 1249 accidens
984 1203 1300 1260 perturbetur;
1318 1203 1493 1247 scilicet
1507 1203 1734 1260 quantum
1750 1202 1810 1247 ad
1823 1213 1942 1256 esse,

74 1269 198 1326 quod
219 1268 357 1313 habet
375 1269 421 1312 in
442 1280 646 1325 corpore.
668 1266 782 1320 Quia
806 1266 944 1321 igitur
966 1278 1135 1322 corpus
1155 1264 1318 1309 Christi
1338 1265 1424 1308 fuit
1443 1264 1660 1321 passibile
1675 1269 1721 1309 et
1735 1263 1943 1320 mortale,

72 1334 284 1388 utsupra
304 1330 510 1374 habitum
532 1337 604 1374 est
625 1330 806 1385 (quaest.
826 1341 913 1380 xiv,
938 1331 1023 1371 art.
1049 1328 1108 1382 2),
1127 1339 1318 1371 necesse
1338 1326 1425 1370 fuit
1445 1331 1496 1371 ut
1511 1326 1648 1371 etiam
1671 1325 1773 1382 eJus
1791 1324 1947 1368 anima

74 1391 162 1435 hoc
180 1391 316 1436 modo
336 1390 566 1448 passibilis
587 1393 725 1435 esset.
747 1388 962 1434 Passione
981 1392 1136 1433 autem
1159 1388 1345 1432 animali
1374 1387 1467 1445 pati
1497 1387 1664 1432 dicitur
1689 1387 1845 1430 anima
1873 1398 1947 1430 se-

74 1451 278 1496 cundum
307 1452 641 1508 operationem;
672 1462 775 1508 quae
802 1450 874 1494 vel
910 1453 981 1494 est
1014 1449 1197 1506 propria
1230 1449 1414 1505 animae,
1446 1449 1516 1493 vel
1549 1447 1849 1505 prinpralius
1875 1451 1947 1491 est

75 1514 240 1559 animae
262 1514 400 1571 quarn
415 1515 642 1571 corporis3
667 1518 712 1558 et
737 1513 950 1571 quamvis
973 1512 1111 1557 etiam
1139 1512 1397 1556 secundum
1422 1511 1677 1568 intelligere
1700 1516 1746 1556 et
1775 1509 1947 1554 sentire

75 1575 253 1621 dicatur
268 1577 355 1621 hoc
372 1576 510 1622 modo
525 1576 679 1620 anima
698 1575 871 1631 aliquid
891 1574 1001 1631 pati,
1022 1579 1194 1630 tamen,
1211 1574 1332 1618 sicut
1346 1575 1392 1618 in
1414 1574 1618 1618 secunda
1632 1579 1758 1630 parte
1772 1572 1947 1617 dictum

75 1641 146 1682 est
161 1639 199 1692 (1
223 1641 266 1693 2,
285 1643 448 1695 quaest.
471 1641 587 1695 xxii),
618 1636 931 1695 propriissime
954 1636 1171 1681 dicuntur
1189 1637 1428 1693 passiones
1462 1636 1652 1693 animae,
1684 1635 1947 1678 affectiones

76 1699 306 1755 appetitus
324 1700 555 1757 sensitivi,
579 1712 682 1757 quae
705 1700 752 1744 in
772 1699 948 1745 Christo
970 1699 1173 1755 fuerunt,
1200 1699 1321 1743 sicut
1350 1703 1395 1743 et
1422 1703 1587 1743 caetera
1609 1710 1713 1755 quae
1734 1696 1791 1741 ad
1813 1701 1947 1741 natu-

77 1772 177 1805 ram
192 1760 392 1806 hominis
410 1762 654 1819 pertinent.
669 1761 795 1807 Unde
811 1760 1094 1816 Augustinus
1115 1761 1223 1805 dicit
1240 1763 1316 1815 (De
1331 1760 1457 1804 civit.
1470 1760 1564 1814 Dei,
1580 1759 1662 1804 lib.
1682 1773 1770 1815 xiv,
1788 1771 1889 1815 cap.
1901 1761 1945 1811 9,

78 1833 243 1877 parum
267 1828 373 1867 ante
399 1823 569 1878 med.):
598 1841 618 1860 α
635 1825 735 1879 lpse
757 1823 978 1867 Dominus
1008 1821 1055 1865 in
1082 1822 1228 1866 forma
1254 1821 1375 1866 servi
1406 1822 1549 1866 vitam
1572 1833 1709 1877 agere
1730 1820 1948 1877 dignatus

80 1883 350 1942 humanam,
373 1884 582 1929 adhibuit
616 1896 718 1940 eas,
750 1883 831 1928 ubi
853 1883 1138 1929 adhibendas
1159 1897 1262 1928 esse
1279 1883 1530 1940 Judicavit3
1561 1895 1713 1940 neque
1743 1882 1868 1926 enim
1898 1881 1948 1925 in

80 1956 174 2002 quo
193 1957 353 1990 verum
373 1950 470 1990 erat
488 1944 687 1990 hominis
708 1957 892 2001 corpus,
915 1949 961 1989 et
978 1956 1117 1990 verus
1136 1945 1337 1988 hominis
1357 1945 1557 2000 animUS,
1577 1944 1721 1989 falsus
1742 1948 1841 1988 erat
1861 1942 1947 1986 hu-

77 2016 246 2051 manus
265 2006 515 2051 affectus.»
538 2006 784 2051 Sciendum
811 2010 966 2051 tamen
997 2010 1068 2050 est
1098 2006 1223 2062 quod
1253 2005 1518 2061 huJ’usmodi
1550 2005 1790 2061 passiones
1817 2003 1950 2048 aliter

76 2067 329 2112 fueruntin
352 2068 527 2112 Christo
550 2067 691 2124 quam
719 2068 767 2111 in
791 2068 941 2126 nobiS,
966 2071 1191 2124 quantum
1212 2068 1270 2112 ad
1295 2067 1393 2111 tria.
1415 2067 1563 2111 Primo
1585 2067 1772 2124 quidem
1800 2078 1949 2123 quan-

77 2131 174 2173 tum
191 2128 249 2173 ad
265 2128 497 2186 obJectum
519 2144 531 2174 ε
557 2129 667 2185 quia
685 2129 732 2173 in
752 2129 886 2174 nobis
907 2130 1181 2186 plerumque
1202 2129 1466 2186 huJusmodi
1482 2129 1722 2186 passiones
1737 2129 1949 2172 feruntur

77 2189 136 2234 ad
163 2189 333 2248 illicita,
354 2191 480 2247 quod
507 2190 556 2234 in
580 2190 756 2235 Christo
785 2202 878 2234 non
908 2190 1009 2234 fuit.
1047 2190 1273 2246 Secundo,
1300 2191 1527 2246 quantum
1554 2190 1612 2234 ad
1641 2189 1944 2246 prinprium:

78 2251 186 2306 quia
202 2251 463 2308 hujusmodi
482 2251 723 2309 passiones
745 2251 1008 2308 frequenter
1030 2250 1077 2294 in
1102 2251 1236 2295 nohis
1257 2251 1547 2307 praeveniunt
1560 2251 1786 2308 judicium
1808 2250 1947 2294 ratio—

79 2312 174 2369 nis3
198 2314 282 2359 sed
305 2314 352 2358 in
371 2313 547 2358 Christo
567 2325 732 2358 omnes
750 2318 905 2357 motus
927 2312 1134 2357 sensitivi
1157 2313 1388 2370 appetitus
1405 2313 1672 2358 oriebantur
1688 2312 1947 2357 secundnm

78 2372 422 2431 dispositionem
450 2375 657 2420 rationis.
690 2374 818 2420 Unde
851 2375 1139 2431 Augustinus
1170 2374 1280 2419 dicit
1308 2376 1387 2429 (De
1414 2375 1504 2419 civ.
1535 2375 1627 2431 Dei,
1647 2374 1727 2419 lib.
1749 2388 1836 2434 xiv,
1856 2375 1946 2420 loc.

79 2434 191 2494 cit.),
213 2436 338 2494 quod
362 2454 382 2475 «
401 2437 485 2482 hos
506 2441 660 2481 motus
674 2435 941 2482 certissimae
955 2439 1012 2491 (1)
1030 2435 1387 2493 dispensationis
1405 2437 1552 2493 gratia
1570 2436 1651 2492 ita,
1663 2437 1770 2481 cum
1783 2437 1944 2491 voluit,

78 2497 280 2543 Christus
300 2499 502 2555 suscepit
523 2498 678 2543 animo
696 2499 916 2553 humano,
934 2498 1055 2543 sicut
1067 2499 1176 2543 cum
1196 2498 1357 2555 voluit,
1380 2498 1531 2543 factus
1545 2504 1615 2544 est
1630 2500 1782 2543 homo.
1806 2516 1827 2539 1>
1844 2502 1947 2543 Ter-

79 2557 158 2612 tio,
176 2560 403 2616 quantum
421 2559 476 2604 ad
500 2560 713 2605 effectum
736 2561 823 2617 (2):
847 2560 955 2617 quia
975 2559 1021 2604 in
1047 2559 1182 2604 nobis
1203 2559 1482 2616 quandoque
1507 2560 1772 2617 hujusmodi
1791 2565 1947 2606 motus

79 2631 170 2664 non
195 2621 365 2666 sistunt
386 2621 433 2666 in
455 2621 658 2679 appetitu
683 2622 921 2676 sensitivo,
944 2622 1026 2667 sed
1049 2622 1238 2667 trahunt
1256 2622 1498 2679 rationem,
1529 2623 1654 2680 quod
1689 2623 1737 2667 in
1770 2624 1946 2669 Christo

79 2693 171 2726 non
191 2681 301 2739 fuit3
322 2682 430 2740 quia
449 2688 601 2728 motus
619 2684 888 2729 naturaliter
909 2684 1126 2729 humanae
1151 2683 1277 2728 carni
1304 2684 1635 2729 convenientes
1660 2684 1727 2729 sic
1755 2697 1814 2730 ex
1843 2686 1946 2743 eJ'ns

80 2742 375 2800 dispositione
392 2744 440 2789 in
462 2745 666 2802 appetitu
690 2746 912 2791 sensitivo
930 2746 1196 2802 manebant,
1218 2745 1340 2802 quod
1360 2746 1476 2790 ratio
1494 2758 1551 2790 ex
1568 2746 1638 2791 his
1662 2746 1790 2791 nullo
1807 2748 1946 2793 modo
1998 2748 2018 2767 ²

81 2803 411 2860 impediebatur
447 2807 596 2852 facere
629 2820 733 2865 quae
767 2809 1121 2854 conveniebant.
1159 2808 1287 2853 Unde
1316 2808 1622 2865 Hieronymus
1652 2807 1761 2852 dicit
1786 2810 1947 2866 (Super
1988 2807 2001 2839 Ἰ

80 2866 231 2935 Matth.
263 2879 367 2924 sup.
394 2867 509 2913 illud
535 2882 637 2927 cap.
658 2873 742 2915 26:
769 2873 918 2928 Coepit
950 2873 1255 2928 contristari),
1276 2870 1401 2927 qued
1424 2887 1443 2907 ιι
1460 2870 1679 2915 Dominus
1701 2875 1873 2928 noster,
1893 2876 1947 2916 ut

80 2931 316 2971 veritatem
336 2929 558 2985 assumpti
587 2931 801 2986 probaret
826 2932 1044 2988 hominis,
1065 2933 1173 2976 vere
1202 2931 1389 2987 quidem
1412 2931 1710 2976 contristatus
1735 2936 1838 2977 est:
1862 2932 1946 2978 sed
2014 2982 2019 2988 k

80 2998 139 3031 ne
156 2987 310 3043 passio
321 2987 541 3052 inanimo
559 2989 682 3035 illius
697 2992 1026 3048 dominaretur,
1042 3005 1124 3050 per
1142 2992 1489 3049 propassionem
1508 2992 1595 3036 dici
1603 2996 1674 3036 tur
1699 2993 1823 3050 quod
1846 3006 1947 3038 coe-

79 3047 152 3118 pit·
183 3049 441 3094 contristari
464 3055 510 3094 et
527 3057 722 3097 moestus
749 3065 882 3099 esse:
901 3073 922 3094 »ι
946 3060 1000 3100 ut
1026 3054 1180 3111 passio
1208 3053 1408 3110 perfecta
1436 3053 1733 3112 intelligatur,
1758 3055 1946 3111 quando

79 3121 259 3166 animo,
283 3109 330 3156 id
348 3116 443 3166 est,
470 3111 635 3156 rationi
663 3113 948 3171 dominatum
968 3115 1207 3173 propassio
1239 3119 1412 3172 autem,
1433 3115 1617 3172 quando
1638 3120 1708 3160 est
1728 3116 1945 3161 inchoata

79 3169 127 3214 in
148 3170 351 3227 appetitu
370 3170 607 3230 sensitivo,
628 3172 708 3217 sed
728 3173 919 3220 ulterius
941 3189 1035 3220 non
1054 3189 1105 3221 se
1127 3175 1347 3221 extendit.
1526 3178 1539 3187 ²

133 3231 200 3275 Ad
213 3235 410 3287 primum
424 3245 534 3289 ergo
554 3233 816 3288 dicendum,
836 3235 961 3292 quod
980 3237 1134 3281 anima
1153 3236 1317 3281 Christi
1333 3241 1511 3294 poterat
1528 3237 1715 3295 quidem
1732 3238 1946 3283 resistere

79 3292 389 3349 passionibus,
412 3298 465 3339 ut
485 3294 529 3339 ei
554 3307 648 3340 non
673 3297 1041 3354 supervenirent,
1057 3299 1311 3355 praesertim
1336 3299 1504 3345 virtute
1525 3299 1710 3344 divina:
1734 3300 1817 3344 sed
1841 3312 1947 3356 pro·

79 3353 181 3458 giga
190 3354 444 3458 bvoluntate
477 3368 528 3401 se
559 3357 853 3414 passionibus
887 3359 1160 3417 subjiciebat
1194 3364 1288 3405 tam
1322 3362 1638 3419 corporalibus
1668 3360 1809 3418 quam
1841 3361 1946 3405 ani-

172 3429 183 3457 1
218 3428 290 3459 ηε.

118 3502 161 3544 (4)
179 3503 228 3538 Ῑῐᾶ
245 3508 360 3540 certoe.
796 3561 798 3563 ι
841 3565 844 3572 ⁴
876 3562 880 3564 b
1092 3512 1133 3555 (2)
1153 3512 1219 3548 Al..
1240 3514 1314 3550 Mss.
1336 3518 1369 3550 et
1387 3513 1469 3549 edit.
1492 3512 1652 3555 potiores.
1675 3510 1742 3553 Al„
1767 3504 1952 3553 affectum.v
