<?xml version="1.0" encoding="UTF-8"?>
<!DOCTYPE html PUBLIC "-//W3C//DTD XHTML 1.0 Transitional//EN"
    "http://www.w3.org/TR/xhtml1/DTD/xhtml1-transitional.dtd">
<html xmlns="http://www.w3.org/1999/xhtml" xml:lang="en" lang="en">
 <head>
  <title>
</title>
<meta http-equiv="Content-Type" content="text/html;charset=utf-8" />
  <meta name='ocr-system' content='tesseract 3.04.00' />
  <meta name='ocr-capabilities' content='ocr_page ocr_carea ocr_par ocr_line ocrx_word'/>
</head>
<body>
  <div class='ocr_page' id='page_1' title='image "./summatheologica06thomuoft_0559.png"; bbox 0 0 2170 3808; ppageno 0'>
   <div class='ocr_carea' id='block_1_1' title="bbox 836 228 2077 284">
    <p class='ocr_par' dir='ltr' id='par_1_1' title="bbox 836 228 2077 284">
     <span class='ocr_line' id='line_1_1' title="bbox 836 228 2077 284; baseline -0.002 -12"><span class='ocrx_word' id='word_1_1' title='bbox 836 230 1035 282; x_wconf 88' lang='lat' dir='ltr'>QUAEST.</span> <span class='ocrx_word' id='word_1_2' title='bbox 1067 229 1193 284; x_wconf 78' lang='lat' dir='ltr'>LXII,</span> <span class='ocrx_word' id='word_1_3' title='bbox 1222 230 1340 272; x_wconf 88' lang='lat' dir='ltr'><strong>ART.</strong></span> <span class='ocrx_word' id='word_1_4' title='bbox 1372 230 1421 272; x_wconf 92' lang='lat' dir='ltr'>V.</span> <span class='ocrx_word' id='word_1_5' title='bbox 1997 228 2077 270; x_wconf 71' lang='lat'>593</span> 
     </span>
    </p>
   </div>
   <div class='ocr_carea' id='block_1_2' title="bbox 186 309 2082 1662">
    <p class='ocr_par' dir='ltr' id='par_1_2' title="bbox 186 309 2081 726">
     <span class='ocr_line' id='line_1_2' title="bbox 186 309 2079 381; baseline -0.004 -25"><span class='ocrx_word' id='word_1_6' title='bbox 186 311 389 356; x_wconf 83' lang='lat' dir='ltr'><strong>habeant</strong></span> <span class='ocrx_word' id='word_1_7' title='bbox 422 311 638 354; x_wconf 82' lang='lat' dir='ltr'>virtutem</span> <span class='ocrx_word' id='word_1_8' title='bbox 675 322 734 354; x_wconf 83' lang='lat' dir='ltr'>ex</span> <span class='ocrx_word' id='word_1_9' title='bbox 770 311 987 381; x_wconf 84' lang='lat' dir='ltr'>passione</span> <span class='ocrx_word' id='word_1_10' title='bbox 1010 309 1192 355; x_wconf 78' lang='lat' dir='ltr'><strong>Christi.</strong></span> <span class='ocrx_word' id='word_1_11' title='bbox 1214 310 1367 355; x_wconf 88' lang='lat' dir='ltr'>Virtus</span> <span class='ocrx_word' id='word_1_12' title='bbox 1400 310 1526 354; x_wconf 87' lang='lat' dir='ltr'>enim</span> <span class='ocrx_word' id='word_1_13' title='bbox 1572 311 1972 353; x_wconf 87' lang='lat' dir='ltr'>sacramentorum</span> <span class='ocrx_word' id='word_1_14' title='bbox 2008 311 2079 350; x_wconf 90' lang='lat' dir='ltr'>est</span> 
     </span>
     <span class='ocr_line' id='line_1_3' title="bbox 188 368 2078 429; baseline -0.003 -12"><span class='ocrx_word' id='word_1_15' title='bbox 188 373 246 417; x_wconf 89' lang='lat' dir='ltr'>ad</span> <span class='ocrx_word' id='word_1_16' title='bbox 268 371 463 429; x_wconf 81' lang='lat' dir='ltr'>gratiam</span> <span class='ocrx_word' id='word_1_17' title='bbox 485 372 804 416; x_wconf 87' lang='lat' dir='ltr'>causandam&#39;</span> <span class='ocrx_word' id='word_1_18' title='bbox 792 385 839 415; x_wconf 92' lang='lat' dir='ltr'>1n</span> <span class='ocrx_word' id='word_1_19' title='bbox 874 372 1046 426; x_wconf 68' lang='lat' dir='ltr'>anima,</span> <span class='ocrx_word' id='word_1_20' title='bbox 1065 384 1150 428; x_wconf 91' lang='lat' dir='ltr'>per</span> <span class='ocrx_word' id='word_1_21' title='bbox 1173 384 1315 428; x_wconf 87' lang='lat' dir='ltr'>quam</span> <span class='ocrx_word' id='word_1_22' title='bbox 1348 371 1646 427; x_wconf 78' lang='lat' dir='ltr'>spiritualiter</span> <span class='ocrx_word' id='word_1_23' title='bbox 1673 370 1802 414; x_wconf 85' lang='lat' dir='ltr'>vivit.</span> <span class='ocrx_word' id='word_1_24' title='bbox 1830 368 1935 426; x_wconf 78' lang='lat' dir='ltr'>Sed,</span> <span class='ocrx_word' id='word_1_25' title='bbox 1957 369 2078 411; x_wconf 90' lang='lat' dir='ltr'>sicut</span> 
     </span>
     <span class='ocr_line' id='line_1_4' title="bbox 187 428 2078 491; baseline -0.003 -13"><span class='ocrx_word' id='word_1_26' title='bbox 187 433 476 491; x_wconf 83' lang='lat' dir='ltr'>Augustinus</span> <span class='ocrx_word' id='word_1_27' title='bbox 499 433 609 478; x_wconf 89' lang='lat' dir='ltr'>dicit</span> <span class='ocrx_word' id='word_1_28' title='bbox 631 435 791 489; x_wconf 90' lang='lat' dir='ltr'>(Super</span> <span class='ocrx_word' id='word_1_29' title='bbox 813 436 942 477; x_wconf 87' lang='lat' dir='ltr'>Joan.</span> <span class='ocrx_word' id='word_1_30' title='bbox 971 437 1104 477; x_wconf 89' lang='lat' dir='ltr'>tract.</span> <span class='ocrx_word' id='word_1_31' title='bbox 1138 435 1210 491; x_wconf 87' lang='grc'>19,</span> <span class='ocrx_word' id='word_1_32' title='bbox 1235 432 1263 476; x_wconf 81' lang='grc'><strong>3</strong></span> <span class='ocrx_word' id='word_1_33' title='bbox 1282 433 1404 477; x_wconf 91' lang='lat' dir='ltr'>med.</span> <span class='ocrx_word' id='word_1_34' title='bbox 1410 436 1442 489; x_wconf 84' lang='grc'>),</span> <span class='ocrx_word' id='word_1_35' title='bbox 1470 451 1489 470; x_wconf 90' lang='lat'>«</span> <span class='ocrx_word' id='word_1_36' title='bbox 1513 433 1712 477; x_wconf 89' lang='lat' dir='ltr'>Verbum</span> <span class='ocrx_word' id='word_1_37' title='bbox 1736 435 1873 488; x_wconf 85' lang='lat' dir='ltr'>prout</span> <span class='ocrx_word' id='word_1_38' title='bbox 1894 435 1993 474; x_wconf 88' lang='lat' dir='ltr'>erat</span> <span class='ocrx_word' id='word_1_39' title='bbox 2029 428 2078 473; x_wconf 90' lang='lat' dir='ltr'>in</span> 
     </span>
     <span class='ocr_line' id='line_1_5' title="bbox 188 493 2080 552; baseline -0.003 -13"><span class='ocrx_word' id='word_1_40' title='bbox 188 495 415 552; x_wconf 91' lang='lat' dir='ltr'>principio</span> <span class='ocrx_word' id='word_1_41' title='bbox 438 495 558 552; x_wconf 86' lang='lat' dir='ltr'>apud</span> <span class='ocrx_word' id='word_1_42' title='bbox 583 498 742 552; x_wconf 74' lang='lat' dir='ltr'>Deum,</span> <span class='ocrx_word' id='word_1_43' title='bbox 762 495 964 540; x_wconf 85' lang='lat' dir='ltr'>vivificat</span> <span class='ocrx_word' id='word_1_44' title='bbox 999 494 1205 550; x_wconf 88' lang='lat' dir='ltr'>animas;</span> <span class='ocrx_word' id='word_1_45' title='bbox 1229 495 1489 540; x_wconf 76' lang='lat' dir='ltr'>secundum</span> <span class='ocrx_word' id='word_1_46' title='bbox 1524 499 1679 538; x_wconf 86' lang='lat' dir='ltr'>autem</span> <span class='ocrx_word' id='word_1_47' title='bbox 1704 493 1828 550; x_wconf 82' lang='lat' dir='ltr'>qued</span> <span class='ocrx_word' id='word_1_48' title='bbox 1867 495 1939 537; x_wconf 91' lang='lat' dir='ltr'>est</span> <span class='ocrx_word' id='word_1_49' title='bbox 1972 503 2080 536; x_wconf 90' lang='lat' dir='ltr'>caro</span> 
     </span>
     <span class='ocr_line' id='line_1_6' title="bbox 187 553 2080 613; baseline -0.002 -12"><span class='ocrx_word' id='word_1_50' title='bbox 187 557 380 613; x_wconf 85' lang='lat' dir='ltr'>factum,</span> <span class='ocrx_word' id='word_1_51' title='bbox 402 555 603 600; x_wconf 86' lang='lat' dir='ltr'>vivificat</span> <span class='ocrx_word' id='word_1_52' title='bbox 630 568 840 612; x_wconf 87' lang='lat' dir='ltr'>corpora.</span> <span class='ocrx_word' id='word_1_53' title='bbox 861 575 882 596; x_wconf 85' lang='lat'>»</span> <span class='ocrx_word' id='word_1_54' title='bbox 907 558 1020 601; x_wconf 92' lang='lat' dir='ltr'>Cum</span> <span class='ocrx_word' id='word_1_55' title='bbox 1053 556 1196 612; x_wconf 88' lang='lat' dir='ltr'>igitur</span> <span class='ocrx_word' id='word_1_56' title='bbox 1227 556 1382 612; x_wconf 84' lang='lat' dir='ltr'>passio</span> <span class='ocrx_word' id='word_1_57' title='bbox 1423 556 1587 601; x_wconf 87' lang='lat' dir='ltr'>Christi</span> <span class='ocrx_word' id='word_1_58' title='bbox 1629 557 1858 612; x_wconf 80' lang='lat' dir='ltr'>pertineat</span> <span class='ocrx_word' id='word_1_59' title='bbox 1890 553 1951 599; x_wconf 89' lang='lat' dir='ltr'>ad</span> <span class='ocrx_word' id='word_1_60' title='bbox 1969 555 2080 598; x_wconf 85' lang='lat' dir='ltr'>Ver—</span> 
     </span>
     <span class='ocr_line' id='line_1_7' title="bbox 187 617 2081 677; baseline -0.002 -14"><span class='ocrx_word' id='word_1_61' title='bbox 187 617 318 677; x_wconf 87' lang='lat' dir='ltr'>bum,</span> <span class='ocrx_word' id='word_1_62' title='bbox 339 617 598 663; x_wconf 80' lang='lat' dir='ltr'>secundum</span> <span class='ocrx_word' id='word_1_63' title='bbox 623 617 748 675; x_wconf 83' lang='lat' dir='ltr'>qued</span> <span class='ocrx_word' id='word_1_64' title='bbox 771 623 843 664; x_wconf 92' lang='lat' dir='ltr'>est</span> <span class='ocrx_word' id='word_1_65' title='bbox 880 631 990 663; x_wconf 81' lang='lat' dir='ltr'>caro</span> <span class='ocrx_word' id='word_1_66' title='bbox 1009 618 1201 675; x_wconf 75' lang='lat' dir='ltr'>factum,</span> <span class='ocrx_word' id='word_1_67' title='bbox 1220 618 1404 663; x_wconf 88' lang='lat' dir='ltr'>videtur</span> <span class='ocrx_word' id='word_1_68' title='bbox 1438 618 1561 675; x_wconf 81' lang='lat' dir='ltr'>qued</span> <span class='ocrx_word' id='word_1_69' title='bbox 1593 630 1686 662; x_wconf 91' lang='lat' dir='ltr'>non</span> <span class='ocrx_word' id='word_1_70' title='bbox 1717 617 1864 673; x_wconf 89' lang='lat' dir='ltr'>possit</span> <span class='ocrx_word' id='word_1_71' title='bbox 1885 626 2081 661; x_wconf 84' lang='lat' dir='ltr'>causare</span> 
     </span>
     <span class='ocr_line' id='line_1_8' title="bbox 189 680 845 726; baseline 0.003 -3"><span class='ocrx_word' id='word_1_72' title='bbox 189 680 409 725; x_wconf 86' lang='lat' dir='ltr'>virtutem</span> <span class='ocrx_word' id='word_1_73' title='bbox 431 685 845 726; x_wconf 87' lang='lat' dir='ltr'>sacramentorum.</span> 
     </span>
    </p>

    <p class='ocr_par' dir='ltr' id='par_1_3' title="bbox 189 738 2080 1108">
     <span class='ocr_line' id='line_1_9' title="bbox 244 738 2077 799; baseline -0.002 -13"><span class='ocrx_word' id='word_1_74' title='bbox 244 744 286 786; x_wconf 78' lang='lat'>2.</span> <span class='ocrx_word' id='word_1_75' title='bbox 311 744 556 799; x_wconf 89' lang='lat' dir='ltr'>Praeterea,</span> <span class='ocrx_word' id='word_1_76' title='bbox 588 742 737 787; x_wconf 87' lang='lat' dir='ltr'>virtus</span> <span class='ocrx_word' id='word_1_77' title='bbox 774 746 1174 788; x_wconf 89' lang='lat' dir='ltr'>sacramentorum</span> <span class='ocrx_word' id='word_1_78' title='bbox 1205 741 1390 787; x_wconf 85' lang='lat' dir='ltr'>videtur</span> <span class='ocrx_word' id='word_1_79' title='bbox 1421 754 1479 787; x_wconf 87' lang='lat' dir='ltr'>ex</span> <span class='ocrx_word' id='word_1_80' title='bbox 1512 742 1602 786; x_wconf 93' lang='lat' dir='ltr'>fide</span> <span class='ocrx_word' id='word_1_81' title='bbox 1632 741 1920 798; x_wconf 86' lang='lat' dir='ltr'>dependere,</span> <span class='ocrx_word' id='word_1_82' title='bbox 1952 738 2077 796; x_wconf 76' lang='lat' dir='ltr'>quia,</span> 
     </span>
     <span class='ocr_line' id='line_1_10' title="bbox 189 800 2079 876; baseline -0.002 -28"><span class='ocrx_word' id='word_1_83' title='bbox 189 803 311 848; x_wconf 89' lang='lat' dir='ltr'>sicut</span> <span class='ocrx_word' id='word_1_84' title='bbox 333 803 444 850; x_wconf 91' lang='lat' dir='ltr'>dicit</span> <span class='ocrx_word' id='word_1_85' title='bbox 466 805 756 861; x_wconf 86' lang='lat' dir='ltr'>Augustinus</span> <span class='ocrx_word' id='word_1_86' title='bbox 797 807 958 876; x_wconf 82' lang='lat' dir='ltr'>(Super</span> <span class='ocrx_word' id='word_1_87' title='bbox 989 806 1120 849; x_wconf 87' lang='lat' dir='ltr'>Joan.</span> <span class='ocrx_word' id='word_1_88' title='bbox 1142 809 1276 849; x_wconf 90' lang='lat' dir='ltr'>tract.</span> <span class='ocrx_word' id='word_1_89' title='bbox 1299 808 1371 860; x_wconf 88' lang='grc'>80</span> <span class='ocrx_word' id='word_1_90' title='bbox 1396 804 1422 848; x_wconf 77' lang='lat' dir='ltr'>a</span> <span class='ocrx_word' id='word_1_91' title='bbox 1440 805 1564 849; x_wconf 90' lang='lat' dir='ltr'>med.</span> <span class='ocrx_word' id='word_1_92' title='bbox 1569 807 1599 859; x_wconf 87' lang='lat'>)‚</span> <span class='ocrx_word' id='word_1_93' title='bbox 1627 803 1822 848; x_wconf 88' lang='lat' dir='ltr'>Verbum</span> <span class='ocrx_word' id='word_1_94' title='bbox 1841 801 1919 847; x_wconf 91' lang='lat' dir='ltr'>Dei</span> <span class='ocrx_word' id='word_1_95' title='bbox 1939 800 2079 858; x_wconf 86' lang='lat' dir='ltr'>perfi-</span> 
     </span>
     <span class='ocr_line' id='line_1_11' title="bbox 191 861 2078 924; baseline -0.002 -14"><span class='ocrx_word' id='word_1_96' title='bbox 191 864 254 910; x_wconf 91' lang='lat' dir='ltr'>cit</span> <span class='ocrx_word' id='word_1_97' title='bbox 275 870 634 922; x_wconf 68' lang='lat' dir='ltr'>sacramentum,</span> <span class='ocrx_word' id='word_1_98' title='bbox 662 885 683 905; x_wconf 85' lang='lat'><strong><em>«</em></strong></span> <span class='ocrx_word' id='word_1_99' title='bbox 709 879 802 911; x_wconf 92' lang='lat' dir='ltr'>non</span> <span class='ocrx_word' id='word_1_100' title='bbox 821 866 931 923; x_wconf 89' lang='lat' dir='ltr'>quia</span> <span class='ocrx_word' id='word_1_101' title='bbox 959 866 1143 922; x_wconf 88' lang='lat' dir='ltr'>dicitur,</span> <span class='ocrx_word' id='word_1_102' title='bbox 1164 867 1247 911; x_wconf 90' lang='lat' dir='ltr'>sed</span> <span class='ocrx_word' id='word_1_103' title='bbox 1266 867 1375 924; x_wconf 88' lang='lat' dir='ltr'>quia</span> <span class='ocrx_word' id='word_1_104' title='bbox 1394 879 1443 911; x_wconf 87' lang='grc'>01</span> <span class='ocrx_word' id='word_1_105' title='bbox 1445 867 1611 912; x_wconf 82' lang='lat' dir='ltr'>editur</span> <span class='ocrx_word' id='word_1_106' title='bbox 1636 885 1656 904; x_wconf 88' lang='lat'>»</span> <span class='ocrx_word' id='word_1_107' title='bbox 1683 866 1769 909; x_wconf 91' lang='lat' dir='ltr'>Sed</span> <span class='ocrx_word' id='word_1_108' title='bbox 1786 861 1904 909; x_wconf 89' lang='lat' dir='ltr'>fides</span> <span class='ocrx_word' id='word_1_109' title='bbox 1921 866 2078 908; x_wconf 89' lang='lat' dir='ltr'>nostra</span> 
     </span>
     <span class='ocr_line' id='line_1_12' title="bbox 191 923 2078 985; baseline -0.002 -14"><span class='ocrx_word' id='word_1_110' title='bbox 191 938 287 971; x_wconf 92' lang='lat' dir='ltr'>non</span> <span class='ocrx_word' id='word_1_111' title='bbox 307 927 458 971; x_wconf 80' lang='lat' dir='ltr'>solum</span> <span class='ocrx_word' id='word_1_112' title='bbox 476 928 662 983; x_wconf 87' lang='lat' dir='ltr'>respicit</span> <span class='ocrx_word' id='word_1_113' title='bbox 681 927 947 984; x_wconf 88' lang='lat' dir='ltr'>passionem</span> <span class='ocrx_word' id='word_1_114' title='bbox 966 927 1148 982; x_wconf 87' lang='lat' dir='ltr'>Christi,</span> <span class='ocrx_word' id='word_1_115' title='bbox 1172 928 1255 972; x_wconf 92' lang='lat' dir='ltr'>sed</span> <span class='ocrx_word' id='word_1_116' title='bbox 1275 929 1413 973; x_wconf 91' lang='lat' dir='ltr'>etiam</span> <span class='ocrx_word' id='word_1_117' title='bbox 1431 928 1521 972; x_wconf 90' lang='lat' dir='ltr'>alia</span> <span class='ocrx_word' id='word_1_118' title='bbox 1535 927 1757 985; x_wconf 84' lang='lat' dir='ltr'>mysteria</span> <span class='ocrx_word' id='word_1_119' title='bbox 1777 923 2078 971; x_wconf 86' lang='lat' dir='ltr'>humanitatis</span> 
     </span>
     <span class='ocr_line' id='line_1_13' title="bbox 192 987 2080 1060; baseline -0.001 -29"><span class='ocrx_word' id='word_1_120' title='bbox 192 987 356 1044; x_wconf 90' lang='lat' dir='ltr'>ipsius,</span> <span class='ocrx_word' id='word_1_121' title='bbox 375 994 421 1034; x_wconf 88' lang='lat' dir='ltr'>et</span> <span class='ocrx_word' id='word_1_122' title='bbox 446 989 750 1046; x_wconf 79' lang='lat' dir='ltr'>principalius</span> <span class='ocrx_word' id='word_1_123' title='bbox 781 990 920 1035; x_wconf 90' lang='lat' dir='ltr'>etiam</span> <span class='ocrx_word' id='word_1_124' title='bbox 954 988 1242 1034; x_wconf 89' lang='lat' dir='ltr'>divinitatem</span> <span class='ocrx_word' id='word_1_125' title='bbox 1279 990 1398 1060; x_wconf 65' lang='lat' dir='ltr'>ers5</span> <span class='ocrx_word' id='word_1_126' title='bbox 1422 993 1539 1046; x_wconf 85' lang='lat' dir='ltr'>Ergo</span> <span class='ocrx_word' id='word_1_127' title='bbox 1563 990 1746 1034; x_wconf 87' lang='lat' dir='ltr'>videtur</span> <span class='ocrx_word' id='word_1_128' title='bbox 1767 987 1894 1045; x_wconf 85' lang='lat' dir='ltr'>qued</span> <span class='ocrx_word' id='word_1_129' title='bbox 1929 998 2080 1032; x_wconf 81' lang='lat' dir='ltr'>sacra-</span> 
     </span>
     <span class='ocr_line' id='line_1_14' title="bbox 192 1050 1690 1108; baseline 0 -14"><span class='ocrx_word' id='word_1_130' title='bbox 192 1054 350 1095; x_wconf 89' lang='lat' dir='ltr'>menta</span> <span class='ocrx_word' id='word_1_131' title='bbox 374 1063 467 1095; x_wconf 92' lang='lat' dir='ltr'>non</span> <span class='ocrx_word' id='word_1_132' title='bbox 484 1050 686 1095; x_wconf 86' lang='lat' dir='ltr'>habeant</span> <span class='ocrx_word' id='word_1_133' title='bbox 704 1051 965 1108; x_wconf 87' lang='lat' dir='ltr'>specialiter</span> <span class='ocrx_word' id='word_1_134' title='bbox 983 1051 1200 1096; x_wconf 89' lang='lat' dir='ltr'>virtutem</span> <span class='ocrx_word' id='word_1_135' title='bbox 1223 1051 1250 1095; x_wconf 83' lang='lat' dir='ltr'>a</span> <span class='ocrx_word' id='word_1_136' title='bbox 1273 1052 1489 1108; x_wconf 88' lang='lat' dir='ltr'>passione</span> <span class='ocrx_word' id='word_1_137' title='bbox 1511 1051 1690 1095; x_wconf 88' lang='lat' dir='ltr'>Christi.</span> 
     </span>
    </p>

    <p class='ocr_par' dir='ltr' id='par_1_4' title="bbox 190 1112 2078 1417">
     <span class='ocr_line' id='line_1_15' title="bbox 247 1112 2078 1169; baseline -0.002 -13"><span class='ocrx_word' id='word_1_138' title='bbox 247 1114 289 1157; x_wconf 87' lang='lat'>3.</span> <span class='ocrx_word' id='word_1_139' title='bbox 306 1114 547 1169; x_wconf 84' lang='lat' dir='ltr'>Praeterea,</span> <span class='ocrx_word' id='word_1_140' title='bbox 563 1118 853 1157; x_wconf 77' lang='lat' dir='ltr'>sacramenta</span> <span class='ocrx_word' id='word_1_141' title='bbox 871 1113 1148 1158; x_wconf 87' lang='lat' dir='ltr'>ordinantur</span> <span class='ocrx_word' id='word_1_142' title='bbox 1165 1113 1224 1157; x_wconf 87' lang='lat' dir='ltr'>ad</span> <span class='ocrx_word' id='word_1_143' title='bbox 1245 1114 1486 1157; x_wconf 87' lang='lat' dir='ltr'>hominum</span> <span class='ocrx_word' id='word_1_144' title='bbox 1500 1112 1895 1169; x_wconf 67' lang='lat' dir='ltr'>Justificationem,</span> <span class='ocrx_word' id='word_1_145' title='bbox 1908 1121 2078 1155; x_wconf 90' lang='lat' dir='ltr'>secun-</span> 
     </span>
     <span class='ocr_line' id='line_1_16' title="bbox 193 1171 2079 1245; baseline -0.002 -26"><span class='ocrx_word' id='word_1_146' title='bbox 193 1173 303 1219; x_wconf 79' lang='lat' dir='ltr'>dum</span> <span class='ocrx_word' id='word_1_147' title='bbox 326 1174 440 1219; x_wconf 90' lang='lat' dir='ltr'>illud</span> <span class='ocrx_word' id='word_1_148' title='bbox 461 1176 508 1230; x_wconf 90' lang='grc' dir='ltr'>(Ι.</span> <span class='ocrx_word' id='word_1_149' title='bbox 535 1175 735 1219; x_wconf 85' lang='lat' dir='ltr'>Corinth.</span> <span class='ocrx_word' id='word_1_150' title='bbox 763 1188 830 1245; x_wconf 46' lang='lat' dir='ltr'>v1,·</span> <span class='ocrx_word' id='word_1_151' title='bbox 842 1176 951 1229; x_wconf 84' lang='grc'><strong>11).</strong></span> <span class='ocrx_word' id='word_1_152' title='bbox 974 1174 1132 1218; x_wconf 67' lang='lat' dir='ltr'>Ablata·</span> <span class='ocrx_word' id='word_1_153' title='bbox 1151 1177 1259 1217; x_wconf 79' lang='lat' dir='ltr'>estis</span> <span class='ocrx_word' id='word_1_154' title='bbox 1281 1179 1326 1217; x_wconf 76' lang='lat' dir='ltr'>et</span> <span class='ocrx_word' id='word_1_155' title='bbox 1342 1177 1726 1230; x_wconf 70' lang='lat' dir='ltr'>justificatiestiS.</span> <span class='ocrx_word' id='word_1_156' title='bbox 1755 1174 1841 1219; x_wconf 91' lang='lat' dir='ltr'>Sed</span> <span class='ocrx_word' id='word_1_157' title='bbox 1855 1171 2079 1230; x_wconf 64' lang='grc'><strong>1115111103-</strong></span> 
     </span>
     <span class='ocr_line' id='line_1_17' title="bbox 194 1235 2078 1291; baseline -0.002 -11"><span class='ocrx_word' id='word_1_158' title='bbox 194 1235 258 1280; x_wconf 88' lang='grc'>110</span> <span class='ocrx_word' id='word_1_159' title='bbox 291 1236 557 1281; x_wconf 86' lang='lat' dir='ltr'>attribuitur</span> <span class='ocrx_word' id='word_1_160' title='bbox 586 1235 931 1290; x_wconf 83' lang='lat' dir='ltr'>resurrectioni,</span> <span class='ocrx_word' id='word_1_161' title='bbox 970 1235 1232 1280; x_wconf 91' lang='lat' dir='ltr'>secundum</span> <span class='ocrx_word' id='word_1_162' title='bbox 1270 1235 1384 1282; x_wconf 92' lang='lat' dir='ltr'>illud</span> <span class='ocrx_word' id='word_1_163' title='bbox 1416 1238 1562 1290; x_wconf 90' lang='lat' dir='ltr'>(Rom.</span> <span class='ocrx_word' id='word_1_164' title='bbox 1586 1250 1643 1291; x_wconf 83' lang='grc' dir='ltr'>ιν,</span> <span class='ocrx_word' id='word_1_165' title='bbox 1664 1238 1774 1291; x_wconf 74' lang='lat'>25):</span> <span class='ocrx_word' id='word_1_166' title='bbox 1816 1237 2078 1279; x_wconf 74' lang='lat' dir='ltr'>Resurreoeit</span> 
     </span>
     <span class='ocr_line' id='line_1_18' title="bbox 190 1295 2078 1356; baseline -0.001 -16"><span class='ocrx_word' id='word_1_167' title='bbox 190 1305 379 1354; x_wconf 80' lang='lat' dir='ltr'>propter</span> <span class='ocrx_word' id='word_1_168' title='bbox 391 1300 764 1353; x_wconf 79' lang='lat' dir='ltr'>justificationem</span> <span class='ocrx_word' id='word_1_169' title='bbox 793 1300 1014 1342; x_wconf 77' lang='lat' dir='ltr'>nostram.</span> <span class='ocrx_word' id='word_1_170' title='bbox 1038 1298 1157 1354; x_wconf 86' lang='lat' dir='ltr'>Ergo</span> <span class='ocrx_word' id='word_1_171' title='bbox 1182 1297 1364 1342; x_wconf 88' lang='lat' dir='ltr'>videtur</span> <span class='ocrx_word' id='word_1_172' title='bbox 1381 1298 1507 1356; x_wconf 87' lang='lat' dir='ltr'>qued</span> <span class='ocrx_word' id='word_1_173' title='bbox 1523 1303 1814 1342; x_wconf 89' lang='lat' dir='ltr'>sacramenta</span> <span class='ocrx_word' id='word_1_174' title='bbox 1835 1295 1985 1353; x_wconf 86' lang='lat' dir='ltr'>magls</span> <span class='ocrx_word' id='word_1_175' title='bbox 1998 1295 2078 1340; x_wconf 89' lang='lat' dir='ltr'>ha-</span> 
     </span>
     <span class='ocr_line' id='line_1_19' title="bbox 191 1357 1749 1417; baseline 0.001 -15"><span class='ocrx_word' id='word_1_176' title='bbox 191 1357 334 1403; x_wconf 88' lang='lat' dir='ltr'>beant</span> <span class='ocrx_word' id='word_1_177' title='bbox 351 1359 568 1403; x_wconf 90' lang='lat' dir='ltr'>virtutem</span> <span class='ocrx_word' id='word_1_178' title='bbox 589 1357 616 1402; x_wconf 79' lang='lat' dir='ltr'>a</span> <span class='ocrx_word' id='word_1_179' title='bbox 633 1359 972 1404; x_wconf 90' lang='lat' dir='ltr'>resurrectione</span> <span class='ocrx_word' id='word_1_180' title='bbox 989 1359 1154 1403; x_wconf 86' lang='lat' dir='ltr'>Christi</span> <span class='ocrx_word' id='word_1_181' title='bbox 1173 1359 1314 1415; x_wconf 82' lang='lat' dir='ltr'>quam</span> <span class='ocrx_word' id='word_1_182' title='bbox 1337 1359 1396 1404; x_wconf 90' lang='lat' dir='ltr'>ab</span> <span class='ocrx_word' id='word_1_183' title='bbox 1415 1359 1519 1417; x_wconf 89' lang='lat' dir='ltr'>ejus</span> <span class='ocrx_word' id='word_1_184' title='bbox 1532 1360 1749 1415; x_wconf 88' lang='lat' dir='ltr'>passione</span> 
     </span>
    </p>

    <p class='ocr_par' dir='ltr' id='par_1_5' title="bbox 193 1420 2082 1662">
     <span class='ocr_line' id='line_1_20' title="bbox 247 1420 2079 1477; baseline -0.001 -13"><span class='ocrx_word' id='word_1_185' title='bbox 247 1420 334 1465; x_wconf 89' lang='lat' dir='ltr'>Sed</span> <span class='ocrx_word' id='word_1_186' title='bbox 358 1424 518 1464; x_wconf 78' lang='lat' dir='ltr'>contra</span> <span class='ocrx_word' id='word_1_187' title='bbox 543 1423 615 1465; x_wconf 92' lang='lat' dir='ltr'>est</span> <span class='ocrx_word' id='word_1_188' title='bbox 651 1421 777 1477; x_wconf 89' lang='lat' dir='ltr'>quod</span> <span class='ocrx_word' id='word_1_189' title='bbox 799 1432 938 1477; x_wconf 90' lang='lat' dir='ltr'>super</span> <span class='ocrx_word' id='word_1_190' title='bbox 957 1420 1073 1465; x_wconf 86' lang='lat' dir='ltr'>illud</span> <span class='ocrx_word' id='word_1_191' title='bbox 1092 1422 1237 1476; x_wconf 88' lang='lat' dir='ltr'>(Rom.</span> <span class='ocrx_word' id='word_1_192' title='bbox 1258 1425 1300 1475; x_wconf 90' lang='lat' dir='ltr'>v)</span> <span class='ocrx_word' id='word_1_193' title='bbox 1320 1433 1332 1465; x_wconf 75' lang='lat' dir='ltr'>z</span> <span class='ocrx_word' id='word_1_194' title='bbox 1361 1425 1414 1465; x_wconf 89' lang='grc' dir='ltr'>Ιη</span> <span class='ocrx_word' id='word_1_195' title='bbox 1439 1422 1784 1465; x_wconf 78' lang='lat' dir='ltr'>similitudinem</span> <span class='ocrx_word' id='word_1_196' title='bbox 1803 1421 2079 1477; x_wconf 79' lang='lat' dir='ltr'>praevarica-</span> 
     </span>
     <span class='ocr_line' id='line_1_21' title="bbox 194 1480 2082 1547; baseline -0.001 -22"><span class='ocrx_word' id='word_1_197' title='bbox 194 1483 328 1526; x_wconf 80' lang='lat' dir='ltr'>tionis</span> <span class='ocrx_word' id='word_1_198' title='bbox 357 1482 486 1547; x_wconf 64' lang='grc' dir='ltr'>Αάκ,</span> <span class='ocrx_word' id='word_1_199' title='bbox 520 1486 607 1526; x_wconf 87' lang='lat' dir='ltr'>etc.</span> <span class='ocrx_word' id='word_1_200' title='bbox 615 1481 758 1539; x_wconf 81' lang='lat' dir='ltr'>‚dicit</span> <span class='ocrx_word' id='word_1_201' title='bbox 791 1482 949 1526; x_wconf 89' lang='lat' dir='ltr'>Glossa</span> <span class='ocrx_word' id='word_1_202' title='bbox 979 1481 1167 1526; x_wconf 90' lang='lat' dir='ltr'>ordin.:</span> <span class='ocrx_word' id='word_1_203' title='bbox 1203 1499 1224 1521; x_wconf 75' lang='grc' dir='ltr'><strong>α</strong></span> <span class='ocrx_word' id='word_1_204' title='bbox 1245 1485 1310 1526; x_wconf 88' lang='lat' dir='ltr'>Ex</span> <span class='ocrx_word' id='word_1_205' title='bbox 1346 1482 1490 1528; x_wconf 89' lang='lat' dir='ltr'>latere</span> <span class='ocrx_word' id='word_1_206' title='bbox 1523 1483 1688 1527; x_wconf 87' lang='lat' dir='ltr'>Christi</span> <span class='ocrx_word' id='word_1_207' title='bbox 1734 1481 2005 1527; x_wconf 89' lang='lat' dir='ltr'>dormientis</span> <span class='ocrx_word' id='word_1_208' title='bbox 2031 1480 2082 1524; x_wconf 91' lang='lat' dir='ltr'>in</span> 
     </span>
     <span class='ocr_line' id='line_1_22' title="bbox 193 1534 2080 1601; baseline -0.001 -13"><span class='ocrx_word' id='word_1_209' title='bbox 193 1555 332 1589; x_wconf 91' lang='lat' dir='ltr'>cruce</span> <span class='ocrx_word' id='word_1_210' title='bbox 367 1534 605 1588; x_wconf 85' lang='lat' dir='ltr'>fluxerunt</span> <span class='ocrx_word' id='word_1_211' title='bbox 639 1549 942 1600; x_wconf 75' lang='lat' dir='ltr'>sacramenta,</span> <span class='ocrx_word' id='word_1_212' title='bbox 967 1556 1050 1601; x_wconf 91' lang='lat' dir='ltr'>per</span> <span class='ocrx_word' id='word_1_213' title='bbox 1071 1556 1176 1601; x_wconf 88' lang='lat' dir='ltr'>quae</span> <span class='ocrx_word' id='word_1_214' title='bbox 1197 1545 1375 1589; x_wconf 84' lang='lat' dir='ltr'>salvata</span> <span class='ocrx_word' id='word_1_215' title='bbox 1397 1549 1470 1589; x_wconf 91' lang='lat' dir='ltr'>est</span> <span class='ocrx_word' id='word_1_216' title='bbox 1491 1545 1696 1589; x_wconf 88' lang='lat' dir='ltr'>Ecclesia</span> <span class='ocrx_word' id='word_1_217' title='bbox 1726 1546 1801 1599; x_wconf 89' lang='grc'><strong>(1).</strong></span> <span class='ocrx_word' id='word_1_218' title='bbox 1827 1543 1949 1588; x_wconf 83' lang='lat' dir='ltr'>»Sic</span> <span class='ocrx_word' id='word_1_219' title='bbox 1970 1555 2080 1599; x_wconf 86' lang='lat' dir='ltr'>ergo</span> 
     </span>
     <span class='ocr_line' id='line_1_23' title="bbox 195 1605 1666 1662; baseline -0.001 -12"><span class='ocrx_word' id='word_1_220' title='bbox 195 1609 488 1650; x_wconf 89' lang='lat' dir='ltr'>sacramenta</span> <span class='ocrx_word' id='word_1_221' title='bbox 504 1605 722 1650; x_wconf 85' lang='lat' dir='ltr'>videntur</span> <span class='ocrx_word' id='word_1_222' title='bbox 735 1605 908 1650; x_wconf 89' lang='lat' dir='ltr'>habere</span> <span class='ocrx_word' id='word_1_223' title='bbox 923 1605 1143 1651; x_wconf 84' lang='lat' dir='ltr'>virtutem</span> <span class='ocrx_word' id='word_1_224' title='bbox 1166 1618 1226 1651; x_wconf 84' lang='lat' dir='ltr'>ex</span> <span class='ocrx_word' id='word_1_225' title='bbox 1248 1606 1465 1662; x_wconf 87' lang='lat' dir='ltr'>passione</span> <span class='ocrx_word' id='word_1_226' title='bbox 1484 1606 1666 1651; x_wconf 87' lang='lat' dir='ltr'>Christi.</span> 
     </span>
    </p>
   </div>
   <div class='ocr_carea' id='block_1_3' title="bbox 195 1672 2082 1836">
    <p class='ocr_par' dir='ltr' id='par_1_6' title="bbox 195 1672 2082 1836">
     <span class='ocr_line' id='line_1_24' title="bbox 243 1672 2082 1726; baseline -0.001 -14"><span class='ocrx_word' id='word_1_227' title='bbox 243 1672 534 1714; x_wconf 92' lang='lat' dir='ltr'>CONCLUSIO.</span> <span class='ocrx_word' id='word_1_228' title='bbox 554 1695 600 1702; x_wconf 96' lang='lat'><strong>—</strong></span> <span class='ocrx_word' id='word_1_229' title='bbox 623 1675 729 1714; x_wconf 92' lang='lat' dir='ltr'>Cum</span> <span class='ocrx_word' id='word_1_230' title='bbox 757 1684 824 1724; x_wconf 90' lang='lat' dir='ltr'>per</span> <span class='ocrx_word' id='word_1_231' title='bbox 859 1673 1011 1714; x_wconf 80' lang='lat' dir='ltr'>Christi</span> <span class='ocrx_word' id='word_1_232' title='bbox 1038 1673 1345 1715; x_wconf 84' lang='lat' dir='ltr'>humanitatem</span> <span class='ocrx_word' id='word_1_233' title='bbox 1365 1677 1407 1715; x_wconf 85' lang='lat' dir='ltr'>et</span> <span class='ocrx_word' id='word_1_234' title='bbox 1430 1675 1662 1726; x_wconf 83' lang='lat' dir='ltr'>passionem</span> <span class='ocrx_word' id='word_1_235' title='bbox 1690 1685 1774 1714; x_wconf 91' lang='lat' dir='ltr'>non</span> <span class='ocrx_word' id='word_1_236' title='bbox 1803 1672 1928 1713; x_wconf 79' lang='lat' dir='ltr'>modo</span> <span class='ocrx_word' id='word_1_237' title='bbox 1951 1674 2082 1712; x_wconf 89' lang='lat' dir='ltr'>meri-</span> 
     </span>
     <span class='ocr_line' id='line_1_25' title="bbox 195 1726 2082 1781; baseline 0 -14"><span class='ocrx_word' id='word_1_238' title='bbox 195 1727 311 1777; x_wconf 86' lang='lat' dir='ltr'>torie,</span> <span class='ocrx_word' id='word_1_239' title='bbox 342 1727 411 1768; x_wconf 88' lang='lat' dir='ltr'>sed</span> <span class='ocrx_word' id='word_1_240' title='bbox 444 1726 570 1767; x_wconf 87' lang='lat' dir='ltr'>etiam</span> <span class='ocrx_word' id='word_1_241' title='bbox 601 1728 866 1768; x_wconf 76' lang='lat' dir='ltr'>satisfactorie</span> <span class='ocrx_word' id='word_1_242' title='bbox 884 1731 1073 1780; x_wconf 87' lang='lat' dir='ltr'>operatus</span> <span class='ocrx_word' id='word_1_243' title='bbox 1092 1728 1216 1769; x_wconf 83' lang='lat' dir='ltr'>fuerit</span> <span class='ocrx_word' id='word_1_244' title='bbox 1238 1731 1345 1769; x_wconf 88' lang='lat' dir='ltr'>Deus</span> <span class='ocrx_word' id='word_1_245' title='bbox 1370 1732 1553 1770; x_wconf 82' lang='lat' dir='ltr'>nostram</span> <span class='ocrx_word' id='word_1_246' title='bbox 1571 1731 1594 1769; x_wconf 78' lang='lat' dir='ltr'>a</span> <span class='ocrx_word' id='word_1_247' title='bbox 1615 1733 1773 1780; x_wconf 84' lang='lat' dir='ltr'>peccato</span> <span class='ocrx_word' id='word_1_248' title='bbox 1800 1726 2082 1781; x_wconf 71' lang='lat' dir='ltr'>liberationem</span> 
     </span>
     <span class='ocr_line' id='line_1_26' title="bbox 196 1782 2081 1836; baseline -0.001 -12"><span class='ocrx_word' id='word_1_249' title='bbox 196 1786 236 1824; x_wconf 86' lang='lat' dir='ltr'>et</span> <span class='ocrx_word' id='word_1_250' title='bbox 253 1782 633 1832; x_wconf 86' lang='lat' dir='ltr'>sanctificationem,</span> <span class='ocrx_word' id='word_1_251' title='bbox 654 1794 820 1824; x_wconf 86' lang='lat' dir='ltr'>omnem</span> <span class='ocrx_word' id='word_1_252' title='bbox 841 1795 961 1823; x_wconf 90' lang='lat' dir='ltr'>suam</span> <span class='ocrx_word' id='word_1_253' title='bbox 982 1783 1206 1824; x_wconf 85' lang='lat' dir='ltr'>efficaciam</span> <span class='ocrx_word' id='word_1_254' title='bbox 1227 1784 1372 1826; x_wconf 87' lang='lat' dir='ltr'>habere</span> <span class='ocrx_word' id='word_1_255' title='bbox 1394 1790 1550 1836; x_wconf 85' lang='lat' dir='ltr'>oportet</span> <span class='ocrx_word' id='word_1_256' title='bbox 1570 1797 1685 1825; x_wconf 87' lang='lat' dir='ltr'>novae</span> <span class='ocrx_word' id='word_1_257' title='bbox 1709 1784 1810 1832; x_wconf 65' lang='lat' dir='ltr'>legis</span> <span class='ocrx_word' id='word_1_258' title='bbox 1833 1786 2081 1824; x_wconf 87' lang='lat' dir='ltr'>sacramenta</span> 
     </span>
    </p>
   </div>
   <div class='ocr_carea' id='block_1_4' title="bbox 195 1836 2083 3193">
    <p class='ocr_par' dir='ltr' id='par_1_7' title="bbox 195 1836 607 1889">
     <span class='ocr_line' id='line_1_27' title="bbox 195 1836 607 1889; baseline -0.007 -11"><span class='ocrx_word' id='word_1_259' title='bbox 195 1836 221 1878; x_wconf 68' lang='grc' dir='ltr'>ὲ</span> <span class='ocrx_word' id='word_1_260' title='bbox 238 1837 427 1889; x_wconf 86' lang='lat' dir='ltr'>passione</span> <span class='ocrx_word' id='word_1_261' title='bbox 445 1836 607 1878; x_wconf 81' lang='lat' dir='ltr'>Christi,</span> 
     </span>
    </p>

    <p class='ocr_par' dir='ltr' id='par_1_8' title="bbox 196 1900 2083 3193">
     <span class='ocr_line' id='line_1_28' title="bbox 251 1900 2082 1958; baseline 0 -14"><span class='ocrx_word' id='word_1_262' title='bbox 251 1900 519 1958; x_wconf 90' lang='lat' dir='ltr'>Respondeo</span> <span class='ocrx_word' id='word_1_263' title='bbox 542 1900 792 1945; x_wconf 88' lang='lat' dir='ltr'>dicendum</span> <span class='ocrx_word' id='word_1_264' title='bbox 814 1900 957 1958; x_wconf 84' lang='lat' dir='ltr'>qued,</span> <span class='ocrx_word' id='word_1_265' title='bbox 978 1900 1099 1945; x_wconf 91' lang='lat' dir='ltr'>sicut</span> <span class='ocrx_word' id='word_1_266' title='bbox 1121 1901 1297 1946; x_wconf 91' lang='lat' dir='ltr'>dictum</span> <span class='ocrx_word' id='word_1_267' title='bbox 1317 1906 1390 1947; x_wconf 92' lang='lat' dir='ltr'>est</span> <span class='ocrx_word' id='word_1_268' title='bbox 1407 1904 1510 1956; x_wconf 88' lang='lat' dir='ltr'>(art.</span> <span class='ocrx_word' id='word_1_269' title='bbox 1538 1907 1558 1946; x_wconf 89' lang='grc'>1</span> <span class='ocrx_word' id='word_1_270' title='bbox 1589 1901 1686 1958; x_wconf 79' lang='lat' dir='ltr'>huj,</span> <span class='ocrx_word' id='word_1_271' title='bbox 1711 1903 1909 1958; x_wconf 62' lang='lat' dir='ltr'>quaest),</span> <span class='ocrx_word' id='word_1_272' title='bbox 1929 1912 2082 1944; x_wconf 90' lang='lat' dir='ltr'>sacra-</span> 
     </span>
     <span class='ocr_line' id='line_1_29' title="bbox 198 1962 2082 2019; baseline 0 -12"><span class='ocrx_word' id='word_1_273' title='bbox 198 1966 405 2008; x_wconf 89' lang='lat' dir='ltr'>mentum</span> <span class='ocrx_word' id='word_1_274' title='bbox 429 1967 647 2018; x_wconf 90' lang='lat' dir='ltr'>operatur</span> <span class='ocrx_word' id='word_1_275' title='bbox 688 1962 748 2007; x_wconf 92' lang='lat' dir='ltr'>ad</span> <span class='ocrx_word' id='word_1_276' title='bbox 781 1962 978 2019; x_wconf 86' lang='lat' dir='ltr'>gratiam</span> <span class='ocrx_word' id='word_1_277' title='bbox 1000 1962 1287 2007; x_wconf 89' lang='lat' dir='ltr'>causandam</span> <span class='ocrx_word' id='word_1_278' title='bbox 1321 1975 1404 2019; x_wconf 91' lang='lat' dir='ltr'>per</span> <span class='ocrx_word' id='word_1_279' title='bbox 1443 1963 1635 2007; x_wconf 91' lang='lat' dir='ltr'>modum</span> <span class='ocrx_word' id='word_1_280' title='bbox 1667 1962 1982 2007; x_wconf 86' lang='lat' dir='ltr'>instrumenti.</span> <span class='ocrx_word' id='word_1_281' title='bbox 2004 1965 2082 2008; x_wconf 87' lang='lat' dir='ltr'>Est</span> 
     </span>
     <span class='ocr_line' id='line_1_30' title="bbox 197 2024 2083 2081; baseline 0.001 -13"><span class='ocrx_word' id='word_1_282' title='bbox 197 2027 351 2069; x_wconf 90' lang='lat' dir='ltr'>autem</span> <span class='ocrx_word' id='word_1_283' title='bbox 370 2024 540 2081; x_wconf 89' lang='lat' dir='ltr'>duplex</span> <span class='ocrx_word' id='word_1_284' title='bbox 563 2024 958 2070; x_wconf 82' lang='lat' dir='ltr'>instrumentum:</span> <span class='ocrx_word' id='word_1_285' title='bbox 982 2036 1130 2069; x_wconf 91' lang='lat' dir='ltr'>unum</span> <span class='ocrx_word' id='word_1_286' title='bbox 1145 2025 1332 2081; x_wconf 89' lang='lat' dir='ltr'>quidem</span> <span class='ocrx_word' id='word_1_287' title='bbox 1353 2030 1635 2081; x_wconf 87' lang='lat' dir='ltr'>separatum,</span> <span class='ocrx_word' id='word_1_288' title='bbox 1655 2031 1708 2070; x_wconf 85' lang='lat' dir='ltr'>ut</span> <span class='ocrx_word' id='word_1_289' title='bbox 1721 2024 1940 2081; x_wconf 78' lang='lat' dir='ltr'>baculus3</span> <span class='ocrx_word' id='word_1_290' title='bbox 1956 2024 2083 2070; x_wconf 88' lang='lat' dir='ltr'>aliud</span> 
     </span>
     <span class='ocr_line' id='line_1_31' title="bbox 196 2086 2083 2144; baseline 0 -14"><span class='ocrx_word' id='word_1_291' title='bbox 196 2090 352 2130; x_wconf 90' lang='lat' dir='ltr'>autem</span> <span class='ocrx_word' id='word_1_292' title='bbox 371 2086 692 2143; x_wconf 78' lang='lat' dir='ltr'>conjunctum,</span> <span class='ocrx_word' id='word_1_293' title='bbox 718 2092 772 2131; x_wconf 90' lang='lat' dir='ltr'>ut</span> <span class='ocrx_word' id='word_1_294' title='bbox 789 2098 975 2131; x_wconf 88' lang='lat' dir='ltr'>manus.</span> <span class='ocrx_word' id='word_1_295' title='bbox 1000 2089 1083 2131; x_wconf 90' lang='lat' dir='ltr'>Per</span> <span class='ocrx_word' id='word_1_296' title='bbox 1098 2087 1461 2131; x_wconf 89' lang='lat' dir='ltr'>instrumentum</span> <span class='ocrx_word' id='word_1_297' title='bbox 1484 2092 1639 2132; x_wconf 91' lang='lat' dir='ltr'>autem</span> <span class='ocrx_word' id='word_1_298' title='bbox 1660 2086 1962 2144; x_wconf 89' lang='lat' dir='ltr'>conjunctum</span> <span class='ocrx_word' id='word_1_299' title='bbox 1983 2097 2083 2130; x_wconf 93' lang='lat' dir='ltr'>mo-</span> 
     </span>
     <span class='ocr_line' id='line_1_32' title="bbox 196 2146 2082 2207; baseline 0.002 -17"><span class='ocrx_word' id='word_1_300' title='bbox 196 2148 712 2207; x_wconf 23' lang='lat' dir='ltr'>vetur-instrumentum</span> <span class='ocrx_word' id='word_1_301' title='bbox 746 2152 1028 2205; x_wconf 89' lang='lat' dir='ltr'>separatum,</span> <span class='ocrx_word' id='word_1_302' title='bbox 1070 2148 1190 2193; x_wconf 90' lang='lat' dir='ltr'>sicut</span> <span class='ocrx_word' id='word_1_303' title='bbox 1224 2149 1421 2193; x_wconf 88' lang='lat' dir='ltr'>baculus</span> <span class='ocrx_word' id='word_1_304' title='bbox 1453 2162 1537 2206; x_wconf 90' lang='lat' dir='ltr'>per</span> <span class='ocrx_word' id='word_1_305' title='bbox 1574 2161 1782 2194; x_wconf 90' lang='lat' dir='ltr'>manum.</span> <span class='ocrx_word' id='word_1_306' title='bbox 1814 2146 2082 2205; x_wconf 87' lang='lat' dir='ltr'>Principalis</span> 
     </span>
     <span class='ocr_line' id='line_1_33' title="bbox 199 2209 2080 2268; baseline 0.001 -15"><span class='ocrx_word' id='word_1_307' title='bbox 199 2214 353 2255; x_wconf 90' lang='lat' dir='ltr'>autem</span> <span class='ocrx_word' id='word_1_308' title='bbox 371 2220 514 2254; x_wconf 86' lang='lat' dir='ltr'>causa</span> <span class='ocrx_word' id='word_1_309' title='bbox 536 2210 744 2254; x_wconf 88' lang='lat' dir='ltr'>efficiens</span> <span class='ocrx_word' id='word_1_310' title='bbox 761 2210 922 2265; x_wconf 85' lang='lat' dir='ltr'>gratiae</span> <span class='ocrx_word' id='word_1_311' title='bbox 939 2215 1011 2254; x_wconf 92' lang='lat' dir='ltr'>est</span> <span class='ocrx_word' id='word_1_312' title='bbox 1028 2209 1127 2266; x_wconf 92' lang='lat' dir='ltr'>ipse</span> <span class='ocrx_word' id='word_1_313' title='bbox 1146 2213 1283 2266; x_wconf 80' lang='lat' dir='ltr'>Deus,</span> <span class='ocrx_word' id='word_1_314' title='bbox 1306 2211 1366 2255; x_wconf 94' lang='lat' dir='ltr'>ad</span> <span class='ocrx_word' id='word_1_315' title='bbox 1385 2223 1526 2267; x_wconf 89' lang='lat' dir='ltr'>quem</span> <span class='ocrx_word' id='word_1_316' title='bbox 1550 2214 1844 2268; x_wconf 91' lang='lat' dir='ltr'>comparatur</span> <span class='ocrx_word' id='word_1_317' title='bbox 1862 2211 2080 2254; x_wconf 91' lang='lat' dir='ltr'>humani-</span> 
     </span>
     <span class='ocr_line' id='line_1_34' title="bbox 201 2270 2082 2327; baseline 0.001 -12"><span class='ocrx_word' id='word_1_318' title='bbox 201 2274 270 2316; x_wconf 89' lang='lat' dir='ltr'>tas</span> <span class='ocrx_word' id='word_1_319' title='bbox 302 2270 465 2315; x_wconf 91' lang='lat' dir='ltr'>Christi</span> <span class='ocrx_word' id='word_1_320' title='bbox 505 2271 627 2316; x_wconf 90' lang='lat' dir='ltr'>sicut</span> <span class='ocrx_word' id='word_1_321' title='bbox 656 2271 1017 2315; x_wconf 89' lang='lat' dir='ltr'>instrumentum</span> <span class='ocrx_word' id='word_1_322' title='bbox 1042 2270 1368 2327; x_wconf 79' lang='lat' dir='ltr'>conjUnctum3</span> <span class='ocrx_word' id='word_1_323' title='bbox 1405 2278 1750 2316; x_wconf 85' lang='lat' dir='ltr'>sacramentum</span> <span class='ocrx_word' id='word_1_324' title='bbox 1772 2275 1928 2316; x_wconf 92' lang='lat' dir='ltr'>autem</span> <span class='ocrx_word' id='word_1_325' title='bbox 1962 2271 2082 2317; x_wconf 89' lang='lat' dir='ltr'>sicut</span> 
     </span>
     <span class='ocr_line' id='line_1_35' title="bbox 198 2332 2081 2390; baseline 0.001 -14"><span class='ocrx_word' id='word_1_326' title='bbox 198 2332 562 2379; x_wconf 88' lang='lat' dir='ltr'>instrumentum</span> <span class='ocrx_word' id='word_1_327' title='bbox 583 2338 864 2390; x_wconf 89' lang='lat' dir='ltr'>separatum.</span> <span class='ocrx_word' id='word_1_328' title='bbox 895 2334 948 2376; x_wconf 91' lang='lat' dir='ltr'>Et</span> <span class='ocrx_word' id='word_1_329' title='bbox 976 2332 1078 2377; x_wconf 82' lang='lat' dir='ltr'>ideo</span> <span class='ocrx_word' id='word_1_330' title='bbox 1097 2337 1278 2388; x_wconf 90' lang='lat' dir='ltr'>oportet</span> <span class='ocrx_word' id='word_1_331' title='bbox 1298 2333 1423 2390; x_wconf 86' lang='lat' dir='ltr'>qued</span> <span class='ocrx_word' id='word_1_332' title='bbox 1439 2334 1585 2378; x_wconf 88' lang='lat' dir='ltr'>virtus</span> <span class='ocrx_word' id='word_1_333' title='bbox 1616 2334 1853 2378; x_wconf 84' lang='lat' dir='ltr'>salutifera</span> <span class='ocrx_word' id='word_1_334' title='bbox 1875 2333 1902 2377; x_wconf 80' lang='lat' dir='ltr'>a</span> <span class='ocrx_word' id='word_1_335' title='bbox 1921 2333 2081 2378; x_wconf 85' lang='lat' dir='ltr'>divini-</span> 
     </span>
     <span class='ocr_line' id='line_1_36' title="bbox 198 2393 2082 2451; baseline 0 -12"><span class='ocrx_word' id='word_1_336' title='bbox 198 2397 291 2439; x_wconf 84' lang='lat' dir='ltr'>tate</span> <span class='ocrx_word' id='word_1_337' title='bbox 313 2393 473 2439; x_wconf 88' lang='lat' dir='ltr'>Christi</span> <span class='ocrx_word' id='word_1_338' title='bbox 510 2406 593 2451; x_wconf 92' lang='lat' dir='ltr'>per</span> <span class='ocrx_word' id='word_1_339' title='bbox 627 2394 728 2451; x_wconf 75' lang='lat' dir='ltr'>eJus</span> <span class='ocrx_word' id='word_1_340' title='bbox 763 2394 1098 2438; x_wconf 90' lang='lat' dir='ltr'>humanitatem</span> <span class='ocrx_word' id='word_1_341' title='bbox 1134 2393 1183 2437; x_wconf 90' lang='lat' dir='ltr'>in</span> <span class='ocrx_word' id='word_1_342' title='bbox 1217 2393 1320 2450; x_wconf 92' lang='lat' dir='ltr'>ipsa</span> <span class='ocrx_word' id='word_1_343' title='bbox 1349 2399 1640 2439; x_wconf 89' lang='lat' dir='ltr'>sacramenta</span> <span class='ocrx_word' id='word_1_344' title='bbox 1666 2395 1912 2439; x_wconf 89' lang='lat' dir='ltr'>derivetur.</span> <span class='ocrx_word' id='word_1_345' title='bbox 1932 2395 2082 2440; x_wconf 81' lang='lat' dir='ltr'>Gratia</span> 
     </span>
     <span class='ocr_line' id='line_1_37' title="bbox 198 2455 2082 2512; baseline 0.001 -12"><span class='ocrx_word' id='word_1_346' title='bbox 198 2459 355 2500; x_wconf 91' lang='lat' dir='ltr'>autem</span> <span class='ocrx_word' id='word_1_347' title='bbox 375 2455 722 2500; x_wconf 84' lang='lat' dir='ltr'>sacramentalis</span> <span class='ocrx_word' id='word_1_348' title='bbox 739 2455 798 2500; x_wconf 89' lang='lat' dir='ltr'>ad</span> <span class='ocrx_word' id='word_1_349' title='bbox 833 2455 925 2499; x_wconf 91' lang='grc'><strong>(1110</strong></span> <span class='ocrx_word' id='word_1_350' title='bbox 955 2455 1186 2512; x_wconf 82' lang='lat' dir='ltr'>praecipue</span> <span class='ocrx_word' id='word_1_351' title='bbox 1220 2455 1424 2499; x_wconf 86' lang='lat' dir='ltr'>ordinari</span> <span class='ocrx_word' id='word_1_352' title='bbox 1446 2457 1659 2501; x_wconf 85' lang='lat' dir='ltr'>videtur:</span> <span class='ocrx_word' id='word_1_353' title='bbox 1681 2456 1895 2502; x_wconf 87' lang='lat' dir='ltr'>videlicet</span> <span class='ocrx_word' id='word_1_354' title='bbox 1912 2456 1971 2501; x_wconf 88' lang='lat' dir='ltr'>ad</span> <span class='ocrx_word' id='word_1_355' title='bbox 1993 2456 2082 2502; x_wconf 86' lang='lat' dir='ltr'>tol·</span> 
     </span>
     <span class='ocr_line' id='line_1_38' title="bbox 196 2516 2081 2575; baseline 0.001 -14"><span class='ocrx_word' id='word_1_356' title='bbox 196 2516 360 2563; x_wconf 92' lang='lat' dir='ltr'>lendos</span> <span class='ocrx_word' id='word_1_357' title='bbox 387 2517 595 2562; x_wconf 85' lang='lat' dir='ltr'>defectus</span> <span class='ocrx_word' id='word_1_358' title='bbox 625 2516 964 2575; x_wconf 85' lang='lat' dir='ltr'>praeteritorum</span> <span class='ocrx_word' id='word_1_359' title='bbox 991 2521 1305 2573; x_wconf 73' lang='lat' dir='ltr'>peccatorum,</span> <span class='ocrx_word' id='word_1_360' title='bbox 1330 2518 1609 2574; x_wconf 87' lang='lat' dir='ltr'>inquantum</span> <span class='ocrx_word' id='word_1_361' title='bbox 1633 2522 1876 2562; x_wconf 87' lang='lat' dir='ltr'>transeunt</span> <span class='ocrx_word' id='word_1_362' title='bbox 1896 2523 2017 2575; x_wconf 86' lang='grc'><strong>30111,</strong></span> <span class='ocrx_word' id='word_1_363' title='bbox 2036 2523 2081 2564; x_wconf 84' lang='grc'>01</span> 
     </span>
     <span class='ocr_line' id='line_1_39' title="bbox 199 2578 2080 2637; baseline 0.001 -13"><span class='ocrx_word' id='word_1_364' title='bbox 199 2583 442 2624; x_wconf 89' lang='lat' dir='ltr'>remanent</span> <span class='ocrx_word' id='word_1_365' title='bbox 462 2584 616 2637; x_wconf 77' lang='lat' dir='ltr'>reatu3</span> <span class='ocrx_word' id='word_1_366' title='bbox 639 2583 687 2625; x_wconf 90' lang='lat' dir='ltr'>et</span> <span class='ocrx_word' id='word_1_367' title='bbox 707 2579 874 2624; x_wconf 75' lang='lat' dir='ltr'>iterum</span> <span class='ocrx_word' id='word_1_368' title='bbox 898 2578 958 2624; x_wconf 91' lang='lat' dir='ltr'>ad</span> <span class='ocrx_word' id='word_1_369' title='bbox 975 2579 1304 2634; x_wconf 87' lang='lat' dir='ltr'>perficiendam</span> <span class='ocrx_word' id='word_1_370' title='bbox 1333 2580 1535 2623; x_wconf 87' lang='lat' dir='ltr'>animam</span> <span class='ocrx_word' id='word_1_371' title='bbox 1562 2579 1609 2623; x_wconf 92' lang='lat' dir='ltr'>in</span> <span class='ocrx_word' id='word_1_372' title='bbox 1631 2580 1705 2624; x_wconf 90' lang='lat' dir='ltr'>his</span> <span class='ocrx_word' id='word_1_373' title='bbox 1725 2592 1829 2636; x_wconf 88' lang='lat' dir='ltr'>quae</span> <span class='ocrx_word' id='word_1_374' title='bbox 1850 2580 2080 2635; x_wconf 84' lang='lat' dir='ltr'>pertinent</span> 
     </span>
     <span class='ocr_line' id='line_1_40' title="bbox 198 2640 2081 2697; baseline 0.001 -12"><span class='ocrx_word' id='word_1_375' title='bbox 198 2641 259 2686; x_wconf 88' lang='lat' dir='ltr'>ad</span> <span class='ocrx_word' id='word_1_376' title='bbox 297 2641 475 2686; x_wconf 90' lang='lat' dir='ltr'>cultum</span> <span class='ocrx_word' id='word_1_377' title='bbox 497 2641 576 2685; x_wconf 90' lang='lat' dir='ltr'>Dei</span> <span class='ocrx_word' id='word_1_378' title='bbox 614 2640 873 2686; x_wconf 82' lang='lat' dir='ltr'>secundum</span> <span class='ocrx_word' id='word_1_379' title='bbox 915 2640 1188 2697; x_wconf 84' lang='lat' dir='ltr'>religionem</span> <span class='ocrx_word' id='word_1_380' title='bbox 1221 2640 1327 2685; x_wconf 88' lang='lat' dir='ltr'>vitae</span> <span class='ocrx_word' id='word_1_381' title='bbox 1366 2641 1641 2686; x_wconf 84' lang='lat' dir='ltr'>christianae.</span> <span class='ocrx_word' id='word_1_382' title='bbox 1688 2641 1975 2685; x_wconf 86' lang='lat' dir='ltr'>Manifestum</span> <span class='ocrx_word' id='word_1_383' title='bbox 2008 2643 2081 2687; x_wconf 83' lang='lat' dir='ltr'>est</span> 
     </span>
     <span class='ocr_line' id='line_1_41' title="bbox 199 2702 2080 2772; baseline 0.001 -25"><span class='ocrx_word' id='word_1_384' title='bbox 199 2706 354 2747; x_wconf 90' lang='lat' dir='ltr'>autem</span> <span class='ocrx_word' id='word_1_385' title='bbox 376 2714 434 2747; x_wconf 86' lang='lat' dir='ltr'>ex</span> <span class='ocrx_word' id='word_1_386' title='bbox 451 2702 524 2747; x_wconf 90' lang='lat' dir='ltr'>his</span> <span class='ocrx_word' id='word_1_387' title='bbox 545 2714 648 2759; x_wconf 88' lang='lat' dir='ltr'>quae</span> <span class='ocrx_word' id='word_1_388' title='bbox 685 2715 825 2759; x_wconf 81' lang='lat' dir='ltr'>supia</span> <span class='ocrx_word' id='word_1_389' title='bbox 856 2702 978 2747; x_wconf 88' lang='lat' dir='ltr'>dicta</span> <span class='ocrx_word' id='word_1_390' title='bbox 1000 2706 1111 2746; x_wconf 91' lang='lat' dir='ltr'>sunt</span> <span class='ocrx_word' id='word_1_391' title='bbox 1129 2705 1308 2758; x_wconf 85' lang='lat' dir='ltr'>(quaest</span> <span class='ocrx_word' id='word_1_392' title='bbox 1328 2716 1457 2746; x_wconf 75' lang='lat' dir='ltr'>xtvin</span> <span class='ocrx_word' id='word_1_393' title='bbox 1479 2708 1525 2747; x_wconf 92' lang='lat' dir='ltr'>et</span> <span class='ocrx_word' id='word_1_394' title='bbox 1560 2704 1693 2772; x_wconf 65' lang='lat' dir='ltr'>xcix),</span> <span class='ocrx_word' id='word_1_395' title='bbox 1729 2702 1854 2759; x_wconf 84' lang='lat' dir='ltr'>qued</span> <span class='ocrx_word' id='word_1_396' title='bbox 1874 2703 2080 2749; x_wconf 88' lang='lat' dir='ltr'>Christus</span> 
     </span>
     <span class='ocr_line' id='line_1_42' title="bbox 200 2763 2078 2833; baseline 0.001 -25"><span class='ocrx_word' id='word_1_397' title='bbox 200 2763 410 2808; x_wconf 90' lang='lat' dir='ltr'>liberavit</span> <span class='ocrx_word' id='word_1_398' title='bbox 431 2775 516 2809; x_wconf 91' lang='lat' dir='ltr'>nos</span> <span class='ocrx_word' id='word_1_399' title='bbox 531 2764 558 2806; x_wconf 79' lang='grc'><strong>3</strong></span> <span class='ocrx_word' id='word_1_400' title='bbox 575 2765 778 2820; x_wconf 85' lang='lat' dir='ltr'>peccatis</span> <span class='ocrx_word' id='word_1_401' title='bbox 799 2763 970 2808; x_wconf 89' lang='lat' dir='ltr'>nostris</span> <span class='ocrx_word' id='word_1_402' title='bbox 988 2763 1222 2833; x_wconf 83' lang='lat' dir='ltr'>praecipue</span> <span class='ocrx_word' id='word_1_403' title='bbox 1245 2776 1328 2820; x_wconf 90' lang='lat' dir='ltr'>per</span> <span class='ocrx_word' id='word_1_404' title='bbox 1347 2776 1480 2807; x_wconf 91' lang='lat' dir='ltr'>suam</span> <span class='ocrx_word' id='word_1_405' title='bbox 1501 2763 1783 2820; x_wconf 89' lang='lat' dir='ltr'>passionem</span> <span class='ocrx_word' id='word_1_406' title='bbox 1808 2776 1902 2807; x_wconf 92' lang='lat' dir='ltr'>non</span> <span class='ocrx_word' id='word_1_407' title='bbox 1927 2765 2078 2810; x_wconf 76' lang='lat' dir='ltr'>solum</span> 
     </span>
     <span class='ocr_line' id='line_1_43' title="bbox 201 2818 2080 2895; baseline 0.001 -26"><span class='ocrx_word' id='word_1_408' title='bbox 201 2824 483 2870; x_wconf 88' lang='lat' dir='ltr'>sufficienter</span> <span class='ocrx_word' id='word_1_409' title='bbox 503 2829 550 2870; x_wconf 90' lang='lat' dir='ltr'>et</span> <span class='ocrx_word' id='word_1_410' title='bbox 570 2825 817 2895; x_wconf 82' lang='lat' dir='ltr'>meritorie,</span> <span class='ocrx_word' id='word_1_411' title='bbox 843 2824 926 2869; x_wconf 86' lang='lat' dir='ltr'>sed</span> <span class='ocrx_word' id='word_1_412' title='bbox 945 2825 1083 2869; x_wconf 87' lang='lat' dir='ltr'>etiam</span> <span class='ocrx_word' id='word_1_413' title='bbox 1104 2825 1423 2870; x_wconf 82' lang='lat' dir='ltr'>satisfactorie.</span> <span class='ocrx_word' id='word_1_414' title='bbox 1448 2825 1662 2870; x_wconf 87' lang='lat' dir='ltr'>Similiter</span> <span class='ocrx_word' id='word_1_415' title='bbox 1685 2826 1823 2869; x_wconf 89' lang='lat' dir='ltr'>etiam</span> <span class='ocrx_word' id='word_1_416' title='bbox 1845 2837 1928 2882; x_wconf 88' lang='lat' dir='ltr'>per</span> <span class='ocrx_word' id='word_1_417' title='bbox 1945 2818 2080 2871; x_wconf 83' lang='lat' dir='ltr'>suam</span> 
     </span>
     <span class='ocr_line' id='line_1_44' title="bbox 199 2885 2079 2943; baseline 0 -12"><span class='ocrx_word' id='word_1_418' title='bbox 199 2885 466 2943; x_wconf 85' lang='lat' dir='ltr'>passionem</span> <span class='ocrx_word' id='word_1_419' title='bbox 489 2885 686 2930; x_wconf 84' lang='lat' dir='ltr'>initiavit</span> <span class='ocrx_word' id='word_1_420' title='bbox 703 2885 844 2931; x_wconf 89' lang='lat' dir='ltr'>ritum</span> <span class='ocrx_word' id='word_1_421' title='bbox 876 2885 1140 2930; x_wconf 83' lang='lat' dir='ltr'>christianae</span> <span class='ocrx_word' id='word_1_422' title='bbox 1176 2886 1430 2943; x_wconf 85' lang='lat' dir='ltr'>religionis,</span> <span class='ocrx_word' id='word_1_423' title='bbox 1452 2888 1638 2943; x_wconf 77' lang='lat' dir='ltr'>offerens</span> <span class='ocrx_word' id='word_1_424' title='bbox 1673 2890 1868 2943; x_wconf 81' lang='lat' dir='ltr'>seipsum</span> <span class='ocrx_word' id='word_1_425' title='bbox 1887 2887 2079 2931; x_wconf 78' lang='lat' dir='ltr'>oblatio-</span> 
     </span>
     <span class='ocr_line' id='line_1_45' title="bbox 199 2947 2078 3006; baseline 0.002 -15"><span class='ocrx_word' id='word_1_426' title='bbox 199 2960 300 2992; x_wconf 80' lang='lat' dir='ltr'>nem</span> <span class='ocrx_word' id='word_1_427' title='bbox 319 2950 365 2991; x_wconf 83' lang='lat' dir='ltr'>et</span> <span class='ocrx_word' id='word_1_428' title='bbox 379 2947 575 2991; x_wconf 76' lang='lat' dir='ltr'>hostiam</span> <span class='ocrx_word' id='word_1_429' title='bbox 593 2951 702 3004; x_wconf 82' lang='lat' dir='ltr'>Deo,</span> <span class='ocrx_word' id='word_1_430' title='bbox 726 2952 778 2991; x_wconf 90' lang='lat' dir='ltr'>ut</span> <span class='ocrx_word' id='word_1_431' title='bbox 800 2948 967 2993; x_wconf 89' lang='lat' dir='ltr'>dicitur</span> <span class='ocrx_word' id='word_1_432' title='bbox 991 2949 1169 3005; x_wconf 86' lang='lat' dir='ltr'>(Ephes.</span> <span class='ocrx_word' id='word_1_433' title='bbox 1192 2950 1254 3003; x_wconf 88' lang='lat' dir='ltr'>v).</span> <span class='ocrx_word' id='word_1_434' title='bbox 1279 2949 1405 2993; x_wconf 86' lang='lat' dir='ltr'>Unde</span> <span class='ocrx_word' id='word_1_435' title='bbox 1433 2949 1734 2993; x_wconf 87' lang='lat' dir='ltr'>manifestum</span> <span class='ocrx_word' id='word_1_436' title='bbox 1751 2953 1823 2994; x_wconf 90' lang='lat' dir='ltr'>est</span> <span class='ocrx_word' id='word_1_437' title='bbox 1858 2949 1983 3006; x_wconf 81' lang='lat' dir='ltr'>qued</span> <span class='ocrx_word' id='word_1_438' title='bbox 2005 2963 2078 2994; x_wconf 85' lang='lat' dir='ltr'>sa-</span> 
     </span>
     <span class='ocr_line' id='line_1_46' title="bbox 199 3009 2078 3068; baseline 0.002 -14"><span class='ocrx_word' id='word_1_439' title='bbox 199 3014 438 3054; x_wconf 90' lang='lat' dir='ltr'>cramenta</span> <span class='ocrx_word' id='word_1_440' title='bbox 461 3009 672 3053; x_wconf 86' lang='lat' dir='ltr'>Ecclesiae</span> <span class='ocrx_word' id='word_1_441' title='bbox 701 3010 959 3066; x_wconf 88' lang='lat' dir='ltr'>specialiter</span> <span class='ocrx_word' id='word_1_442' title='bbox 988 3011 1159 3055; x_wconf 89' lang='lat' dir='ltr'>habent</span> <span class='ocrx_word' id='word_1_443' title='bbox 1174 3010 1392 3056; x_wconf 88' lang='lat' dir='ltr'>virtutem</span> <span class='ocrx_word' id='word_1_444' title='bbox 1422 3024 1479 3055; x_wconf 88' lang='lat' dir='ltr'>ex</span> <span class='ocrx_word' id='word_1_445' title='bbox 1505 3010 1720 3067; x_wconf 90' lang='lat' dir='ltr'>passione</span> <span class='ocrx_word' id='word_1_446' title='bbox 1738 3010 1918 3067; x_wconf 74' lang='lat' dir='ltr'>Christi,</span> <span class='ocrx_word' id='word_1_447' title='bbox 1944 3011 2078 3068; x_wconf 89' lang='lat' dir='ltr'>cujus</span> 
     </span>
     <span class='ocr_line' id='line_1_47' title="bbox 200 3070 2078 3130; baseline 0.001 -14"><span class='ocrx_word' id='word_1_448' title='bbox 200 3070 348 3116; x_wconf 88' lang='lat' dir='ltr'>virtus</span> <span class='ocrx_word' id='word_1_449' title='bbox 355 3071 694 3128; x_wconf 82' lang='lat' dir='ltr'>quodammode</span> <span class='ocrx_word' id='word_1_450' title='bbox 703 3071 1085 3128; x_wconf 90' lang='lat' dir='ltr'>nobiscopulatur</span> <span class='ocrx_word' id='word_1_451' title='bbox 1093 3085 1174 3128; x_wconf 90' lang='lat' dir='ltr'>per</span> <span class='ocrx_word' id='word_1_452' title='bbox 1181 3074 1520 3130; x_wconf 86' lang='lat' dir='ltr'>susceptionem</span> <span class='ocrx_word' id='word_1_453' title='bbox 1530 3077 1940 3130; x_wconf 67' lang='lat' dir='ltr'>sacramentorum,</span> <span class='ocrx_word' id='word_1_454' title='bbox 1949 3073 1997 3117; x_wconf 91' lang='lat' dir='ltr'>in</span> <span class='ocrx_word' id='word_1_455' title='bbox 2004 3086 2078 3118; x_wconf 90' lang='lat' dir='ltr'>cu·</span> 
     </span>
     <span class='ocr_line' id='line_1_48' title="bbox 197 3132 2074 3193; baseline 0.001 -15"><span class='ocrx_word' id='word_1_456' title='bbox 197 3132 276 3190; x_wconf 76' lang='lat' dir='ltr'>ius</span> <span class='ocrx_word' id='word_1_457' title='bbox 284 3133 471 3190; x_wconf 86' lang='lat' dir='ltr'>signum</span> <span class='ocrx_word' id='word_1_458' title='bbox 484 3133 540 3178; x_wconf 89' lang='lat' dir='ltr'>de</span> <span class='ocrx_word' id='word_1_459' title='bbox 555 3133 696 3177; x_wconf 89' lang='lat' dir='ltr'>latere</span> <span class='ocrx_word' id='word_1_460' title='bbox 708 3133 871 3179; x_wconf 90' lang='lat' dir='ltr'>Christi</span> <span class='ocrx_word' id='word_1_461' title='bbox 890 3135 1133 3190; x_wconf 86' lang='lat' dir='ltr'>pendentis</span> <span class='ocrx_word' id='word_1_462' title='bbox 1150 3134 1196 3178; x_wconf 93' lang='lat' dir='ltr'>in</span> <span class='ocrx_word' id='word_1_463' title='bbox 1209 3147 1346 3180; x_wconf 90' lang='lat' dir='ltr'>cruce</span> <span class='ocrx_word' id='word_1_464' title='bbox 1362 3133 1597 3180; x_wconf 87' lang='lat' dir='ltr'>fluxerunt</span> <span class='ocrx_word' id='word_1_465' title='bbox 1608 3148 1728 3192; x_wconf 88' lang='lat' dir='ltr'>aqua</span> <span class='ocrx_word' id='word_1_466' title='bbox 1738 3140 1784 3180; x_wconf 92' lang='lat' dir='ltr'>et</span> <span class='ocrx_word' id='word_1_467' title='bbox 1802 3136 2074 3193; x_wconf 61' lang='lat' dir='ltr'>sanguisffl),</span> 
     </span>
    </p>
   </div>
   <div class='ocr_carea' id='block_1_5' title="bbox 198 3221 2078 3371">
    <p class='ocr_par' dir='ltr' id='par_1_9' title="bbox 198 3221 2078 3371">
     <span class='ocr_line' id='line_1_49' title="bbox 198 3221 2078 3276; baseline 0.001 -11"><span class='ocrx_word' id='word_1_468' title='bbox 198 3230 307 3265; x_wconf 81' lang='lat' dir='ltr'>virtus</span> <span class='ocrx_word' id='word_1_469' title='bbox 322 3229 526 3265; x_wconf 83' lang='lat' dir='ltr'>sacramenti</span> <span class='ocrx_word' id='word_1_470' title='bbox 546 3241 612 3263; x_wconf 90' lang='lat' dir='ltr'>non</span> <span class='ocrx_word' id='word_1_471' title='bbox 631 3228 786 3263; x_wconf 88' lang='lat' dir='ltr'>consistit</span> <span class='ocrx_word' id='word_1_472' title='bbox 804 3229 838 3263; x_wconf 85' lang='lat' dir='ltr'>iu</span> <span class='ocrx_word' id='word_1_473' title='bbox 862 3229 1003 3264; x_wconf 79' lang='lat' dir='ltr'>materia</span> <span class='ocrx_word' id='word_1_474' title='bbox 1026 3235 1096 3264; x_wconf 78' lang='lat' dir='ltr'>tan·</span> <span class='ocrx_word' id='word_1_475' title='bbox 1180 3221 1297 3265; x_wconf 58' lang='lat' dir='ltr'>undis</span> <span class='ocrx_word' id='word_1_476' title='bbox 1314 3241 1420 3275; x_wconf 80' lang='lat' dir='ltr'>aquoe</span> <span class='ocrx_word' id='word_1_477' title='bbox 1444 3235 1476 3267; x_wconf 78' lang='lat' dir='ltr'>et</span> <span class='ocrx_word' id='word_1_478' title='bbox 1494 3233 1691 3276; x_wconf 66' lang='lat' dir='ltr'>sanguinis</span> <span class='ocrx_word' id='word_1_479' title='bbox 1718 3233 1949 3275; x_wconf 79' lang='lat' dir='ltr'>formaretur</span> <span class='ocrx_word' id='word_1_480' title='bbox 1966 3233 2078 3267; x_wconf 76' lang='lat' dir='ltr'>unica</span> 
     </span>
     <span class='ocr_line' id='line_1_50' title="bbox 199 3277 2075 3324; baseline 0.001 -12"><span class='ocrx_word' id='word_1_481' title='bbox 199 3278 286 3318; x_wconf 71' lang='lat' dir='ltr'>ttun,</span> <span class='ocrx_word' id='word_1_482' title='bbox 305 3277 363 3312; x_wconf 84' lang='lat' dir='ltr'>sed</span> <span class='ocrx_word' id='word_1_483' title='bbox 377 3278 412 3312; x_wconf 90' lang='lat' dir='ltr'>in</span> <span class='ocrx_word' id='word_1_484' title='bbox 432 3277 577 3312; x_wconf 84' lang='lat' dir='ltr'>materia</span> <span class='ocrx_word' id='word_1_485' title='bbox 592 3283 626 3311; x_wconf 86' lang='lat' dir='ltr'>et</span> <span class='ocrx_word' id='word_1_486' title='bbox 640 3277 748 3311; x_wconf 80' lang='lat' dir='ltr'>forma</span> <span class='ocrx_word' id='word_1_487' title='bbox 766 3277 879 3311; x_wconf 87' lang='lat' dir='ltr'>simul.</span> <span class='ocrx_word' id='word_1_488' title='bbox 1182 3282 1215 3313; x_wconf 84' lang='lat' dir='ltr'>el</span> <span class='ocrx_word' id='word_1_489' title='bbox 1224 3279 1462 3315; x_wconf 77' lang='lat' dir='ltr'>immaculata</span> <span class='ocrx_word' id='word_1_490' title='bbox 1473 3292 1516 3315; x_wconf 86' lang='lat' dir='ltr'>ac</span> <span class='ocrx_word' id='word_1_491' title='bbox 1525 3282 1628 3324; x_wconf 75' lang='lat' dir='ltr'>virqo</span> <span class='ocrx_word' id='word_1_492' title='bbox 1636 3286 1764 3316; x_wconf 77' lang='lat' dir='ltr'>sancta</span> <span class='ocrx_word' id='word_1_493' title='bbox 1772 3283 1888 3314; x_wconf 79' lang='lat' dir='ltr'>mater</span> <span class='ocrx_word' id='word_1_494' title='bbox 1898 3280 2075 3321; x_wconf 79' lang='lat' dir='ltr'>Ecclesia,</span> 
     </span>
     <span class='ocr_line' id='line_1_51' title="bbox 241 3327 1494 3371; baseline 0 -9"><span class='ocrx_word' id='word_1_495' title='bbox 241 3329 285 3371; x_wconf 71' lang='lat' dir='ltr'>(i)</span> <span class='ocrx_word' id='word_1_496' title='bbox 309 3328 396 3363; x_wconf 87' lang='lat' dir='ltr'>Hinc</span> <span class='ocrx_word' id='word_1_497' title='bbox 424 3328 551 3363; x_wconf 86' lang='lat' dir='ltr'>dicitur</span> <span class='ocrx_word' id='word_1_498' title='bbox 580 3330 615 3361; x_wconf 85' lang='lat' dir='ltr'>in</span> <span class='ocrx_word' id='word_1_499' title='bbox 649 3327 790 3362; x_wconf 86' lang='lat' dir='ltr'>concilio</span> <span class='ocrx_word' id='word_1_500' title='bbox 822 3328 1006 3362; x_wconf 86' lang='lat' dir='ltr'>Viennensi</span> <span class='ocrx_word' id='word_1_501' title='bbox 1037 3328 1095 3362; x_wconf 85' lang='lat' dir='ltr'>suh</span> <span class='ocrx_word' id='word_1_502' title='bbox 1182 3329 1321 3371; x_wconf 76' lang='lat' dir='ltr'>conjttx</span> <span class='ocrx_word' id='word_1_503' title='bbox 1341 3328 1494 3362; x_wconf 69' lang='lat' dir='ltr'>Christi.</span> 
     </span>
    </p>
   </div>
   <div class='ocr_carea' id='block_1_6' title="bbox 200 3376 2137 3420">
    <p class='ocr_par' dir='ltr' id='par_1_10' title="bbox 200 3376 2137 3420">
     <span class='ocr_line' id='line_1_52' title="bbox 200 3376 2137 3420; baseline -0.002 -9"><span class='ocrx_word' id='word_1_504' title='bbox 200 3376 373 3411; x_wconf 84' lang='lat' dir='ltr'>Clemente</span> <span class='ocrx_word' id='word_1_505' title='bbox 393 3377 422 3411; x_wconf 92' lang='lat' dir='ltr'>V</span> <span class='ocrx_word' id='word_1_506' title='bbox 448 3390 455 3410; x_wconf 74' lang='grc' dir='ltr'><strong><em>ε</em></strong></span> <span class='ocrx_word' id='word_1_507' title='bbox 482 3377 527 3411; x_wconf 78' lang='lat' dir='ltr'>In</span> <span class='ocrx_word' id='word_1_508' title='bbox 546 3380 686 3410; x_wconf 69' lang='lat' dir='ltr'>natura</span> <span class='ocrx_word' id='word_1_509' title='bbox 713 3380 903 3420; x_wconf 76' lang='lat' dir='ltr'>assumpta</span> <span class='ocrx_word' id='word_1_510' title='bbox 922 3376 987 3410; x_wconf 82' lang='lat' dir='ltr'>Dei</span> <span class='ocrx_word' id='word_1_511' title='bbox 1012 3377 1095 3410; x_wconf 83' lang='lat' dir='ltr'>Ver·</span> <span class='ocrx_word' id='word_1_512' title='bbox 1223 3376 1267 3417; x_wconf 88' lang='lat'>(2)</span> <span class='ocrx_word' id='word_1_513' title='bbox 1293 3376 1388 3417; x_wconf 79' lang='lat' dir='ltr'>Qued</span> <span class='ocrx_word' id='word_1_514' title='bbox 1411 3388 1490 3410; x_wconf 83' lang='lat' dir='ltr'>vera</span> <span class='ocrx_word' id='word_1_515' title='bbox 1513 3377 1727 3411; x_wconf 81' lang='lat' dir='ltr'>elementaris</span> <span class='ocrx_word' id='word_1_516' title='bbox 1748 3387 1830 3417; x_wconf 81' lang='lat' dir='ltr'>aqua</span> <span class='ocrx_word' id='word_1_517' title='bbox 1858 3379 1897 3410; x_wconf 90' lang='lat' dir='ltr'>ut</span> <span class='ocrx_word' id='word_1_518' title='bbox 1922 3380 1955 3410; x_wconf 84' lang='lat' dir='ltr'>et</span> <span class='ocrx_word' id='word_1_519' title='bbox 1981 3388 2077 3410; x_wconf 82' lang='lat' dir='ltr'>verus</span> <span class='ocrx_word' id='word_1_520' title='bbox 2128 3410 2137 3418; x_wconf 47' lang='grc'>,-</span> 
     </span>
    </p>
   </div>
   <div class='ocr_carea' id='block_1_7' title="bbox 199 3423 2077 3515">
    <p class='ocr_par' dir='ltr' id='par_1_11' title="bbox 199 3423 2077 3515">
     <span class='ocr_line' id='line_1_53' title="bbox 200 3423 2077 3468; baseline -0.001 -9"><span class='ocrx_word' id='word_1_521' title='bbox 200 3424 301 3465; x_wconf 82' lang='lat' dir='ltr'>bum,</span> <span class='ocrx_word' id='word_1_522' title='bbox 328 3425 458 3459; x_wconf 79' lang='lat' dir='ltr'>emisso</span> <span class='ocrx_word' id='word_1_523' title='bbox 478 3427 561 3468; x_wconf 73' lang='lat' dir='ltr'>Jam</span> <span class='ocrx_word' id='word_1_524' title='bbox 577 3425 736 3466; x_wconf 70' lang='lat' dir='ltr'>spiritu,</span> <span class='ocrx_word' id='word_1_525' title='bbox 757 3425 948 3467; x_wconf 79' lang='lat' dir='ltr'>perforari</span> <span class='ocrx_word' id='word_1_526' title='bbox 969 3424 1095 3458; x_wconf 74' lang='lat' dir='ltr'>lamed</span> <span class='ocrx_word' id='word_1_527' title='bbox 1179 3424 1311 3464; x_wconf 82' lang='lat' dir='ltr'>sanguis</span> <span class='ocrx_word' id='word_1_528' title='bbox 1326 3423 1461 3459; x_wconf 85' lang='lat' dir='ltr'>fluxerit</span> <span class='ocrx_word' id='word_1_529' title='bbox 1480 3425 1556 3460; x_wconf 85' lang='lat' dir='ltr'>vide</span> <span class='ocrx_word' id='word_1_530' title='bbox 1572 3430 1686 3466; x_wconf 75' lang='lat' dir='ltr'>quaest.</span> <span class='ocrx_word' id='word_1_531' title='bbox 1706 3433 1796 3465; x_wconf 78' lang='lat' dir='ltr'>val,</span> <span class='ocrx_word' id='word_1_532' title='bbox 1816 3427 1879 3458; x_wconf 81' lang='lat' dir='ltr'>art.</span> <span class='ocrx_word' id='word_1_533' title='bbox 1900 3425 1918 3458; x_wconf 43' lang='lat' dir='ltr'>‘t</span> <span class='ocrx_word' id='word_1_534' title='bbox 1933 3424 1972 3458; x_wconf 75' lang='lat' dir='ltr'>ad</span> <span class='ocrx_word' id='word_1_535' title='bbox 1994 3425 2026 3465; x_wconf 80' lang='lat'>5,</span> <span class='ocrx_word' id='word_1_536' title='bbox 2044 3426 2077 3458; x_wconf 88' lang='lat' dir='ltr'>et</span> 
     </span>
     <span class='ocr_line' id='line_1_54' title="bbox 199 3471 1652 3515; baseline -0.001 -8"><span class='ocrx_word' id='word_1_537' title='bbox 199 3473 482 3508; x_wconf 72' lang='lat' dir='ltr'>sustinuitlatus</span> <span class='ocrx_word' id='word_1_538' title='bbox 499 3483 619 3512; x_wconf 79' lang='lat' dir='ltr'>suum,</span> <span class='ocrx_word' id='word_1_539' title='bbox 633 3475 674 3506; x_wconf 77' lang='lat' dir='ltr'>ut</span> <span class='ocrx_word' id='word_1_540' title='bbox 687 3471 821 3506; x_wconf 76' lang='lat' dir='ltr'>exinde</span> <span class='ocrx_word' id='word_1_541' title='bbox 829 3472 1111 3515; x_wconf 53' lang='lat' dir='ltr'>profluentibus</span> <span class='ocrx_word' id='word_1_542' title='bbox 1182 3477 1298 3513; x_wconf 81' lang='lat' dir='ltr'>quaest.</span> <span class='ocrx_word' id='word_1_543' title='bbox 1316 3481 1431 3514; x_wconf 66' lang='lat' dir='ltr'>LxXiv,</span> <span class='ocrx_word' id='word_1_544' title='bbox 1448 3477 1512 3508; x_wconf 78' lang='lat' dir='ltr'>art.</span> <span class='ocrx_word' id='word_1_545' title='bbox 1527 3474 1547 3506; x_wconf 84' lang='lat'><strong>7</strong></span> <span class='ocrx_word' id='word_1_546' title='bbox 1565 3473 1607 3506; x_wconf 81' lang='lat' dir='ltr'>ad</span> <span class='ocrx_word' id='word_1_547' title='bbox 1620 3475 1652 3508; x_wconf 80' lang='lat'>5.</span> 
     </span>
    </p>
   </div>
  </div>
 </body>
</html>
