2170 3808
153 97 238 142 132
419 58 425 64 ἡ
836 89 1036 142 QUAEST.
1065 87 1152 141 XV,
1183 86 1299 130 ΛΒΤ.
1328 86 1361 129 1.

158 348 220 383 DE
240 344 530 382 DEFECTIBUS
551 341 715 378 AMMAE
738 343 768 376 Α
790 339 989 376 CHRISTO
1011 337 1283 386 ASSUMPTIS,
1319 337 1367 372 ΙΝ
1400 337 1556 374 DECEM
1591 336 1849 374 ARTmULOS
1880 336 2050 372 mVISA„

211 440 364 482 Deinde
387 438 730 480 considerandum
759 440 819 477 est
837 436 887 477 de
902 435 1123 476 defectibus
1152 433 1453 486 pertinentibus
1478 434 1532 475 ad
1556 435 1766 481 animam;
1785 435 1824 472 et
1847 432 1951 472 circa
1979 431 2052 473 hoc

157 498 402 548 quaeruntur
419 494 585 534 decem:
611 498 647 531 1·
671 491 819 532 Utrum
838 491 880 530 in
905 491 1061 531 Christo
1083 490 1205 529 fuerit
1230 492 1453 541 peccatum.
1474 500 1521 518 -’-
1549 495 1587 528 2⁰
1614 488 1759 528 Utrum
1777 486 1823 526 in
1855 498 1901 526 eo
1931 485 2053 526 fuerit

161 552 288 592 fomes
307 550 472 600 peceati.
495 570 539 577 —-
563 553 603 587 3⁰
624 547 767 587 Utrum
786 547 829 586 in
859 557 904 586 eo
928 546 1050 585 fuerit
1072 545 1320 594 ignorantia.
1337 566 1385 572 —
1412 547 1453 583 4⁰
1475 544 1622 584 Utrum
1641 544 1782 582 anima
1809 542 1897 593 ejus
1929 542 2053 581 fuerit

159 603 383 657 passibilis.
401 624 448 632 -
465 608 504 642 5⁰
521 602 672 643 Utrum
691 603 734 641 in
758 613 805 641 eo
824 601 947 640 fuerit
966 600 1081 639 dolor
1107 598 1331 638 sensibiiis.
1349 620 1398 626 —
1420 605 1460 637 6⁰
1481 599 1628 638 Utrum
1650 598 1693 637 in
1720 608 1764 637 eo
1783 596 1906 636 fuerit
1929 596 2052 635 tristi-

157 660 232 700 tia.
255 681 301 689 -
325 663 365 699 7⁰
386 657 534 699 Utrum
547 658 591 697 in
611 670 657 696 eo
680 655 801 696 suerit
823 657 962 696 timor.
979 678 1026 684 —
1046 660 1083 694 8⁰
1104 655 1252 695 Utrum
1269 653 1312 693 in
1329 665 1374 693 eo
1397 652 1518 692 fuerit
1536 653 1771 693 admiratio.
1788 673 1836 682 —
1851 657 1891 691 9⁰
1907 650 2053 691 Utrum

155 713 202 753 in
227 724 274 753 eo
289 713 411 753 fuerit
425 714 500 752 ira.
520 735 570 741 —
599 717 659 751 ιοο
679 711 828 752 Utrum
850 711 978 749 simul
998 710 1123 749 fuerit
1137 709 1268 748 viator
1285 711 1325 747 et
1339 708 1663 759 comprehensor.

425 789 769 831 ARTICULUS
783 789 821 830 l.
839 811 895 817 —
910 799 1044 828 u'rnun
1065 798 1105 827 m
1121 796 1298 828 cums‘ro
1318 796 1469 826 runnu·
1487 796 1697 827 recemum
1710 783 1787 838 (1).

154 864 206 900 Do
222 863 276 901 hi·
287 864 391 900 etiam
405 863 507 905 infra,
524 868 641 906 quaest.
660 870 753 906 xxxi,
771 866 835 896 art.
853 861 887 901 7.
903 867 937 896 et
955 861 1050 895 Sent.
1072 868 1126 902 in,
1144 859 1220 894 dist.
1239 860 1272 900 6,
1299 866 1417 900 quaest.
1436 868 1448 893 ι
1467 870 1560 900 corp.
1575 857 1636 892 fin.
1661 862 1696 894 et
1712 857 1794 894 ‹iist-
1807 858 1862 900 42.
1874 862 1990 900 quaest.
2006 867 2050 901 u,

760 921 820 951 per
835 914 897 943 tot.
914 914 948 944 et
967 907 1082 950 quodi.
1096 915 1145 948 vl,
1168 912 1286 949 quoest.
1297 915 1346 947 xl,
1360 912 1426 942 art.
1441 908 1473 941 4.

210 974 276 1018 Ad
299 972 502 1030 primum
521 972 588 1016 sic
607 971 888 1028 proceditur.
916 974 934 1013 1
948 1004 958 1014 .
990 968 1180 1013 Videtur
1203 967 1329 1025 quod
1351 967 1399 1011 in
1429 966 1607 1012 Christo
1634 966 1774 1012 fuerit
1792 972 2050 1023 peccatum.

156 1034 328 1079 Dicitur
342 1034 467 1079 enim
483 1032 619 1087 (Psal.
641 1047 728 1088 xxi,
745 1035 810 1087 1):
832 1036 967 1086 Deus,
978 1035 1098 1074 Deus
1115 1043 1254 1085 meus,
1273 1032 1443 1085 respice
1457 1032 1505 1072 in
1519 1042 1590 1072 me
1611 1043 1622 1071 :
1647 1042 1787 1084 quare
1801 1042 1871 1072 me
1886 1030 2053 1073 dereli-

154 1100 293 1153 quisti
304 1096 327 1140 Ῥ
339 1097 468 1154 lonqe'
482 1098 513 1140 ὰ
527 1096 680 1139 salute
695 1109 796 1138 mea
813 1095 946 1138 verba
964 1094 1231 1137 delictorum
1246 1106 1461 1137 meorum.
1474 1092 1560 1137 Sed
1569 1093 1669 1136 haec
1686 1091 1827 1146 verba
1834 1092 2056 1136 dicuntur
2133 1114 2142 1124 ,

154 1170 213 1203 ex
230 1171 431 1215 persona
452 1159 599 1215 ipsius
618 1158 800 1212 Christi,
824 1163 877 1201 ut
894 1161 1020 1212 patet
1041 1168 1097 1200 ex
1117 1156 1205 1199 hoc
1227 1154 1353 1212 quod
1377 1155 1477 1211 ipse
1499 1166 1554 1199 ea
1575 1154 1622 1198 in
1638 1165 1826 1199 crucem
1845 1153 2050 1211 protulit.

153 1221 273 1275 Ergo
289 1221 474 1265 videtur
492 1220 617 1276 quod
639 1219 687 1263 in
703 1219 882 1263 Christo
902 1217 1075 1262 fuerint
1094 1217 1275 1262 delicta.

207 1287 249 1327 2.
282 1285 506 1327 Praeterea
522 1284 668 1337 (Rom.
689 1296 731 1337 v,
755 1284 843 1336 12),
865 1280 974 1325 dicit
1004 1279 1266 1336 Apostolus,
1293 1279 1416 1336 quod
1434 1279 1483 1322 in
1502 1279 1645 1324 Adam
1666 1292 1815 1322 omnes
1838 1292 2052 1336 peccave-

153 1348 277 1400 runt,
297 1345 407 1401 quia
425 1344 602 1389 scilicet
619 1342 669 1387 in
689 1355 744 1387 eo
757 1341 1045 1397 originaliter
1058 1342 1265 1387 fuerunt.
1281 1340 1369 1385 Sed
1384 1340 1593 1386 Christus
1608 1340 1748 1385 etiam
1767 1340 2053 1396 originaliter

153 1405 240 1451 fuit
261 1406 310 1450 in
334 1407 494 1452 Adam.
515 1408 634 1462 Ergo
651 1405 698 1448 in
716 1417 771 1449 eo
792 1403 1015 1460 peccavit.
1440 1447 1442 1450 .

208 1469 251 1512 3.
271 1469 512 1522 Praeterea,
533 1466 781 1523 Apostolus
804 1465 915 1511 dicit
933 1465 1086 1519 (Hebr.
1105 1479 1151 1519 11,
1172 1466 1243 1519 18)
1266 1464 1391 1521 quod
1413 1467 1462 1508 in
1480 1478 1530 1508 eo
1549 1467 1598 1507 in
1613 1477 1698 1519 quo
1713 1464 1925 1508 Christus
1942 1479 2058 1522 pas-2

153 1541 230 1571 sus
249 1533 315 1572 est
340 1533 381 1573 et
406 1533 618 1582 tentatus,
644 1532 801 1584 potens
827 1532 895 1571 est
928 1532 971 1570 et
996 1528 1069 1570 his
1094 1529 1170 1582 qui
1199 1530 1451 1583 tentantur,
1479 1526 1718 1570 auxiliari.
1745 1524 1830 1570 Sed
1851 1525 2052 1571 maxime

153 1589 480 1648 indigebamus
517 1590 689 1635 auxilio
708 1589 812 1647 ejus
833 1594 995 1634 contra
1018 1595 1277 1646 peccatum.
1299 1590 1418 1645 Ergo
1436 1588 1622 1633 videtur
1637 1587 1762 1644 quod
1777 1587 1826 1631 in
1845 1600 1901 1633 eo
1915 1589 2052 1634 fuerit

155 1658 417 1708 peccatum.

210 1717 254 1757 4.
285 1715 511 1758 Praeterea
535 1716 601 1769 (ll.
622 1715 723 1757 Cor.
746 1727 788 1767 v,
813 1715 905 1768 21),
930 1712 1100 1757 dicitur
1121 1711 1245 1768 quod
1264 1715 1385 1756 Deus
1408 1725 1510 1755 eum
1531 1714 1608 1767 qui
1629 1725 1718 1754 non
1738 1716 1928 1755 noverat
1946 1726 2050 1768 pec-

155 1780 327 1832 catum,
350 1776 527 1820 seilicet
541 1775 788 1827 Christum,
807 1788 894 1831 pro
915 1774 1039 1817 nobis
1057 1778 1294 1830 peccatum
1311 1776 1437 1827 fecit.
1459 1773 1544 1818 Sed
1565 1772 1681 1818 illud
1708 1772 1817 1817 vere
1838 1779 1910 1818 est
1928 1775 2054 1831 quod

156 1835 185 1879 a
200 1837 293 1880 Deo
312 1836 487 1880 factum
510 1841 598 1881 est.
618 1838 737 1891 Ergo
757 1835 805 1878 in
827 1835 1004 1879 Christo
1023 1834 1132 1878 vere
1155 1834 1243 1878 fuit
1265 1839 1523 1891 peccatum.

208 1900 251 1942 5.
277 1899 515 1954 Praeterea,
537 1898 658 1943 sicut
679 1898 969 1953 Augustinus
984 1896 1095 1942 dicit
1108 1896 1170 1951 (in
1190 1896 1308 1940 libro
1322 1900 1385 1940 De
1404 1908 1554 1953 agone
1569 1895 1819 1940 christiano
1832 1928 1845 1951 ,
1861 1908 1964 1953 cap.
1980 1900 2050 1956 11,

154 1958 205 2003 in
239 1960 359 2015 fin.),
382 1980 401 1998 ιι
425 1961 471 2004 in
496 1961 683 2004 homine
707 1959 884 2004 Christo
915 1971 966 2003 se
1003 1958 1139 2002 nobis
1173 1958 1232 2003 ad
1261 1959 1526 2015 exemplum
1549 1959 1656 2003 vitae
1687 1958 1884 2015 praebuit
1912 1959 2052 2005 Filius

151 2021 247 2066 Dei.
266 2041 285 2061 »
311 2021 397 2066 Sed
416 2022 555 2066 homo
579 2022 755 2078 indiget
773 2021 987 2077 exemplo
1004 2033 1099 2065 non
1123 2021 1274 2065 solum
1296 2021 1354 2065 ad
1374 2022 1498 2067 recte
1518 2020 1787 2078 vivendum,
1809 2021 1892 2065 sed
1913 2022 2051 2066 etiam

153 2081 214 2127 ad
234 2082 324 2127 hoc
342 2082 465 2138 quod
485 2083 709 2139 poeniteat
739 2083 797 2127 de
819 2083 1040 2140 peccatis.
1074 2085 1193 2139 Ergo
1215 2082 1400 2127 videtur
1422 2082 1546 2139 qued
1581 2082 1629 2126 in
1660 2082 1841 2127 Christo
1873 2082 2051 2128 debue-

152 2144 213 2188 rit
234 2156 340 2189 esse
363 2151 637 2201 peccatum3
674 2149 727 2189 ut
765 2145 822 2189 de
856 2144 1060 2201 peccatis
1096 2144 1365 2200 poenitendo
1382 2178 1394 2200 .‚
1430 2144 1715 2200 poenitentiae
1749 2143 1885 2188 nohis
1921 2146 2050 2191 daret

154 2206 438 2262 exemplum.

211 2267 295 2312 Sed
320 2272 479 2310 contra
500 2272 572 2311 est
589 2267 715 2324 quod
732 2267 832 2323 ipse
852 2266 962 2311 dicit
979 2269 1126 2322 (Joan.
1152 2281 1243 2325 vni,
1263 2270 1334 2322 46)
1356 2282 1366 2310 :
1389 2270 1498 2324 Quis
1517 2280 1575 2311 ex
1592 2267 1714 2310 vobis
1734 2273 1895 2324 arquet
1909 2283 1978 2313 me
1993 2272 2050 2314 de

150 2328 373 2385 peccato?

200 2395 493 2436 CONCLUSIO.
514 2418 560 2425 —
580 2395 684 2436 Csim
699 2396 888 2437 Christus
910 2396 1090 2436 derectus
1106 2400 1263 2437 nostros
1282 2397 1519 2448 susceperit,
1544 2399 1591 2437 ut
1610 2409 1682 2449 pro
1705 2398 1824 2439 nobis
1845 2398 2047 2442 satisface-

152 2452 228 2499 ret,
253 2454 302 2489 ut
316 2450 529 2489 veritatem
557 2449 753 2490 bumanae
779 2454 936 2490 naturae
961 2452 1257 2502 comprobaret,
1277 2455 1316 2491 et
1338 2452 1509 2492 virtutis
1531 2451 1765 2503 exemplum
1783 2452 1903 2494 nobis
1922 2454 2049 2505 fieret,

153 2505 272 2545 nullo
290 2504 412 2544 modo
431 2504 633 2545 detectum
654 2507 805 2557 peccati
825 2517 897 2546 nec
915 2508 1148 2557 originalis,
1170 2518 1242 2547 nec
1258 2507 1429 2547 actualis
1447 2508 1683 2558 assumpsit.
1728 2551 1732 2554 ,

207 2567 482 2623 Respondeo
519 2566 767 2612 dicendum
805 2568 947 2624 quod,
983 2568 1105 2614 sicut
1135 2582 1277 2626 supra
1308 2570 1483 2615 dictum
1516 2576 1587 2615 est
1620 2573 1722 2623 (art.
1754 2574 1775 2616 1
1814 2577 1861 2617 et
1889 2575 1917 2617 2
1946 2573 2045 2631 hui.

153 2631 353 2685 quaest.)‚
378 2629 584 2673 Christus
602 2629 808 2686 suscepit
830 2631 1040 2675 defectus
1063 2638 1263 2686 nostros,
1283 2637 1334 2676 ut
1352 2645 1436 2689 pro
1458 2632 1590 2676 nobis
1611 2632 1914 2688 satisfaceret,
1935 2640 1980 2679 et
1999 2640 2050 2680 ut

156 2690 393 2735 veritatem
415 2691 632 2735 humanae
655 2697 832 2736 naturae
855 2692 1193 2748 comprobaret,
1219 2700 1265 2738 et
1286 2699 1338 2738 ut
1362 2694 1495 2738 nobis
1518 2694 1648 2738 fieret
1669 2695 1933 2751 exemplum
1957 2696 2048 2741 vir-

151 2751 280 2796 tutis.
301 2752 565 2796 Secundum
585 2765 689 2809 quae
709 2753 793 2797 tria
813 2754 1110 2799 manifestum
1129 2761 1200 2800 est
1217 2755 1339 2812 quod
1363 2755 1592 2800 desectum
1618 2757 1790 2811 peccati
1809 2770 2050 2804 assumere

153 2825 248 2857 non
279 2813 454 2858 debuit.
494 2814 642 2858 Primo
675 2815 880 2871 quidem,
903 2817 1014 2872 quia
1036 2823 1276 2873 peccatum
1314 2818 1424 2862 nihil
1448 2824 1668 2874 operatur
1697 2819 1752 2862 ad
1774 2819 2048 2865 satisfactio-

150 2886 260 2919 nem
277 2888 289 2919 :
311 2875 518 2932 quinimo
532 2876 750 2921 virtutem
767 2878 1096 2923 satisfactionis
1113 2879 1331 2935 impedit3
1348 2879 1474 2935 quia,
1488 2885 1537 2923 ut
1550 2879 1718 2924 dicitur
1733 2881 1887 2933 (Eccli.
1905 2896 2046 2940 xxxiv,

150 2938 241 2990 23),
266 2937 386 2979 dona
412 2940 668 2993 iniquorum
690 2952 780 2982 non
794 2940 958 2995 probat
980 2940 1257 2984 AltissimuS.
1277 2940 1491 2985 Similiter
1509 2941 1647 2985 etiam
1667 2954 1724 2986 ex
1748 2948 1936 2997 peccato
1955 2956 2048 2988 non

151 2996 497 3043 demonstratur
525 3000 695 3045 veritas
726 3001 944 3045 humanae
974 3007 1180 3058 naturae3
1206 3002 1320 3060 quia
1356 3006 1598 3059 peceatum
1634 3015 1727 3047 non
1761 3004 1959 3060 pertinet
1989 3004 2049 3050 ad

192 3133 237 3176 (4)
252 3133 303 3168 De
316 3133 382 3169 fide
407 3139 459 3170 est
475 3135 512 3170 in
536 3136 706 3171 Christum
728 3150 795 3173 non
823 3137 923 3172 fuisse
939 3150 1054 3180 pecca·
1139 3140 1310 3183 pontifex
1328 3143 1478 3175 sanctus
1492 3166 1501 3181 ,
1520 3141 1699 3174 innocens
1712 3165 1720 3180 ,
1739 3140 1979 3183 impollutus,
1994 3151 2047 3177 se-

150 3184 236 3223 tum,
267 3187 305 3215 ut
334 3187 423 3221 patet
451 3195 491 3217 ex
519 3184 702 3225 scripturis
726 3198 735 3220 z
773 3186 963 3221 Tentatum
989 3196 1057 3229 per
1141 3192 1316 3231 gregatas
1332 3188 1355 3221 ὰ
1372 3188 1625 3230 peccatoribus
1641 3186 1759 3229 (Hebr.
1784 3188 1858 3229 vn).
1879 3189 1952 3230 Qui
1970 3199 2048 3231 pec·

150 3230 275 3265 omnia
295 3229 427 3273 absque
444 3236 590 3272 peccato
608 3233 723 3269 (Hebr.
746 3235 805 3275 iv),
833 3235 1058 3277 Venitprin-
1142 3238 1264 3269 cacum
1291 3246 1365 3270 non
1392 3235 1492 3278 fecit,
1518 3246 1583 3270 nec
1610 3235 1720 3271 dolus
1749 3237 1919 3271 inventus
1942 3238 2045 3272 estin

150 3287 231 3322 ceps
249 3278 379 3311 mundo¹
396 3279 505 3321 huJ'us
526 3283 558 3314 et
579 3280 622 3314 in
637 3291 720 3315 eum
735 3293 810 3316 non
830 3283 934 3318 habet
952 3283 1057 3326 quid·
1144 3293 1207 3318 ore
1223 3293 1303 3327 ejus
1320 3285 1362 3326 (Ι,
1383 3285 1454 3318 Pet.
1475 3285 1527 3323 ιι).

147 3335 257 3369 quam
271 3326 381 3367 (Joau.
396 3335 480 3369 xiv),
501 3327 601 3363 Talis
624 3329 769 3364 decebat
787 3335 827 3366 ut
846 3331 951 3365 nobis
972 3331 1061 3366 esset·
