2170 3808
197 224 250 266 92
756 209 963 262 QUAEST.
987 208 1099 260 VIII,
1123 207 1245 248 ART.
1266 207 1320 249 vl
1352 207 1418 249 ET
1446 207 1537 249 VII.

198 299 460 350 secundum
495 295 612 341 illud
650 293 825 350 (Amos.
849 301 918 345 VI,
945 289 984 347 1)
1014 304 1025 334 :
1065 289 1297 344 Optimates
1336 289 1480 343 capita
1506 288 1791 343 populorum‚·
1828 285 2094 334 differenter

196 369 356 410 tamen
371 361 400 406 a
417 357 617 404 Christo.
639 353 797 400 Primo
821 352 1011 410 quidem
1035 350 1263 408 quantum
1287 350 1345 394 ad
1367 350 1458 395 hoc
1482 348 1608 406 quod
1631 347 1843 393 Christus
1863 351 1935 393 est
1956 352 2096 405 caput

199 425 412 473 omnium
435 430 600 466 eorum
627 417 708 475 qui
732 409 797 461 ad*
814 414 1073 460 Ecclesiam
1095 413 1331 469 pertinent
1357 411 1616 457 secundum
1641 421 1830 456 omnem
1853 410 2027 464 locum,
2051 415 2099 457 et
2156 419 2170 455 ⁴.

197 493 401 543 tempus,
417 486 462 528 et
479 485 653 527 statum
669 494 680 534 ;
699 478 779 524 alii
796 482 951 523 autem
972 476 1191 522 homines
1209 475 1428 519 dicuntur
1440 473 1594 530 capita
1609 471 1869 519 secundum
1882 473 2102 529 quaedam·
2127 472 2146 532 4
2167 470 2170 475 “

201 546 426 605 specialia
448 545 569 597 loca,
596 542 719 588 sicut
746 540 956 597 episcopi
981 549 1175 584 suarum
1200 537 1543 590 Ecclesiarum;
1567 535 1641 580 vel
1663 534 1803 579 etiam
1836 535 2098 582 secundum

201 608 563 656 determinatum
586 609 789 660 tempus,
815 603 940 648 sicut
961 612 1082 657 papa
1102 604 1172 646 est
1193 603 1331 655 caput
1351 599 1498 645 totius
1522 597 1757 651 Ecclesiae,
1773 596 1955 642 scilicet
1982 600 2099 642 tem·
2129 634 2150 665 e

200 683 314 729 pore
339 669 415 716 sui
442 666 775 726 pontificatus3
802 668 848 710 et
871 663 1133 710 secundum
1158 662 1517 707 determinatum
1555 662 1899 716 statum,prout
1920 659 2102 706 scilicet
2127 666 2159 740 ξ’,

203 737 315 781 sunt
335 733 387 778 in
411 735 535 778 statu
552 729 763 775 viatoris.
778 727 882 773 Alio
901 725 1059 780 m0d0‚
1076 724 1188 782 quia
1207 724 1420 770 Christus
1437 728 1509 770 est
1523 727 1661 780 caput
1677 721 1897 767 Ecclesiae
1913 722 2103 778 propria
2131 742 2165 787 Διιἡ

200 796 370 842 virtute
390 797 436 839 et
461 792 765 845 auctoritate3
793 789 872 835 alii
895 788 1006 834 vero
1032 788 1251 833 dicuntur
1274 787 1441 841 capita,
1459 786 1739 843 inquantum
1757 785 1908 829 vicem
1931 786 2102 842 gerunt
2130 787 2165 853 ,ᾗ

204 857 375 905 Christi
413 856 489 914 (1),
523 853 784 901 secundum
821 851 939 895 illud
977 850 1049 907 (ΙΙ.
1069 851 1172 895 Cor.
1194 861 1246 903 11,
1274 849 1342 906 10)
1369 851 1515 895 :Nam
1550 851 1591 891 et
1611 861 1685 902 eqo
1722 847 1835 902 quod
1869 847 2043 896 donavi,
2063 848 2104 892 so·

203 920 311 977 quid
333 919 493 962 donavi
510 919 688 972 propter
701 927 773 958 vos
798 916 845 956 in
861 925 1047 969 persona
1070 912 1252 964 Christi3
1270 914 1316 955 et
1338 910 1597 956 secundum
1614 910 1730 954 illud
1746 909 1817 966 (II.
1831 907 2100 965 Cor.v,20):
2145 915 2169 967 ῗε.

201 985 286 1026 Pro
309 982 475 1026 Christo
499 980 707 1032 legatione
728 977 974 1029 funqimur,
996 977 1204 1028 tanquam
1226 976 1310 1016 Deo
1333 974 1583 1016 eoehortante
1600 985 1680 1027 per
1702 985 1792 1016 nos.
2134 971 2167 1027 'sj

254 1037 321 1083 Ad
349 1041 547 1095 primum
571 1050 683 1095 ergo
706 1037 956 1082 dicendum
971 1071 983 1094 ,
1011 1037 1138 1095 quod
1159 1036 1356 1081 verbum
1383 1035 1499 1080 illud
1527 1034 1820 1092 intelligitur,
1843 1029 2104 1077 secundum

200 1097 326 1156 quod
345 1099 461 1144 ratio
480 1099 645 1156 capitis
661 1099 983 1144 consideratur
997 1111 1054 1143 ex
1072 1099 1287 1144 exteriori
1306 1097 1663 1155 gubernatione,
1681 1098 1821 1154 prout
1837 1093 2006 1140 dicitur
2021 1105 2103 1140 rex
2138 1100 2167 1154 4'2}

201 1165 343 1217 caput
364 1160 497 1217 regni
522 1161 608 1204 sui.
2150 1161 2165 1218 J.

255 1222 323 1267 Ad
339 1223 587 1266 secundum
607 1222 873 1275 dicendum,
891 1220 1016 1278 quod
1041 1222 1178 1266 homo
1198 1233 1290 1265 non
1313 1221 1393 1266 dat
1412 1219 1610 1276 gratiam
1630 1218 1827 1264 interius
1843 1215 2102 1271 influendo,
2153 1230 2165 1250 2

207 1284 290 1331 sed
313 1285 520 1330 exterius
545 1284 869 1342 persuadendo
888 1282 946 1328 ad
968 1295 1024 1327 ea
1045 1296 1150 1340 quae
1171 1290 1283 1328 sunt
1306 1283 1482 1338 gratiae.

255 1346 322 1391 Ad
341 1349 528 1390 tertium
547 1346 814 1403 dicendum,
832 1345 974 1402 quod,
991 1345 1113 1390 sicut
1130 1345 1419 1402 Augustinus
1433 1343 1544 1389 dicit
1559 1344 1718 1402 (super
1734 1345 1866 1388 Joan.
1883 1345 2017 1387 tract.
2031 1343 2118 1405 46„
2144 1353 2165 1380 f·

202 1407 249 1452 in
269 1408 428 1465 med),
450 1427 470 1446 «
495 1408 535 1452 si
557 1407 790 1466 praepositi
813 1406 1027 1452 Ecclesiae
1046 1411 1259 1464 pastores
1278 1410 1416 1462 sunt,
1436 1405 1670 1463 quomodo
1688 1417 1814 1450 unus
1837 1407 1997 1461 pastor
2018 1407 2105 1460 est,
2135 1414 2163 1455 ῑ

202 1469 295 1514 nisi
313 1469 423 1527 quia
441 1474 554 1515 sunt
572 1469 637 1514 illi
657 1482 819 1514 omnes
837 1469 981 1514 unius
998 1470 1209 1514 membra
1223 1468 1450 1526 pastoris?
1471 1486 1492 1507 »
1514 1470 1569 1512 Et
1586 1467 1796 1513 similiter
1811 1465 1889 1511 alii
1909 1469 2107 1522 possunt
2136 1492 2142 1518 ,-
2159 1503 2165 1510 4,

203 1530 624 1587 ᾶίοἰῐυῐιᾱεῐῐιθηῑᾶ
649 1537 696 1577 et
727 1532 905 1590 capita,
931 1531 1211 1588 inquantum
1238 1535 1350 1576 sunt
1380 1530 1524 1575 unius
1549 1529 1713 1587 capitis
1739 1534 1786 1574 et
1813 1527 2114 1573 fundamenti*
2163 1530 2164 1534 ’

202 1594 429 1640 membra.
446 1597 500 1639 Et
518 1600 690 1651 tamen,
709 1595 831 1639 sicut
848 1595 1136 1652 Augustinus
1155 1594 1328 1640 ibidem
1346 1595 1498 1649 (tract.
1511 1596 1584 1650 47,
1600 1593 1721 1638 inter
1735 1591 1885 1650 princ.
1902 1594 1949 1636 et
1962 1591 2106 1648 med.)
2160 1591 2163 1610 ⁵

203 1654 334 1715 dicit,
360 1673 380 1694 «ι
404 1661 639 1713 pastorem
662 1668 767 1701 esse
789 1655 916 1701 dedit
939 1656 1161 1701 membris
1182 1656 1305 1712 suis3
1330 1655 1502 1700 ostium
1525 1654 1637 1700 vero
1656 1666 1794 1700 nemo
1823 1655 2034 1697 nostrum
2056 1659 2108 1699 se
2131 1666 2155 1711 ³·ss

202 1716 334 1773 dicit3
362 1718 451 1763 hoc
469 1718 556 1762 sibi
579 1718 680 1775 ipse
701 1719 940 1775 proprium
962 1719 1127 1762 tenuit.
1153 1737 1172 1758 »
1195 1720 1249 1763 Et
1269 1718 1359 1762 hoc
1375 1716 1480 1762 ideo
1495 1716 1606 1774 quia
1622 1716 1672 1761 in
1691 1716 1811 1761 ostio
1832 1714 2108 1771 importatur

203 1780 473 1837 principans
486 1780 753 1837 auctoritas,
772 1780 1052 1837 inquantum
1075 1779 1248 1824 ostium
1268 1784 1342 1825 est
1359 1792 1443 1836 per
1456 1778 1585 1836 quod
1598 1790 1764 1823 omnes
1781 1775 2108 1834 ingrediuntur
2126 1778 2161 1841 4

203 1841 250 1885 in
272 1843 486 1899 domum3
517 1849 563 1888 et
584 1844 684 1900 ipse
703 1843 833 1887 solus
853 1844 1059 1888 Christus
1079 1847 1151 1887 est
1178 1856 1264 1899 per
1282 1855 1413 1899 quem
1435 1854 1666 1885 accessum
1684 1840 1902 1885 habemus
1923 1842 1973 1883 in
1995 1846 2115 1897 gyra-⁴

204 1907 319 1948 tiam
344 1908 483 1948 istam
508 1908 558 1948 in
581 1919 673 1961 qua
697 1909 869 1949 stamus
894 1907 1041 1960 (Rom.
1064 1918 1109 1961 v,
1129 1907 1174 1959 2)
1201 1906 1287 1961 (2)3
1312 1916 1397 1961 per
1421 1903 1512 1948 alia
1529 1902 1641 1949 vero
1671 1902 1860 1948 nomina
1887 1901 2108 1959 praedicta
2130 1902 2147 1961 ἦ

202 1970 355 2022 potest
369 1967 606 2023 importari
624 1967 876 2011 auctoritas
892 1978 986 2011 non
1003 1966 1158 2011 solum
1173 1966 1458 2023 principalis,
1476 1966 1560 2011 sed
1574 1966 1713 2010 etiam
1730 1964 2023 2010 secundaria.
2140 2009 2149 2015 „

314 2031 658 2073 ARTICULUS
680 2031 786 2072 Vll.
806 2052 862 2061 --
884 2042 1020 2079 ornum
1050 2041 1250 2072 eunomus
1273 2041 1336 2074 sir
1358 2041 1490 2072 citrur
1514 2040 1672 2072 cunum
1699 2040 1895 2071 mmmm
1917 2028 1992 2082 (3).
2114 2027 2149 2082 ξ

851 2100 899 2133 De
919 2100 971 2134 his
995 2100 1100 2134 etiam
1118 2099 1222 2140 infra,
1243 2104 1309 2134 art.
1322 2100 1343 2133 8
1363 2111 1457 2144 corp.
1963 2104 1975 2120 ’
2125 2075 2153 2147 A:

258 2154 327 2199 Ad
355 2153 607 2210 septimum
641 2153 708 2197 sic
736 2153 1016 2210 proceditur.
1049 2157 1093 2198 1.
1123 2153 1312 2198 Videtur
1342 2153 1466 2211 quod
1499 2152 1714 2198 diabolus
1744 2165 1839 2197 non
1873 2153 1934 2198 sit
1968 2156 2108 2210 caput

204 2215 452 2261 malorum.
465 2214 533 2260 Ad
551 2214 777 2259 rationem
793 2215 918 2259 enim
938 2215 1102 2271 capitis
1119 2215 1319 2271 pertinet
1333 2214 1458 2270 qued
1473 2214 1639 2260 influat
1655 2227 1848 2260 sensum
1864 2218 1910 2259 et
1927 2219 2106 2259 motum

204 2277 253 2322 in
282 2276 508 2331 membra,
533 2282 587 2319 ut
612 2275 722 2321 dicit
751 2276 967 2332 quaedam
998 2276 1157 2320 Glossa
1175 2275 1309 2331 (Petri
1338 2276 1516 2331 Lomb.)
1539 2288 1681 2333 super
1704 2275 1820 2321 illud
1849 2275 2030 2333 (Ephes.
2053 2277 2104 2331 1):
2166 2203 2170 2403 J

203 2344 358 2396 Ipsum
376 2338 503 2381 dedit
520 2341 675 2394 caput,
690 2343 778 2381 etc.
795 2338 883 2382 Sed
899 2338 1114 2383 diabolus
1129 2351 1224 2383 non
1243 2337 1384 2382 habet
1398 2338 1618 2384 virtutem
1637 2337 1863 2384 influendi
1881 2337 2108 2383 malitiam
2147 2362 2156 2368 ›

204 2399 406 2458 peccati,
430 2398 556 2455 quod
577 2411 636 2443 ex
661 2399 901 2443 voluntate
924 2400 1162 2456 peccantis
1192 2400 1416 2457 procedit.
1449 2402 1568 2457 Ergo
1592 2400 1807 2446 diabolus
1828 2412 1923 2445 non
1954 2405 2108 2458 potest
2163 2430 2170 2726 4

206 2462 298 2508 dici
320 2468 460 2518 caput
481 2460 728 2505 malorum.
2111 2502 2117 2507 .

260 2527 302 2568 2.
334 2526 583 2580 Praeterea,
608 2534 692 2578 per
720 2522 959 2579 quodlibet
988 2527 1232 2579 peccatum
1265 2522 1316 2567 fit
1345 2524 1483 2567 homo
1510 2522 1680 2568 malus.
1706 2523 1793 2569 Sed
1825 2536 1920 2569 non
1949 2524 2125 2570 omnia?

205 2589 396 2643 peccata
410 2588 522 2635 sunt
537 2584 565 2628 a
579 2583 762 2628 diabolo
777 2598 788 2627 :
804 2583 927 2639 quod
943 2583 1132 2640 quidem
1150 2583 1450 2629 manifestum
1465 2588 1538 2629 est
1554 2584 1613 2630 de
1626 2584 1829 2642 peccatis
1842 2585 2107 2631 daemonum
2129 2630 2141 2642 ¹.

205 2647 285 2706 qui
317 2659 413 2692 non
443 2658 501 2691 ex
532 2645 834 2702 persuasione
863 2645 1055 2690 alterius
1083 2652 1427 2702 peccaverunt:
1453 2647 1663 2692 similiter
1685 2647 1825 2692 etiam
1853 2659 1940 2692 nec
1968 2660 2127 2693 omne-¹

205 2712 447 2767 peccatum
461 2707 664 2752 hominis
680 2719 739 2752 ex
758 2707 942 2752 diabolo
957 2707 1191 2764 proceditz
1206 2707 1375 2753 dicitur
1386 2708 1511 2753 enim
1532 2708 1630 2764 (lib.
1649 2710 1711 2753 De
1726 2709 1892 2754 eccles.
1907 2708 2102 2765 dogma·
2163 2739 2167 2776 4

207 2771 347 2829 tibus,
364 2783 468 2827 cap.
489 2773 559 2824 82)
574 2785 585 2814 ι
603 2787 624 2808 «
645 2772 742 2814 Non
763 2782 926 2814 omnes
944 2770 1248 2827 cogitationes
1270 2775 1442 2816 nostrae
1462 2771 1597 2816 malae
1615 2782 1802 2828 semper
1816 2770 1987 2816 diaboli
2009 2762 2129 2817 ins-5

208 2834 353 2879 tinctu
382 2832 666 2888 excitantur3
695 2833 778 2877 sed
798 2832 1040 2890 aliquoties
1061 2845 1119 2877 ex
1140 2837 1271 2877 motu
1292 2832 1469 2879 arbitrii
1491 2832 1638 2878 nostri
1657 2837 1920 2888 emergunt.
1943 2852 1963 2872 »
1989 2835 2110 2890 Ergo
2124 2830 2139 2847 ²

206 2895 417 2943 diabolus
440 2908 536 2940 non
560 2899 633 2940 est
654 2899 794 2952 caput
815 2895 1026 2940 omnium
1049 2895 1294 2940 malorum.
2120 2885 2131 2909 ⁹
2161 2840 2167 2941 i

260 2963 303 3004 3.
333 2960 580 3014 Praeterea‚
618 2970 767 3002 unum
798 2964 940 3014 caput
969 2957 1051 3002 uni
1085 2958 1266 3020 corpori
1302 2956 1569 3015 praeficitur.
1604 2957 1692 3003 Sed
1728 2960 1823 3002 tota
1857 2957 2105 3003 multitudo
2112 2952 2131 3015 j
2161 2979 2166 3035 Ι

210 3020 434 3066 malorum
463 3032 557 3064 non
583 3019 768 3065 videtur
786 3020 959 3065 habere
983 3019 1159 3077 aliquid
1188 3020 1236 3064 in
1260 3032 1354 3077 quo
1382 3019 1632 3064 uniantur:
1653 3018 1764 3077 quia
1785 3019 1960 3064 malum
1983 3019 2126 3064 malo*

206 3081 433 3137 contingit
447 3093 552 3126 esse
567 3082 855 3125 contrarium
870 3086 942 3126 :et
959 3080 1187 3137 contingit
1205 3081 1343 3126 etiarn
1362 3095 1419 3126 ex
1438 3081 1633 3126 diversis
1651 3080 1987 3138 defectibus‚ut
2001 3079 2138 3126 Dio-
2168 3086 2170 3136 g

2158 3049 2165 3241 ξ

2157 3259 2162 3311 l

2155 3343 2160 3466 ἐ

249 3216 384 3259 (1)Νοιι
402 3216 513 3258 capita
538 3218 643 3252 totius
670 3219 822 3253 Ecclesiae
846 3219 883 3253 in
899 3219 1109 3260 universum,
1196 3220 1270 3255 Per
1290 3221 1411 3263 ipsum
1435 3220 1608 3254 habemus
1628 3228 1816 3254 accessum
1841 3218 1944 3253 ambo
1965 3219 2105 3261 (Judoee

209 3265 262 3301 ted
288 3263 497 3305 singularum
525 3265 751 3300 Ecclesiarum
774 3267 958 3308 respective
975 3279 983 3300 :
1007 3267 1112 3301 totius
1196 3272 1228 3303 et
1245 3268 1408 3310 gentiles)
1425 3268 1468 3302 in
1480 3277 1555 3302 uno
1575 3268 1716 3310 spiritu
1732 3265 1781 3301 ad
1795 3266 1961 3306 Patrem,
1981 3273 2046 3302 etc.

209 3312 298 3347 enim
320 3312 475 3347 Ecclesia,
501 3312 692 3348 universale
715 3318 815 3354 caput
846 3326 914 3349 esse
937 3314 978 3349 ad
1002 3314 1110 3350 solum
1238 3316 1283 3358 (5)
1305 3317 1344 3350 In
1367 3316 1431 3350 hoc
1449 3314 1591 3350 articulo
1607 3314 1703 3349 docet
1723 3315 1759 3349 S.
1788 3315 1913 3348 Doctor
1928 3314 2103 3351 diabolum

210 3361 346 3395 Petrum
376 3366 408 3395 et
434 3372 637 3396 successores
665 3363 758 3397 Petri
782 3367 909 3404 spectat
935 3376 944 3398 ε
966 3364 1054 3399 sicut
1078 3368 1113 3399 et
1195 3364 1252 3405 qui
1272 3368 1322 3398 est
1336 3363 1471 3398 Lucifer
1484 3369 1517 3396 et
1539 3362 1696 3404 princeps
1714 3362 1958 3397 demoniorum
1975 3362 2103 3398 dicitur

209 3408 435 3443 Christi·vices
463 3409 615 3449 plenarie
641 3421 768 3449 gerere.
1197 3424 1264 3447 esse
1281 3418 1380 3453 caput
1398 3411 1552 3446 omnium
1568 3410 1750 3452 malorum,
1771 3410 1881 3452 quoad
1896 3411 2100 3446 exteriorem

248 3457 290 3497 (2)
312 3457 380 3492 Nec
403 3457 559 3491 dissimili
592 3456 761 3493 locutione
785 3458 919 3501 (Ephes.
950 3466 989 3500 ιΙ,
1015 3459 1072 3501 18)
1101 3472 1109 3493 :
1197 3460 1488 3499 gubernationem.
