2170 3808
130 192 217 235 362
793 191 993 242 QUAEST.
1023 191 1161 247 XLIV,
1193 192 1311 235 ART.
1341 191 1375 235 l.

133 272 183 317 in
205 284 332 329 eum,
354 271 614 318 secundum
633 271 751 317 illud
772 272 916 326 (Joan.
936 286 1011 327 xii,
1035 274 1107 327 31)
1132 287 1144 317 z
1169 276 1299 317 Nunc
1319 276 1531 332 princeps
1550 275 1685 331 haffus
1704 274 1865 319 mundi
1887 276 2033 331 ejicie-

135 338 211 377 tur
231 335 379 389 fords.
399 335 454 377 Et
471 333 578 378 ideo
597 333 886 378 conveniens
904 333 992 379 fuit
1017 334 1145 393 quod
1165 334 1288 379 inter
1306 334 1397 379 alia
1412 336 1636 381 miracula
1659 336 1797 380 etiam
1817 335 2037 381 obsessos

134 395 163 440 ὰ
184 394 478 445 daemonibus
499 395 732 440 liberaret.

188 456 256 502 Ad
287 460 489 513 primum
517 468 631 514 ergo
664 457 933 515 dicendum,
965 456 1093 514 quod
1113 457 1328 503 homines
1349 457 1472 504 sicut
1495 472 1580 517 per
1600 458 1831 504 Christum
1853 462 1988 504 erant
2009 457 2037 504 a

134 523 362 575 potestate
381 518 652 564 daemonum
673 519 922 576 liberandi,
948 518 1014 564 ita
1035 530 1119 575 per
1139 530 1250 564 eum
1268 525 1403 565 erant
1426 521 1606 578 angelis
1623 520 1941 575 consociandi,
1964 532 2037 566 se·

134 579 342 625 cundum
365 579 484 625 illud
503 581 693 637 (Coloss.
715 594 746 638 1,
767 583 835 635 20)
859 595 871 624 ε
891 582 1145 635 Pacificans
1165 594 1250 636 per
1276 584 1541 638 sanquinem
1567 585 1712 627 crucis
1732 585 1845 637 ejus,
1868 594 1968 638 quae
1987 584 2037 626 in

134 641 276 698 coelis,
301 643 346 685 et
366 654 463 698 quae
480 644 530 686 in
551 645 687 686 terris
708 645 831 686 sunt.
863 643 918 685 Et
936 640 1043 686 ideo
1060 641 1184 685 circa
1203 642 1398 699 angelos
1418 641 1508 687 alia
1526 643 1750 689 miracula
1769 642 2037 689 hominibus

133 702 455 748 demonstrare
474 716 569 748 non
591 703 914 759 conveniebat,
938 702 1028 748 nisi
1043 707 1096 747 ut
1113 703 1268 761 angeli
1284 703 1551 750 hominibus
1570 712 1846 763 apparerent
1873 720 1884 749 ε
1909 704 2038 762 quod

133 765 323 823 quidem
345 765 522 811 factum
543 765 686 811 estin
715 765 952 810 nativitate
981 765 1145 823 ipsiUS,
1174 770 1221 811 et
1251 766 1300 810 in
1323 768 1663 813 resurrectione
1685 773 1733 813 et
1762 768 2037 813 ascensione

133 840 254 886 ejus,

186 890 254 936 Ad
275 893 523 936 secundum
533 889 802 946 dicendum,
816 890 958 948 quod,
968 890 1090 935 sicut
1099 890 1390 946 Augustinus
1401 890 1513 936 dicit
1526 893 1606 946 (De
1623 891 1753 937 civit.
1769 891 1865 947 Dei,
1878 889 1960 935 lib.
1973 905 2032 946 ix,

133 964 236 1010 cap.
256 955 346 1010 21),
373 971 393 991 «
414 952 624 998 Christus
643 955 825 997 tantum
847 950 1052 997 innotuit
1073 951 1382 1008 daemonibus,
1403 957 1633 1010 quantum
1655 952 1829 1009 voluit,
1852 956 2035 998 tantum

132 1020 290 1060 autem
310 1014 472 1070 voluit,
493 1017 723 1071 quantum
738 1014 941 1071 oportuit
962 1029 973 1058 :
995 1013 1080 1059 sed
1095 1014 1300 1059 innotuit
1313 1014 1399 1070 eIs,
1417 1026 1512 1059 non
1529 1014 1651 1060 sicut
1667 1015 1846 1072 angelis
1859 1015 2036 1060 sanctis

130 1087 217 1132 per
236 1076 284 1122 id
312 1076 440 1134 quod
461 1082 532 1124 est
550 1076 646 1122 vita
673 1081 862 1133 aeterna,
887 1075 971 1121 sed
994 1087 1078 1133 per
1103 1077 1320 1133 quaedam
1342 1076 1615 1134 temporalia
1634 1089 1732 1122 suae
1753 1076 1940 1122 virtutis
1965 1076 2036 1123 ef-

130 1136 268 1183 fecta.
293 1156 313 1178 »
339 1140 394 1183 Et
421 1136 572 1195 primo
598 1137 787 1196 quidem
807 1137 1020 1183 videntes
1047 1138 1278 1184 Christum
1307 1138 1485 1183 esurire
1507 1143 1614 1195 post
1629 1137 1876 1196 jejunium,
1908 1138 2036 1183 aesti-

130 1209 380 1246 maverunt
398 1213 508 1246 eum
531 1213 624 1245 non
644 1213 750 1247 esse
765 1201 930 1248 Filium
948 1201 1043 1246 Dei.
1067 1201 1197 1247 Unde
1217 1210 1338 1258 (sup.
1357 1201 1474 1247 illud
1495 1204 1604 1247 Luc.
1628 1215 1700 1246 iv:
1721 1204 1772 1245 Sz’
1789 1202 1937 1245 Filius
1951 1204 2036 1245 Dei

131 1276 194 1320 eS,
219 1267 344 1320 ete),
379 1263 490 1308 dicit
517 1263 789 1308 Ambrosius
822 1280 833 1307 :
871 1283 891 1302 ιι
914 1263 1033 1315 Quid
1055 1263 1144 1308 sibi
1170 1263 1273 1308 vult
1302 1262 1410 1308 talis
1444 1263 1677 1308 sermonis
1706 1275 1918 1320 exorsus,
1944 1263 2033 1308 nisi

132 1324 243 1382 quia
261 1330 545 1384 cognoverat
567 1326 647 1370 Dei
674 1325 839 1371 Filium
867 1338 974 1372 esse
995 1332 1266 1382 venturum,
1301 1326 1385 1371 sed
1405 1326 1592 1371 venisse
1615 1338 1699 1382 per
1718 1326 2034 1371 infirmitatem

131 1388 341 1445 corporis
373 1401 467 1433 non
499 1388 709 1445 putavit?
739 1407 758 1428 »
795 1387 884 1434 Sed
915 1387 1215 1445 postmodum
1242 1387 1357 1432 visis
1387 1387 1628 1433 miraculis
1648 1389 1727 1444 (1),
1749 1400 1808 1432 ex
1829 1388 2033 1445 quadam

131 1451 448 1508 suspicatione
463 1450 799 1507 conJecturavit
816 1463 926 1496 eum
945 1463 1053 1496 esse
1073 1450 1237 1495 Filium
1257 1450 1353 1495 Dei.
1371 1450 1500 1495 Unde
1518 1462 1659 1507 super
1672 1449 1790 1495 illud
1804 1451 1954 1505 (Marci
1969 1453 1998 1504 1)
2016 1465 2029 1495 ε

129 1514 230 1556 Scio
252 1513 373 1569 qued
398 1516 459 1556 sis
488 1516 673 1556 sanctus
703 1516 804 1569 Dei,
837 1512 947 1559 dicit
985 1513 1343 1570 Chrysostomus
1367 1512 1583 1568 (habetur
1604 1513 1654 1556 in
1672 1514 1841 1557 Catena
1859 1514 1903 1556 S.
1919 1513 2033 1558 Tho-

130 1586 236 1631 mae,
261 1575 372 1620 etin
396 1574 476 1619 lib.
502 1577 671 1627 Quaest.
688 1581 781 1620 vet.
809 1578 858 1620 et
880 1576 989 1620 novi
1012 1578 1210 1619 Testam.
1236 1580 1404 1632 quaest.
1427 1577 1500 1630 66,
1530 1574 1651 1618 inter
1668 1587 1745 1631 op.
1769 1575 2033 1631 Augustini)

130 1636 258 1693 quod
284 1657 303 1675 «
337 1649 430 1681 non
464 1641 638 1681 certam
669 1642 753 1682 aut
779 1636 962 1681 firmam
994 1637 1227 1683 adventus
1260 1637 1338 1681 Dei
1359 1636 1560 1682 habebat
1588 1637 1826 1693 notitiam3
1859 1636 2035 1684 sciebat

129 1706 287 1745 tamen
310 1700 465 1757 ipsum
487 1711 593 1744 esse
615 1699 846 1745 Christum
877 1700 926 1744 in
956 1699 1063 1757 lege
1089 1698 1399 1756 promissum,
1421 1718 1442 1738 »
1470 1698 1598 1744 unde
1621 1698 1791 1744 dicitur
1816 1700 1941 1754 (Luc.
1973 1714 2032 1760 tv,

130 1763 201 1816 41)
225 1775 237 1804 :
260 1765 380 1819 Quia
398 1762 601 1805 sciebant
623 1765 771 1818 ipsum
794 1776 887 1806 esse
906 1762 1157 1806 Christum.
1183 1760 1313 1816 Quod
1333 1766 1494 1806 autem
1514 1762 1672 1818 ipsum
1693 1760 2035 1808 confitebantur

130 1834 235 1868 esse
257 1824 420 1868 Filium
455 1824 548 1877 Dei,
580 1824 733 1880 magis
761 1831 862 1869 erat
887 1837 947 1870 ex
976 1825 1181 1882 quadam
1211 1822 1480 1881 suspicione
1498 1823 1643 1881 quam
1665 1834 1724 1868 ex
1742 1823 2029 1870 certitudine.

130 1886 262 1932 Unde
293 1887 415 1931 Beda
437 1886 549 1931 dicit
573 1888 736 1943 (Super
759 1888 869 1932 Luc.
890 1899 992 1944 cap.
1021 1890 1093 1943 14,
1128 1887 1390 1933 secundum
1417 1886 1523 1944 ejus
1541 1886 1644 1931 ord.
1676 1899 1689 1931 ε
1720 1889 1782 1930 Et
1812 1888 2034 1931 daemonia

128 1949 304 1994 Filium
321 1954 407 1994 Dei
426 1951 795 2006 confitebantur).
819 1953 890 2007 Et,
910 1951 1032 1995 sicut
1054 1955 1216 2006 postea
1238 1950 1350 1995 dicit
1363 1950 1477 1995 ibid.
1497 1964 1511 1995 ε
1531 1966 1552 1988 «
1574 1948 1790 1994 Sciebant
1805 1961 1915 1994 eum
1928 1961 2035 1997 esse

131 2011 381 2063 Chr1stum,
407 2011 518 2069 quia
536 2012 644 2055 cum
659 2011 841 2069 Jejunio
862 2011 1110 2067 fatigatum
1128 2025 1236 2057 eum
1251 2012 1467 2057 diabolus
1483 2011 1679 2061 videret,
1696 2022 1860 2055 verum
1880 2012 2035 2057 homi-

130 2085 241 2118 nem
272 2074 526 2129 intellexit3
551 2073 638 2118 sed
660 2074 772 2131 quia
791 2075 1017 2120 tentando
1041 2088 1138 2119 non
1161 2075 1419 2132 praevaluit,
1443 2077 1602 2119 utrum
1626 2074 1768 2118 Filius
1790 2074 1868 2118 Dei
1889 2078 2029 2132 esset,

130 2135 392 2181 dubitabat.
423 2138 555 2180 Nunc
589 2143 747 2180 autem
771 2149 855 2194 per
873 2138 1117 2193 signorum
1137 2138 1390 2194 potentiam
1412 2136 1486 2182 vel
1513 2136 1755 2191 intellexit,
1779 2134 1859 2180 vel
1878 2137 2032 2192 potius

118 2198 398 2255 'suspicatus
414 2204 606 2243 estesse
623 2198 787 2242 Filium
802 2200 895 2243 Dei.
920 2202 1019 2245 Non
1040 2200 1143 2244 ideo
1162 2200 1306 2256 igitur
1322 2202 1344 2243 J
1348 2199 1492 2244 udaeis
1509 2210 1617 2244 eum
1636 2198 1909 2255 crucifigere
1925 2211 2033 2256 perr-

131 2261 296 2317 suasit,
320 2259 429 2317 quia
451 2260 685 2304 Christum
703 2261 785 2305 Dei
802 2262 971 2306 Filium
989 2275 1083 2307 non
1099 2274 1204 2307 esse
1219 2262 1415 2318 putavit,
1437 2261 1519 2306 sed
1540 2260 1651 2318 quia
1673 2273 1726 2306 se
1743 2267 1892 2306 morte
1908 2260 2034 2308 illius

130 2336 228 2369 non
250 2322 467 2380 praevidit
494 2334 599 2367 esse
626 2323 952 2368 damnandum.
969 2340 984 2369 ι
1009 2325 1068 2370 de
1087 2325 1175 2368 hoc
1194 2325 1318 2369 enim
1344 2323 1570 2381 mysterio
1591 2325 1651 2378 (2)
1674 2323 1702 2367 a
1723 2323 1908 2368 saeculis
1924 2323 2033 2370 ahs—

132 2384 321 2431 condito
357 2384 470 2429 dicit
498 2384 746 2440 Apostolus
767 2388 830 2439 (1.
861 2387 963 2431 Cor.
987 2389 1033 2439 11)
1060 2401 1073 2430 ε
1100 2389 1231 2442 Quod
1267 2400 1394 2429 nemo
1424 2388 1684 2442 principum
1713 2385 1851 2440 lzujzcs
1878 2387 2034 2432 saeculz‘

131 2450 339 2506 coqnovit
359 2461 375 2488 .·
397 2448 438 2490 si
457 2449 576 2489 enim-
593 2450 913 2503 coqnovissent‚
937 2461 1167 2504 nunquam
1188 2451 1430 2490 Dominum
1449 2447 1605 2504 qloriae
1627 2448 1975 2501 crucifixissent.

186 2508 255 2555 Ad
276 2510 459 2552 tertium
479 2508 748 2567 dicendum,
769 2510 894 2566 qued
914 2509 1141 2554 miracula
1160 2510 1209 2553 in
1230 2509 1505 2566 expulsione
1517 2509 1784 2553 daemonum
1807 2522 1900 2555 non
1922 2510 2034 2557 fecit

132 2572 340 2618 Christus
367 2577 560 2629 propter
581 2572 827 2617 utilitatem
851 2572 1134 2629 daemonum,
1162 2573 1246 2618 sed
1274 2577 1461 2630 propter
1491 2571 1737 2617 utilitatem
1769 2572 2030 2632 hominum,

130 2640 185 2680 ut
204 2634 294 2692 ipsi
309 2645 419 2678 eum
441 2634 770 2691 glorificarent.
799 2638 854 2679 Et
882 2634 988 2681 ideo
1015 2634 1252 2693 prohibuit
1279 2647 1361 2679 eos
1384 2634 1511 2690 loqui
1540 2646 1596 2679 ea
1623 2645 1728 2691 quae
1755 2634 1814 2678 ad
1843 2634 2030 2681 laudem

131 2696 281 2754 ipsius
300 2696 612 2753 pertinebant.
638 2696 792 2742 Primo
810 2696 1002 2754 quidem
1020 2702 1210 2754 propter
1227 2696 1524 2752 exemplum,
1544 2696 1669 2754 quia,
1693 2702 1746 2740 ut
1766 2695 1878 2741 dicit
1890 2697 2031 2742 Atha-

131 2759 296 2803 nasius
315 2757 507 2814 (implic.
523 2758 573 2802 in
591 2758 727 2816 epist.
750 2758 809 2803 de
833 2759 1175 2817 synodo-Arim.
1194 2764 1242 2804 et
1259 2759 1436 2803 Seleuc.
1458 2762 1506 2802 et
1522 2759 1883 2814 chrysostomus
1894 2771 2030 2804 conc.

131 2824 160 2865 2
176 2820 237 2866 de
253 2822 354 2864 Laz.
370 2819 399 2863 a
412 2820 599 2877 princ.),
622 2837 644 2859 «ι
664 2820 991 2878 compescebat
1007 2820 1179 2867 diaboli
1196 2832 1480 2876 sermonem,
1501 2820 1719 2877 quamvis
1734 2832 1846 2865 vera
1862 2821 2024 2867 fatere-

132 2887 226 2940 tur,
246 2887 301 2927 ut
318 2894 405 2927 nos
431 2884 572 2928 etiam
602 2883 899 2942 assuefaciat,
919 2896 982 2929 ne
1008 2895 1230 2929 curemus
1256 2882 1315 2928 de
1343 2882 1533 2941 talibuS,
1563 2882 1743 2928 etiamsi
1767 2894 1878 2928 vera
1900 2883 2030 2942 loqui

132 2944 380 2990 videantur
401 2960 413 2989 z
435 2946 567 2991 nefas
582 2951 655 2991 est
672 2946 797 2991 enim
812 2951 865 2992 ut
883 2947 992 2991 cum
1008 2945 1133 2992 adsit
1151 2945 1288 2990 nobis
1306 2945 1540 3003 Scriptura
1555 2945 1727 2999 divina,
1744 2945 2030 2992 instruamur

88 3034 92 3038 -
134 3006 161 3051 a
185 3005 396 3063 diab0103
418 3026 440 3046 υ
463 3013 535 3052 est
555 3008 682 3053 enim
704 3009 792 3053 hoc
813 3009 1144 3066 periculosum,
1168 3008 1279 3066 quia
1301 3008 1483 3053 veritati
1502 3007 1772 3066 frequenter
1792 3007 2030 3053 daemones

130 3067 397 3113 immiscent
414 3068 672 3114 mendacia.
697 3069 927 3126 Secundo,
946 3070 1073 3128 quia,
1095 3069 1217 3115 sicut
1241 3071 1600 3127 chrysostomus
1624 3069 1736 3115 dicit
1751 3069 1963 3123 (habetur
1979 3068 2030 3113 in

133 3133 302 3175 Catena
319 3132 363 3174 S.
379 3130 496 3184 Th),
518 3148 542 3170 n
563 3143 658 3177 non
678 3132 920 3189 oportebat
934 3144 1015 3178 eos
1029 3133 1263 3190 surripere
1277 3132 1419 3177 officii
1433 3132 1679 3189 Apostolici
1700 3131 1923 3189 gloriam,
1942 3143 2030 3177 nec

133 3191 328 3238 decebat
350 3192 516 3237 Christi
543 3194 819 3251 mysterium
841 3194 1004 3251 fingua
1022 3194 1183 3240 foetida
1204 3195 1458 3252 publicari,
1484 3195 1593 3252 quia
1613 3206 1707 3238 non
1729 3200 1801 3238 est
1821 3195 2031 3251 speciosa

179 3303 218 3344 Η)
248 3303 406 3343 Insuper,
430 3307 469 3336 ut
492 3301 646 3343 loquitur
676 3305 749 3345 ipse
772 3309 890 3339 auctor
907 3304 1039 3346 (quaest.
1125 3305 1177 3340 rio
1191 3317 1304 3347 quam,
1322 3311 1386 3340 etc.
1402 3305 1460 3340 ubi
1480 3303 1672 3349 principes
1690 3304 1801 3348 hujus
1810 3304 1940 3339 saeculi
1957 3308 2028 3338 tum

135 3358 245 3389 nvn.
262 3359 328 3384 art.
354 3352 399 3390 5),
426 3350 542 3384 omnia
567 3351 663 3392 signa
678 3351 839 3386 videbant
860 3353 895 3386 in
909 3364 949 3387 eo
967 3364 1041 3393 quae
1124 3353 1298 3388 saeculares
1312 3357 1502 3395 potestates,
1526 3359 1600 3386 tum
1624 3351 1861 3394 philosophos,
1878 3358 1950 3386 tum
1966 3350 2026 3386 dm·

137 3399 312 3441 prophetae
327 3399 482 3434 dixerant
497 3399 626 3434 sutura.
1126 3413 1242 3436 mones
1255 3401 1401 3443 explicat
1416 3402 1451 3436 S.
1466 3400 1621 3435 Thomas.

175 3446 220 3488 (2)
239 3446 301 3481 Vel
326 3447 368 3482 de
383 3447 548 3488 sapientia
562 3447 624 3482 Dei
651 3446 844 3483 abscondita
863 3447 902 3481 in
918 3453 1041 3482 msto·

2159 2894 2166 2907 x
2134 2826 2170 2847 fil
2154 2648 2170 2812 zffi'th-ZD..
2158 2595 2170 2634 ζ’.»
2160 2552 2170 2570 „-
2159 2442 2170 2539 *mvn-x
