2170 3808
132 188 214 232 560
774 181 974 232 QUAEST.
1001 178 1138 233 ml,
1168 180 1286 221 ΛΒΤ.
1317 177 1386 222 111.

180 269 472 310 CONCLUSIO.
491 287 539 296 —·
562 266 666 305 Cum
694 263 932 313 Baptismus
954 263 1008 301 sit
1036 261 1284 311 regeneratio
1313 261 1358 309 in
1389 261 1518 301 vitam
1550 261 1834 313 spiritualem,
1868 260 2032 311 ejusque

133 325 340 365 effectibus
354 333 470 374 aquae
484 320 747 373 proprietates
762 317 986 368 aptissimae
1004 315 1267 364 conveniant,
1285 316 1549 368 perspicuum
1565 320 1627 357 est
1641 316 1714 367 huj
1721 327 1770 356 us
1784 315 2029 356 sacramenti

134 380 351 420 materiam
368 377 577 428 propriam
591 386 676 414 esse
693 384 862 424 aquam.

190 446 463 503 Respondeo
484 444 734 490 dicendum
764 442 888 499 quod
910 454 969 486 ex
991 441 1283 486 institutione
1301 441 1463 485 divina
1485 454 1606 498 aqua
1625 446 1696 486 est
1721 440 1907 497 propria
1931 451 2032 484 ma-

135 509 251 554 teria
267 506 512 563 baptismi3
538 511 584 550 et
607 507 695 549 hoc
710 504 1061 559 convenienter,
1084 502 1234 559 primo
1251 502 1438 558 quidem
1462 506 1688 559 quantum
1709 502 1770 547 ad
1789 502 1935 558 ipsam
1958 513 2032 544 ra-

136 573 309 616 tionem
338 570 574 627 baptismi„
594 569 672 626 qui
702 573 772 613 est
794 567 1086 623 regeneratio
1104 566 1162 611 ad
1187 566 1478 623 spiritualem
1494 567 1655 622 vitam,
1683 566 1808 622 quod
1832 562 2034 609 maxime

134 633 352 688 congruit
379 644 528 688 aquae.
564 631 694 676 Unde
723 635 768 674 et
800 629 997 682 semina,
1019 641 1078 673 ex
1108 628 1281 685 quibus
1314 637 1599 684 generantur
1628 627 1786 673 omnia
1814 625 2028 681 viventia,

137 694 312 739 scilicet
331 695 501 750 plantae
521 700 567 738 et
586 693 821 747 animalia,
847 691 1041 736 humida
1060 697 1187 746 sunt,
1210 695 1257 735 et
1278 691 1337 734 ad
1369 701 1538 747 aquam
1570 690 1822 747 pertinent.
1845 690 2034 744 Propter

137 756 264 812 quod
283 756 472 812 quidam
496 754 757 812 philosophi
777 756 835 807 (1)
862 757 1122 809 posuerunt
1141 764 1310 808 aquam
1338 751 1550 796 omnium
1564 764 1721 797 rerum
1736 750 2031 807 principium,

135 818 258 862 sicut
286 818 456 863 dicitur
486 817 707 873 (Metaph.
735 816 816 860 lib.
847 830 877 868 ι,
912 828 1013 872 cap.
1036 817 1077 868 3)
1113 820 1160 859 et
1193 815 1289 869 (lib.
1314 818 1377 859 De
1407 826 1568 872 sensu,
1603 827 1704 870 cap.
1742 815 1800 868 4).
1823 810 2036 857 Secundo

136 881 364 936 quantum
386 880 446 925 ad
469 880 662 925 effectus
685 878 921 935 baptismi,
945 878 1118 935 quibus
1137 882 1410 933 competunt
1435 889 1568 934 aquae
1593 876 1905 933 proprietates,
1930 886 2036 932 quae

136 945 222 986 sua
241 943 515 987 humiditate
539 943 691 997 lavat,
717 954 776 985 ex
799 954 894 997 quo
916 941 1200 985 conveniens
1219 945 1290 985 est
1309 940 1365 985 ad
1390 939 1743 996 significandam
1764 943 1811 983 et
1832 949 2036 983 causan-

136 1003 244 1048 dam
265 1004 550 1048 ablutionem
581 1009 907 1060 peccatorum3
934 1005 1021 1047 sua
1046 1003 1295 1058 frigiditate
1325 1002 1463 1047 etiam
1494 1006 1720 1058 temperat
1746 1000 2035 1057 superfluita-

136 1070 228 1110 tem
249 1067 432 1122 caloris‚
458 1071 504 1111 et
532 1079 589 1110 ex
616 1067 703 1110 hoc
724 1066 942 1122 competit
971 1066 1029 1110 ad
1055 1065 1360 1122 mitigandam
1387 1063 1810 1121 concupiscentiam
1835 1062 2030 1119 fomitis3

136 1129 223 1171 sua
240 1128 584 1184 diaphaneitate
602 1134 672 1172 est
687 1128 878 1171 luminis
897 1127 1176 1184 susceptiva,
1195 1127 1322 1172 unde
1338 1126 1556 1183 competit
1575 1126 1821 1182 baptismo,
1837 1125 2035 1181 inquan-

135 1195 236 1234 tum
255 1195 325 1235 est
342 1191 446 1236 fidei
466 1191 988 1235 sacramentum.Tertio
1011 1191 1120 1247 quia
1145 1190 1365 1235 convenit
1386 1189 1446 1234 ad
1461 1187 1892 1246 repraesentandum
1910 1199 2037 1243 mys-

135 1253 252 1296 teria
275 1253 457 1310 Christi,
486 1253 660 1310 quibus
680 1253 1009 1310 Justificamur.
1036 1255 1090 1297 Ut
1117 1252 1242 1297 enim
1266 1252 1378 1297 dicit
1400 1253 1734 1309 Chysostomus
1756 1261 1898 1306 super
1919 1248 2035 1293 illud

133 1315 264 1359 Joan.
287 1329 331 1358 111
351 1329 361 1357 :
384 1319 485 1358 Nisi
512 1318 609 1371 quis
628 1319 820 1358 renatus
849 1319 1004 1371 suerit,
1028 1321 1116 1359 etc.
1139 1315 1280 1370 (hom.
1306 1329 1403 1357 xxiv
1424 1315 1471 1357 in
1490 1316 1619 1359 Joan.
1642 1312 1670 1356 a
1691 1312 1849 1368 med.)‚
1873 1330 1892 1350 «
1914 1312 2038 1355 sicut

135 1375 183 1418 in
205 1376 409 1432 quodam
429 1377 643 1433 sepulcro
663 1377 709 1421 in
732 1389 855 1434 aqua
878 1376 1293 1430 submergentibus
1314 1376 1450 1420 nobis
1467 1375 1636 1432 capita,
1657 1379 1793 1419 vetus
1811 1374 1951 1418 homo
1966 1386 2037 1419 se-

135 1437 322 1494 pelitur„
346 1444 390 1483 et
412 1439 689 1483 submersus
708 1438 928 1483 deorsum
951 1438 1227 1490 occultatur,
1251 1442 1297 1482 et
1319 1437 1485 1482 deinde
1509 1449 1659 1481 novus
1687 1436 1852 1480 rursus
1870 1447 2034 1479 ascen-

135 1500 219 1545 dit.
242 1519 261 1539 »
288 1500 457 1552 Quarto
479 1500 589 1557 quia
604 1500 784 1544 ratione
808 1512 905 1544 suae
920 1500 1269 1544 communitatis
1284 1504 1331 1544 et
1344 1498 1646 1543 abundantiae
1664 1505 1736 1542 est
1749 1497 2035 1542 conveniens

135 1561 329 1606 materIa
354 1562 644 1605 necessitatis
671 1561 813 1616 huJ'us
841 1560 1143 1616 sacramenti3
1174 1564 1329 1617 potest
1356 1560 1482 1605 enim
1512 1559 1687 1616 ubique
1712 1557 1771 1603 de
1798 1558 1922 1602 facili
1951 1559 2035 1603 ha·

134 1621 249 1668 beri.

190 1685 257 1730 Ad
272 1686 473 1741 primum
502 1695 615 1740 ergo
634 1684 902 1741 dicendum,
931 1683 1058 1740 quod
1082 1684 1359 1728 illuminatio
1382 1684 1582 1740 pertinet
1604 1683 1663 1728 ad
1688 1683 1846 1738 ignem
1868 1683 2033 1728 active.

133 1747 212 1791 Ille
233 1751 388 1791 autem
420 1746 500 1803 qui
533 1746 797 1802 baptizatur
819 1758 914 1790 non
949 1746 1150 1790 efficitur
1179 1746 1477 1799 illuminans,
1515 1746 1598 1790 sed
1631 1744 1922 1790 illuminatus
1952 1758 2036 1802 per

133 1805 292 1864 fidem,
317 1821 414 1864 quae
432 1811 497 1851 est
515 1820 573 1851 ex
592 1808 773 1864 auditu,
798 1812 853 1852 ut
874 1807 1043 1852 dicitur
1067 1808 1212 1861 (Rom.
1233 1810 1290 1861 x).
1311 1811 1365 1851 Et
1382 1807 1486 1852 ideo
1504 1807 1657 1864 magis
1675 1806 1895 1863 competit
1913 1818 2034 1864 aqua

134 1870 367 1926 baptismo
382 1869 523 1926 quam
540 1869 680 1925 ignis.
701 1870 832 1922 Quod
848 1874 1004 1913 autem
1024 1868 1221 1913 dicitur:
1238 1871 1504 1926 Baptizabit
1521 1883 1598 1912 vos
1613 1872 1662 1912 in
1681 1871 1863 1925 Spiritu
1878 1873 2039 1913 sancto

135 1936 177 1976 et
196 1935 309 1988 iyni,
334 1936 488 1987 potest
507 1944 589 1988 per
608 1931 782 1987 ignem,
804 1940 858 1976 ut
880 1932 1188 1988 HIeronymus
1206 1931 1319 1975 dicit
1346 1933 1470 1988 (sup.
1501 1932 1627 1975 hunc
1648 1931 1737 1976 loc.
1759 1931 1933 1987 Matth.)
1960 1931 2035 1976 in-

134 1995 279 2052 telligi
298 1994 492 2050 Spiritus
511 2000 720 2051 sanctus,
743 1994 822 2051 qui
843 2006 984 2050 super
1006 1994 1260 2051 discipulos
1280 1994 1327 2038 in
1351 1995 1503 2049 igneis
1529 1994 1705 2051 linguis
1727 1994 1963 2051 apparuit,
1980 1999 2033 2040 ut

135 2057 438 2111 dicitur‘(Act.
465 2063 530 2107 11).
556 2057 634 2102 Vel
659 2070 740 2113 per
760 2057 917 2113 ignem
941 2063 1094 2114 potest
1112 2057 1306 2113 intelligi
1330 2057 1580 2113 tribulatio,
1602 2061 1653 2101 ut
1678 2058 2036 2114 chrysostomus

136 2119 246 2165 dicit
266 2122 430 2176 (Super
443 2120 598 2164 Matth.
620 2119 740 2164 alius
759 2125 937 2174 auctor,
962 2120 1088 2164 hom.
1113 2132 1158 2163 111
1180 2120 1227 2164 in
1251 2121 1333 2176 Op.
1357 2121 1559 2177 imperf„
1579 2119 1806 2176 aliquant.
1826 2119 1854 2163 a
1872 2119 2028 2176 med),

135 2183 245 2239 quia
268 2202 288 2221 «
310 2181 545 2226 tribulatio
563 2187 754 2238 peccata
775 2187 962 2238 purgat,
984 2186 1032 2226 et
1051 2182 1481 2239 concupiscentiam
1499 2182 1732 2228 diminuit.
1760 2199 1782 2222 ι»
1804 2181 1883 2226 Vel
1904 2181 2031 2239 quia,

135 2249 188 2289 ut
207 2244 405 2289 Hilarius
427 2243 538 2288 dicit
569 2245 729 2300 (Super
757 2244 910 2288 Matth.
935 2256 1039 2288 can.
1068 2246 1118 2301 2,
1139 2244 1248 2289 cire.
1274 2244 1419 2300 med.)
1434 2279 1448 2302 ‚
1471 2262 1493 2283 «
1514 2243 1759 2301 baptizatis
1787 2243 1837 2288 in
1861 2243 2036 2300 Spiritu

137 2311 298 2352 sancto
317 2306 547 2362 reliquum
569 2311 640 2349 est
659 2306 972 2363 consummari
996 2305 1105 2362 igne
1121 2306 1299 2362 judiCii.
1325 2325 1346 2347 »

191 2368 257 2414 Ad
277 2368 522 2412 secundum
546 2367 826 2426 dicendum,
858 2368 983 2425 quod
1004 2368 1166 2412 vinum
1196 2374 1242 2413 et
1271 2368 1427 2414 oleum
1450 2381 1546 2413 non
1568 2368 1880 2414 communiter
1900 2381 2033 2414 assu-

139 2436 331 2474 muntur
344 2430 403 2474 ad
416 2441 558 2474 usum
577 2429 846 2487 ablutionis,
863 2430 985 2474 sieut
1000 2442 1122 2486 aqua
1143 2432 1229 2486 (2);
1253 2443 1343 2474 nec
1361 2430 1501 2475 etiam
1521 2431 1585 2475 ita
1599 2430 1800 2487 perfecte
1816 2430 2029 2490 abluunt,

138 2492 247 2548 quia
269 2504 326 2536 ex
358 2502 520 2536 eorum
549 2490 787 2536 ablutione
815 2495 1024 2535 remanet
1056 2490 1211 2547 aliqua
1243 2491 1432 2535 infectio
1464 2495 1692 2548 quantum
1721 2491 1782 2537 ad
1812 2491 2028 2552 odorem,

139 2554 263 2611 quod
284 2566 378 2597 non
398 2552 628 2609 contingit
646 2553 704 2598 de
723 2565 862 2610 aqua.
887 2553 968 2598 Illa
989 2552 1128 2598 etiam
1148 2553 1327 2598 nonita
1345 2553 1654 2599 communiter
1669 2557 1716 2598 et
1738 2553 2034 2600 anundanter

140 2615 384 2670 habentur,
408 2614 529 2659 sicut
547 2627 684 2670 aqua.

194 2679 261 2724 Ad
283 2680 467 2722 tertium
490 2676 756 2732 dicendum,
782 2676 906 2733 quod
924 2688 984 2721 ex
1001 2676 1146 2722 latere
1168 2677 1333 2721 Christi
1353 2677 1489 2722 fluxit
1507 2690 1629 2734 aqua
1647 2677 1706 2721 ad
1725 2676 2028 2735 abluendum,

141 2739 332 2796 sanguis
355 2742 512 2783 autem
533 2737 592 2782 ad
615 2737 956 2782 redimendum.
980 2739 1035 2781 Et
1052 2737 1156 2782 ideo
1176 2738 1369 2794 sanguis
1391 2738 1611 2794 competit
1627 2742 1919 2783 sacramento
1938 2740 2031 2784 Eu-

141 2801 391 2856 charistiae‚
411 2812 534 2857 aqua
556 2804 713 2844 autem
732 2803 1025 2844 sacramento
1043 2798 1283 2857 baptismi,
1306 2799 1385 2858 qui
1414 2804 1571 2845 tamen
1590 2799 1753 2844 habuit
1773 2799 1869 2844 vim
1894 2799 2030 2846 ablu-

144 2862 283 2908 tivam
310 2874 370 2907 ex
392 2861 561 2906 virtute
585 2860 830 2918 sanguinis
848 2860 1026 2906 Christi.

195 2924 261 2969 Ad
298 2926 510 2980 quartum
542 2922 793 2967 dicendum
810 2955 823 2979 ‚
857 2922 981 2979 quod
1015 2922 1164 2967 virtus
1195 2922 1360 2967 Christi
1395 2921 1602 2968 derivata
1636 2926 1710 2967 est
1745 2921 1805 2967 ad
1840 2934 2028 2972 omnem

144 2997 327 3043 aquam,
347 2998 442 3030 non
464 2990 654 3042 propter
670 2984 1025 3030 continuitatem
1041 2984 1146 3042 loci,
1168 2984 1252 3030 sed
1265 2989 1454 3042 propter
1471 2985 1822 3030 similitudinem
1839 2985 2024 3042 speciei.

147 3046 271 3091 Unde
305 3047 414 3092 dicit
445 3046 733 3105 Augustinus
767 3046 816 3091 in
840 3047 1042 3103 quodam
1077 3059 1292 3093 sermone
1326 3047 1593 3104 Epiphaniae
1629 3049 1699 3102 (36
1730 3050 1792 3091 De
1825 3051 1965 3105 temp.
2000 3047 2026 3092 ἐ

146 3190 184 3225 In
201 3190 288 3226 mari
303 3190 430 3225 Rubro.
451 3191 495 3230 (Ι.
520 3190 677 3226 Corinth.
693 3192 727 3232 x)
753 3203 762 3226 ε
781 3191 929 3232 itemque
953 3203 1040 3233 prae·
1169 3191 1210 3231 (2)
1220 3192 1267 3226 Ex
1284 3191 1443 3226 hisdietis
1456 3194 1586 3227 constat
1602 3202 1722 3232 aquam
1734 3202 1802 3226 esse
1819 3191 1960 3225 omnino
1970 3202 2025 3227 ne-

146 3237 321 3273 dictiones.
337 3237 468 3279 (Ezeeh.
482 3243 598 3277 xxxvi)
614 3251 623 3272 ε
641 3239 840 3282 Effundam
853 3248 966 3283 super
980 3249 1041 3274 vos
1125 3240 1315 3281 cessariam,
1331 3244 1420 3280 Juxta
1441 3239 1528 3274 illud
1543 3251 1637 3275 cone.
1652 3239 1749 3274 Trid.
1766 3240 1856 3282 (sess.
1871 3247 1932 3282 vn,
1951 3251 2027 3276 cun.

147 3296 280 3331 aquam
293 3285 482 3320 mundamff
501 3285 614 3328 (Zach.
628 3288 710 3328 xm)
728 3300 736 3321 :
756 3287 803 3323 ln
816 3288 888 3322 illa
898 3287 957 3323 die
969 3287 1042 3323 erit
1125 3287 1159 3327 2)
1170 3288 1232 3322 :Si
1247 3289 1328 3330 quis
1337 3288 1624 3331 dixeritaquam
1634 3298 1758 3322 veram
1769 3292 1802 3323 et
1813 3289 2028 3324 naturalem

148 3333 228 3376 {om
254 3335 391 3368 votem.
1126 3344 1203 3369 non
1219 3344 1292 3372 esse
1310 3334 1353 3371 de
1368 3336 1580 3372 necessitate
1596 3334 1808 3379 baptisma„
1830 3335 2035 3372 anathema
2066 3383 2068 3385 ‚

187 3380 230 3421 (4)
255 3381 298 3415 Et
321 3380 533 3416 nominatim
548 3379 686 3423 quidem
705 3382 839 3424 Thales,
860 3385 900 3417 ut
917 3381 1043 3416 Aristo·
1129 3383 1191 3418 tit.

150 3428 228 3467 tales
244 3427 354 3466 refert
367 3429 461 3473 (Met.
475 3427 538 3464 m».
557 3436 584 3471 1,
602 3439 676 3473 etp.
692 3430 738 3472 ὅ).
