2170 3808
623 201 819 252 QUAEST.
851 201 996 254 LXVI,
1027 201 1145 243 ART.
1181 201 1211 241 V
1240 201 1305 242 ET
1332 199 1397 242 Vl.
1874 197 1956 238 565

76 287 224 341 verba,
245 284 399 330 etalio
418 287 662 327 exercente
683 287 853 326 actum.
876 284 1073 325 Possunt
1096 286 1267 335 autem,
1292 280 1329 324 si
1358 279 1611 323 necessitas
1630 275 1787 331 exigit,
1798 276 1955 331 plures

75 347 210 392 simul
227 345 462 402 baptizari,
481 344 590 400 quia
612 343 770 387 nullus
791 355 953 387 eorum
991 342 1216 398 reciperet
1245 341 1330 384 nisi
1356 352 1502 384 unum
1523 338 1832 395 baptismum3
1872 337 1954 380 sed

74 413 182 454 tunc
204 406 432 465 oportebit
449 406 602 450 dicere
625 419 635 448 ε
657 409 751 461 qu
790 405 968 460 baptizo
993 417 1092 458 vos,-
1118 415 1206 446 nec
1223 402 1310 446 erit
1327 402 1522 446 mutatio
1545 402 1722 458 formae,
1749 399 1857 456 quia
1880 411 1954 441 vos

74 471 182 515 nihil
203 469 327 513 aliud
346 473 416 512 est
434 467 574 524 quam
598 470 638 510 te
660 471 706 510 et
726 470 769 509 te
779 481 796 522 ,·
814 466 939 522 quod
962 469 1118 508 autem
1140 465 1307 508 dicitur
1330 477 1424 518 nos,
1452 476 1542 506 non
1569 469 1640 507 est
1661 463 1782 507 idem
1803 461 1954 504 dicere

72 531 194 588 quod
213 545 291 587 eqo
315 533 362 573 et
396 542 491 584 eqo,
518 527 601 572 sed
623 540 701 582 eqo
734 532 780 571 et
810 531 874 583 tu,
895 531 942 570 et
977 525 1043 569 sic
1065 527 1162 581 jam
1185 529 1442 568 mutaretur
1468 524 1615 567 forma
1637 526 1713 576 (1).
1742 522 1954 566 Similiter

70 597 222 637 autem
256 594 528 645 mutaretur,
552 588 590 632 si
622 589 887 632 diceretur:
930 591 1024 642 qu
1062 587 1241 641 baptizo
1273 598 1358 628 me.
1397 587 1448 629 Et
1482 585 1587 629 ideo
1619 584 1776 628 nullus
1803 587 1954 639 potest

71 653 298 710 baptizare
337 652 558 706 seipsum.
584 652 770 705 Propter
787 648 911 705 quod
932 654 977 692 et
1009 647 1217 691 Christus
1236 647 1264 690 a
1286 649 1462 690 Joanne
1484 646 1631 689 voluit
1650 644 1886 701 baptizari,
1902 648 1954 689 ut

69 714 237 759 dicitur
255 716 401 767 (extra
415 716 477 755 De
497 711 727 767 Baptismo
743 714 789 754 et
808 709 909 765 ejus
925 709 1109 762 effectu,
1130 721 1232 764 cap.
1258 709 1495 761 Debitum).

121 775 190 821 Ad
225 778 424 831 quintum
457 772 723 828 dicendum,
760 770 884 827 quod
919 770 1074 826 passio
1107 769 1287 825 Christi,
1313 769 1399 812 etsi
1435 768 1494 812 sit
1517 765 1784 824 principalis
1813 777 1954 826 causa

70 843 283 893 respectu
302 834 518 882 ministri.
542 839 614 878 est
651 839 805 877 tamen
824 844 966 876 causa
985 831 1353 876 instrumentalis
1376 836 1590 886 respectu
1610 832 1683 874 SS.
1705 828 1950 882 Trinitatis,

66 903 115 944 et
130 899 234 944 ideo
251 898 406 955 potius
423 900 812 940 commemoratur
833 894 1028 938 Trinitas
1050 894 1190 950 quam
1208 893 1362 949 passio
1385 892 1566 937 Christi.

123 961 188 1005 Ad
210 962 388 1002 sextum
407 957 671 1012 dicendum,
693 955 818 1012 quod
837 955 922 999 etsi
954 954 1047 998 sint
1072 955 1156 998 tria
1183 954 1372 998 nomina
1400 952 1660 1009 personalia
1682 951 1818 995 trium
1848 962 1952 1007 per-

67 1033 307 1075 sonarum,
327 1026 397 1064 est
435 1024 588 1063 tamen
610 1030 777 1061 nomen
801 1027 950 1060 unum
979 1016 1241 1060 essentiale.
1261 1016 1413 1060 Virtus
1452 1020 1608 1058 autem
1645 1013 1817 1068 divina,
1849 1023 1953 1068 quae

67 1089 287 1140 operatur
320 1083 367 1125 in
399 1081 648 1137 baptismo,
679 1079 738 1124 ad
768 1078 1017 1123 essentiam
1050 1078 1273 1134 pertinet,
1296 1081 1343 1121 et
1381 1075 1485 1121 ideo
1500 1076 1667 1121 dicitur
1687 1078 1734 1117 in
1760 1077 1951 1129 nomme,

68 1149 117 1189 et
135 1157 230 1188 non
253 1147 301 1187 in
322 1143 586 1186 nominibus.

122 1206 188 1250 Ad
206 1208 441 1262 septi-mum
472 1203 738 1258 dicendum,
763 1199 887 1258 quod
910 1199 1030 1243 sicut
1065 1211 1187 1255 aqua
1208 1199 1408 1244 sumitur
1430 1199 1490 1243 ad
1524 1199 1822 1254 baptismum,
1846 1197 1955 1253 quia

69 1265 172 1324 ers
192 1279 308 1311 usus
326 1270 397 1310 est
411 1263 700 1309 communior
714 1261 772 1305 ad
796 1260 1099 1313 abluendum,
1122 1260 1184 1303 ita
1218 1259 1277 1304 ad
1298 1258 1657 1315 significandum
1682 1265 1774 1303 tres
1792 1260 1953 1315 perso-⁷

69 1340 156 1372 nas
176 1327 224 1371 in
239 1328 388 1371 forma
406 1324 620 1380 baptismi
636 1326 941 1367 assumuntur
956 1321 1034 1364 illa
1052 1321 1242 1365 nomina
1257 1322 1428 1378 quibus
1444 1321 1739 1365 communius
1756 1331 1955 1364 consue-

68 1393 236 1433 verunt
259 1386 486 1431 nominari
509 1396 718 1442 personae
751 1385 800 1428 in
824 1384 901 1427 illa
922 1383 1109 1439 lingua3
1133 1382 1285 1427 necin
1305 1383 1408 1428 aliis
1433 1383 1701 1427 nominibus
1722 1381 1955 1438 perficitur

69 1454 408 1495 sacramentum
430 1451 504 1501 (2).
834 1445 838 1448 “

152 1513 490 1556 ARTICULUS
515 1513 593 1553 vl.
615 1534 668 1541 —
689 1523 824 1553 urium
847 1522 887 1551 m
914 1521 1069 1551 nonme
1094 1520 1257 1550 cnmsn
1281 1520 1418 1551 Possm*
1441 1521 1536 1550 mm
1555 1520 1774 1550 merismus
1794 1509 1868 1562 (3).

256 1581 303 1613 De
323 1579 374 1613 his
392 1580 493 1613 etiam
509 1579 604 1612 Sent.
623 1586 671 1617 lv,
692 1577 771 1612 dist.
787 1578 821 1618 4,
838 1579 905 1610 art.
923 1575 956 1617 5,
969 1580 1085 1617 quaest.
1104 1584 1130 1609 n
1149 1576 1191 1609 ad
1213 1575 1254 1617 5,
1270 1579 1303 1611 et
1317 1576 1344 1611 1.
1362 1577 1438 1610 Cor.
1456 1584 1481 1618 Ι,
1499 1576 1576 1610 lect.
1591 1576 1614 1610 2
1627 1603 1636 1615 ,
1654 1575 1718 1610 col.
1735 1576 1768 1610 4.

125 1635 191 1680 Ad
212 1639 398 1679 sextum
423 1632 491 1677 sic
507 1631 788 1689 proceditur.
807 1635 851 1676 1.
871 1630 1059 1674 Videtur
1076 1630 1201 1686 quod
1226 1629 1272 1673 in
1292 1631 1482 1675 nomine
1504 1630 1669 1675 Christi
1688 1630 1834 1687 possit
1855 1629 1955 1675 dari

70 1695 344 1752 baptismus.
382 1694 508 1738 Sicut
542 1693 664 1737 enim
691 1705 786 1736 una
821 1696 894 1736 est
925 1688 1057 1746 fides,
1082 1692 1145 1734 ita
1177 1695 1250 1735 est
1270 1704 1417 1736 unum
1452 1692 1697 1748 baptisma,
1718 1696 1771 1735 ut
1788 1691 1955 1736 dicitur

72 1758 252 1814 (Ephes.
276 1760 348 1809 iv).
373 1755 458 1800 Sed
480 1758 592 1810 (Act.
613 1768 701 1812 vin,
722 1757 794 1810 19.)
812 1753 982 1799 dicitur
999 1753 1123 1810 qued
1145 1755 1192 1796 in
1215 1757 1392 1797 nomine
1412 1756 1589 1798 Christi
1605 1754 1956 1810 baptizabantur

68 1821 159 1862 viri
192 1822 235 1863 et
276 1819 501 1861 mulieres.
543 1819 662 1872 Ergo
697 1817 836 1860 etiam
877 1827 1005 1859 nunc
1047 1819 1199 1871 potest
1235 1815 1334 1858 dari
1370 1815 1630 1872 baptismus
1675 1815 1724 1858 in
1768 1815 1954 1860 nomine

72 1881 251 1925 Christi.

125 1944 172 1987 2..
193 1945 431 1994 Praeterea,
448 1939 718 1985 Ambrosius
731 1937 842 1983 dicit
855 1940 931 1991 (De
947 1937 1118 1994 Spiritu
1134 1942 1313 1995 sancto,
1333 1938 1414 1983 lib.
1435 1953 1465 1995 1,
1490 1951 1592 1995 cap.
1609 1941 1652 1995 3,
1675 1943 1783 1983 ante
1797 1938 1952 1993 med.):

60 2022 96 2049 ,σε
115 2003 159 2048 Si
179 2004 405 2049 Christum
425 2002 552 2047 dicas
570 2005 615 2045 et
643 2003 838 2055 Patrem,
858 2000 884 2043 a
921 2012 1014 2056 quo
1038 2004 1210 2044 unctus
1228 2003 1314 2056 est,
1336 2004 1383 2044 et
1404 1999 1559 2056 ipsum
1579 2001 1658 2057 qui
1678 2006 1848 2045 unctus
1867 2005 1952 2058 est,

71 2065 231 2110 Filium
255 2072 301 2110 et
324 2065 540 2121 Spiritum
560 2066 791 2118 sanctum,
812 2074 905 2118 quo
923 2065 1096 2105 unctus
1117 2066 1206 2118 est,
1230 2061 1497 2118 designasti.
1522 2081 1543 2101 n
1573 2062 1659 2107 Sed
1688 2062 1736 2106 in
1767 2062 1956 2108 nomine

72 2126 301 2171 Trinitatis
319 2132 471 2182 potest
485 2123 583 2169 fieri
597 2124 872 2181 baptismus.
897 2125 1014 2179 Ergo
1030 2127 1077 2167 et
1099 2122 1147 2166 in
1171 2123 1358 2168 nomine
1380 2124 1561 2168 Christi.
1682 2122 1698 2142 f

127 2192 170 2234 3.
191 2191 428 2240 Praeterea,
454 2187 666 2231 Nicolaus
686 2188 702 2229 l
719 2197 855 2242 papa,
877 2185 937 2230 ad
970 2185 1183 2229 consulta
1201 2186 1504 2241 Bulgarorum
1523 2185 1828 2243 respondens,
1846 2186 1957 2232 dicit

73 2251 191 2305 (cap.
216 2252 315 2306 104,
335 2254 381 2292 et
398 2248 594 2292 habetur
612 2260 712 2304 cap.
737 2249 779 2289 A
799 2248 1012 2305 quodam,
1036 2249 1097 2290 De
1119 2251 1375 2291 consecrat.
1396 2247 1504 2291 dist.
1523 2249 1566 2302 4)
1590 2262 1600 2291 :
1641 2264 1662 2285 α
1682 2247 1766 2299 Qui
1786 2246 1835 2290 in
1874 2261 1953 2292 no-

74 2312 201 2355 mine
240 2315 412 2355 sanctae
436 2309 680 2364 Trinitatis,
705 2309 776 2352 vel
808 2308 987 2352 tantum
1028 2307 1077 2352 in
1116 2309 1305 2353 nomine
1338 2308 1519 2362 Christi,
1540 2309 1661 2353 sicut
1692 2309 1740 2353 in
1771 2310 1956 2355 Actibus

74 2372 393 2429 Apostolorum
417 2370 599 2426 legitur,
620 2369 835 2425 baptizati
852 2374 963 2413 sunt
985 2371 1148 2422 (unum
1162 2369 1332 2426 quippe
1350 2370 1568 2426 idemque
1589 2376 1675 2425 est,
1696 2375 1748 2414 ut
1767 2378 1956 2415 sanctus

74 2435 136 2478 ait
152 2433 453 2486 Ambrosius),
477 2430 747 2487 rebaptizari
767 2443 858 2474 non
882 2430 1070 2475 debent.
1095 2450 1115 2470 υ
1135 2431 1543 2487 Rebaptizarentur
1564 2437 1736 2487 autem,
1753 2433 1791 2476 si
1811 2433 1856 2477 in
1871 2434 1957 2478 hac

73 2496 222 2539 forma
245 2494 458 2550 baptizati
480 2497 823 2537 sacramentum
846 2491 1062 2548 baptismi
1102 2504 1196 2535 non
1230 2493 1503 2551 reciperent.
1536 2496 1653 2549 Ergo
1672 2498 1824 2550 potest
1844 2508 1958 2538 con-

74 2557 183 2602 ferri
200 2556 459 2613 baptismus
480 2554 528 2598 in
551 2554 740 2598 nomine
757 2553 922 2598 Christi
945 2554 1033 2598 sub
1052 2554 1140 2598 hac
1156 2555 1331 2599 forma:
1356 2559 1451 2611 qu
1463 2559 1505 2599 te
1524 2556 1701 2611 baptizo
1720 2558 1957 2600 innomine

76 2618 264 2661 Christi.

133 2678 220 2723 Sed
242 2681 401 2720 contra
431 2680 503 2720 est
521 2677 646 2733 quod
668 2676 879 2733 Pelagius
899 2689 1020 2733 papa
1043 2677 1204 2721 scribit
1221 2677 1476 2722 Gaudentio
1492 2677 1706 2733 episcopo
1730 2679 1798 2731 (ut
1817 2678 1957 2724 habe—

78 2745 154 2785 tur
167 2751 270 2795 cap.
291 2741 339 2782 Si
349 2740 527 2796 revera,
543 2742 605 2782 De
625 2743 883 2783 consecrat.
904 2738 1011 2783 dist.
1029 2740 1072 2793 4)
1099 2751 1111 2779 :
1134 2756 1154 2777 «
1175 2739 1218 2782 si
1243 2738 1290 2783 hi
1311 2739 1390 2795 qui
1409 2739 1457 2783 in
1479 2739 1593 2783 locis
1613 2739 1842 2783 dilectioni
1867 2746 1958 2785 tuae

79 2801 245 2846 vicinis
267 2799 542 2845 commorari
571 2800 804 2858 dicuntur,
824 2813 875 2845 se
909 2800 1201 2845 solummodo
1219 2801 1268 2845 in
1290 2801 1478 2846 nomine
1501 2800 1679 2845 Domini
1706 2801 1959 2857 baptizatos

79 2863 224 2908 fuisse
246 2859 543 2917 confitentur,
570 2861 672 2906 sine
696 2862 1034 2918 qu‘uscumque
1053 2862 1353 2908 dubitationis
1384 2863 1621 2919 ambiguo,
1645 2875 1726 2907 eos
1743 2863 1802 2907 ad
1819 2864 1957 2909 fidem

79 2923 349 2969 catholicam
370 2923 607 2967 venientes
639 2922 687 2966 in
711 2930 884 2968 sanctae
907 2923 1138 2968 Trinitatis
1174 2925 1362 2969 nomine
1396 2923 1666 2981 baptizabis.
1685 2942 1705 2964 υ
1736 2924 1958 2981 Didymus

79 2987 218 3030 etiam
242 2985 351 3029 dicit
371 2987 448 3040 (De
470 2985 636 3040 Spiritu
659 2985 940 3042 sancto‚lib.'
961 2999 1006 3042 11,
1042 2998 1207 3041 parum
1227 2985 1254 3029 a
1286 2986 1434 3042 princ.
1466 2986 1586 3031 inter
1615 2998 1693 3041 op.
1724 2986 1953 3043 Hieron.):

82 3064 103 3085 α
124 3047 246 3092 Licet
269 3047 372 3103 quIs
400 3046 546 3102 possit
577 3047 775 3091 existere
804 3047 948 3103 saxei,
968 3051 1022 3092 ut
1048 3047 1111 3091 ita
1133 3047 1301 3105 dicam,
1322 3047 1490 3106 cordis,
1509 3052 1557 3093 et
1584 3047 1770 3104 penitus
1789 3051 1957 3095 mentis

121 3141 572 3185 (‹l)Siquisautem}honoris
584 3142 733 3177 causasic
745 3143 972 3184 exprimeret:
1059 3143 1244 3185 baptismus
1269 3156 1336 3179 nou
1367 3143 1506 3187 valeret,
1530 3143 1558 3178 si
1588 3143 1725 3179 daretur
1744 3145 1786 3179 in
1813 3146 1958 3181 nomine

79 3190 225 3233 baptizo
241 3200 322 3231 vos,·
346 3190 398 3224 vel
414 3192 563 3224 assuetus
584 3190 763 3231 pluraliter
781 3190 888 3233 loqui,
910 3201 975 3226 nos
1059 3193 1236 3234 genitoris
1253 3196 1286 3227 et
1300 3193 1415 3235 qenici
1435 3196 1468 3227 et
1483 3191 1713 3235 procedentis
1729 3192 1774 3227 ab
1788 3196 1956 3234 utroque.

82 3239 114 3272 10
137 3238 379 3281 baptizamus,
399 3250 467 3272 non
486 3240 634 3273 variaret
654 3239 876 3273 substantiam
906 3239 975 3274 for·
1102 3239 1145 3282 (5)
1165 3239 1346 3280 Baptisma,
1366 3240 1495 3274 etiamsi
1507 3240 1542 3274 in
1559 3239 1696 3276 nomine
1714 3240 1837 3275 Christi
1851 3239 1958 3275 colla-

81 3295 144 3319 mae
163 3288 202 3318 ut
223 3289 336 3319 censet
356 3286 551 3330 Caietanus3
570 3285 626 3320 sed
650 3286 685 3319 id
705 3285 878 3320 vitandum
898 3291 957 3322 est.
1059 3289 1144 3328 tum,
1157 3286 1289 3321 nullum
1308 3288 1441 3321 estsine
1457 3289 1665 3329 expressione
1680 3288 1836 3322 distincta
1854 3287 1955 3321 trium

122 3332 166 3375 (2)
190 3333 317 3367 Doeent
330 3333 365 3366 S.
385 3334 506 3366 Doctor
520 3338 554 3367 et
571 3345 687 3368 omnes
707 3333 883 3375 thomistae,
899 3335 977 3368 Sco=
1059 3346 1277 3375 personarum
1295 3339 1416 3369 sauctae
1432 3335 1623 3377 Trinitatis,
1639 3339 1678 3371 ut
1697 3340 1790 3378 patet
1801 3347 1841 3371 ex
1862 3346 1956 3370 conc.

82 3381 136 3414 tus
146 3385 179 3414 et
188 3380 342 3421 scotistae,
355 3381 474 3419 Estius,
487 3380 628 3421 Sylvius,
642 3382 766 3415 Suarez
777 3386 811 3416 et
824 3393 973 3416 commu-
1060 3382 1208 3418 Floreat.
1228 3387 1262 3418 et
1275 3382 1429 3418 Trident.

84 3427 171 3463 niter
185 3429 243 3464 alii
259 3432 375 3463 contra
387 3430 581 3470 cajetanum
597 3440 780 3470 paucosque
792 3429 873 3465 alios
889 3434 953 3467 uuo
977 3446 978 3449 ¹
