2170 3808
196 227 281 272 502
785 223 984 277 QUAEST.
1014 224 1106 273 Lx,
1137 225 1255 268 ART.
1285 225 1322 267 11
1348 226 1414 269 ΕΤ
1440 226 1510 270 111.

196 310 398 363 possunt
433 305 524 352 dici
556 310 863 351 sacramenta.
896 307 995 350 Non
1034 317 1145 362 ergo
1178 317 1316 350 omne
1347 306 1535 366 signum
1568 307 1634 353 rei
1668 321 1813 354 sacrae
1846 314 1918 354 est
1940 322 2094 354 sacra-

197 372 428 414 mentum.

168 423 193 492 ‘2
254 433 299 475 2.
322 431 566 484 Praeterea,
586 427 744 473 omnia
763 441 870 486 quae
887 429 934 473 in
959 428 1104 474 veteri
1127 428 1230 485 lege
1253 428 1442 487 fiebant,
1466 430 1697 477 Christum
1718 430 1997 490 figurabant,
2016 431 2095 490 qui

185 494 272 556 *est
293 492 489 535 Sanctus
509 494 868 547 structurarum),
891 490 1153 537 secundum
1175 491 1292 537 illud
1319 494 1368 547 (1.
1389 492 1592 539 Corinth.
1609 507 1654 551 x,
1676 493 1780 551 11);
1805 497 1960 539 omnia
1977 497 2026 538 in
2041 497 2096 550 [ἰ-

196 563 318 608 qura
335 551 658 609 contingebant
672 553 796 609 illis5
814 557 860 598 et
883 552 994 607 (Col.
1012 566 1058 624 ¹.¹'
1076 554 1177 608 17)·
1201 556 1310 610 Quae
1332 556 1437 596 sunt
1457 554 1619 599 umbra
1633 556 1913 613 futurorum,
1935 569 2096 613 corpus

179 615 351 670 *autem
374 613 585 672 Christ13
607 626 695 660 nec
724 618 881 660 tamen
905 615 1063 660 omnia
1101 618 1234 671 gesta
1267 618 1455 672 patrum
1489 616 1659 662 veteris
1691 617 1988 674 Testamenti,
2019 616 2095 662 vel

196 673 339 720 etiam
361 687 527 722 omnes
553 678 843 722 caeremoniae
867 677 982 733 legis
1008 682 1122 722 sunt
1139 679 1461 733 sacramenta,
1482 677 1564 723 sed
1582 678 1797 736 quaedam
1817 678 2093 736 specialiter,

196 734 320 782 sicut
341 735 392 782 in
414 737 624 784 secunda
658 743 789 795 parte
813 738 1024 783 habitum
1047 742 1120 784 est
1140 739 1179 794 (1
1205 739 1249 795 2,
1274 740 1441 795 quaest.
1461 750 1517 795 cr,
1542 743 1630 785 art.
1667 741 1726 796 4).
1761 741 1882 797 Ergo
1911 739 2092 786 videtur

196 798 324 857 quod
345 812 439 845 non
459 812 601 847 omne
624 801 816 859 signum
839 802 904 846 rei
932 813 1079 846 sacrae
1100 800 1162 846 sit
1182 803 1548 848 sacramentum.

252 864 295 907 3.
319 864 562 920 Praeterea,
587 862 728 909 etiam
751 863 800 908 in
821 876 943 908 novo
966 866 1259 909 'testamento
1294 862 1441 907 multa
1469 867 1696 920 geruntur
1718 863 1768 910 in
1792 864 1983 922 signum
2011 863 2093 909 ali-

196 923 330 981 cujus
346 924 414 970 rei
433 937 595 982 sacrae,
613 937 719 982 quae
743 931 898 971 tamen
922 938 1015 971 non
1037 925 1258 971 dicuntur
1277 929 1585 983 sacramenta,
1601 926 1724 972 sicut
1737 924 1946 998 aspersio
1960 937 2094 988 aquae

196 984 470 1045 benedictae,
489 987 779 1033 consecratio
801 988 976 1046 alta1·iS‚
994 992 1040 1034 et
1056 988 1240 1033 similia.
1261 989 1358 1032 Non
1372 998 1484 1044 ergo
1503 999 1640 1034 omne
1658 988 1847 1047 signum
1862 988 1929 1033 rei
1947 999 2093 1033 sacrae

197 1051 268 1094 est
289 1052 653 1094 sacramentum.
1746 1069 1765 1087 x

254 1111 341 1156 Sed
373 1114 536 1155 contra
559 1115 631 1157 est
670 1110 795 1170 quod
832 1111 1039 1158 definitio
1073 1110 1362 1157 convertitur
1394 1122 1502 1157 cum
1535 1110 1743 1158 definito.
1777 1111 1867 1158 Sed
1903 1111 2091 1170 quidam

197 1171 427 1218 definiunt
446 1178 793 1219 sacramentum
817 1187 899 1232 per
923 1174 1012 1219 hoc
1032 1173 1160 1232 quod
1183 1177 1256 1219 est
1285 1185 1430 1218 sacrae
1450 1176 1518 1218 rei
1546 1177 1755 1231 siqnum5
1777 1177 1824 1220 et
1844 1173 1934 1218 hoc
1951 1173 2091 1219 etiam

195 1233 379 1280 videtur
424 1246 484 1280 ex
524 1235 798 1282 auctoritate
843 1235 1089 1293 Augustini
1126 1248 1269 1293 supra
1312 1235 1504 1280 inducta
1544 1236 1663 1291 (art.
1715 1247 1856 1294 praec.
1900 1234 1950 1280 in
1989 1247 2088 1293 arg.

157 1324 161 1327 ,
194 1298 286 1342 Sed
308 1298 464 1355 cont..)
487 1300 607 1357 Ergo
639 1299 822 1346 videtur
844 1300 970 1357 quod
999 1312 1139 1345 omne
1172 1299 1361 1356 signum
1383 1298 1451 1344 rei
1473 1311 1619 1345 sacrae
1641 1298 1702 1344 sit
1728 1303 2087 1345 sacramentum.

244 1366 536 1409 CONCLUSIO.
558 1389 606 1397 —
630 1367 738 1409 cum
769 1368 889 1420 signa
911 1368 1070 1421 proprie
1104 1365 1349 1408 hominibus
1365 1366 1535 1417 dentur,
1565 1379 1649 1408 non
1671 1366 1848 1432 quodvis
1878 1366 1937 1408 rei
1968 1378 2091 1409 sacrae

195 1421 700 1519 ffgffllxlxggsszcggffiiconattum
721 1426 795 1474 est,
819 1424 889 1464 sed
912 1424 1020 1464 illud
1036 1422 1202 1464 tantum
1223 1423 1334 1476 quod
1363 1421 1534 1474 signum
1553 1426 1615 1464 est
1636 1423 1693 1463 rei
1722 1433 1860 1474 sacrae,
1891 1423 2091 1474 quatenus

251 1538 527 1596 Respondeo
549 1540 800 1586 dicendum
823 1540 948 1597 quod
983 1539 1117 1597 signa
1151 1539 1339 1597 proprie
1367 1538 1539 1584 dantur
1568 1539 1854 1597 hominibu5‚
1890 1551 2091 1598 quorum

194 1604 267 1646 est
302 1613 386 1659 per
419 1606 531 1647 nota
563 1602 623 1649 ad
651 1604 810 1661 ignota
833 1603 1093 1660 pervenire.
1129 1604 1183 1647 Et
1214 1601 1321 1647 ideo
1341 1601 1528 1660 proprie
1557 1599 1726 1647 dicitur
1747 1606 2093 1649 sacramentum

194 1663 320 1721 quod
350 1668 423 1711 est
455 1665 644 1722 signum
675 1665 875 1724 alicujus
899 1665 964 1711 rei
1002 1678 1148 1712 sacrae
1178 1664 1240 1710 ad
1271 1663 1486 1710 homines
1508 1664 1810 1722 pertinentis,
1832 1668 1886 1710 ut
1916 1664 2093 1711 scilicet

192 1725 381 1784 proprie
412 1726 594 1773 dicatur
621 1733 968 1774 sacramentum
1006 1726 1269 1774 secundum
1291 1726 1418 1788 quod
1451 1739 1580 1772 nunc
1605 1727 1663 1773 de
1693 1727 2000 1774 sacramentis
2020 1727 2093 1774 lo-

194 1787 400 1845 quimur,
440 1789 567 1847 quod
604 1794 676 1835 est
707 1809 729 1830 α
750 1790 938 1847 signum
974 1791 1041 1836 rei
1072 1802 1233 1851 sacrae,
1257 1790 1537 1847 inquantum
1570 1793 1643 1836 est
1675 1790 1974 1836 sanctificans
2005 1791 2092 1836 ho-

193 1849 346 1896 mines
370 1852 447 1907 (2).
467 1871 488 1892 2,

249 1913 316 1959 Ad
343 1916 545 1971 primum
573 1927 685 1972 ergo
717 1915 967 1962 dicendum
981 1948 995 1972 ‚
1018 1914 1145 1974 quod
1173 1919 1398 1961 creaturae
1427 1913 1674 1960 sensibiles
1707 1911 1975 1972 significant
2007 1915 2093 1962 ali-

194 1975 308 2032 quid
325 1988 513 2023 sacrum
528 2012 541 2035 ,
567 1978 745 2024 scilicet
765 1979 1042 2036 sapientiam
1065 1982 1113 2024 et
1130 1977 1388 2024 bonitatem
1419 1977 1640 2036 divinam,
1670 1977 1950 2036 inquantum
1981 1985 2092 2026 sunt

193 2038 242 2082 in
266 2039 434 2097 seipsis
455 2052 604 2098 sacra,
627 2053 722 2085 non
746 2048 903 2086 autem
926 2042 1205 2100 inquantum
1228 2053 1317 2087 nos
1334 2052 1420 2099 per
1442 2052 1496 2086 ea
1521 2040 1894 2100 sanctificamur3
1918 2044 1967 2088 et
1986 2041 2092 2088 ideo

194 2112 289 2145 non
320 2106 521 2158 possunt
550 2102 640 2148 dici
675 2111 988 2161 sacramenta,
1014 2102 1276 2150 secundum
1303 2101 1430 2162 quod
1458 2114 1588 2148 nunc
1607 2102 1842 2160 loquimur
1859 2103 1918 2150 de
1935 2115 2090 2150 sacra-

193 2163 383 2209 mentis.

249 2225 317 2270 Ad
349 2226 597 2271 secundum
618 2225 886 2283 dicendum,
928 2225 1054 2284 quod
1074 2226 1290 2284 quaedam
1323 2226 1385 2273 ad
1414 2230 1552 2272 vetus
1572 2228 1916 2272 Testamentum
1944 2228 2091 2286 perti-

195 2285 355 2332 nentia
372 2286 699 2345 significabant
717 2290 1013 2334 sanctitatem
1032 2290 1214 2346 Christi,
1230 2288 1493 2336 secundum
1508 2288 1660 2348 quod
1648 2301 1697 2334 111
1717 2300 1769 2335 se
1784 2293 1976 2337 sanctus
1993 2296 2087 2349 est3

194 2349 410 2406 quaedam
445 2349 555 2395 vero
591 2348 920 2407 significabant
970 2352 1268 2398 sanctitatem
1309 2351 1440 2409 ejus,
1475 2351 1756 2408 inquantum
1797 2364 1881 2411 per
1909 2364 1967 2399 ea
2002 2366 2090 2400 nos

195 2411 569 2469 sanctificamur3
595 2412 717 2458 sicut
740 2413 995 2458 immolatio
1015 2414 1127 2470 agni
1157 2414 1391 2472 paschalis
1412 2412 1705 2471 significabat
1724 2413 2089 2463 immolationem

195 2473 375 2531 Christi,
399 2475 494 2532 qua
512 2473 786 2519 sanctificati
806 2487 996 2520 sumus·
985 2508 997 2520 .
1021 2480 1068 2520 et
1090 2475 1198 2520 talia
1229 2475 1449 2522 dicuntur
1473 2475 1658 2533 proprie
1679 2475 1851 2522 veteris
1877 2477 1990 2534 legis
2010 2490 2089 2524 sa-

194 2539 448 2581 eramenta.

236 2599 313 2645 ‘Ad
350 2603 533 2645 tertium
553 2599 819 2656 dicendum,
849 2600 975 2658 quod
1007 2613 1084 2646 res
1115 2601 1441 2647 denominatur
1461 2600 1490 2646 a
1521 2601 1615 2646 fine
1647 2605 1695 2646 et
1727 2602 2084 2661 complemento.
2104 2657 2109 2663 ,

103 2682 116 2690 „
192 2660 439 2720 Dispositio
468 2665 625 2708 autem
648 2676 745 2709 non
768 2668 841 2709 est
873 2663 995 2720 finiS,
1030 2676 1183 2722 neque
1213 2662 1450 2722 perfectio.
1476 2664 1531 2709 Et
1562 2662 1666 2709 ideo
1689 2676 1795 2722 quae
1821 2663 2089 2723 significant

192 2723 547 2782 dispositionem
582 2725 643 2771 ad
676 2727 988 2783 sanctitatem,
1014 2739 1108 2771 non
1142 2726 1364 2772 dicuntur
1396 2730 1690 2772 sacramenta
1713 2729 1788 2785 (3),
1826 2728 1884 2775 de
1916 2731 2088 2788 quibus

176 2787 402 2893 ‘procedit
421 2787 636 2845 object10‚
668 2788 751 2834 sed
777 2789 929 2834 solum
951 2801 1007 2834 ea
1037 2800 1145 2846 quae
1168 2787 1435 2845 significant
1465 2787 1799 2891 perfectionem
1829 2791 2086 2839 sanctitatis

227 2860 426 2894 umanae.

248 2914 597 2959 ARTICULUS
634 2916 718 2958 111.
743 2937 800 2947 —
827 2927 970 2958 υτιιιιιι
1005 2926 1301 2958 stomun-:nrum
1331 2926 1396 2958 sn·
1427 2925 1579 2958 smmum
1609 2927 1728 2959 umus
1757 2927 1827 2959 nm
1854 2928 2029 2962 uni-uu.

376 2980 426 3017 De
442 2981 615 3018 bisetium
630 2982 726 3018 Sent.
742 2991 790 3025 Π,
813 2984 892 3019 dist.
912 2984 1075 3026 l.quaest.
1092 2991 1119 3026 ι,
1135 2986 1201 3019 art.
1217 2983 1251 3025 l,
1273 2981 1469 3026 quoestiunc.
1493 2990 1507 3017 1
1524 2982 1615 3026 adl,
1629 2985 1665 3018 et
1682 2985 1747 3019 art.
1766 2983 1894 3028 5oorp.

247 3034 314 3081 Ad
337 3036 524 3082 tertium
544 3038 612 3083 sic
634 3050 680 3095 p
670 3038 917 3084 occditur.
939 3042 981 3084 1.
1004 3038 1190 3085 Videtur
1207 3038 1334 3095 quod
1351 3042 1696 3085 sacramentum
1712 3051 1806 3085 non
1824 3039 1884 3085 sit
1899 3041 2084 3099 signum

194 3096 285 3142 nisi
307 3097 449 3143 unius
471 3098 553 3144 rei.
578 3099 628 3145 ld
650 3101 772 3145 enim
796 3114 891 3158 quo
921 3101 1068 3146 multa
1097 3100 1446 3158 significantur,
1472 3104 1544 3146 est
1574 3099 1763 3158 signum
1793 3102 2082 3161 ambiguum,

232 3235 276 3279 (1)
296 3235 339 3270 Ut
356 3235 546 3278 appellatur
563 3237 662 3279 (Dan.
678 3247 726 3277 lx.
743 3239 807 3280 24).
1179 3243 1427 3274 sacramentum
1444 3251 1453 3273 t
1474 3238 1542 3275 Res
1559 3239 1725 3275 sensibus
1753 3239 1915 3284 subJ'ecla
1933 3251 2014 3285 quae
2035 3251 2083 3277 ex

234 3283 276 3325 (2,
297 3284 361 3319 Hic
374 3283 529 3326 loquitur
542 3290 661 3320 auctor
678 3287 718 3320 de
734 3291 945 3321 sacramento
960 3287 1096 3329 proprie
1178 3288 1414 3322 institutione
1440 3286 1522 3328 Dei,
1540 3288 1752 3323 sanctitatis
1773 3292 1808 3323 et
1824 3289 1987 3333 ‚iustitias
2007 3291 2081 3324 tum

194 3331 346 3375 quidem,
367 3332 425 3368 sed
441 3331 659 3376 generaliter,
675 3340 778 3376 prout
793 3343 842 3369 ost
858 3347 1037 3370 commune
1055 3335 1096 3370 ad
1180 3335 1442 3379 significanda?
1458 3339 1535 3370 tum
1549 3335 1754 3378 efficienda·
1768 3337 1842 3371 vim
1860 3337 1977 3373 habet.

191 3384 399 3415 sacramenta
417 3380 540 3416 veteris
558 3384 592 3415 et
610 3393 704 3418 novae
728 3382 823 3422 legis.
839 3384 921 3418 Cum
939 3383 999 3417 hac
1014 3383 1096 3418 defi·
1225 3385 1267 3426 (5)
1298 3383 1365 3419 Sed
1392 3383 1527 3419 tantum
1554 3387 1719 3419 vocantur
1747 3384 2012 3426 sacramentalia,
2040 3387 2081 3419 ut
2148 3411 2156 3420 ,

191 3428 323 3463 nitionc
350 3427 513 3463 coincidit
539 3428 598 3463 illa
620 3441 719 3470 quam
749 3430 847 3465 habet
877 3432 1097 3467 catechismus
1180 3432 1361 3474 imagines,
1376 3442 1511 3474 cruces,
1527 3443 1611 3474 aqua
1625 3432 1803 3468 benedicta
1827 3436 1862 3469 et
1877 3433 1942 3467 alia
1964 3432 2080 3473 hujus·

191 3487 351 3511 romanus
381 3480 416 3512 et
445 3476 514 3512 hoec
539 3476 639 3518 vulgo
667 3478 788 3513 usitata
812 3479 849 3513 in
880 3491 945 3521 qua
971 3479 1096 3515 dicitur
1179 3480 1285 3516 modi.
