2170 3808
95 202 194 246 392·
737 200 934 252 QUAEST.
962 201 1102 255 XLVI,
1131 202 1251 244 ART.
1282 200 1351 244 lx.

95 294 213 337 ram,
231 287 285 327 ut
303 283 471 328 dicitur
491 282 648 337 (Exodi
669 283 760 337 xn).
785 285 904 339 Ergo
922 282 1108 327 videtur
1129 282 1255 339 quod
1281 282 1489 327 Christus
1511 286 1625 327 tunc
1644 280 1855 327 debuerit
1879 281 1990 336 pati,

97 346 218 403 quod
243 350 369 401 patet
388 356 493 389 esse
513 342 683 388 falsum
706 360 717 389 :
747 357 855 389 nam
875 350 990 390 tunc
1021 346 1195 389 Pascha
1214 357 1321 389 cum
1344 345 1442 389 suis
1463 345 1703 401 discipulis
1724 342 1990 400 celebravit,

99 408 360 454 secundum
389 405 501 451 illud
529 407 678 457 (Marci
701 421 792 460 xiv,
810 410 883 461 12)
919 409 978 462 (1)
1004 422 1015 452 t
1037 411 1191 451 Primo
1220 407 1296 451 die
1313 421 1592 464 azymorum,
1613 406 1795 463 quando
1813 405 1994 448 Pascha

95 470 390 513 immolabant
405 482 421 521 ,·
438 468 652 524 sequenti
669 473 824 513 autem
845 469 919 514 die
937 482 1104 526 passus
1120 469 1223 514 fuit.

153 534 197 578 2.
227 534 465 586 Praeterea,
491 532 644 586 passio
673 532 833 576 Christi
860 532 1030 576 dicitur
1052 532 1155 589 ejus
1174 532 1407 588 exaltatio,
1430 533 1689 577 secundum
1709 529 1825 574 illud
1845 530 1995 582 (Joan.

97 606 158 649 ιιι,
178 596 249 646 14)
285 607 298 638 :
323 595 513 649 Oportet
543 593 750 636 eoealtari
770 594 917 649 filiam
947 594 1157 638 hominis.
1183 597 1284 651 lpse
1304 599 1457 638 autem
1492 595 1698 639 Christus
1731 590 1900 636 dicitur
1926 590 1997 634 sol

93 655 304 715 justitiae,
336 661 389 699 ut
412 661 539 711 patet
573 656 775 710 (Malach.
809 656 913 711 ult.)
936 659 1010 712 (2).
1042 658 1160 712 Ergo
1181 657 1365 701 videtur
1385 656 1509 714 quod
1531 655 1743 702 debuerit
1765 653 1859 710 pati
1882 653 1998 697 hora

99 720 249 774 sexta,
287 719 475 775 quando
514 718 585 763 sol
620 722 694 763 est
730 718 777 762 in
815 731 902 764 sua
943 719 1144 763 maxima
1173 719 1453 764 exaltatione
1476 734 1487 764 ε
1530 719 1665 776 cujus
1710 715 1995 762 contrarium

99 779 284 825 videtur
302 793 382 837 per
405 780 450 826 id
471 781 597 837 quod
617 780 787 826 dicitur
798 782 950 838 (Marci
969 795 1041 840 xv,
1061 783 1134 838 25)
1152 787 1303 828 :Erat
1318 786 1469 826 autem
1487 784 1603 827 hora
1621 783 1776 836 tertia,
1799 782 1843 823 et
1856 780 1998 822 cruci-

102 843 301 890 fixerunt
322 857 438 888 eum.

156 907 200 950 3.
231 907 470 960 Praeterea,
503 905 624 949 sicut
645 905 747 950 sol
735 918 784 950 ln
807 906 922 950 hora
943 911 1075 951 sexta
1094 907 1298 952 maxime
1317 906 1548 952 exaltatur
1573 905 1780 963 quolibet
1802 904 1895 961 die,
1934 903 1998 948 ita

101 965 152 1012 in
194 967 390 1011 solstitio
410 967 602 1011 aestivali
643 967 847 1012 maxime
884 968 1116 1013 exaltatur
1150 968 1359 1026 quolibet
1388 981 1530 1013 anno.
1551 967 1715 1013 Debuit
1750 979 1863 1023 ergo
1894 977 1998 1010 ma-

102 1027 175 1085 gis
210 1028 306 1084 pati
344 1028 467 1073 circa
487 1033 673 1086 tempus
712 1028 897 1075 solstitii
932 1030 1151 1075 aestivalis
1188 1030 1331 1088 quam
1368 1030 1492 1077 circa
1518 1033 1702 1086 tempus
1734 1025 1998 1085 aequinoctii

103 1090 326 1135 vernalis.

157 1155 202 1197 4.
233 1154 471 1207 Praeterea,
506 1165 590 1210 per
624 1153 921 1210 praesentiam
959 1154 1124 1199 Christi
1162 1155 1209 1199 in
1250 1155 1428 1200 mundo
1459 1153 1666 1199 mundus
1705 1151 2000 1197 illuminaba-

104 1218 198 1271 tur,
234 1215 497 1260 secundum
540 1215 654 1262 illud
700 1219 844 1268 (Joan.
885 1231 942 1271 ix,
983 1220 1058 1272 5):
1101 1219 1329 1274 Quamdiu
1359 1232 1457 1261 sum
1493 1215 1761 1274 inmundo,
1799 1216 1882 1259 lux
1900 1227 2001 1258 sam

104 1279 281 1322 mundi.
326 1277 616 1325 Conveniens
660 1278 803 1336 igitur
847 1278 1015 1323 fuisset
1055 1279 1273 1325 humanae
1310 1280 1476 1336 saluti,
1520 1283 1573 1324 ut
1609 1279 1783 1324 diutius
1822 1277 1870 1320 in
1913 1277 2001 1322 hoc

106 1340 284 1385 mundo
318 1339 536 1397 vixisset;
562 1340 627 1385 ita
654 1340 781 1398 quod
807 1353 902 1385 non
922 1346 1161 1398 pateretur
1197 1342 1246 1386 in
1274 1341 1470 1399 juvenili
1493 1345 1644 1397 aetate,
1665 1340 1748 1384 sed
1768 1339 1919 1396 magis
1949 1338 2000 1383 in

106 1401 258 1447 senili.

163 1463 250 1508 Sed
267 1467 426 1508 contra
438 1465 645 1522 estquod
657 1464 826 1510 dicitur
837 1467 983 1519 (Joan.
998 1467 1088 1521 xm)
1109 1481 1120 1510 ε
1137 1468 1288 1510 Sciens
1301 1470 1431 1510 lesus
1441 1469 1548 1521 quia
1564 1468 1684 1509 venit
1699 1466 1814 1508 hora
1824 1466 1936 1520 eius,
1951 1467 2003 1507 ut

107 1527 315 1571 transeat
335 1527 392 1570 de
413 1526 498 1570 hoc
520 1527 688 1570 mundo
710 1527 774 1570 ad
790 1530 1005 1585 Patrem,
1019 1533 1066 1573 et
1083 1530 1229 1582 (Joan.
1243 1541 1289 1584 11,
1304 1530 1349 1582 4)
1367 1528 1505 1573 dicit:
1529 1528 1873 1572 Nondicmvenit
1886 1526 2004 1568 hora

107 1599 208 1632 mea
241 1603 256 1629 :
288 1587 366 1632 ubi
397 1588 507 1633 dicit
534 1589 823 1646 Augustinus
841 1592 992 1644 (tract.
1017 1593 1043 1635 8
1067 1590 1113 1634 in
1138 1593 1269 1635 Joan.
1297 1590 1355 1634 ad
1387 1590 1514 1645 fin.):
1545 1606 1566 1628 α
1593 1589 1675 1634 Ubi
1702 1589 1877 1633 tantum
1895 1587 2005 1632 fecit

109 1650 337 1707 quantum
362 1651 577 1694 sufficere
594 1651 835 1707 Judicavit,
853 1652 980 1697 venit
1000 1653 1113 1696 hora
1126 1653 1244 1710 eJus,
1261 1665 1356 1697 non
1371 1651 1679 1708 necessitatiS,
1693 1650 1775 1696 sed
1793 1649 2004 1694 volunta-

109 1710 222 1756 tis.»
245 1713 542 1757 convenienti
569 1713 709 1770 igitur
732 1719 940 1771 tempore
969 1727 1138 1771 passus
1166 1720 1254 1761 est.

158 1788 443 1830 CONCLUSIO.
468 1811 516 1817 -
542 1788 647 1828 cum
674 1789 867 1830 voluntas
892 1789 1067 1841 Christi,
1086 1790 1154 1830 cui
1182 1790 1270 1843 ejus
1294 1791 1429 1843 passio
1449 1790 1630 1842 subjecta
1653 1789 1756 1838 fuit,
1773 1787 1919 1828 divina
1938 1799 2003 1828 sa-

110 1844 267 1897 pientia
285 1847 499 1894 regeretur,
521 1845 784 1897 perspicuum
805 1850 866 1885 est
887 1845 1040 1887 Christi
1072 1847 1306 1898 passionem
1328 1845 1589 1887 convenienti
1608 1849 1787 1897 tempore
1804 1848 2005 1896 peractam

113 1911 211 1941 esse.
340 1928 349 1934 .

166 1962 437 2019 Respondeo
459 1961 708 2007 dicendum
733 1962 874 2020 quod,
898 1964 1022 2008 sicut
1043 1977 1187 2021 supra
1212 1964 1388 2010 dictum
1410 1968 1482 2008 est
1502 1965 1606 2018 (art.
1630 1965 1651 2007 1
1685 1961 1781 2019 huj.
1803 1961 2004 2018 quaest.),

113 2025 269 2082 passio
287 2024 450 2069 Christi
471 2023 683 2080 subjecta
699 2031 799 2069 erat
824 2025 927 2081 ejus
950 2026 1197 2070 voluntati.
1221 2026 1443 2070 Voluntas
1458 2030 1615 2070 autem
1638 2025 1740 2081 ejus
1758 2022 2007 2080 regebatur

114 2086 273 2132 dIvina
303 2085 546 2142 sapientia,
571 2086 676 2143 Quae
698 2086 856 2130 omnia
875 2088 1208 2133 convenienter
1230 2092 1277 2132 et
1299 2087 1507 2132 suaviter
1527 2086 1746 2143 disponit,
1772 2090 1824 2129 ut
1838 2084 2006 2130 dicitur

117 2151 237 2205 (Sap.
260 2150 369 2203 viu).
395 2151 448 2191 Et
467 2147 570 2192 ideo
594 2148 843 2193 dicendum
864 2154 937 2193 est
958 2149 1084 2205 quod
1113 2149 1407 2194 convenienti
1432 2154 1638 2205 tempore
1659 2147 1813 2204 passio
1841 2145 2004 2190 Christi

114 2210 348 2256 celebrata
368 2216 454 2254 est.
487 2210 614 2255 Unde
643 2211 933 2267 Augustinus
953 2212 1090 2266 (alius
1113 2215 1292 2267 auctor)
1311 2213 1375 2267 (in
1398 2212 1477 2256 lib.
1503 2211 1816 2265 Quaestionum
1836 2208 2006 2254 veteris

115 2277 164 2320 et
182 2273 289 2317 novi
312 2274 507 2316 Testam.
532 2278 698 2329 quaest.
720 2287 773 2316 tv
796 2273 845 2317 in
871 2273 1040 2330 princ.)
1067 2274 1183 2319 dixit
1206 2289 1218 2318 :
1244 2292 1264 2312 «ι
1288 2274 1451 2318 Omnia
1469 2273 1668 2331 propriis
1691 2273 1806 2317 locis
1824 2275 1871 2317 et
1891 2277 2006 2316 tem-

119 2335 308 2394 poribus
331 2335 476 2390 gessit
499 2335 723 2379 Salvator.
747 2354 767 2375 »

171 2398 235 2442 Ad
248 2402 444 2455 primum
460 2410 570 2454 ergo
586 2398 849 2450 dicendum,
865 2399 987 2454 quod
1007 2400 1195 2455 quidam
1214 2400 1376 2444 dicunt
1399 2399 1628 2443 Christum
1649 2397 1793 2441 fuisse
1814 2408 2006 2452 passum

118 2461 281 2518 quarta
295 2461 474 2505 decima
491 2461 618 2516 luna,
633 2461 820 2516 quando
834 2463 854 2503 J
861 2461 975 2505 udaei
997 2463 1170 2505 Pascha
1183 2461 1488 2506 immolabant
1501 2476 1514 2516 ς
1535 2461 1660 2505 unde
1674 2461 1873 2513 et(Joan.
1891 2473 2005 2516 xviii,

119 2525 186 2576 28)
199 2523 366 2567 dicitur
382 2523 503 2579 quod
515 2525 536 2566 J
542 2522 659 2567 odaei
677 2537 765 2566 non
785 2526 1054 2566 introierunt
1068 2527 1115 2566 in
1124 2527 1386 2580 praetorium
1397 2523 1536 2566 Pilati
1550 2523 1649 2578 ipso
1665 2522 1739 2566 die
1757 2520 2006 2578 passionis

119 2588 270 2628 utnon
284 2585 810 2658 coritaiizinarentursted
822 2588 870 2627 ut
881 2586 1214 2628 manducarent
1226 2586 1430 2628 Pascha:
1441 2585 1518 2629 ubi
1532 2585 1888 2640 Chiysostomus
1899 2582 2010 2628 dicit

121 2645 268 2701 (hom.
279 2660 415 2689 Lxxxn
433 2647 478 2689 in
492 2649 622 2690 Joan.
637 2647 663 2689 a
681 2647 803 2691 med
808 2648 838 2703 ),
860 2646 1023 2704 quod«
1013 2652 1158 2691 ‹tunc
1175 2647 1317 2692 Judaei
1337 2647 1542 2692 faciebat
1548 2653 1566 2690 t
1579 2646 1772 2699 Pascha·
1788 2646 1888 2701 ipse
1898 2643 2009 2690 vero

122 2712 230 2751 ante
243 2720 384 2752 unam
401 2708 522 2752 diem
536 2708 788 2752 celebravit
804 2709 995 2764 Pascha,
1010 2721 1257 2753 reservans
1272 2720 1405 2752 suam
1419 2720 1500 2752 ου
1496 2708 1552 2752 is
1567 2720 1648 2750 nn<
1651 2719 1696 2751 m
1711 2712 1853 2751 sextae
1866 2706 1946 2750 fel
1935 2718 2008 2763 iae,

122 2782 245 2827 quan
253 2770 310 2815 do
322 2783 349 2812 v
354 2778 457 2814 etus
471 2772 644 2814 Pascha
655 2770 837 2815 fiebata
838 2771 942 2815 ›Cui
958 2771 1141 2815 videtur
1153 2782 1409 2815 consonare
1422 2769 1546 2827 quod
1559 2769 1727 2814 dicitur
1743 2770 2008 2824 (Joan.x111)

123 2832 245 2888 quod
265 2837 369 2875 ante
389 2834 507 2875 diem
519 2835 683 2886 festum
697 2833 898 2888 Paschae,
913 2833 1141 2887 ChristuS,
1156 2836 1282 2888 faeta
1294 2835 1438 2886 coena,
1450 2833 1587 2888 pedes
1599 2831 1925 2887 discipulorum
1938 2831 2012 2873 la-

122 2897 260 2938 vit.—-
275 2895 358 2939 Sed
374 2900 533 2938 contra
548 2895 634 2938 hoc
650 2895 831 2939 videtur
846 2907 949 2940 esse
962 2895 1085 2952 quod
1104 2895 1272 2940 dicitur
1285 2895 1454 2948 (Matth.
1468 2908 1581 2949 xxvi,
1601 2896 1672 2947 17)
1691 2908 1701 2935 :
1717 2892 1841 2949 quod
1860 2894 2013 2950 prima

125 2957 199 2999 die
223 2971 486 3012 azymorum
520 2961 804 3001 accesserunt
826 2958 1040 3014 discipuli
1074 2959 1138 3001 ad
1158 2962 1328 3011 Jesum,
1349 2958 1549 3000 dicentes
1569 2971 1584 2997 .·
1612 2956 1693 2998 Ubi
1713 2957 1782 2997 vis
1799 2968 2014 3011 paremus

126 3018 207 3062 tibi
231 3022 461 3062 comedere
495 3021 672 3063 Pascha
691 3019 715 3062 ?
751 3023 817 3064 Ex
839 3033 931 3077 quo
954 3024 1081 3077 patet
1101 3020 1226 3077 quod
1252 3037 1279 3058 «·
1294 3023 1401 3064 cum
1425 3020 1603 3075 primus
1623 3018 1720 3063 dies
1744 3028 2013 3074 azymorum
2069 3065 2077 3071 ,

125 3080 305 3126 dicatur
324 3087 518 3137 quartus
537 3083 747 3127 decimus
776 3082 875 3128 dies
895 3082 1072 3127 mensis
1095 3082 1254 3139 primi,
1278 3081 1467 3139 quando
1486 3093 1638 3138 agnus
1670 3079 2013 3136 immolabatur,

126 3146 174 3186 et
212 3143 323 3186 luna
363 3144 634 3198 plenissima
658 3149 743 3200 est,
772 3162 791 3182 »
819 3150 870 3188 ut
902 3145 1211 3202 Hieronymus
1238 3144 1350 3188 dicit
1371 3147 1493 3199 (sup.
1531 3142 1643 3186 illud
1680 3141 1831 3184 Matth.
1865 3143 1980 3194 xxvi)
1998 3153 2011 3183 ε

127 3207 286 3248 Prima
305 3207 379 3248 die
401 3219 661 3262 azymorum
686 3211 985 3262 accesserunt,
1011 3213 1100 3252 etc.
1117 3240 1130 3262 ,
1150 3212 1333 3252 constat
1351 3207 1516 3263 quarta
1535 3205 1714 3249 decima
1735 3203 1846 3247 luna
1864 3203 2015 3248 Chris-

169 3315 212 3357 (1)
224 3315 281 3350 Sic
290 3315 379 3349 enim
395 3315 442 3349 ibi
457 3316 612 3356 <vers.6):
628 3317 674 3349 Et
686 3317 878 3351 servabitis
889 3316 1027 3352 (scilicet
1154 3317 1196 3355 (2)
1216 3317 1279 3351 Ubi
1306 3316 1433 3350 dicitur
1453 3316 1551 3355 (vers.
1565 3314 1600 3356 2)
1627 3325 1635 3348 ε
1668 3313 1772 3348 Vobis
1801 3313 2015 3349 timentibus

36 3390 48 3409 s
126 3367 263 3404 agnum)
295 3375 408 3407 usque
437 3364 485 3397 ad
516 3367 688 3405 quartam
721 3365 897 3399 decimam
930 3366 1026 3401 diem
1111 3376 1243 3400 nomen
1263 3375 1381 3399 meum
1399 3364 1544 3398 orietur
1565 3362 1792 3405 soljastitiae
1808 3365 1840 3397 et
1860 3361 2006 3396 sanitas

128 3413 260 3446 mensis
287 3412 415 3455 hujus,
439 3412 710 3456 immolabitque
739 3424 819 3447 eum
848 3416 1025 3449 universa
1110 3415 1151 3447 in
1166 3414 1298 3456 pennis
1319 3414 1414 3456 ejm.

131 3460 325 3494 multitudo
340 3461 509 3502 filiorum
525 3460 645 3495 Israel
661 3461 711 3494 ad
727 3471 930 3502 vesperam.
