2170 3808
208 250 296 292 210
764 250 964 301 QUAEST.
995 251 1146 307 XXIV,
1175 251 1294 294 ART.
1325 253 1377 296 111
1405 254 1469 297 ET
1498 255 1565 317 IV.

213 332 492 439 gxemplaris
510 333 758 389 pertinere.
775 334 894 390 Ergo
910 334 1255 389 praedestinatio
1283 335 1447 380 Christi
1462 343 1533 382 est
1553 339 1791 395 exemplar
1811 345 1980 386 nostrae
1994 355 2113 399 prae-
2140 307 2170 407 ἐ

246 393 556 438 estinationis.
1549 436 1551 438 .
2128 395 2170 449 ,fs

260 459 603 501 CONCLUSIO.—
631 461 786 502 Christi
816 460 1120 512 praedestinatio
1142 463 1376 504 secundum
1398 469 1541 506 aetum
1566 468 1898 517 praedestinantis
1925 482 2008 510 non
2033 472 2130 514 fuit
2154 473 2170 512 εἶ

211 519 361 556 nostrae
383 515 757 565 praedestinationis
772 516 996 568 exemplar,
1019 516 1089 558 sed
1108 518 1245 570 quoad
1268 519 1494 560 terminum
1514 522 1903 573 praedestinationiS.
2078 556 2079 560 ¹
2141 542 2170 581 Α]

265 578 538 633 Respondeo
567 579 816 624 dicendum
837 579 960 637 qued
986 580 1599 639 praedestinatio-dupliciter
1621 591 1774 642 potest
1797 586 2107 635 consideran-ix
2144 590 2170 642 Ξ-

211 651 307 684 uno
344 640 482 684 modo
506 642 768 687 secundum
805 642 961 699 ipsum
989 648 1147 687 actum
1177 643 1571 703 praedestinantis,
1596 653 1644 692 et
1672 647 1740 693 sic
1772 649 2110 709 praedestinatio
2141 643 2170 719 ξ,

210 701 375 747 Christi
395 714 488 746 non
509 709 659 761 potest
679 705 770 749 dici
786 704 1026 761 exemplar
1038 710 1208 750 nostrae
1221 705 1640 762 praedestinatIOnis
1651 725 1663 754 z
1675 722 1771 755 uno
1783 711 1909 755 enim
1925 712 2112 759 modoet
2136 715 2170 766 »δ’

210 764 373 810 eodem
393 768 499 809 actu
516 771 692 810 aeterno
716 766 1066 824 praedestinavit
1087 770 1209 813 Deus
1237 781 1323 812 nos
1344 773 1393 813 et
1411 771 1660 816 Christum.
1685 772 1782 817 Alio
1802 774 1941 818 modo
1964 778 2112 831 potest
2144 772 2170 884 ἓ

210 827 554 882 praedestinatio
585 829 868 874 considerari
892 830 1151 874 secundum
1173 830 1289 875 illud
1310 831 1370 876 ad
1401 833 1526 889 quod
1547 834 1717 891 aliquis
1735 836 2110 891 praedestinatur}

209 890 336 946 quod
357 898 429 936 est
444 891 863 946 praedestinationis
884 892 1114 936 terminus
1129 898 1176 936 et
1198 894 1414 949 effectus3
1435 899 1484 940 et
1499 897 1759 942 secundum
1777 898 1864 942 hoc
1877 898 2112 954 praedesti·
2134 899 2141 926 ἒ

210 953 338 997 natio
353 954 516 999 Christi
527 958 600 998 est
610 954 847 1011 exemplar
861 958 1034 998 nostrae
1051 956 1489 1011 praedestinationis.
1504 961 1557 1003 Et
1567 960 1654 1002 hoc
1673 959 1945 1016 dupliciter:
1963 961 2111 1008 Primo
2150 958 2153 963 ’

209 1014 397 1069 quidem
419 1017 647 1073 quantum
667 1015 728 1061 ad
744 1015 923 1061 bonum
953 1015 1013 1061 ad
1033 1017 1159 1073 quod
1191 1017 1608 1074 praedestinamur:
1637 1020 1737 1077 ipse
1755 1022 1882 1065 enim
1903 1025 1974 1066 est
1992 1035 2113 1079 prae-
2146 1059 2151 1066 ,

207 1075 467 1123 destinatus
479 1079 538 1123 ad
550 1078 638 1122 hoc
657 1078 783 1135 quod
798 1083 922 1123 esset
937 1078 1013 1123 Dei
1031 1079 1171 1124 Filius
1185 1080 1410 1125 naturalis
1427 1096 1440 1126 ε
1457 1094 1544 1126 nos
1557 1087 1713 1127 autem
1727 1083 2112 1139 praedestinamur

208 1138 268 1183 ad
286 1139 553 1185 filiationem
573 1140 852 1197 adoptionis,
868 1153 974 1198 quae
987 1146 1061 1186 est
1082 1143 1300 1199 quaedam
1313 1144 1587 1201 participata
1609 1145 1862 1191 similitudo
1878 1146 2113 1193 filiationis

208 1202 451 1247 naturalis.
479 1202 609 1248 Unde
628 1203 797 1247 dicitur
816 1205 961 1257 (Rom.
982 1216 1073 1259 v111,
1106 1207 1176 1258 29)
1215 1219 1225 1247 ε
1248 1208 1365 1262 Quos
1388 1209 1634 1263 praescivit,
1669 1206 1750 1251 hos
1770 1209 2112 1264 praedestinavtt

208 1267 458 1317 conformes
480 1266 582 1320 fieri
613 1267 828 1322 imaginis
861 1266 975 1308 Filii
1009 1269 1098 1311 sui.
1120 1267 1219 1311 Alio
1240 1268 1379 1312 modo
1398 1270 1627 1326 quantum
1647 1270 1706 1314 ad
1727 1270 1919 1315 modum
1946 1284 2113 1317 conse·
2151 1291 2155 1306 τ

207 1327 380 1383 quendi
408 1328 533 1373 istud
567 1327 747 1373 bonum
778 1327 904 1386 quod
922 1334 993 1373 est
1012 1341 1095 1385 per
1120 1330 1315 1385 gratiam
1341 1347 1353 1375 ε
1390 1332 1516 1388 quod
1548 1332 1739 1387 quidem
1761 1333 1809 1377 in
1831 1333 2010 1378 Christo
2037 1341 2110 1380 est
2146 1339 2147 1343 ’

207 1389 655 1445 manifestissimum,
670 1389 780 1446 quia
795 1394 963 1434 natura
976 1390 1182 1436 humana
1196 1392 1245 1436 in
1269 1392 1446 1438 Christo
1467 1394 1609 1438 nullis
1621 1394 1720 1438 suis
1738 1395 2111 1451 praecedentibus

207 1451 382 1495 meritis
412 1457 483 1498 est
502 1453 631 1497 unita
652 1452 762 1498 Filio
794 1452 872 1498 Dei
892 1453 985 1509 (1):
1011 1457 1060 1498 et
1089 1454 1149 1499 de
1170 1454 1461 1511 plenitudine
1498 1457 1662 1512 gratiae
1691 1456 1794 1514 eJus
1830 1469 1917 1502 nos
1948 1470 2112 1503 omnes
2155 1483 2158 1487 ⁴

206 1514 490 1571 accepimus,
511 1520 563 1559 ut
582 1513 751 1559 dicitur
772 1515 917 1568 (Joau.
939 1526 969 1572 ι,
989 1515 1078 1568 16).
2148 1521 2150 1523 ’

258 1576 326 1621 Ad
340 1581 542 1632 primum
560 1589 671 1633 ergo
688 1576 957 1632 dicendum,
974 1575 1100 1632 qued
1125 1576 1206 1622 illa
1223 1577 1342 1623 ratio
1358 1579 1568 1635 procedit
1584 1592 1643 1624 ex
1674 1584 1805 1637 parte
1835 1580 1961 1624 illius
1978 1584 2112 1626 aetus

207 1637 596 1693 praedestinantis.
2146 1655 2153 1665 ⁵

259 1703 313 1745 Et
335 1701 547 1746 similiter
566 1701 817 1746 dicendum
837 1706 909 1746 est
932 1703 992 1748 ad
1010 1704 1273 1747 secundum.

258 1763 326 1809 Ad
339 1767 522 1807 tertium
543 1763 811 1819 dicendum,
827 1765 953 1821 quod
966 1777 1059 1809 non
1077 1769 1149 1808 est
1166 1765 1484 1810 necessarium
1499 1765 1623 1823 quod
1635 1765 1949 1822 exemplatum
1960 1778 2114 1811 exem..
2130 1768 2150 1787 ²
2167 1807 2170 1824 ;

206 1825 321 1882 plari
344 1830 574 1884 quantum
594 1827 654 1871 ad
676 1826 834 1870 omnia
855 1828 1196 1881 conformetur;
1227 1828 1311 1873 sed
1334 1828 1507 1872 sufficit
1541 1827 1668 1884 quod
1689 1827 2005 1883 exemplatum
2024 1827 2111 1872 ali—
2154 1824 2170 1891 ἐξ

203 1887 405 1945 qualiter
434 1888 642 1933 imitetur
660 1900 800 1933 suum
822 1889 1079 1946 exemplar.
2146 1892 2170 1944 '2³

315 1953 660 1996 ARTICULUS
690 1954 772 1996 IV.
804 1977 858 1984 -
888 1966 1024 1996 ursum
1046 1965 1387 1996 PRAEnsssrmATm
1405 1965 1567 1996 cnmsrr
1597 1965 1660 1996 su·
1679 1965 1807 1996 ctus*
1831 1965 2000 1996 mosum
2148 1956 2159 1994 ἶ

904 2027 1308 2058 ΡΜΞΒΕΒΤΙΝΑΉΟΝΙΒ
1338 2015 1413 2069 (2).
2159 2031 2161 2035 ·

689 2082 739 2116 De
753 2081 808 2116 his
822 2082 926 2117 etiam
940 2083 1036 2118 Sent.
1057 2091 1111 2124 111,
1129 2082 1209 2117 dist.
1226 2083 1282 2126 to,
1300 2087 1417 2126 quaest.
1437 2091 1492 2123 ιιι,
1509 2083 1621 2118 art.5.

258 2136 323 2182 Ad
345 2140 565 2194 quartum
588 2137 655 2181 sic
674 2137 954 2192 proceditur.
978 2141 1020 2182 1.
1039 2137 1227 2182 Videtur
1245 2137 1370 2195 quod
1386 2138 1733 2194 praedestinatio
1754 2137 1919 2183 Christi
1939 2150 2035 2183 non
2050 2139 2110 2184 sit

201 2211 348 2244 eausa
383 2203 554 2242 nostrae
585 2198 1024 2254 praedestinationis.
1055 2202 1293 2244 AEternum
1327 2200 1452 2244 enim
1483 2212 1578 2244 non
1611 2199 1752 2244 habet
1775 2212 1983 2245 causam.
2021 2201 2110 2246 Sed
2167 2237 2170 2242 .

204 2259 548 2316 praedestinatio
566 2264 727 2303 nostra
748 2265 820 2304 est
851 2268 1040 2305 aeterna.
1062 2262 1180 2316 Ergo
1202 2261 1544 2318 praedestinatio
1565 2260 1730 2306 Christi
1755 2273 1851 2305 non
1873 2266 1946 2306 est
1966 2275 2108 2307 causa
2150 2242 2170 2317 3

205 2327 377 2366 nostrae
409 2320 849 2377 praedestinationis.
2154 2313 2170 2379 ξ

259 2387 304 2429 2.
333 2386 572 2439 Praeterea,
596 2383 712 2428 illud
750 2385 874 2441 quod
898 2384 1128 2441 dependet
1151 2398 1208 2429 ex
1247 2385 1446 2442 simplici
1469 2385 1546 2430 Dei
1578 2387 1836 2442 voluntate,
1859 2398 1953 2429 non
1970 2386 2107 2432 habet
2152 2381 2170 2442 ξ

205 2445 341 2490 aliam
380 2457 570 2489 causam
610 2445 699 2489 nisi
738 2446 815 2490 Dei
849 2445 1156 2491 voluntatem.
1193 2446 1281 2492 Sed
1318 2446 1664 2503 praedestinatio
1701 2451 1864 2492 nostra
1903 2459 1961 2492 ex
1998 2448 2108 2493 sim·
2131 2452 2134 2457 '
2149 2451 2170 2552 ξ

205 2507 312 2564 plici
356 2507 592 2551 voluntate
631 2507 710 2551 Dei
756 2507 1014 2564 dependet3
1055 2509 1222 2553 dicitur
1259 2509 1382 2553 enim
1426 2509 1605 2565 (Ephes.
1653 2523 1685 2563 ι,
1721 2511 1765 2564 2)
1806 2523 1818 2553 ι
1863 2511 2109 2554 Praedesti-
2148 2523 2161 2556 ’τ

204 2573 306 2613 nati
338 2571 584 2612 secundnm
618 2574 899 2625 proposi-tum
933 2571 1028 2625 effus
1061 2573 1138 2627 qui
1172 2574 1325 2614 omnia
1344 2574 1565 2627 operatur
1594 2571 1843 2614 secundum
1871 2572 2107 2616 consilium
2154 2552 2170 2605 3

204 2632 451 2676 voluntatis
474 2644 581 2676 suae.
598 2634 719 2688 Ergo
741 2632 1087 2689 praedestinatio
1108 2632 1274 2677 Christi
1303 2645 1398 2679 non
1412 2637 1486 2678 est
1512 2645 1657 2677 causa
1674 2638 1845 2678 nostrae
1865 2633 2106 2690 praedesti-
2151 2627 2170 2685 Ξ

204 2694 421 2739 nationis.
487 2707 491 2711 ’
524 2748 527 2751 ‚
2153 2687 2170 2755 ξ

256 2758 300 2802 3.
330 2759 578 2814 Praeterea,
598 2758 777 2801 remota
792 2760 950 2813 causa,
976 2762 1242 2803 removetur
1260 2757 1467 2802 effectus.
1493 2757 1582 2802 Sed
1602 2759 1780 2803 remota
1798 2756 2106 2813 praedestina-
2151 2751 2170 2800 ’Ξ

151 2838 154 2840 ·
205 2819 328 2864 tione
349 2818 531 2876 Christi,
554 2830 648 2863 non
672 2825 938 2864 removetur
951 2825 1112 2865 nostra
1127 2819 1473 2878 praedestinatio
1493 2834 1506 2864 z
1528 2819 1638 2877 quia
1658 2819 1839 2864 etiamsi
1863 2820 2005 2864 Filius
2028 2817 2104 2866 Dei
2147 2801 2170 2873 ᾗ

202 2895 297 2927 non
316 2881 652 2936 incarnaretur,
671 2887 770 2925 erat
784 2881 905 2926 alius
915 2883 1083 2928 modus
1105 2881 1339 2939 possibilis
1364 2885 1533 2926 nostrae
1546 2881 1725 2937 salutis,
1747 2887 1800 2926 ut
1816 2883 2105 2939 Augustinus
2147 2881 2170 2939 ἔ

202 2943 312 2990 dicit
330 2947 407 2994 (De
437 2942 595 2987 Trinit.
620 2942 699 2987 lib.
719 2957 809 3000 xm,
833 2956 936 3000 cap.
970 2947 1042 2999 10,
1067 2944 1096 2989 a
1116 2944 1297 3001 princ.).
1322 2943 1667 2988 Praedestinatio
1685 2955 1797 3000 ergo
1819 2942 1984 2989 Christi
2008 2957 2100 2989 non
2148 2946 2170 2994 ἶ

200 3010 272 3050 est
302 3018 445 3050 causa
466 3010 639 3050 nostrae
661 3006 1098 3062 praedestinationis.
1275 3044 1279 3047 Δ
2147 3006 2165 3041 ,t

258 3067 344 3111 Sed
357 3071 519 3110 contra
540 3071 613 3111 est
626 3067 751 3123 quod
761 3066 930 3112 dicitur
944 3068 1120 3126 (Ephes.
1143 3081 1173 3124 ι,
1194 3070 1236 3122 5)
1257 3068 1636 3112 :Praedestin-avit
1656 3080 1737 3110 nos
1750 3070 1799 3110 in
1813 3069 2103 3124 adoptionem

201 3127 396 3183 filiorum
418 3143 501 3184 per
522 3133 674 3172 Iesum
704 3130 958 3186 Christum.¹
1354 3177 1357 3180 .

249 3195 543 3236 CONCLUSIO.
574 3218 622 3225 --
644 3197 735 3236 Non
766 3195 849 3237 fuit
876 3200 1025 3238 nostrae
1048 3196 1420 3249 praedestinationis
1443 3208 1580 3248 eausa,
1613 3196 1767 3238 Christi
1795 3196 2099 3249 praedestinatio

198 3250 337 3304 quoad
358 3253 500 3291 actum
517 3250 858 3303 praedestinantis,
877 3253 947 3294 sed
965 3253 1191 3294 secundum
1208 3252 1583 3305 praedestinationis
1603 3252 1842 3292 terminum.

254 3313 525 3371 Respondeo
537 3314 785 3360 dicendum
799 3316 926 3372 qued
936 3317 976 3361 si
988 3315 1308 3362 consideretur
1321 3314 1664 3373 praedestinatio
1675 3315 1935 3360 secundum
1947 3316 2099 3372 ipsum

244 3410 287 3453 (t)
304 3411 356 3445 Ita
373 3423 434 3445 nos
451 3409 523 3445 sine
539 3410 618 3444 ullis
632 3412 757 3447 nostris
771 3414 906 3449 meritis
921 3414 1106 3456 accipimus
1193 3425 1288 3448 causa
1302 3412 1497 3454 exemplari,
1523 3424 1614 3447 nune
1631 3413 1711 3447 verb
1737 3412 1850 3454 agitur
1874 3412 1914 3447 de
1939 3423 2035 3447 causa
2052 3412 2092 3446 fi·
2150 3419 2166 3462 j

200 3457 243 3494 de
264 3458 492 3500 plenitudine,
512 3462 576 3493 etc.
1193 3461 1263 3496 nali
1280 3465 1313 3497 et
1331 3460 1496 3498 efficienti
1513 3472 1573 3497 seu
1589 3460 1767 3498 meritoria
1791 3458 2093 3503 praedestinationis

243 3505 285 3548 (2)
313 3507 353 3543 In
378 3506 521 3543 articulo
543 3506 750 3550 praecedenti
775 3510 957 3546 tractatum
988 3514 1038 3545 est
1066 3510 1108 3544 de
1192 3514 1325 3546 nostroe.
