2170 3808
820 199 1020 251 QUAEST.
1050 200 1228 245 XXXIII.
1890 203 1972 247 273

83 287 156 329 est
175 282 313 328 etiam
330 280 549 339 possibile
564 279 689 337 quod
702 280 875 338 aliquid
890 286 1072 326 moveat
1088 281 1308 338 seipsum,
1325 281 1415 326 nisi
1432 280 1661 326 dividatur
1675 280 1724 325 in
1736 280 1853 326 duas
1860 293 1970 337 ‹par-

86 348 170 400 tes,
194 356 391 401 quarum
420 356 516 388 una
547 342 607 387 sit
634 354 842 397 movens,
877 347 925 387 et
945 342 1034 387 alia
1057 342 1118 386 sit
1138 347 1286 399 mota3
1317 342 1444 400 quod
1465 342 1514 387 in
1548 341 1660 387 solis
1691 341 1971 388 animalibus

85 406 322 463 contingit,
339 410 393 450 ut
405 404 627 462 probatur
643 404 840 461 (Physic.
865 404 947 449 lib.
969 418 1060 459 vm,
1087 409 1199 448 text.
1222 405 1306 459 30).
1333 403 1676 461 supernaturali
1701 408 1858 449 autem
1877 403 1968 449 vir-

85 470 196 525 tute,
225 468 335 526 quia
359 467 522 512 dicunt
543 466 602 512 ad
632 471 825 511 matrem
845 465 1015 524 requiri
1038 465 1162 523 qued
1183 477 1278 510 non
1298 466 1448 511 solum
1475 466 1716 512 materiam
1740 465 1970 511 ministret

85 529 206 587 (quae
222 533 292 574 est
305 528 496 585 sanguis
516 531 819 583 menstruus),
836 528 919 573 sed
933 527 1071 572 etiam
1092 538 1269 582 semen,
1286 527 1412 584 quod
1434 527 1736 572 commixtum
1754 527 1873 572 virili
1897 539 1969 572 se-

83 591 198 636 mini
224 590 363 637 habet
386 590 606 635 virtutem
636 590 833 635 activam
855 589 904 634 in
928 588 1239 645 generatione.
1275 590 1328 633 Et
1349 587 1459 644 quia
1479 587 1527 632 in
1547 591 1596 633 B.
1628 589 1812 645 Virgine
1841 589 1968 634 nulla

84 652 170 698 suit
185 653 307 699 facta
323 652 540 697 resolutio
558 652 751 698 seminis
767 656 954 710 propter
974 651 1319 708 integerrimam
1338 650 1440 707 ejus
1456 649 1784 708 virginitatem,
1809 652 1970 698 dicunt

85 715 207 772 qued
226 715 418 773 Spiritus
439 718 631 759 sanctus
648 713 1059 771 supernaturaliter
1080 713 1119 757 ei
1142 712 1303 757 tribuit
1331 712 1548 757 virtutem
1572 711 1770 761 activam
1788 711 1837 757 in
1856 725 1968 758 con-

84 776 293 834 ceptione
314 775 518 833 corporis
533 776 712 833 Christi,
734 787 875 833 quam
893 775 995 819 aliae
1017 780 1187 819 matres
1210 774 1384 818 habent
1406 786 1490 831 per
1509 786 1668 819 semen
1693 773 1966 821 resolutum.

84 862 137 870 --
153 838 240 884 Sed
266 839 352 884 hoc
373 850 467 881 non
487 841 639 894 potest
661 842 813 882 stare:
834 837 944 894 quia
964 840 1072 881 cum
1090 836 1309 894 quaelibet
1326 848 1402 881 res
1420 835 1481 880 sit
1500 840 1687 892 propter
1702 847 1835 879 suam
1856 848 1969 892 ope-

83 900 323 956 rationem,
346 906 400 945 ut
422 899 590 945 dicitur
611 903 687 954 (De
706 899 841 956 coe10,
862 898 943 944 lib.
964 912 1012 954 11,
1029 903 1141 943 text.
1168 900 1255 954 17),
1272 902 1440 942 natura
1462 910 1555 942 non
1581 897 1888 954 distingueret
1909 899 1965 944 ad

83 973 202 1018 opus
223 961 532 1019 generationis
553 973 717 1006 sexum
732 961 874 1006 maris
890 967 936 1005 et
950 960 1150 1016 feminae,
1169 960 1255 1004 nisi
1277 960 1402 1005 esset
1419 959 1637 1005 distincta
1653 959 1859 1016 operatio
1875 971 1968 1004 ma-

83 1023 147 1068 ris
165 1022 224 1069 ab
242 1024 508 1081 operatione
519 1023 787 1068 feminae.1n
807 1022 1103 1080 generatione
1121 1027 1275 1066 autem
1293 1021 1593 1078 distinguitur
1610 1021 1814 1078 operatio
1827 1033 1966 1078 agen-

84 1085 142 1130 tis
161 1090 206 1131 et
227 1086 461 1143 patientis.
483 1085 610 1131 Unde
623 1085 900 1142 relinquitur
917 1084 1042 1142 qued
1064 1088 1158 1128 tota
1176 1083 1323 1128 virtus
1341 1082 1491 1128 activa
1510 1082 1567 1127 sit
1587 1095 1646 1128 ex
1660 1088 1790 1139 parte
1808 1083 1965 1140 maris,

84 1148 238 1204 passio
255 1152 411 1193 autem
431 1161 489 1193 ex
510 1153 636 1205 parte
656 1147 840 1193 feminae
854 1162 865 1191 :
881 1151 1069 1204 propter
1082 1146 1206 1203 quod
1226 1146 1272 1190 in
1287 1146 1476 1202 plantis,
1508 1145 1555 1189 in
1580 1145 1753 1202 quibus
1773 1149 1969 1202 utraque

82 1207 153 1253 vis
171 1210 510 1269 commiscetur,
530 1221 625 1253 non
643 1213 715 1254 est
734 1208 968 1253 distinctio
986 1207 1127 1252 maris
1142 1212 1189 1252 et
1201 1207 1400 1252 feminae.
1420 1232 1469 1238 —
1487 1206 1599 1260 Quia
1614 1207 1755 1264 igitur
1769 1209 1818 1252 B.
1833 1207 1969 1264 Virgo

81 1280 176 1313 non
194 1270 284 1316 hoc
303 1271 480 1328 accepit
498 1274 551 1315 ut
571 1274 696 1315 esset
711 1274 842 1327 pater
861 1269 1043 1325 Christi,
1060 1268 1143 1314 sed
1156 1272 1320 1325 mater,
1339 1280 1630 1325 consequens
1647 1272 1719 1312 est
1736 1268 1860 1325 qued
1875 1280 1968 1313 non

81 1332 308 1388 acceperit
327 1331 582 1389 potentiam
603 1331 799 1376 activam
822 1330 871 1375 in
890 1331 1191 1387 conceptione
1209 1330 1387 1385 Christi,
1414 1330 1512 1374 sive
1534 1330 1707 1388 aliquid
1730 1329 1892 1388 egerit,
1911 1343 1967 1375 ex

81 1403 175 1450 quo
194 1392 404 1449 sequitur
427 1393 576 1449 ipsam
594 1392 738 1437 fuisse
758 1395 935 1449 patrem
954 1391 1144 1449 Christi3
1176 1391 1274 1437 sive
1297 1391 1408 1436 nihil
1429 1391 1592 1448 egerit,
1612 1396 1665 1436 ut
1685 1391 1875 1447 quidam
1896 1391 1969 1438 di·

82 1458 210 1510 cunt,
227 1466 285 1499 ex
301 1467 394 1511 quo
413 1454 622 1511 sequitur
643 1453 908 1512 hujusmodi
930 1453 1184 1510 potentiam
1207 1453 1406 1498 activam
1423 1453 1465 1497 ei
1486 1453 1657 1497 frustra
1670 1452 1816 1497 fuisse
1829 1452 1969 1498 colla-

81 1519 191 1560 tam.
216 1519 270 1560 Et
288 1516 392 1561 ideo
414 1516 664 1562 dicendum
686 1520 757 1561 est
774 1515 897 1572 qued
920 1516 967 1561 in
989 1516 1088 1572 ipsa
1111 1515 1414 1572 conceptione
1433 1515 1597 1559 Christi
1625 1517 1675 1560 B.
1694 1515 1831 1572 Virgo
1856 1515 1968 1561 nihil

81 1576 230 1622 active
243 1582 431 1635 operata
446 1582 534 1635 est,
551 1578 635 1624 sed
650 1577 795 1623 solam
813 1578 1053 1623 materiam
1072 1577 1352 1622 ministravit
1365 1591 1378 1633 3
1396 1582 1584 1633 operata
1600 1581 1754 1620 tamen
1777 1581 1848 1621 est
1861 1582 1969 1623 ante

81 1640 430 1696 conceptionem
456 1640 631 1698 aliquid
659 1640 823 1696 active,
860 1640 1169 1697 praeparando
1198 1639 1456 1696 materiam,
1487 1643 1539 1684 ut
1566 1643 1690 1683 esset
1718 1643 1826 1695 apta
1854 1651 1969 1685 con-

81 1700 250 1756 ceptui.

135 1762 202 1807 Ad
219 1766 416 1819 primum
435 1775 544 1820 ergo
572 1763 846 1819 dicendum,
875 1762 999 1820 qued
1028 1762 1108 1807 illa
1133 1762 1373 1819 conceptio
1391 1761 1479 1806 tria
1505 1761 1747 1818 privilegia
1776 1761 1966 1808 habuit:

82 1822 257 1868 scilicet
270 1823 396 1881 qued
410 1828 534 1869 esset
549 1823 651 1869 sine
671 1829 859 1881 peccato
881 1823 1113 1880 originali,
1132 1824 1255 1880 qued
1272 1828 1398 1868 esset
1413 1836 1509 1868 non
1530 1823 1635 1880 puri
1653 1823 1869 1877 hominis,
1887 1824 1971 1871 sed

81 1883 160 1930 Dei
184 1888 229 1930 et
248 1884 475 1941 hominis3
499 1885 610 1930 item
632 1885 756 1942 qued
786 1888 909 1930 esset
935 1885 1171 1941 conceptio
1198 1885 1419 1940 virginis=
1454 1889 1500 1929 et
1518 1884 1619 1929 haec
1641 1884 1728 1929 tria
1755 1884 1914 1930 habuit
1943 1886 1969 1930 a

83 1946 252 2003 Spiritu
273 1951 450 1992 sancto.
472 1949 527 1991 Et
547 1947 650 1992 ideo
673 1947 785 1992 dicit
805 1949 1118 1992 Damascenns
1138 1951 1366 2004 quantum
1390 1946 1449 1991 ad
1467 1946 1685 2003 primum,
1712 1947 1837 2003 qued
1867 1947 1967 2005 Spi-

81 2009 200 2053 ritus
221 2013 411 2054 sanctus
440 2008 710 2066 supervenit
743 2008 914 2065 Virgini
941 2021 1150 2066 purgans
1180 2009 1346 2066 ipsam,
1379 2007 1427 2053 id
1448 2012 1536 2065 est,
1568 2020 1876 2065 praeservans,
1909 2022 1970 2056 ne
2017 2009 2022 2015 '

81 2082 188 2116 cum
210 2075 398 2128 peccato
419 2069 630 2126 originali
648 2070 926 2127 conciperet.
947 2073 1177 2124 Quantum
1197 2071 1256 2115 ad
1273 2070 1532 2116 secundum
1551 2070 1690 2114 dicit:
1717 2087 1737 2107 «
1758 2072 1811 2115 Et
1828 2070 1970 2116 virtu·

82 2138 175 2178 tem
198 2132 510 2189 susceptivam
531 2131 665 2177 Verbi
686 2131 764 2177 Dei
793 2131 1016 2187 tribuens,
1044 2150 1065 2170 »
1100 2131 1148 2178 id
1175 2136 1263 2186 est,
1286 2135 1339 2176 ut
1361 2132 1623 2187 conciperet
1650 2130 1847 2176 Verbum
1872 2133 1967 2178 Dei.

82 2194 311 2248 Quantum
323 2197 479 2238 autem
491 2194 550 2238 ad
561 2193 745 2239 tertium
760 2193 871 2238 dicit
887 2209 898 2238 :
917 2211 936 2230 «
949 2193 1092 2238 Simul
1108 2198 1260 2238 autem
1276 2198 1322 2238 et
1341 2194 1677 2249 generativam
1690 2211 1710 2231 »
1727 2198 1780 2237 ut
1794 2193 1970 2240 scilicet

81 2268 278 2302 manens
298 2256 430 2312 virgo
447 2261 604 2313 posset
622 2268 863 2312 generare,
895 2269 990 2300 non
1013 2256 1201 2312 quidem
1224 2255 1389 2312 active,
1413 2256 1496 2300 sed
1510 2256 1715 2312 passive,
1734 2255 1856 2300 sicut
1868 2255 1970 2301 aliae

82 2323 253 2362 matres
274 2318 361 2363 hoc
383 2322 735 2376 consequuntur
756 2330 816 2363 ex
837 2319 1014 2363 semine
1033 2318 1138 2362 viri.

137 2380 203 2425 Ad
229 2383 474 2425 secundum
503 2380 770 2438 dicendum,
786 2380 912 2436 qued
933 2380 1139 2437 potentis
1161 2378 1431 2436 generativa
1449 2378 1499 2423 in
1520 2379 1692 2424 femina
1713 2383 1786 2424 est
1802 2378 1970 2437 imper-

81 2440 202 2486 fecta
220 2446 435 2498 respectu
462 2441 676 2498 potentiae
695 2441 1097 2498 generativaequae
1124 2441 1260 2486 estin
1280 2452 1423 2485 mare.
1446 2443 1500 2485 Et
1521 2441 1625 2485 ideo
1642 2439 1762 2484 sicut
1783 2440 1831 2484 in
1856 2441 1969 2486 arti-

82 2502 172 2548 bus
189 2515 266 2548 ars
278 2503 467 2548 inferior
488 2504 692 2561 disponit
712 2503 970 2560 materiam,
989 2516 1066 2548 ars
1083 2508 1239 2548 autem
1259 2502 1471 2560 superior
1491 2502 1669 2548 inducit
1684 2502 1898 2559 formam,
1915 2508 1970 2548 ut

82 2564 249 2611 dicitur
268 2565 460 2623 (Physic.
484 2566 564 2611 lib.
587 2581 634 2623 11,
649 2570 760 2611 text·
782 2568 871 2623 25),
893 2566 957 2609 ita
977 2565 1117 2610 etiam
1129 2565 1278 2610 virtus
1300 2565 1569 2622 generativa
1587 2564 1774 2609 feminae
1790 2577 1968 2622 praepa—

82 2632 153 2674 rat
174 2627 431 2684 materiam,
457 2627 604 2673 virtus
622 2632 778 2672 autem
803 2628 952 2672 activa
966 2627 1111 2672 maris
1127 2627 1294 2671 format
1311 2627 1550 2671 materiam
1570 2631 1890 2683 praeparatam.

138 2690 204 2734 Ad
237 2693 420 2733 tertium
456 2689 720 2744 dicendum,
754 2689 879 2746 quod
909 2689 969 2734 ad
999 2689 1088 2732 hoc
1121 2689 1246 2744 qued
1276 2687 1599 2732 transmutatio
1627 2687 1685 2731 sit
1726 2688 1966 2747 naturalis,

86 2761 179 2794 non
195 2751 444 2807 requiritur
464 2750 587 2807 qued
610 2750 658 2794 in
687 2751 881 2796 materia
908 2751 968 2795 sit
993 2749 1272 2807 principium
1294 2749 1513 2806 activum,
1538 2748 1622 2795 sed
1644 2748 1796 2793 solum
1814 2749 1966 2807 passi·

84 2821 213 2866 vum,
231 2816 285 2856 ut
296 2812 470 2856 dictum
488 2817 558 2858 est
577 2813 640 2867 (in
656 2825 783 2870 corp.
806 2815 929 2867 art.).

736 2941 1040 3004 QUAESTIO
1080 2939 1313 2993 XXXIII.

153 3055 215 3093 DE
244 3057 372 3092 MODO
404 3058 464 3092 ET
498 3057 670 3092 ORDINE
703 3056 1034 3093 CONCEPTIONlS
1071 3057 1273 3104 CHRISTI,
1309 3057 1356 3092 IN
1389 3056 1606 3099 QUATUOR
1641 3057 1898 3094 ARTICULOS

942 3120 1108 3154 DIVISA.

134 3208 284 3248 Deinde
302 3208 640 3248 considerandum
670 3212 730 3248 est
751 3207 800 3248 de
827 3208 949 3248 modo
968 3212 1008 3247 et
1036 3207 1177 3247 ordine
1206 3208 1482 3259 conceptionis
1500 3207 1676 3257 Christi;
1703 3211 1742 3247 et
1766 3209 1871 3248 circa
1889 3206 1964 3246 hoc

85 3266 325 3314 quaeruntur
345 3265 520 3314 quatuor
537 3278 547 3302 :
573 3267 608 3301 1⁰
626 3263 773 3302 Utrum
791 3273 936 3312 corpus
953 3262 1105 3301 Christi
1126 3263 1169 3300 in
1196 3262 1330 3312 primo
1349 3262 1522 3301 instanti
1541 3263 1818 3313 conceptionis
1842 3262 1965 3300 fuerit

84 3317 318 3357 formatum.
336 3340 381 3346 —
402 3325 440 3356 2⁰
453 3318 599 3357 Utrum
613 3317 660 3357 in
680 3319 809 3368 primo
828 3316 1001 3355 instanti
1019 3318 1289 3368 conceptionis
1304 3317 1425 3357 fuerit
1438 3318 1684 3357 animatum.
1701 3339 1749 3346 —-
1764 3322 1803 3356 3⁰
1819 3317 1963 3357 Utrum

87 3372 130 3412 in
146 3373 276 3423 primo
294 3373 468 3411 instanti
487 3372 758 3424 conceptionis
773 3371 894 3412 fuerit
913 3373 935 3411 a
954 3372 1079 3411 Verbo
1095 3377 1366 3423 assumptum.
1387 3395 1431 3402 -v-
1445 3373 1486 3411 4⁰
1502 3373 1649 3413 Utrum
1668 3372 1873 3423 conceptio
1889 3371 1964 3411 illa

90 3423 204 3467 tuerit
224 3429 423 3467 naturalis
443 3428 504 3467 vel
523 3427 782 3467 miraculosa.
