<?xml version="1.0" encoding="UTF-8"?>
<!DOCTYPE html PUBLIC "-//W3C//DTD XHTML 1.0 Transitional//EN"
    "http://www.w3.org/TR/xhtml1/DTD/xhtml1-transitional.dtd">
<html xmlns="http://www.w3.org/1999/xhtml" xml:lang="en" lang="en">
 <head>
  <title>
</title>
<meta http-equiv="Content-Type" content="text/html;charset=utf-8" />
  <meta name='ocr-system' content='tesseract 3.04.00' />
  <meta name='ocr-capabilities' content='ocr_page ocr_carea ocr_par ocr_line ocrx_word'/>
</head>
<body>
  <div class='ocr_page' id='page_1' title='image "./summatheologica06thomuoft_0174.png"; bbox 0 0 2170 3808; ppageno 0'>
   <div class='ocr_carea' id='block_1_1' title="bbox 189 235 1495 288">
    <p class='ocr_par' dir='ltr' id='par_1_1' title="bbox 189 235 1495 288">
     <span class='ocr_line' id='line_1_1' title="bbox 189 235 1495 288; baseline -0.002 -8"><span class='ocrx_word' id='word_1_1' title='bbox 189 237 272 281; x_wconf 82' lang='lat'>138</span> <span class='ocrx_word' id='word_1_2' title='bbox 783 235 981 286; x_wconf 78' lang='lat' dir='ltr'><strong>QUAEST.</strong></span> <span class='ocrx_word' id='word_1_3' title='bbox 1011 235 1098 288; x_wconf 87' lang='lat' dir='ltr'>XV,</span> <span class='ocrx_word' id='word_1_4' title='bbox 1128 235 1249 276; x_wconf 71' lang='grc' dir='ltr'><strong>ΛΒΤ.</strong></span> <span class='ocrx_word' id='word_1_5' title='bbox 1274 235 1325 276; x_wconf 87' lang='lat' dir='ltr'>lV</span> <span class='ocrx_word' id='word_1_6' title='bbox 1353 235 1417 277; x_wconf 86' lang='lat' dir='ltr'>ET</span> <span class='ocrx_word' id='word_1_7' title='bbox 1445 236 1495 278; x_wconf 87' lang='lat' dir='ltr'>V.</span> 
     </span>
    </p>
   </div>
   <div class='ocr_carea' id='block_1_2' title="bbox 189 315 2078 802">
    <p class='ocr_par' dir='ltr' id='par_1_2' title="bbox 189 315 2078 546">
     <span class='ocr_line' id='line_1_2' title="bbox 245 315 2077 373; baseline 0 -10"><span class='ocrx_word' id='word_1_8' title='bbox 245 318 313 363; x_wconf 88' lang='lat' dir='ltr'>Ad</span> <span class='ocrx_word' id='word_1_9' title='bbox 346 318 588 362; x_wconf 73' lang='lat' dir='ltr'>secundum</span> <span class='ocrx_word' id='word_1_10' title='bbox 614 315 878 373; x_wconf 88' lang='lat' dir='ltr'>dicendum,</span> <span class='ocrx_word' id='word_1_11' title='bbox 897 315 1023 373; x_wconf 81' lang='lat' dir='ltr'>quod</span> <span class='ocrx_word' id='word_1_12' title='bbox 1042 315 1215 359; x_wconf 85' lang='lat' dir='ltr'>Tullius</span> <span class='ocrx_word' id='word_1_13' title='bbox 1234 315 1296 359; x_wconf 87' lang='lat' dir='ltr'>ibi</span> <span class='ocrx_word' id='word_1_14' title='bbox 1315 315 1520 373; x_wconf 89' lang='lat' dir='ltr'>loquitur</span> <span class='ocrx_word' id='word_1_15' title='bbox 1535 315 1793 361; x_wconf 78' lang='lat' dir='ltr'>secundum</span> <span class='ocrx_word' id='word_1_16' title='bbox 1813 316 2077 373; x_wconf 77' lang='lat' dir='ltr'>opinionem</span> 
     </span>
     <span class='ocr_line' id='line_1_3' title="bbox 191 377 2078 434; baseline 0.002 -11"><span class='ocrx_word' id='word_1_17' title='bbox 191 379 468 433; x_wconf 81' lang='lat' dir='ltr'>Stoicorum3</span> <span class='ocrx_word' id='word_1_18' title='bbox 487 378 566 433; x_wconf 88' lang='lat' dir='ltr'>qui</span> <span class='ocrx_word' id='word_1_19' title='bbox 590 390 682 421; x_wconf 89' lang='lat' dir='ltr'>non</span> <span class='ocrx_word' id='word_1_20' title='bbox 704 377 931 422; x_wconf 89' lang='lat' dir='ltr'>vocabant</span> <span class='ocrx_word' id='word_1_21' title='bbox 947 378 1188 434; x_wconf 81' lang='lat' dir='ltr'>passiones</span> <span class='ocrx_word' id='word_1_22' title='bbox 1208 389 1528 434; x_wconf 90' lang='lat' dir='ltr'>quoscumque</span> <span class='ocrx_word' id='word_1_23' title='bbox 1549 382 1704 421; x_wconf 91' lang='lat' dir='ltr'>motus</span> <span class='ocrx_word' id='word_1_24' title='bbox 1726 377 1957 432; x_wconf 77' lang='lat' dir='ltr'>appetitus</span> <span class='ocrx_word' id='word_1_25' title='bbox 1976 390 2078 427; x_wconf 82' lang='lat' dir='ltr'>sen.-</span> 
     </span>
     <span class='ocr_line' id='line_1_4' title="bbox 189 437 2076 494; baseline -0.001 -8"><span class='ocrx_word' id='word_1_26' title='bbox 189 439 332 493; x_wconf 81' lang='lat' dir='ltr'>sitivi,</span> <span class='ocrx_word' id='word_1_27' title='bbox 356 439 439 483; x_wconf 88' lang='lat' dir='ltr'>sed</span> <span class='ocrx_word' id='word_1_28' title='bbox 458 438 607 482; x_wconf 82' lang='lat' dir='ltr'>solum</span> <span class='ocrx_word' id='word_1_29' title='bbox 634 438 923 484; x_wconf 88' lang='lat' dir='ltr'>inordinatos</span> <span class='ocrx_word' id='word_1_30' title='bbox 944 439 1021 494; x_wconf 82' lang='lat'>(1).</span> <span class='ocrx_word' id='word_1_31' title='bbox 1045 438 1173 483; x_wconf 87' lang='lat' dir='ltr'>Tales</span> <span class='ocrx_word' id='word_1_32' title='bbox 1184 443 1341 483; x_wconf 88' lang='lat' dir='ltr'>autem</span> <span class='ocrx_word' id='word_1_33' title='bbox 1353 438 1595 494; x_wconf 80' lang='lat' dir='ltr'>passiones</span> <span class='ocrx_word' id='word_1_34' title='bbox 1616 437 1915 482; x_wconf 78' lang='lat' dir='ltr'>manifestum</span> <span class='ocrx_word' id='word_1_35' title='bbox 1935 444 2008 484; x_wconf 89' lang='lat' dir='ltr'>est</span> <span class='ocrx_word' id='word_1_36' title='bbox 2027 439 2076 484; x_wconf 91' lang='lat' dir='ltr'>in</span> 
     </span>
     <span class='ocr_line' id='line_1_5' title="bbox 191 500 671 546; baseline -0.002 0"><span class='ocrx_word' id='word_1_37' title='bbox 191 501 367 546; x_wconf 85' lang='lat' dir='ltr'>Christo</span> <span class='ocrx_word' id='word_1_38' title='bbox 391 513 485 544; x_wconf 89' lang='lat' dir='ltr'>non</span> <span class='ocrx_word' id='word_1_39' title='bbox 509 500 671 545; x_wconf 83' lang='lat' dir='ltr'>luisse.</span> 
     </span>
    </p>

    <p class='ocr_par' dir='ltr' id='par_1_3' title="bbox 190 562 2078 743">
     <span class='ocr_line' id='line_1_6' title="bbox 244 562 2078 621; baseline -0.001 -13"><span class='ocrx_word' id='word_1_40' title='bbox 244 562 313 608; x_wconf 86' lang='lat' dir='ltr'>Ad</span> <span class='ocrx_word' id='word_1_41' title='bbox 341 565 525 606; x_wconf 75' lang='lat' dir='ltr'>tertium</span> <span class='ocrx_word' id='word_1_42' title='bbox 559 563 833 621; x_wconf 81' lang='lat' dir='ltr'>dicendum,</span> <span class='ocrx_word' id='word_1_43' title='bbox 859 562 985 620; x_wconf 79' lang='lat' dir='ltr'>quod</span> <span class='ocrx_word' id='word_1_44' title='bbox 1008 564 1249 619; x_wconf 80' lang='lat' dir='ltr'>passiones</span> <span class='ocrx_word' id='word_1_45' title='bbox 1281 567 1577 619; x_wconf 90' lang='lat' dir='ltr'>peccatorum</span> <span class='ocrx_word' id='word_1_46' title='bbox 1608 566 1720 607; x_wconf 90' lang='lat' dir='ltr'>sunt</span> <span class='ocrx_word' id='word_1_47' title='bbox 1749 567 1902 606; x_wconf 87' lang='lat' dir='ltr'>motus</span> <span class='ocrx_word' id='word_1_48' title='bbox 1934 574 2078 620; x_wconf 82' lang='lat' dir='ltr'>appe-</span> 
     </span>
     <span class='ocr_line' id='line_1_7' title="bbox 190 623 2077 682; baseline 0.001 -13"><span class='ocrx_word' id='word_1_49' title='bbox 190 625 302 670; x_wconf 83' lang='lat' dir='ltr'>titus</span> <span class='ocrx_word' id='word_1_50' title='bbox 324 625 532 669; x_wconf 84' lang='lat' dir='ltr'>sensitivi</span> <span class='ocrx_word' id='word_1_51' title='bbox 557 625 603 669; x_wconf 92' lang='lat' dir='ltr'>in</span> <span class='ocrx_word' id='word_1_52' title='bbox 627 626 784 670; x_wconf 87' lang='lat' dir='ltr'>illicita</span> <span class='ocrx_word' id='word_1_53' title='bbox 803 625 1077 671; x_wconf 88' lang='lat' dir='ltr'>tendentes:</span> <span class='ocrx_word' id='word_1_54' title='bbox 1102 625 1229 682; x_wconf 91' lang='lat' dir='ltr'>quod</span> <span class='ocrx_word' id='word_1_55' title='bbox 1248 637 1341 668; x_wconf 91' lang='lat' dir='ltr'>non</span> <span class='ocrx_word' id='word_1_56' title='bbox 1362 624 1449 669; x_wconf 85' lang='lat' dir='ltr'>fuit</span> <span class='ocrx_word' id='word_1_57' title='bbox 1473 624 1521 668; x_wconf 89' lang='lat' dir='ltr'>in</span> <span class='ocrx_word' id='word_1_58' title='bbox 1544 624 1737 679; x_wconf 82' lang='lat' dir='ltr'>Christe,</span> <span class='ocrx_word' id='word_1_59' title='bbox 1759 623 1880 668; x_wconf 85' lang='lat' dir='ltr'>sieut</span> <span class='ocrx_word' id='word_1_60' title='bbox 1903 637 1988 669; x_wconf 89' lang='lat' dir='ltr'>nec</span> <span class='ocrx_word' id='word_1_61' title='bbox 2006 625 2077 670; x_wconf 78' lang='lat' dir='ltr'>fo-</span> 
     </span>
     <span class='ocr_line' id='line_1_8' title="bbox 190 687 582 743; baseline -0.003 -12"><span class='ocrx_word' id='word_1_62' title='bbox 190 696 291 731; x_wconf 88' lang='lat' dir='ltr'>mes</span> <span class='ocrx_word' id='word_1_63' title='bbox 311 687 482 743; x_wconf 85' lang='lat' dir='ltr'>peccati</span> <span class='ocrx_word' id='word_1_64' title='bbox 507 690 582 741; x_wconf 71' lang='lat'>(2).</span> 
     </span>
    </p>

    <p class='ocr_par' dir='ltr' id='par_1_4' title="bbox 308 749 1958 802">
     <span class='ocr_line' id='line_1_9' title="bbox 308 749 1958 802; baseline -0.001 -11"><span class='ocrx_word' id='word_1_65' title='bbox 308 751 652 793; x_wconf 79' lang='lat' dir='ltr'>ARTICULUS</span> <span class='ocrx_word' id='word_1_66' title='bbox 683 752 741 793; x_wconf 89' lang='lat' dir='ltr'>V.</span> <span class='ocrx_word' id='word_1_67' title='bbox 761 762 977 792; x_wconf 74' lang='lat' dir='ltr'>——uTnuu</span> <span class='ocrx_word' id='word_1_68' title='bbox 1010 762 1049 791; x_wconf 77' lang='lat' dir='ltr'>m</span> <span class='ocrx_word' id='word_1_69' title='bbox 1079 761 1260 792; x_wconf 74' lang='lat' dir='ltr'>cums&#39;ro</span> <span class='ocrx_word' id='word_1_70' title='bbox 1293 762 1444 792; x_wconf 67' lang='lat' dir='ltr'>runnu·</span> <span class='ocrx_word' id='word_1_71' title='bbox 1474 761 1612 793; x_wconf 63' lang='lat' dir='ltr'>»onon</span> <span class='ocrx_word' id='word_1_72' title='bbox 1643 760 1865 792; x_wconf 61' lang='lat' dir='ltr'>sesstmms</span> <span class='ocrx_word' id='word_1_73' title='bbox 1886 749 1958 802; x_wconf 75' lang='lat'><strong>(3).</strong></span> 
     </span>
    </p>
   </div>
   <div class='ocr_carea' id='block_1_3' title="bbox 190 815 2080 910">
    <p class='ocr_par' dir='ltr' id='par_1_5' title="bbox 190 815 2080 910">
     <span class='ocr_line' id='line_1_10' title="bbox 190 815 2080 860; baseline 0.001 -8"><span class='ocrx_word' id='word_1_74' title='bbox 190 815 240 853; x_wconf 83' lang='lat' dir='ltr'>De</span> <span class='ocrx_word' id='word_1_75' title='bbox 257 816 311 853; x_wconf 72' lang='lat' dir='ltr'>his</span> <span class='ocrx_word' id='word_1_76' title='bbox 327 818 430 853; x_wconf 82' lang='lat' dir='ltr'>etiam</span> <span class='ocrx_word' id='word_1_77' title='bbox 450 818 553 859; x_wconf 84' lang='lat' dir='ltr'>infra,</span> <span class='ocrx_word' id='word_1_78' title='bbox 571 822 685 860; x_wconf 76' lang='lat' dir='ltr'>quaest.</span> <span class='ocrx_word' id='word_1_79' title='bbox 703 827 796 858; x_wconf 73' lang='lat' dir='ltr'>xlm.</span> <span class='ocrx_word' id='word_1_80' title='bbox 814 823 878 851; x_wconf 80' lang='lat' dir='ltr'>art.</span> <span class='ocrx_word' id='word_1_81' title='bbox 894 819 916 852; x_wconf 84' lang='lat'><strong>6</strong></span> <span class='ocrx_word' id='word_1_82' title='bbox 941 829 1035 860; x_wconf 85' lang='lat' dir='ltr'>corp.</span> <span class='ocrx_word' id='word_1_83' title='bbox 1056 823 1090 853; x_wconf 84' lang='lat' dir='ltr'>et</span> <span class='ocrx_word' id='word_1_84' title='bbox 1109 818 1202 851; x_wconf 81' lang='lat' dir='ltr'>Sent.</span> <span class='ocrx_word' id='word_1_85' title='bbox 1218 826 1252 857; x_wconf 87' lang='lat' dir='ltr'>v,</span> <span class='ocrx_word' id='word_1_86' title='bbox 1278 817 1356 851; x_wconf 78' lang='lat' dir='ltr'>dist.</span> <span class='ocrx_word' id='word_1_87' title='bbox 1375 817 1430 858; x_wconf 69' lang='lat'>⁴5,</span> <span class='ocrx_word' id='word_1_88' title='bbox 1453 822 1568 858; x_wconf 65' lang='lat' dir='ltr'>quaest.</span> <span class='ocrx_word' id='word_1_89' title='bbox 1587 827 1625 857; x_wconf 83' lang='lat'>11.</span> <span class='ocrx_word' id='word_1_90' title='bbox 1650 823 1718 852; x_wconf 79' lang='lat' dir='ltr'>art</span> <span class='ocrx_word' id='word_1_91' title='bbox 1735 819 1769 858; x_wconf 82' lang='lat'>2,</span> <span class='ocrx_word' id='word_1_92' title='bbox 1789 829 1876 858; x_wconf 75' lang='lat' dir='ltr'>quaes</span> <span class='ocrx_word' id='word_1_93' title='bbox 1862 820 1903 851; x_wconf 76' lang='lat' dir='ltr'>s.t</span> <span class='ocrx_word' id='word_1_94' title='bbox 1927 825 1961 857; x_wconf 83' lang='lat'>1,</span> <span class='ocrx_word' id='word_1_95' title='bbox 1978 820 2013 852; x_wconf 69' lang='lat' dir='ltr'>et</span> <span class='ocrx_word' id='word_1_96' title='bbox 2028 818 2080 853; x_wconf 84' lang='lat' dir='ltr'>De</span> 
     </span>
     <span class='ocr_line' id='line_1_11' title="bbox 519 866 1943 910; baseline -0.001 -9"><span class='ocrx_word' id='word_1_97' title='bbox 519 878 593 902; x_wconf 84' lang='lat' dir='ltr'>ver.</span> <span class='ocrx_word' id='word_1_98' title='bbox 608 873 723 909; x_wconf 79' lang='lat' dir='ltr'>quoest.</span> <span class='ocrx_word' id='word_1_99' title='bbox 743 874 838 906; x_wconf 65' lang='lat' dir='ltr'>XXVI,</span> <span class='ocrx_word' id='word_1_100' title='bbox 856 871 920 900; x_wconf 81' lang='lat' dir='ltr'>art.</span> <span class='ocrx_word' id='word_1_101' title='bbox 934 867 955 900; x_wconf 88' lang='lat'><strong>8</strong></span> <span class='ocrx_word' id='word_1_102' title='bbox 970 877 1064 907; x_wconf 79' lang='lat' dir='ltr'>corp.</span> <span class='ocrx_word' id='word_1_103' title='bbox 1082 866 1142 900; x_wconf 79' lang='lat' dir='ltr'>tin.</span> <span class='ocrx_word' id='word_1_104' title='bbox 1159 871 1194 899; x_wconf 83' lang='lat' dir='ltr'>et</span> <span class='ocrx_word' id='word_1_105' title='bbox 1210 866 1251 899; x_wconf 77' lang='lat' dir='ltr'>ad</span> <span class='ocrx_word' id='word_1_106' title='bbox 1274 867 1306 906; x_wconf 88' lang='grc'>8,</span> <span class='ocrx_word' id='word_1_107' title='bbox 1322 871 1357 900; x_wconf 85' lang='lat' dir='ltr'>et</span> <span class='ocrx_word' id='word_1_108' title='bbox 1376 867 1498 906; x_wconf 77' lang='lat' dir='ltr'>opusc.</span> <span class='ocrx_word' id='word_1_109' title='bbox 1517 875 1554 905; x_wconf 85' lang='lat' dir='ltr'>n.</span> <span class='ocrx_word' id='word_1_110' title='bbox 1574 878 1648 908; x_wconf 81' lang='lat' dir='ltr'>cap.</span> <span class='ocrx_word' id='word_1_111' title='bbox 1665 866 1742 901; x_wconf 79' lang='lat'><strong>25¹.</strong></span> <span class='ocrx_word' id='word_1_112' title='bbox 1937 891 1943 910; x_wconf 85' lang='grc'>,</span> 
     </span>
    </p>
   </div>
   <div class='ocr_carea' id='block_1_4' title="bbox 177 918 2079 3026">
    <p class='ocr_par' dir='ltr' id='par_1_6' title="bbox 187 918 2079 1475">
     <span class='ocr_line' id='line_1_12' title="bbox 244 918 2077 978; baseline 0.001 -15"><span class='ocrx_word' id='word_1_113' title='bbox 244 918 314 964; x_wconf 87' lang='lat' dir='ltr'>Ad</span> <span class='ocrx_word' id='word_1_114' title='bbox 333 919 551 977; x_wconf 90' lang='lat' dir='ltr'>quintum</span> <span class='ocrx_word' id='word_1_115' title='bbox 571 921 637 965; x_wconf 89' lang='lat' dir='ltr'>sic</span> <span class='ocrx_word' id='word_1_116' title='bbox 658 919 938 978; x_wconf 83' lang='lat' dir='ltr'>proceditur.</span> <span class='ocrx_word' id='word_1_117' title='bbox 964 923 1008 965; x_wconf 87' lang='lat'>1.</span> <span class='ocrx_word' id='word_1_118' title='bbox 1033 919 1220 964; x_wconf 88' lang='lat' dir='ltr'>Videtur</span> <span class='ocrx_word' id='word_1_119' title='bbox 1238 920 1362 975; x_wconf 80' lang='lat' dir='ltr'>quod</span> <span class='ocrx_word' id='word_1_120' title='bbox 1386 920 1433 964; x_wconf 88' lang='lat' dir='ltr'>in</span> <span class='ocrx_word' id='word_1_121' title='bbox 1455 920 1632 964; x_wconf 91' lang='lat' dir='ltr'>Christo</span> <span class='ocrx_word' id='word_1_122' title='bbox 1658 933 1753 965; x_wconf 87' lang='lat' dir='ltr'>non</span> <span class='ocrx_word' id='word_1_123' title='bbox 1784 919 1923 964; x_wconf 84' lang='lat' dir='ltr'>fuerit</span> <span class='ocrx_word' id='word_1_124' title='bbox 1939 932 2077 965; x_wconf 87' lang='lat' dir='ltr'>verus</span> 
     </span>
     <span class='ocr_line' id='line_1_13' title="bbox 190 979 2074 1039; baseline 0.001 -13"><span class='ocrx_word' id='word_1_125' title='bbox 190 979 322 1027; x_wconf 89' lang='lat' dir='ltr'>dolor</span> <span class='ocrx_word' id='word_1_126' title='bbox 345 983 596 1027; x_wconf 88' lang='lat' dir='ltr'>sensibilis.</span> <span class='ocrx_word' id='word_1_127' title='bbox 619 983 734 1028; x_wconf 85' lang='lat' dir='ltr'>Dicit</span> <span class='ocrx_word' id='word_1_128' title='bbox 758 982 884 1027; x_wconf 87' lang='lat' dir='ltr'>enim</span> <span class='ocrx_word' id='word_1_129' title='bbox 911 982 1110 1026; x_wconf 82' lang='lat' dir='ltr'>Hilarius</span> <span class='ocrx_word' id='word_1_130' title='bbox 1141 985 1219 1035; x_wconf 89' lang='lat' dir='ltr'>(De</span> <span class='ocrx_word' id='word_1_131' title='bbox 1237 982 1395 1026; x_wconf 86' lang='lat' dir='ltr'>Trinit.</span> <span class='ocrx_word' id='word_1_132' title='bbox 1419 981 1497 1027; x_wconf 84' lang='lat' dir='ltr'>lib.</span> <span class='ocrx_word' id='word_1_133' title='bbox 1521 996 1565 1038; x_wconf 78' lang='lat' dir='ltr'>x,</span> <span class='ocrx_word' id='word_1_134' title='bbox 1589 982 1813 1039; x_wconf 82' lang='lat' dir='ltr'>aliquant.</span> <span class='ocrx_word' id='word_1_135' title='bbox 1834 981 1861 1025; x_wconf 81' lang='lat' dir='ltr'>a</span> <span class='ocrx_word' id='word_1_136' title='bbox 1877 982 2074 1038; x_wconf 85' lang='lat' dir='ltr'>princ.):</span> 
     </span>
     <span class='ocr_line' id='line_1_14' title="bbox 195 1043 2079 1101; baseline 0 -14"><span class='ocrx_word' id='word_1_137' title='bbox 195 1059 213 1080; x_wconf 72' lang='grc' dir='ltr'><strong><em>κ</em></strong></span> <span class='ocrx_word' id='word_1_138' title='bbox 231 1045 342 1087; x_wconf 83' lang='lat' dir='ltr'>cum</span> <span class='ocrx_word' id='word_1_139' title='bbox 365 1057 449 1101; x_wconf 90' lang='lat' dir='ltr'>pro</span> <span class='ocrx_word' id='word_1_140' title='bbox 468 1046 644 1090; x_wconf 90' lang='lat' dir='ltr'>Christo</span> <span class='ocrx_word' id='word_1_141' title='bbox 673 1045 790 1090; x_wconf 86' lang='lat' dir='ltr'>mori</span> <span class='ocrx_word' id='word_1_142' title='bbox 810 1045 870 1089; x_wconf 88' lang='lat' dir='ltr'>sit</span> <span class='ocrx_word' id='word_1_143' title='bbox 900 1045 1010 1100; x_wconf 86' lang='lat' dir='ltr'>vita,</span> <span class='ocrx_word' id='word_1_144' title='bbox 1035 1044 1148 1101; x_wconf 80' lang='lat' dir='ltr'>quid</span> <span class='ocrx_word' id='word_1_145' title='bbox 1175 1045 1273 1100; x_wconf 87' lang='lat' dir='ltr'>ipse</span> <span class='ocrx_word' id='word_1_146' title='bbox 1297 1044 1341 1087; x_wconf 89' lang='lat' dir='ltr'>in</span> <span class='ocrx_word' id='word_1_147' title='bbox 1366 1044 1528 1088; x_wconf 88' lang='lat' dir='ltr'>mortis</span> <span class='ocrx_word' id='word_1_148' title='bbox 1551 1049 1840 1088; x_wconf 89' lang='lat' dir='ltr'>sacramento</span> <span class='ocrx_word' id='word_1_149' title='bbox 1864 1043 2079 1088; x_wconf 84' lang='lat' dir='ltr'>docuisse</span> 
     </span>
     <span class='ocr_line' id='line_1_15' title="bbox 190 1103 2075 1164; baseline 0.001 -16"><span class='ocrx_word' id='word_1_150' title='bbox 190 1103 527 1152; x_wconf 83' lang='lat' dir='ltr'>existimandus</span> <span class='ocrx_word' id='word_1_151' title='bbox 548 1114 636 1163; x_wconf 89' lang='lat' dir='ltr'>est,</span> <span class='ocrx_word' id='word_1_152' title='bbox 658 1108 736 1164; x_wconf 87' lang='lat' dir='ltr'>qni</span> <span class='ocrx_word' id='word_1_153' title='bbox 756 1120 840 1164; x_wconf 80' lang='lat' dir='ltr'>pro</span> <span class='ocrx_word' id='word_1_154' title='bbox 859 1119 910 1151; x_wconf 92' lang='lat' dir='ltr'>se</span> <span class='ocrx_word' id='word_1_155' title='bbox 931 1106 1237 1151; x_wconf 88' lang='lat' dir='ltr'>morientibus</span> <span class='ocrx_word' id='word_1_156' title='bbox 1256 1106 1398 1150; x_wconf 88' lang='lat' dir='ltr'>vitam</span> <span class='ocrx_word' id='word_1_157' title='bbox 1422 1106 1663 1162; x_wconf 77' lang='lat' dir='ltr'>rependit?</span> <span class='ocrx_word' id='word_1_158' title='bbox 1684 1125 1704 1145; x_wconf 89' lang='lat'>»</span> <span class='ocrx_word' id='word_1_159' title='bbox 1731 1109 1784 1151; x_wconf 88' lang='lat' dir='ltr'>Et</span> <span class='ocrx_word' id='word_1_160' title='bbox 1805 1106 1924 1151; x_wconf 80' lang='lat' dir='ltr'>infra</span> <span class='ocrx_word' id='word_1_161' title='bbox 1941 1105 2075 1150; x_wconf 87' lang='lat' dir='ltr'>dicit:</span> 
     </span>
     <span class='ocr_line' id='line_1_16' title="bbox 195 1167 2074 1227; baseline 0.001 -16"><span class='ocrx_word' id='word_1_162' title='bbox 195 1182 215 1203; x_wconf 80' lang='grc' dir='ltr'><strong>α</strong></span> <span class='ocrx_word' id='word_1_163' title='bbox 238 1167 510 1227; x_wconf 84' lang='lat' dir='ltr'>Unigenitus</span> <span class='ocrx_word' id='word_1_164' title='bbox 538 1173 658 1215; x_wconf 84' lang='lat' dir='ltr'>Deus</span> <span class='ocrx_word' id='word_1_165' title='bbox 686 1170 923 1214; x_wconf 88' lang='lat' dir='ltr'>hominem</span> <span class='ocrx_word' id='word_1_166' title='bbox 949 1181 1130 1226; x_wconf 86' lang='lat' dir='ltr'>verum,</span> <span class='ocrx_word' id='word_1_167' title='bbox 1159 1181 1252 1213; x_wconf 92' lang='lat' dir='ltr'>non</span> <span class='ocrx_word' id='word_1_168' title='bbox 1278 1168 1498 1214; x_wconf 87' lang='lat' dir='ltr'>deficiens</span> <span class='ocrx_word' id='word_1_169' title='bbox 1520 1169 1548 1212; x_wconf 77' lang='lat' dir='ltr'>a</span> <span class='ocrx_word' id='word_1_170' title='bbox 1574 1181 1625 1213; x_wconf 88' lang='lat' dir='ltr'>se</span> <span class='ocrx_word' id='word_1_171' title='bbox 1651 1171 1758 1225; x_wconf 84' lang='lat' dir='ltr'>Deo,</span> <span class='ocrx_word' id='word_1_172' title='bbox 1780 1169 2007 1225; x_wconf 84' lang='lat' dir='ltr'>sumpsit:</span> <span class='ocrx_word' id='word_1_173' title='bbox 2028 1167 2074 1212; x_wconf 88' lang='lat' dir='ltr'>in</span> 
     </span>
     <span class='ocr_line' id='line_1_17' title="bbox 189 1229 2078 1288; baseline 0.001 -16"><span class='ocrx_word' id='word_1_174' title='bbox 189 1239 330 1285; x_wconf 88' lang='lat' dir='ltr'>quem</span> <span class='ocrx_word' id='word_1_175' title='bbox 349 1231 566 1288; x_wconf 89' lang='lat' dir='ltr'>quamvis</span> <span class='ocrx_word' id='word_1_176' title='bbox 588 1237 670 1277; x_wconf 90' lang='lat' dir='ltr'>aut</span> <span class='ocrx_word' id='word_1_177' title='bbox 688 1231 809 1276; x_wconf 90' lang='lat' dir='ltr'>ictus</span> <span class='ocrx_word' id='word_1_178' title='bbox 830 1230 1068 1288; x_wconf 74' lang='lat' dir='ltr'>incideret,</span> <span class='ocrx_word' id='word_1_179' title='bbox 1089 1236 1170 1275; x_wconf 90' lang='lat' dir='ltr'>aut</span> <span class='ocrx_word' id='word_1_180' title='bbox 1192 1231 1366 1276; x_wconf 86' lang='lat' dir='ltr'>vulnus</span> <span class='ocrx_word' id='word_1_181' title='bbox 1388 1230 1708 1286; x_wconf 85' lang='lat' dir='ltr'>descenderet,</span> <span class='ocrx_word' id='word_1_182' title='bbox 1732 1235 1814 1274; x_wconf 90' lang='lat' dir='ltr'>aut</span> <span class='ocrx_word' id='word_1_183' title='bbox 1838 1229 1946 1274; x_wconf 91' lang='lat' dir='ltr'>nodi</span> <span class='ocrx_word' id='word_1_184' title='bbox 1967 1242 2078 1275; x_wconf 90' lang='lat' dir='ltr'>con—</span> 
     </span>
     <span class='ocr_line' id='line_1_18' title="bbox 190 1293 2078 1351; baseline 0.002 -17"><span class='ocrx_word' id='word_1_185' title='bbox 190 1299 446 1351; x_wconf 74' lang='lat' dir='ltr'>currerent,</span> <span class='ocrx_word' id='word_1_186' title='bbox 467 1299 549 1339; x_wconf 90' lang='lat' dir='ltr'>aut</span> <span class='ocrx_word' id='word_1_187' title='bbox 572 1294 820 1351; x_wconf 90' lang='lat' dir='ltr'>suspensio</span> <span class='ocrx_word' id='word_1_188' title='bbox 842 1294 1065 1350; x_wconf 77' lang='lat' dir='ltr'>elevaretz,</span> <span class='ocrx_word' id='word_1_189' title='bbox 1089 1294 1307 1339; x_wconf 83' lang='lat' dir='ltr'>afferrent</span> <span class='ocrx_word' id='word_1_190' title='bbox 1327 1293 1515 1351; x_wconf 91' lang='lat' dir='ltr'>quidem</span> <span class='ocrx_word' id='word_1_191' title='bbox 1538 1294 1635 1338; x_wconf 85' lang='lat' dir='ltr'>haec</span> <span class='ocrx_word' id='word_1_192' title='bbox 1657 1294 1881 1350; x_wconf 87' lang='lat' dir='ltr'>impetum</span> <span class='ocrx_word' id='word_1_193' title='bbox 1898 1293 2078 1350; x_wconf 87' lang='lat' dir='ltr'>passio-</span> 
     </span>
     <span class='ocr_line' id='line_1_19' title="bbox 192 1351 2076 1413; baseline 0.002 -17"><span class='ocrx_word' id='word_1_194' title='bbox 192 1351 279 1410; x_wconf 86' lang='lat' dir='ltr'>nis,</span> <span class='ocrx_word' id='word_1_195' title='bbox 304 1366 400 1399; x_wconf 89' lang='lat' dir='ltr'>non</span> <span class='ocrx_word' id='word_1_196' title='bbox 417 1359 571 1401; x_wconf 87' lang='lat' dir='ltr'>tamen</span> <span class='ocrx_word' id='word_1_197' title='bbox 596 1357 802 1402; x_wconf 86' lang='lat' dir='ltr'>dolorem</span> <span class='ocrx_word' id='word_1_198' title='bbox 822 1356 1054 1413; x_wconf 87' lang='lat' dir='ltr'>passionis</span> <span class='ocrx_word' id='word_1_199' title='bbox 1072 1356 1309 1410; x_wconf 70' lang='lat' dir='ltr'>inferrent,</span> <span class='ocrx_word' id='word_1_200' title='bbox 1328 1361 1382 1400; x_wconf 82' lang='lat' dir='ltr'>ut</span> <span class='ocrx_word' id='word_1_201' title='bbox 1405 1356 1549 1400; x_wconf 87' lang='lat' dir='ltr'>telum</span> <span class='ocrx_word' id='word_1_202' title='bbox 1572 1355 1759 1412; x_wconf 89' lang='lat' dir='ltr'>aliquod</span> <span class='ocrx_word' id='word_1_203' title='bbox 1778 1366 1948 1412; x_wconf 89' lang='lat' dir='ltr'>aquam</span> <span class='ocrx_word' id='word_1_204' title='bbox 1969 1366 2076 1412; x_wconf 86' lang='lat' dir='ltr'>per-</span> 
     </span>
     <span class='ocr_line' id='line_1_20' title="bbox 187 1415 1390 1475; baseline 0.003 -17"><span class='ocrx_word' id='word_1_205' title='bbox 187 1415 362 1462; x_wconf 87' lang='lat' dir='ltr'>forans.</span> <span class='ocrx_word' id='word_1_206' title='bbox 382 1436 402 1456; x_wconf 80' lang='lat'>»</span> <span class='ocrx_word' id='word_1_207' title='bbox 429 1421 527 1463; x_wconf 89' lang='lat' dir='ltr'>Non</span> <span class='ocrx_word' id='word_1_208' title='bbox 551 1419 692 1475; x_wconf 86' lang='lat' dir='ltr'>igitur</span> <span class='ocrx_word' id='word_1_209' title='bbox 713 1419 762 1463; x_wconf 91' lang='lat' dir='ltr'>in</span> <span class='ocrx_word' id='word_1_210' title='bbox 781 1419 957 1463; x_wconf 90' lang='lat' dir='ltr'>Christo</span> <span class='ocrx_word' id='word_1_211' title='bbox 975 1419 1064 1463; x_wconf 78' lang='lat' dir='ltr'>fuit</span> <span class='ocrx_word' id='word_1_212' title='bbox 1081 1431 1220 1463; x_wconf 78' lang='lat' dir='ltr'>verus</span> <span class='ocrx_word' id='word_1_213' title='bbox 1243 1418 1390 1463; x_wconf 89' lang='lat' dir='ltr'>dolor.</span> 
     </span>
    </p>

    <p class='ocr_par' dir='ltr' id='par_1_7' title="bbox 187 1479 2078 1724">
     <span class='ocr_line' id='line_1_21' title="bbox 243 1479 2078 1539; baseline 0.002 -18"><span class='ocrx_word' id='word_1_214' title='bbox 243 1480 286 1522; x_wconf 76' lang='lat'>2.</span> <span class='ocrx_word' id='word_1_215' title='bbox 317 1481 557 1536; x_wconf 77' lang='lat' dir='ltr'>Praeterea,</span> <span class='ocrx_word' id='word_1_216' title='bbox 580 1483 668 1527; x_wconf 88' lang='lat' dir='ltr'>hoc</span> <span class='ocrx_word' id='word_1_217' title='bbox 688 1482 929 1539; x_wconf 90' lang='lat' dir='ltr'>proprium</span> <span class='ocrx_word' id='word_1_218' title='bbox 948 1480 1131 1527; x_wconf 90' lang='lat' dir='ltr'>videtur</span> <span class='ocrx_word' id='word_1_219' title='bbox 1152 1493 1255 1525; x_wconf 89' lang='lat' dir='ltr'>esse</span> <span class='ocrx_word' id='word_1_220' title='bbox 1274 1480 1402 1525; x_wconf 87' lang='lat' dir='ltr'>carni</span> <span class='ocrx_word' id='word_1_221' title='bbox 1418 1480 1466 1524; x_wconf 90' lang='lat' dir='ltr'>in</span> <span class='ocrx_word' id='word_1_222' title='bbox 1483 1484 1672 1537; x_wconf 86' lang='lat' dir='ltr'>peccato</span> <span class='ocrx_word' id='word_1_223' title='bbox 1686 1485 1938 1537; x_wconf 82' lang='lat' dir='ltr'>conceptae,</span> <span class='ocrx_word' id='word_1_224' title='bbox 1953 1479 2078 1537; x_wconf 78' lang='lat' dir='ltr'>quod</span> 
     </span>
     <span class='ocr_line' id='line_1_22' title="bbox 188 1542 2076 1600; baseline 0.002 -17"><span class='ocrx_word' id='word_1_225' title='bbox 188 1542 453 1587; x_wconf 87' lang='lat' dir='ltr'>necessitati</span> <span class='ocrx_word' id='word_1_226' title='bbox 484 1543 657 1588; x_wconf 80' lang='lat' dir='ltr'>doloris</span> <span class='ocrx_word' id='word_1_227' title='bbox 687 1544 941 1600; x_wconf 86' lang='lat' dir='ltr'>subjaceat.</span> <span class='ocrx_word' id='word_1_228' title='bbox 974 1545 1062 1589; x_wconf 87' lang='lat' dir='ltr'>Sed</span> <span class='ocrx_word' id='word_1_229' title='bbox 1085 1557 1193 1588; x_wconf 90' lang='lat' dir='ltr'>caro</span> <span class='ocrx_word' id='word_1_230' title='bbox 1216 1543 1380 1588; x_wconf 88' lang='lat' dir='ltr'>Christi</span> <span class='ocrx_word' id='word_1_231' title='bbox 1405 1555 1499 1587; x_wconf 90' lang='lat' dir='ltr'>non</span> <span class='ocrx_word' id='word_1_232' title='bbox 1522 1549 1593 1587; x_wconf 89' lang='lat' dir='ltr'>est</span> <span class='ocrx_word' id='word_1_233' title='bbox 1619 1555 1728 1588; x_wconf 89' lang='lat' dir='ltr'>cum</span> <span class='ocrx_word' id='word_1_234' title='bbox 1756 1547 1943 1599; x_wconf 86' lang='lat' dir='ltr'>peccato</span> <span class='ocrx_word' id='word_1_235' title='bbox 1966 1554 2076 1587; x_wconf 88' lang='lat' dir='ltr'>con-</span> 
     </span>
     <span class='ocr_line' id='line_1_23' title="bbox 187 1605 2077 1664; baseline 0.002 -16"><span class='ocrx_word' id='word_1_236' title='bbox 187 1610 339 1662; x_wconf 89' lang='lat' dir='ltr'>cepta,</span> <span class='ocrx_word' id='word_1_237' title='bbox 358 1607 442 1652; x_wconf 91' lang='lat' dir='ltr'>sed</span> <span class='ocrx_word' id='word_1_238' title='bbox 463 1620 522 1652; x_wconf 89' lang='lat' dir='ltr'>ex</span> <span class='ocrx_word' id='word_1_239' title='bbox 543 1608 713 1664; x_wconf 89' lang='lat' dir='ltr'>Spiritu</span> <span class='ocrx_word' id='word_1_240' title='bbox 731 1612 893 1652; x_wconf 81' lang='lat' dir='ltr'>sancto</span> <span class='ocrx_word' id='word_1_241' title='bbox 915 1607 964 1652; x_wconf 89' lang='lat' dir='ltr'>in</span> <span class='ocrx_word' id='word_1_242' title='bbox 981 1612 1114 1652; x_wconf 87' lang='lat' dir='ltr'>utero</span> <span class='ocrx_word' id='word_1_243' title='bbox 1132 1606 1365 1663; x_wconf 85' lang='lat' dir='ltr'>virginali.</span> <span class='ocrx_word' id='word_1_244' title='bbox 1387 1609 1484 1651; x_wconf 90' lang='lat' dir='ltr'>Non</span> <span class='ocrx_word' id='word_1_245' title='bbox 1503 1618 1614 1663; x_wconf 83' lang='lat' dir='ltr'>ergo</span> <span class='ocrx_word' id='word_1_246' title='bbox 1631 1605 1862 1663; x_wconf 83' lang='lat' dir='ltr'>subjacuit</span> <span class='ocrx_word' id='word_1_247' title='bbox 1879 1605 2077 1651; x_wconf 87' lang='lat' dir='ltr'>necessi-</span> 
     </span>
     <span class='ocr_line' id='line_1_24' title="bbox 189 1667 744 1724; baseline 0.007 -15"><span class='ocrx_word' id='word_1_248' title='bbox 189 1667 269 1710; x_wconf 89' lang='lat' dir='ltr'>tati</span> <span class='ocrx_word' id='word_1_249' title='bbox 293 1667 498 1724; x_wconf 87' lang='lat' dir='ltr'>patiendi</span> <span class='ocrx_word' id='word_1_250' title='bbox 519 1670 744 1715; x_wconf 88' lang='lat' dir='ltr'>dolorem.</span> 
     </span>
    </p>

    <p class='ocr_par' dir='ltr' id='par_1_8' title="bbox 187 1729 2076 2037">
     <span class='ocr_line' id='line_1_25' title="bbox 242 1729 2076 1790; baseline 0.001 -15"><span class='ocrx_word' id='word_1_251' title='bbox 242 1733 285 1775; x_wconf 89' lang='grc'>3.</span> <span class='ocrx_word' id='word_1_252' title='bbox 319 1732 562 1790; x_wconf 74' lang='lat' dir='ltr'>Praeterea,</span> <span class='ocrx_word' id='word_1_253' title='bbox 590 1733 833 1778; x_wconf 87' lang='lat' dir='ltr'>delectatio</span> <span class='ocrx_word' id='word_1_254' title='bbox 854 1733 1257 1790; x_wconf 87' lang='lat' dir='ltr'>contemplationis</span> <span class='ocrx_word' id='word_1_255' title='bbox 1274 1732 1366 1777; x_wconf 75' lang='lat' dir='ltr'>divi</span> <span class='ocrx_word' id='word_1_256' title='bbox 1371 1744 1538 1777; x_wconf 78' lang='lat' dir='ltr'>norum</span> <span class='ocrx_word' id='word_1_257' title='bbox 1554 1730 1977 1776; x_wconf 89' lang='lat' dir='ltr'>diminuitsensum</span> <span class='ocrx_word' id='word_1_258' title='bbox 1995 1729 2076 1776; x_wconf 87' lang='lat' dir='ltr'>do-</span> 
     </span>
     <span class='ocr_line' id='line_1_26' title="bbox 187 1790 2076 1853; baseline 0.001 -17"><span class='ocrx_word' id='word_1_259' title='bbox 187 1790 328 1837; x_wconf 78' lang='lat' dir='ltr'>loris,</span> <span class='ocrx_word' id='word_1_260' title='bbox 353 1795 480 1839; x_wconf 89' lang='lat' dir='ltr'>unde</span> <span class='ocrx_word' id='word_1_261' title='bbox 503 1801 551 1840; x_wconf 86' lang='lat' dir='ltr'>et</span> <span class='ocrx_word' id='word_1_262' title='bbox 571 1802 803 1853; x_wconf 87' lang='lat' dir='ltr'>martyres</span> <span class='ocrx_word' id='word_1_263' title='bbox 821 1796 868 1839; x_wconf 90' lang='lat' dir='ltr'>in</span> <span class='ocrx_word' id='word_1_264' title='bbox 887 1795 1185 1852; x_wconf 88' lang='lat' dir='ltr'>passionibus</span> <span class='ocrx_word' id='word_1_265' title='bbox 1212 1795 1312 1839; x_wconf 87' lang='lat' dir='ltr'>suis</span> <span class='ocrx_word' id='word_1_266' title='bbox 1346 1793 1630 1839; x_wconf 83' lang='lat' dir='ltr'>tolerabilius</span> <span class='ocrx_word' id='word_1_267' title='bbox 1663 1793 1899 1838; x_wconf 73' lang='lat' dir='ltr'>sustinuex</span> <span class='ocrx_word' id='word_1_268' title='bbox 1901 1799 1988 1837; x_wconf 91' lang='lat' dir='ltr'>unt</span> <span class='ocrx_word' id='word_1_269' title='bbox 2017 1805 2076 1838; x_wconf 77' lang='lat' dir='ltr'>ex</span> 
     </span>
     <span class='ocr_line' id='line_1_27' title="bbox 188 1852 2075 1902; baseline 0 -3"><span class='ocrx_word' id='word_1_270' title='bbox 188 1852 562 1901; x_wconf 82' lang='lat' dir='ltr'>consideratione</span> <span class='ocrx_word' id='word_1_271' title='bbox 585 1856 730 1902; x_wconf 79' lang='lat' dir='ltr'>divini</span> <span class='ocrx_word' id='word_1_272' title='bbox 753 1857 941 1902; x_wconf 85' lang='lat' dir='ltr'>amoris.</span> <span class='ocrx_word' id='word_1_273' title='bbox 966 1857 1055 1901; x_wconf 91' lang='lat' dir='ltr'>Sed</span> <span class='ocrx_word' id='word_1_274' title='bbox 1083 1857 1239 1900; x_wconf 90' lang='lat' dir='ltr'>anima</span> <span class='ocrx_word' id='word_1_275' title='bbox 1271 1855 1435 1900; x_wconf 89' lang='lat' dir='ltr'>Christi</span> <span class='ocrx_word' id='word_1_276' title='bbox 1467 1855 1651 1900; x_wconf 84' lang='lat' dir='ltr'>summe</span> <span class='ocrx_word' id='word_1_277' title='bbox 1682 1854 1996 1902; x_wconf 81' lang='lat' dir='ltr'>delectabatur</span> <span class='ocrx_word' id='word_1_278' title='bbox 2027 1854 2075 1899; x_wconf 90' lang='lat' dir='ltr'>in</span> 
     </span>
     <span class='ocr_line' id='line_1_28' title="bbox 187 1916 2076 1976; baseline -0.001 -14"><span class='ocrx_word' id='word_1_279' title='bbox 187 1916 575 1974; x_wconf 79' lang='lat' dir='ltr'>contemplatione</span> <span class='ocrx_word' id='word_1_280' title='bbox 609 1918 716 1973; x_wconf 88' lang='lat' dir='ltr'>Dei,</span> <span class='ocrx_word' id='word_1_281' title='bbox 756 1931 896 1976; x_wconf 90' lang='lat' dir='ltr'>quem</span> <span class='ocrx_word' id='word_1_282' title='bbox 934 1931 1018 1975; x_wconf 89' lang='lat' dir='ltr'>per</span> <span class='ocrx_word' id='word_1_283' title='bbox 1053 1918 1303 1963; x_wconf 89' lang='lat' dir='ltr'>essentiam</span> <span class='ocrx_word' id='word_1_284' title='bbox 1336 1917 1539 1973; x_wconf 85' lang='lat' dir='ltr'>videbat,</span> <span class='ocrx_word' id='word_1_285' title='bbox 1572 1923 1623 1962; x_wconf 91' lang='lat' dir='ltr'>ut</span> <span class='ocrx_word' id='word_1_286' title='bbox 1646 1916 1985 1974; x_wconf 88' lang='lat' dir='ltr'>supradictum</span> <span class='ocrx_word' id='word_1_287' title='bbox 2005 1922 2076 1962; x_wconf 89' lang='lat' dir='ltr'>est</span> 
     </span>
     <span class='ocr_line' id='line_1_29' title="bbox 194 1976 1770 2037; baseline 0.001 -16"><span class='ocrx_word' id='word_1_288' title='bbox 194 1976 365 2034; x_wconf 70' lang='lat' dir='ltr'>lquaest.</span> <span class='ocrx_word' id='word_1_289' title='bbox 391 1991 450 2034; x_wconf 79' lang='lat' dir='ltr'>ix,</span> <span class='ocrx_word' id='word_1_290' title='bbox 472 1986 558 2025; x_wconf 89' lang='lat' dir='ltr'>art.</span> <span class='ocrx_word' id='word_1_291' title='bbox 583 1982 646 2035; x_wconf 76' lang='lat'>2).</span> <span class='ocrx_word' id='word_1_292' title='bbox 671 1983 770 2025; x_wconf 87' lang='lat' dir='ltr'>Non</span> <span class='ocrx_word' id='word_1_293' title='bbox 787 1992 901 2037; x_wconf 85' lang='lat' dir='ltr'>ergo</span> <span class='ocrx_word' id='word_1_294' title='bbox 923 1986 1104 2037; x_wconf 88' lang='lat' dir='ltr'>poterat</span> <span class='ocrx_word' id='word_1_295' title='bbox 1127 1980 1300 2025; x_wconf 89' lang='lat' dir='ltr'>sentire</span> <span class='ocrx_word' id='word_1_296' title='bbox 1320 1978 1522 2036; x_wconf 88' lang='lat' dir='ltr'>aliquem</span> <span class='ocrx_word' id='word_1_297' title='bbox 1545 1977 1770 2024; x_wconf 88' lang='lat' dir='ltr'>dolorem.</span> 
     </span>
    </p>

    <p class='ocr_par' dir='ltr' id='par_1_9' title="bbox 185 2040 2074 2161">
     <span class='ocr_line' id='line_1_30' title="bbox 243 2040 2074 2099; baseline 0.001 -15"><span class='ocrx_word' id='word_1_298' title='bbox 243 2040 332 2085; x_wconf 93' lang='lat' dir='ltr'>Sed</span> <span class='ocrx_word' id='word_1_299' title='bbox 355 2047 514 2086; x_wconf 78' lang='lat' dir='ltr'>contra</span> <span class='ocrx_word' id='word_1_300' title='bbox 531 2048 604 2087; x_wconf 88' lang='lat' dir='ltr'>est</span> <span class='ocrx_word' id='word_1_301' title='bbox 625 2042 753 2099; x_wconf 89' lang='lat' dir='ltr'>quod</span> <span class='ocrx_word' id='word_1_302' title='bbox 771 2045 874 2097; x_wconf 89' lang='lat' dir='ltr'>(lsa.</span> <span class='ocrx_word' id='word_1_303' title='bbox 900 2057 989 2098; x_wconf 77' lang='lat' dir='ltr'>un,</span> <span class='ocrx_word' id='word_1_304' title='bbox 1004 2045 1047 2096; x_wconf 72' lang='lat'>4)</span> <span class='ocrx_word' id='word_1_305' title='bbox 1070 2042 1265 2087; x_wconf 88' lang='lat' dir='ltr'>dicitur:</span> <span class='ocrx_word' id='word_1_306' title='bbox 1302 2042 1416 2086; x_wconf 69' lang='lat' dir='ltr'>Vere</span> <span class='ocrx_word' id='word_1_307' title='bbox 1437 2041 1679 2098; x_wconf 72' lang='lat' dir='ltr'>tanyuores</span> <span class='ocrx_word' id='word_1_308' title='bbox 1697 2044 1871 2085; x_wconf 80' lang='lat' dir='ltr'>nostros</span> <span class='ocrx_word' id='word_1_309' title='bbox 1889 2043 1983 2098; x_wconf 81' lang='lat' dir='ltr'>ipse</span> <span class='ocrx_word' id='word_1_310' title='bbox 2002 2044 2074 2085; x_wconf 78' lang='lat' dir='ltr'>tu·</span> 
     </span>
     <span class='ocr_line' id='line_1_31' title="bbox 185 2102 1085 2161; baseline 0.003 -16"><span class='ocrx_word' id='word_1_311' title='bbox 185 2102 257 2158; x_wconf 80' lang='lat' dir='ltr'>lit,</span> <span class='ocrx_word' id='word_1_312' title='bbox 285 2107 328 2147; x_wconf 76' lang='lat' dir='ltr'>et</span> <span class='ocrx_word' id='word_1_313' title='bbox 352 2105 531 2148; x_wconf 81' lang='lat' dir='ltr'>dolores</span> <span class='ocrx_word' id='word_1_314' title='bbox 551 2106 725 2149; x_wconf 76' lang='lat' dir='ltr'>nostros</span> <span class='ocrx_word' id='word_1_315' title='bbox 748 2108 842 2161; x_wconf 79' lang='lat' dir='ltr'>ipse</span> <span class='ocrx_word' id='word_1_316' title='bbox 864 2108 1085 2161; x_wconf 76' lang='lat' dir='ltr'>portavit.</span> 
     </span>
    </p>

    <p class='ocr_par' dir='ltr' id='par_1_10' title="bbox 181 2170 2074 2324">
     <span class='ocr_line' id='line_1_32' title="bbox 231 2170 2074 2224; baseline 0.002 -14"><span class='ocrx_word' id='word_1_317' title='bbox 231 2170 523 2213; x_wconf 88' lang='lat' dir='ltr'>CONCLUSIO.</span> <span class='ocrx_word' id='word_1_318' title='bbox 550 2195 599 2202; x_wconf 90' lang='lat'>—</span> <span class='ocrx_word' id='word_1_319' title='bbox 624 2174 728 2213; x_wconf 83' lang='lat' dir='ltr'>cum</span> <span class='ocrx_word' id='word_1_320' title='bbox 758 2173 907 2213; x_wconf 83' lang='lat' dir='ltr'>Christi</span> <span class='ocrx_word' id='word_1_321' title='bbox 929 2184 1076 2222; x_wconf 84' lang='lat' dir='ltr'>corpus</span> <span class='ocrx_word' id='word_1_322' title='bbox 1095 2170 1286 2223; x_wconf 85' lang='lat' dir='ltr'>passibile</span> <span class='ocrx_word' id='word_1_323' title='bbox 1308 2173 1348 2212; x_wconf 79' lang='lat' dir='ltr'>et</span> <span class='ocrx_word' id='word_1_324' title='bbox 1372 2170 1543 2210; x_wconf 82' lang='lat' dir='ltr'>mortale</span> <span class='ocrx_word' id='word_1_325' title='bbox 1570 2171 1719 2221; x_wconf 78' lang='lat' dir='ltr'>fuerit,</span> <span class='ocrx_word' id='word_1_326' title='bbox 1743 2171 1966 2224; x_wconf 80' lang='lat' dir='ltr'>animaque</span> <span class='ocrx_word' id='word_1_327' title='bbox 1986 2171 2074 2224; x_wconf 74' lang='lat' dir='ltr'>ejus</span> 
     </span>
     <span class='ocr_line' id='line_1_33' title="bbox 183 2220 2071 2280; baseline 0.002 -15"><span class='ocrx_word' id='word_1_328' title='bbox 183 2226 352 2277; x_wconf 80' lang='lat' dir='ltr'>perfecte</span> <span class='ocrx_word' id='word_1_329' title='bbox 371 2228 560 2268; x_wconf 84' lang='lat' dir='ltr'>habuerit</span> <span class='ocrx_word' id='word_1_330' title='bbox 578 2241 719 2269; x_wconf 88' lang='lat' dir='ltr'>omnes</span> <span class='ocrx_word' id='word_1_331' title='bbox 739 2241 837 2269; x_wconf 89' lang='lat' dir='ltr'>suas</span> <span class='ocrx_word' id='word_1_332' title='bbox 853 2229 1060 2269; x_wconf 84' lang='lat' dir='ltr'>naturales</span> <span class='ocrx_word' id='word_1_333' title='bbox 1079 2227 1295 2279; x_wconf 83' lang='lat' dir='ltr'>potentias,</span> <span class='ocrx_word' id='word_1_334' title='bbox 1315 2226 1425 2266; x_wconf 86' lang='lat' dir='ltr'>nulli</span> <span class='ocrx_word' id='word_1_335' title='bbox 1444 2220 1622 2267; x_wconf 75' lang='lat' dir='ltr'>dubium</span> <span class='ocrx_word' id='word_1_336' title='bbox 1645 2238 1731 2267; x_wconf 76' lang='lat' dir='ltr'>esse</span> <span class='ocrx_word' id='word_1_337' title='bbox 1751 2226 1882 2278; x_wconf 81' lang='lat' dir='ltr'>debet,</span> <span class='ocrx_word' id='word_1_338' title='bbox 1906 2226 2008 2280; x_wconf 86' lang='lat' dir='ltr'>quin</span> <span class='ocrx_word' id='word_1_339' title='bbox 2027 2228 2071 2268; x_wconf 87' lang='lat' dir='ltr'>in</span> 
     </span>
     <span class='ocr_line' id='line_1_34' title="bbox 181 2281 766 2325; baseline 0.002 -2"><span class='ocrx_word' id='word_1_340' title='bbox 181 2281 342 2323; x_wconf 83' lang='lat' dir='ltr'>Christo</span> <span class='ocrx_word' id='word_1_341' title='bbox 358 2283 482 2323; x_wconf 80' lang='lat' dir='ltr'>fuerit</span> <span class='ocrx_word' id='word_1_342' title='bbox 501 2295 622 2324; x_wconf 89' lang='lat' dir='ltr'>verus</span> <span class='ocrx_word' id='word_1_343' title='bbox 636 2284 766 2325; x_wconf 88' lang='lat' dir='ltr'>dolor.</span> 
     </span>
    </p>

    <p class='ocr_par' dir='ltr' id='par_1_11' title="bbox 177 2343 2073 2765">
     <span class='ocr_line' id='line_1_35' title="bbox 236 2343 2073 2404; baseline 0.001 -14"><span class='ocrx_word' id='word_1_344' title='bbox 236 2346 508 2402; x_wconf 86' lang='lat' dir='ltr'>Respondeo</span> <span class='ocrx_word' id='word_1_345' title='bbox 527 2346 778 2391; x_wconf 90' lang='lat' dir='ltr'>dicendum</span> <span class='ocrx_word' id='word_1_346' title='bbox 800 2345 943 2404; x_wconf 78' lang='lat' dir='ltr'>quod,</span> <span class='ocrx_word' id='word_1_347' title='bbox 971 2346 1093 2392; x_wconf 89' lang='lat' dir='ltr'>sicut</span> <span class='ocrx_word' id='word_1_348' title='bbox 1124 2350 1251 2402; x_wconf 90' lang='lat' dir='ltr'>patet</span> <span class='ocrx_word' id='word_1_349' title='bbox 1287 2357 1346 2389; x_wconf 84' lang='lat' dir='ltr'>ex</span> <span class='ocrx_word' id='word_1_350' title='bbox 1381 2344 1454 2389; x_wconf 90' lang='lat' dir='ltr'>his</span> <span class='ocrx_word' id='word_1_351' title='bbox 1486 2357 1592 2402; x_wconf 85' lang='lat' dir='ltr'>quae</span> <span class='ocrx_word' id='word_1_352' title='bbox 1622 2343 1672 2388; x_wconf 89' lang='lat' dir='ltr'>in</span> <span class='ocrx_word' id='word_1_353' title='bbox 1707 2344 1912 2390; x_wconf 83' lang='lat' dir='ltr'>secunda</span> <span class='ocrx_word' id='word_1_354' title='bbox 1944 2349 2073 2403; x_wconf 78' lang='lat' dir='ltr'>parte</span> 
     </span>
     <span class='ocr_line' id='line_1_36' title="bbox 183 2405 2073 2466; baseline 0.001 -14"><span class='ocrx_word' id='word_1_355' title='bbox 183 2405 306 2452; x_wconf 79' lang='lat' dir='ltr'>dicta</span> <span class='ocrx_word' id='word_1_356' title='bbox 325 2413 436 2452; x_wconf 90' lang='lat' dir='ltr'>sunt</span> <span class='ocrx_word' id='word_1_357' title='bbox 451 2410 489 2463; x_wconf 90' lang='lat'>(1</span> <span class='ocrx_word' id='word_1_358' title='bbox 517 2412 560 2465; x_wconf 76' lang='lat'>2,</span> <span class='ocrx_word' id='word_1_359' title='bbox 586 2415 752 2466; x_wconf 83' lang='lat' dir='ltr'>quaest.</span> <span class='ocrx_word' id='word_1_360' title='bbox 774 2423 902 2466; x_wconf 82' lang='lat' dir='ltr'>xxxv,</span> <span class='ocrx_word' id='word_1_361' title='bbox 926 2413 1012 2453; x_wconf 87' lang='lat' dir='ltr'>art.</span> <span class='ocrx_word' id='word_1_362' title='bbox 1037 2410 1099 2464; x_wconf 80' lang='lat'>1),</span> <span class='ocrx_word' id='word_1_363' title='bbox 1123 2407 1183 2452; x_wconf 87' lang='lat' dir='ltr'>ad</span> <span class='ocrx_word' id='word_1_364' title='bbox 1200 2407 1445 2452; x_wconf 89' lang='lat' dir='ltr'>veritatem</span> <span class='ocrx_word' id='word_1_365' title='bbox 1467 2406 1639 2452; x_wconf 87' lang='lat' dir='ltr'>doloris</span> <span class='ocrx_word' id='word_1_366' title='bbox 1662 2407 1898 2453; x_wconf 84' lang='lat' dir='ltr'>sensibilis</span> <span class='ocrx_word' id='word_1_367' title='bbox 1916 2409 2073 2466; x_wconf 83' lang='lat' dir='ltr'>requi-</span> 
     </span>
     <span class='ocr_line' id='line_1_37' title="bbox 181 2467 2070 2531; baseline 0.002 -18"><span class='ocrx_word' id='word_1_368' title='bbox 181 2467 299 2514; x_wconf 85' lang='lat' dir='ltr'>ritur</span> <span class='ocrx_word' id='word_1_369' title='bbox 314 2469 442 2515; x_wconf 84' lang='lat' dir='ltr'>laesio</span> <span class='ocrx_word' id='word_1_370' title='bbox 464 2471 686 2531; x_wconf 88' lang='lat' dir='ltr'>corporis,</span> <span class='ocrx_word' id='word_1_371' title='bbox 707 2476 755 2516; x_wconf 89' lang='lat' dir='ltr'>et</span> <span class='ocrx_word' id='word_1_372' title='bbox 776 2484 945 2517; x_wconf 84' lang='lat' dir='ltr'>sensus</span> <span class='ocrx_word' id='word_1_373' title='bbox 963 2470 1184 2515; x_wconf 78' lang='lat' dir='ltr'>laesionis.</span> <span class='ocrx_word' id='word_1_374' title='bbox 1199 2473 1374 2527; x_wconf 87' lang='lat' dir='ltr'>Corpus</span> <span class='ocrx_word' id='word_1_375' title='bbox 1398 2475 1552 2515; x_wconf 91' lang='lat' dir='ltr'>autem</span> <span class='ocrx_word' id='word_1_376' title='bbox 1577 2469 1741 2515; x_wconf 85' lang='lat' dir='ltr'>Christi</span> <span class='ocrx_word' id='word_1_377' title='bbox 1756 2469 1861 2516; x_wconf 84' lang='lat' dir='ltr'>laedi</span> <span class='ocrx_word' id='word_1_378' title='bbox 1878 2475 2070 2528; x_wconf 84' lang='lat' dir='ltr'>poterat,</span> 
     </span>
     <span class='ocr_line' id='line_1_38' title="bbox 181 2531 2069 2589; baseline 0.002 -14"><span class='ocrx_word' id='word_1_379' title='bbox 181 2531 291 2588; x_wconf 90' lang='lat' dir='ltr'>quia</span> <span class='ocrx_word' id='word_1_380' title='bbox 319 2537 418 2577; x_wconf 88' lang='lat' dir='ltr'>erat</span> <span class='ocrx_word' id='word_1_381' title='bbox 438 2533 660 2589; x_wconf 90' lang='lat' dir='ltr'>passibile</span> <span class='ocrx_word' id='word_1_382' title='bbox 683 2537 730 2578; x_wconf 92' lang='lat' dir='ltr'>et</span> <span class='ocrx_word' id='word_1_383' title='bbox 757 2533 967 2588; x_wconf 78' lang='lat' dir='ltr'>mortale,</span> <span class='ocrx_word' id='word_1_384' title='bbox 998 2538 1052 2577; x_wconf 86' lang='lat' dir='ltr'>ut</span> <span class='ocrx_word' id='word_1_385' title='bbox 1084 2545 1226 2589; x_wconf 89' lang='lat' dir='ltr'>supra</span> <span class='ocrx_word' id='word_1_386' title='bbox 1244 2531 1453 2577; x_wconf 88' lang='lat' dir='ltr'>habitum</span> <span class='ocrx_word' id='word_1_387' title='bbox 1483 2537 1554 2577; x_wconf 90' lang='lat' dir='ltr'>est</span> <span class='ocrx_word' id='word_1_388' title='bbox 1581 2533 1765 2589; x_wconf 83' lang='lat' dir='ltr'>(quaest.</span> <span class='ocrx_word' id='word_1_389' title='bbox 1784 2545 1871 2587; x_wconf 77' lang='lat' dir='ltr'>xiv,</span> <span class='ocrx_word' id='word_1_390' title='bbox 1893 2539 1980 2577; x_wconf 88' lang='lat' dir='ltr'>art.</span> <span class='ocrx_word' id='word_1_391' title='bbox 2000 2535 2069 2589; x_wconf 77' lang='lat'>1):</span> 
     </span>
     <span class='ocr_line' id='line_1_39' title="bbox 181 2592 2072 2651; baseline 0.003 -15"><span class='ocrx_word' id='word_1_392' title='bbox 181 2604 269 2637; x_wconf 89' lang='lat' dir='ltr'>nee</span> <span class='ocrx_word' id='word_1_393' title='bbox 291 2592 438 2638; x_wconf 84' lang='lat' dir='ltr'>defuit</span> <span class='ocrx_word' id='word_1_394' title='bbox 460 2594 501 2639; x_wconf 90' lang='lat' dir='ltr'>ei</span> <span class='ocrx_word' id='word_1_395' title='bbox 526 2607 697 2640; x_wconf 88' lang='lat' dir='ltr'>sensus</span> <span class='ocrx_word' id='word_1_396' title='bbox 723 2594 928 2639; x_wconf 86' lang='lat' dir='ltr'>laesionis</span> <span class='ocrx_word' id='word_1_397' title='bbox 943 2626 957 2648; x_wconf 87' lang='lat'>‚</span> <span class='ocrx_word' id='word_1_398' title='bbox 979 2595 1086 2639; x_wconf 79' lang='lat' dir='ltr'>cum</span> <span class='ocrx_word' id='word_1_399' title='bbox 1110 2594 1267 2638; x_wconf 89' lang='lat' dir='ltr'>anima</span> <span class='ocrx_word' id='word_1_400' title='bbox 1288 2593 1448 2638; x_wconf 86' lang='lat' dir='ltr'>Christi</span> <span class='ocrx_word' id='word_1_401' title='bbox 1468 2593 1671 2651; x_wconf 81' lang='lat' dir='ltr'>perfecte</span> <span class='ocrx_word' id='word_1_402' title='bbox 1693 2593 1882 2639; x_wconf 86' lang='lat' dir='ltr'>haberet</span> <span class='ocrx_word' id='word_1_403' title='bbox 1908 2606 2072 2642; x_wconf 83' lang='lat' dir='ltr'>omnes</span> 
     </span>
     <span class='ocr_line' id='line_1_40' title="bbox 177 2655 2072 2714; baseline 0.001 -12"><span class='ocrx_word' id='word_1_404' title='bbox 177 2656 409 2714; x_wconf 87' lang='lat' dir='ltr'>potentias</span> <span class='ocrx_word' id='word_1_405' title='bbox 431 2658 685 2702; x_wconf 84' lang='lat' dir='ltr'>naturales.</span> <span class='ocrx_word' id='word_1_406' title='bbox 710 2657 839 2702; x_wconf 87' lang='lat' dir='ltr'>Unde</span> <span class='ocrx_word' id='word_1_407' title='bbox 861 2656 976 2702; x_wconf 89' lang='lat' dir='ltr'>nulli</span> <span class='ocrx_word' id='word_1_408' title='bbox 1000 2657 1196 2702; x_wconf 89' lang='lat' dir='ltr'>dubium</span> <span class='ocrx_word' id='word_1_409' title='bbox 1216 2655 1356 2703; x_wconf 90' lang='lat' dir='ltr'>debet</span> <span class='ocrx_word' id='word_1_410' title='bbox 1378 2668 1484 2704; x_wconf 88' lang='lat' dir='ltr'>esse</span> <span class='ocrx_word' id='word_1_411' title='bbox 1510 2655 1625 2714; x_wconf 90' lang='lat' dir='ltr'>quin</span> <span class='ocrx_word' id='word_1_412' title='bbox 1653 2655 1704 2702; x_wconf 89' lang='lat' dir='ltr'>in</span> <span class='ocrx_word' id='word_1_413' title='bbox 1732 2656 1910 2703; x_wconf 89' lang='lat' dir='ltr'>Christo</span> <span class='ocrx_word' id='word_1_414' title='bbox 1932 2657 2072 2704; x_wconf 75' lang='lat' dir='ltr'>suerit</span> 
     </span>
     <span class='ocr_line' id='line_1_41' title="bbox 178 2718 485 2765; baseline 0.007 -4"><span class='ocrx_word' id='word_1_415' title='bbox 178 2728 320 2765; x_wconf 84' lang='lat' dir='ltr'>verus</span> <span class='ocrx_word' id='word_1_416' title='bbox 338 2718 485 2764; x_wconf 86' lang='lat' dir='ltr'>dolor.</span> 
     </span>
    </p>

    <p class='ocr_par' dir='ltr' id='par_1_12' title="bbox 178 2778 2072 3026">
     <span class='ocr_line' id='line_1_42' title="bbox 233 2778 2072 2840; baseline 0.003 -16"><span class='ocrx_word' id='word_1_417' title='bbox 233 2778 304 2827; x_wconf 83' lang='lat' dir='ltr'>Ad</span> <span class='ocrx_word' id='word_1_418' title='bbox 332 2783 532 2837; x_wconf 78' lang='lat' dir='ltr'>primum</span> <span class='ocrx_word' id='word_1_419' title='bbox 561 2793 674 2838; x_wconf 86' lang='lat' dir='ltr'>ergo</span> <span class='ocrx_word' id='word_1_420' title='bbox 706 2782 974 2840; x_wconf 86' lang='lat' dir='ltr'>dicendum,</span> <span class='ocrx_word' id='word_1_421' title='bbox 1003 2781 1129 2840; x_wconf 82' lang='lat' dir='ltr'>quod</span> <span class='ocrx_word' id='word_1_422' title='bbox 1154 2782 1203 2827; x_wconf 88' lang='lat' dir='ltr'>in</span> <span class='ocrx_word' id='word_1_423' title='bbox 1226 2781 1447 2827; x_wconf 88' lang='lat' dir='ltr'>omnibus</span> <span class='ocrx_word' id='word_1_424' title='bbox 1468 2781 1560 2826; x_wconf 91' lang='lat' dir='ltr'>illis</span> <span class='ocrx_word' id='word_1_425' title='bbox 1583 2780 1753 2837; x_wconf 87' lang='lat' dir='ltr'>verbis,</span> <span class='ocrx_word' id='word_1_426' title='bbox 1774 2787 1820 2826; x_wconf 89' lang='lat' dir='ltr'>et</span> <span class='ocrx_word' id='word_1_427' title='bbox 1841 2781 2072 2830; x_wconf 80' lang='lat' dir='ltr'>similibus</span> 
     </span>
     <span class='ocr_line' id='line_1_43' title="bbox 178 2841 2071 2900; baseline 0.002 -13"><span class='ocrx_word' id='word_1_428' title='bbox 178 2841 375 2888; x_wconf 85' lang='lat' dir='ltr'>Hilarius</span> <span class='ocrx_word' id='word_1_429' title='bbox 394 2842 421 2887; x_wconf 81' lang='lat' dir='ltr'>a</span> <span class='ocrx_word' id='word_1_430' title='bbox 439 2856 579 2888; x_wconf 90' lang='lat' dir='ltr'>carne</span> <span class='ocrx_word' id='word_1_431' title='bbox 605 2844 770 2889; x_wconf 88' lang='lat' dir='ltr'>Christi</span> <span class='ocrx_word' id='word_1_432' title='bbox 794 2859 888 2890; x_wconf 91' lang='lat' dir='ltr'>non</span> <span class='ocrx_word' id='word_1_433' title='bbox 908 2845 1150 2891; x_wconf 88' lang='lat' dir='ltr'>veritatem</span> <span class='ocrx_word' id='word_1_434' title='bbox 1171 2844 1362 2900; x_wconf 73' lang='lat' dir='ltr'>doloris,</span> <span class='ocrx_word' id='word_1_435' title='bbox 1382 2844 1464 2890; x_wconf 91' lang='lat' dir='ltr'>sed</span> <span class='ocrx_word' id='word_1_436' title='bbox 1482 2844 1805 2890; x_wconf 87' lang='lat' dir='ltr'>necessitatem</span> <span class='ocrx_word' id='word_1_437' title='bbox 1826 2844 2071 2892; x_wconf 77' lang='lat' dir='ltr'>excludere</span> 
     </span>
     <span class='ocr_line' id='line_1_44' title="bbox 178 2903 2069 2964; baseline 0.002 -16"><span class='ocrx_word' id='word_1_438' title='bbox 178 2903 462 2959; x_wconf 62' lang='lat' dir='ltr'>intenditu).</span> <span class='ocrx_word' id='word_1_439' title='bbox 487 2906 613 2951; x_wconf 92' lang='lat' dir='ltr'>Unde</span> <span class='ocrx_word' id='word_1_440' title='bbox 639 2913 743 2962; x_wconf 88' lang='lat' dir='ltr'>post</span> <span class='ocrx_word' id='word_1_441' title='bbox 763 2907 1004 2964; x_wconf 78' lang='lat' dir='ltr'>praemissa</span> <span class='ocrx_word' id='word_1_442' title='bbox 1029 2907 1171 2952; x_wconf 82' lang='lat' dir='ltr'>verba</span> <span class='ocrx_word' id='word_1_443' title='bbox 1196 2906 1355 2952; x_wconf 88' lang='lat' dir='ltr'>subdit</span> <span class='ocrx_word' id='word_1_444' title='bbox 1376 2905 1556 2961; x_wconf 85' lang='lat' dir='ltr'>(inf1·a):</span> <span class='ocrx_word' id='word_1_445' title='bbox 1581 2923 1600 2943; x_wconf 85' lang='lat'>«</span> <span class='ocrx_word' id='word_1_446' title='bbox 1622 2909 1778 2963; x_wconf 88' lang='lat' dir='ltr'>Neque</span> <span class='ocrx_word' id='word_1_447' title='bbox 1809 2906 1933 2951; x_wconf 88' lang='lat' dir='ltr'>enim</span> <span class='ocrx_word' id='word_1_448' title='bbox 1962 2908 2069 2952; x_wconf 81' lang='lat' dir='ltr'>cum</span> 
     </span>
     <span class='ocr_line' id='line_1_45' title="bbox 178 2964 2070 3026; baseline 0.003 -17"><span class='ocrx_word' id='word_1_449' title='bbox 178 2964 337 3022; x_wconf 86' lang='lat' dir='ltr'>sitivit,</span> <span class='ocrx_word' id='word_1_450' title='bbox 364 2972 445 3011; x_wconf 92' lang='lat' dir='ltr'>aut</span> <span class='ocrx_word' id='word_1_451' title='bbox 468 2968 678 3025; x_wconf 86' lang='lat' dir='ltr'>esurivit,</span> <span class='ocrx_word' id='word_1_452' title='bbox 705 2976 786 3014; x_wconf 92' lang='lat' dir='ltr'>aut</span> <span class='ocrx_word' id='word_1_453' title='bbox 805 2970 951 3026; x_wconf 84' lang='lat' dir='ltr'>flevit,</span> <span class='ocrx_word' id='word_1_454' title='bbox 973 2969 1148 3014; x_wconf 87' lang='lat' dir='ltr'>bibisse</span> <span class='ocrx_word' id='word_1_455' title='bbox 1170 2969 1409 3023; x_wconf 88' lang='lat' dir='ltr'>Dominus,</span> <span class='ocrx_word' id='word_1_456' title='bbox 1433 2973 1514 3012; x_wconf 90' lang='lat' dir='ltr'>aut</span> <span class='ocrx_word' id='word_1_457' title='bbox 1535 2967 1862 3026; x_wconf 86' lang='lat' dir='ltr'>manducasse,</span> <span class='ocrx_word' id='word_1_458' title='bbox 1883 2974 1964 3013; x_wconf 88' lang='lat' dir='ltr'>aut</span> <span class='ocrx_word' id='word_1_459' title='bbox 1985 2969 2070 3014; x_wconf 89' lang='lat' dir='ltr'>do-</span> 
     </span>
    </p>
   </div>
   <div class='ocr_carea' id='block_1_5' title="bbox 176 3047 2070 3157">
    <p class='ocr_par' dir='ltr' id='par_1_13' title="bbox 176 3047 2070 3157">
     <span class='ocr_line' id='line_1_46' title="bbox 218 3047 2069 3108; baseline 0.003 -12"><span class='ocrx_word' id='word_1_460' title='bbox 218 3061 263 3104; x_wconf 71' lang='grc'>(4)</span> <span class='ocrx_word' id='word_1_461' title='bbox 283 3062 377 3098; x_wconf 78' lang='lat' dir='ltr'>Unde</span> <span class='ocrx_word' id='word_1_462' title='bbox 404 3064 479 3098; x_wconf 75' lang='lat' dir='ltr'>cum</span> <span class='ocrx_word' id='word_1_463' title='bbox 498 3064 589 3106; x_wconf 80' lang='lat' dir='ltr'>apud</span> <span class='ocrx_word' id='word_1_464' title='bbox 609 3068 738 3101; x_wconf 70' lang='lat' dir='ltr'>veteres</span> <span class='ocrx_word' id='word_1_465' title='bbox 752 3066 877 3108; x_wconf 76' lang='lat' dir='ltr'>legitur</span> <span class='ocrx_word' id='word_1_466' title='bbox 892 3067 927 3102; x_wconf 87' lang='lat' dir='ltr'>in</span> <span class='ocrx_word' id='word_1_467' title='bbox 946 3066 1080 3102; x_wconf 78' lang='lat' dir='ltr'>Christo</span> <span class='ocrx_word' id='word_1_468' title='bbox 1164 3047 1248 3101; x_wconf 71' lang='lat' dir='ltr'>ulios</span> <span class='ocrx_word' id='word_1_469' title='bbox 1265 3066 1441 3101; x_wconf 70' lang='lat' dir='ltr'>haereticos</span> <span class='ocrx_word' id='word_1_470' title='bbox 1463 3065 1522 3108; x_wconf 84' lang='lat' dir='ltr'>qui</span> <span class='ocrx_word' id='word_1_471' title='bbox 1534 3065 1803 3106; x_wconf 54' lang='lat' dir='ltr'>dogmatum-unt</span> <span class='ocrx_word' id='word_1_472' title='bbox 1815 3065 1988 3101; x_wconf 78' lang='lat' dir='ltr'>Christum</span> <span class='ocrx_word' id='word_1_473' title='bbox 2001 3080 2069 3105; x_wconf 74' lang='lat' dir='ltr'>non</span> 
     </span>
     <span class='ocr_line' id='line_1_47' title="bbox 176 3109 2070 3157; baseline 0.004 -13"><span class='ocrx_word' id='word_1_474' title='bbox 176 3121 247 3145; x_wconf 81' lang='lat' dir='ltr'>non</span> <span class='ocrx_word' id='word_1_475' title='bbox 267 3109 370 3146; x_wconf 82' lang='lat' dir='ltr'>fuisse</span> <span class='ocrx_word' id='word_1_476' title='bbox 390 3113 569 3153; x_wconf 81' lang='lat' dir='ltr'>passiones.</span> <span class='ocrx_word' id='word_1_477' title='bbox 597 3113 812 3154; x_wconf 80' lang='lat' dir='ltr'>intelligendi</span> <span class='ocrx_word' id='word_1_478' title='bbox 841 3122 922 3150; x_wconf 82' lang='lat' dir='ltr'>sunt</span> <span class='ocrx_word' id='word_1_479' title='bbox 945 3126 1078 3157; x_wconf 82' lang='lat' dir='ltr'>quoque</span> <span class='ocrx_word' id='word_1_480' title='bbox 1164 3116 1243 3149; x_wconf 72' lang='lat' dir='ltr'>vere</span> <span class='ocrx_word' id='word_1_481' title='bbox 1257 3141 1265 3157; x_wconf 93' lang='lat'>,</span> <span class='ocrx_word' id='word_1_482' title='bbox 1279 3114 1334 3149; x_wconf 85' lang='lat' dir='ltr'>sed</span> <span class='ocrx_word' id='word_1_483' title='bbox 1360 3114 1492 3149; x_wconf 65' lang='lat' dir='ltr'>tantum</span> <span class='ocrx_word' id='word_1_484' title='bbox 1507 3113 1714 3156; x_wconf 71' lang='lat' dir='ltr'>phantastice</span> <span class='ocrx_word' id='word_1_485' title='bbox 1728 3120 1786 3148; x_wconf 75' lang='lat' dir='ltr'>aut</span> <span class='ocrx_word' id='word_1_486' title='bbox 1807 3114 1955 3156; x_wconf 70' lang='lat' dir='ltr'>putative</span> <span class='ocrx_word' id='word_1_487' title='bbox 1970 3115 2070 3151; x_wconf 74' lang='lat' dir='ltr'>fuisse</span> 
     </span>
    </p>
   </div>
   <div class='ocr_carea' id='block_1_6' title="bbox 175 3157 2068 3447">
    <p class='ocr_par' dir='ltr' id='par_1_14' title="bbox 176 3157 1308 3204">
     <span class='ocr_line' id='line_1_48' title="bbox 176 3157 1308 3204; baseline 0.004 -10"><span class='ocrx_word' id='word_1_488' title='bbox 176 3157 220 3194; x_wconf 75' lang='lat' dir='ltr'>de</span> <span class='ocrx_word' id='word_1_489' title='bbox 232 3158 443 3200; x_wconf 85' lang='lat' dir='ltr'>passionibus</span> <span class='ocrx_word' id='word_1_490' title='bbox 463 3161 573 3200; x_wconf 72' lang='lat' dir='ltr'>pravis</span> <span class='ocrx_word' id='word_1_491' title='bbox 587 3167 620 3196; x_wconf 91' lang='lat' dir='ltr'>et</span> <span class='ocrx_word' id='word_1_492' title='bbox 639 3162 854 3198; x_wconf 83' lang='lat' dir='ltr'>inordinatis.</span> <span class='ocrx_word' id='word_1_493' title='bbox 1162 3174 1308 3204; x_wconf 84' lang='lat' dir='ltr'>passum.</span> 
     </span>
    </p>

    <p class='ocr_par' dir='ltr' id='par_1_15' title="bbox 175 3207 2068 3447">
     <span class='ocr_line' id='line_1_49' title="bbox 217 3207 2067 3253; baseline 0.003 -11"><span class='ocrx_word' id='word_1_494' title='bbox 217 3207 261 3250; x_wconf 87' lang='grc'>(2)</span> <span class='ocrx_word' id='word_1_495' title='bbox 277 3207 363 3242; x_wconf 78' lang='lat' dir='ltr'>Hinc</span> <span class='ocrx_word' id='word_1_496' title='bbox 381 3209 510 3250; x_wconf 80' lang='lat' dir='ltr'>(synod.</span> <span class='ocrx_word' id='word_1_497' title='bbox 524 3218 556 3244; x_wconf 74' lang='lat' dir='ltr'>vi</span> <span class='ocrx_word' id='word_1_498' title='bbox 577 3211 724 3249; x_wconf 78' lang='lat' dir='ltr'>general.</span> <span class='ocrx_word' id='word_1_499' title='bbox 749 3216 813 3246; x_wconf 79' lang='lat' dir='ltr'>act.</span> <span class='ocrx_word' id='word_1_500' title='bbox 837 3211 891 3252; x_wconf 79' lang='grc' dir='ltr'>Η)</span> <span class='ocrx_word' id='word_1_501' title='bbox 920 3219 928 3241; x_wconf 87' lang='lat'>=</span> <span class='ocrx_word' id='word_1_502' title='bbox 953 3212 1079 3247; x_wconf 73' lang='lat' dir='ltr'>Chris·</span> <span class='ocrx_word' id='word_1_503' title='bbox 1203 3212 1248 3253; x_wconf 65' lang='lat'>(4)</span> <span class='ocrx_word' id='word_1_504' title='bbox 1264 3212 1299 3246; x_wconf 93' lang='lat' dir='ltr'>S.</span> <span class='ocrx_word' id='word_1_505' title='bbox 1317 3212 1551 3246; x_wconf 72' lang='lat' dir='ltr'>Bonaventura</span> <span class='ocrx_word' id='word_1_506' title='bbox 1572 3211 1681 3252; x_wconf 79' lang='lat' dir='ltr'>(Sent.</span> <span class='ocrx_word' id='word_1_507' title='bbox 1699 3219 1754 3253; x_wconf 80' lang='grc' dir='ltr'>ιιι,</span> <span class='ocrx_word' id='word_1_508' title='bbox 1781 3211 1858 3246; x_wconf 82' lang='lat' dir='ltr'>dist.</span> <span class='ocrx_word' id='word_1_509' title='bbox 1877 3212 1930 3253; x_wconf 68' lang='lat'>40,</span> <span class='ocrx_word' id='word_1_510' title='bbox 1949 3215 2015 3247; x_wconf 76' lang='lat' dir='ltr'>art.</span> <span class='ocrx_word' id='word_1_511' title='bbox 2033 3211 2067 3253; x_wconf 68' lang='lat'>⁴,</span> 
     </span>
     <span class='ocr_line' id='line_1_50' title="bbox 177 3256 2067 3302; baseline 0.003 -12"><span class='ocrx_word' id='word_1_512' title='bbox 177 3257 236 3292; x_wconf 67' lang='lat' dir='ltr'>ms</span> <span class='ocrx_word' id='word_1_513' title='bbox 265 3256 408 3291; x_wconf 79' lang='lat' dir='ltr'>arbiter</span> <span class='ocrx_word' id='word_1_514' title='bbox 438 3261 471 3291; x_wconf 75' lang='lat' dir='ltr'>et</span> <span class='ocrx_word' id='word_1_515' title='bbox 502 3258 684 3293; x_wconf 75' lang='lat' dir='ltr'>Dominus</span> <span class='ocrx_word' id='word_1_516' title='bbox 711 3263 795 3294; x_wconf 69' lang='lat' dir='ltr'>erat</span> <span class='ocrx_word' id='word_1_517' title='bbox 819 3263 983 3294; x_wconf 71' lang='lat' dir='ltr'>motuum</span> <span class='ocrx_word' id='word_1_518' title='bbox 1009 3271 1077 3294; x_wconf 79' lang='lat' dir='ltr'>na·</span> <span class='ocrx_word' id='word_1_519' title='bbox 1102 3293 1107 3298; x_wconf 76' lang='grc'>,</span> <span class='ocrx_word' id='word_1_520' title='bbox 1163 3265 1279 3302; x_wconf 79' lang='lat' dir='ltr'>quaest.</span> <span class='ocrx_word' id='word_1_521' title='bbox 1309 3262 1335 3302; x_wconf 86' lang='grc' dir='ltr'>ι)</span> <span class='ocrx_word' id='word_1_522' title='bbox 1358 3266 1476 3296; x_wconf 79' lang='lat' dir='ltr'>narrat</span> <span class='ocrx_word' id='word_1_523' title='bbox 1503 3271 1537 3294; x_wconf 82' lang='lat' dir='ltr'>se</span> <span class='ocrx_word' id='word_1_524' title='bbox 1560 3259 1725 3296; x_wconf 77' lang='lat' dir='ltr'>audivisse</span> <span class='ocrx_word' id='word_1_525' title='bbox 1757 3260 1978 3295; x_wconf 85' lang='lat' dir='ltr'>Guillelmum</span> <span class='ocrx_word' id='word_1_526' title='bbox 2005 3261 2067 3296; x_wconf 86' lang='lat' dir='ltr'>Pa·</span> 
     </span>
     <span class='ocr_line' id='line_1_51' title="bbox 178 3305 2068 3351; baseline 0.003 -12"><span class='ocrx_word' id='word_1_527' title='bbox 178 3305 360 3340; x_wconf 71' lang='lat' dir='ltr'>curalium</span> <span class='ocrx_word' id='word_1_528' title='bbox 376 3309 408 3339; x_wconf 80' lang='lat' dir='ltr'>et</span> <span class='ocrx_word' id='word_1_529' title='bbox 435 3307 599 3339; x_wconf 75' lang='lat' dir='ltr'>omnium</span> <span class='ocrx_word' id='word_1_530' title='bbox 615 3316 768 3342; x_wconf 74' lang='lat' dir='ltr'>suorum</span> <span class='ocrx_word' id='word_1_531' title='bbox 790 3308 1077 3350; x_wconf 73' lang='lat' dir='ltr'>affectuumsive</span> <span class='ocrx_word' id='word_1_532' title='bbox 1164 3309 1339 3343; x_wconf 80' lang='lat' dir='ltr'>risiensem</span> <span class='ocrx_word' id='word_1_533' title='bbox 1368 3308 1538 3343; x_wconf 79' lang='lat' dir='ltr'>dicentem</span> <span class='ocrx_word' id='word_1_534' title='bbox 1567 3320 1602 3342; x_wconf 80' lang='lat' dir='ltr'>se</span> <span class='ocrx_word' id='word_1_535' title='bbox 1626 3307 1744 3349; x_wconf 75' lang='lat' dir='ltr'>legisse</span> <span class='ocrx_word' id='word_1_536' title='bbox 1780 3309 1908 3344; x_wconf 87' lang='lat' dir='ltr'>librum</span> <span class='ocrx_word' id='word_1_537' title='bbox 1939 3310 1974 3343; x_wconf 88' lang='lat' dir='ltr'>in</span> <span class='ocrx_word' id='word_1_538' title='bbox 2002 3321 2068 3351; x_wconf 77' lang='lat' dir='ltr'>que</span> 
     </span>
     <span class='ocr_line' id='line_1_52' title="bbox 175 3353 2067 3397; baseline 0.003 -12"><span class='ocrx_word' id='word_1_539' title='bbox 175 3353 407 3394; x_wconf 66' lang='lat' dir='ltr'>passionum.</span> <span class='ocrx_word' id='word_1_540' title='bbox 425 3353 490 3395; x_wconf 81' lang='lat' dir='ltr'>qui</span> <span class='ocrx_word' id='word_1_541' title='bbox 508 3354 584 3387; x_wconf 76' lang='lat' dir='ltr'>nisi</span> <span class='ocrx_word' id='word_1_542' title='bbox 602 3364 641 3388; x_wconf 88' lang='lat' dir='ltr'>eo</span> <span class='ocrx_word' id='word_1_543' title='bbox 658 3358 845 3389; x_wconf 71' lang='lat' dir='ltr'>annuente</span> <span class='ocrx_word' id='word_1_544' title='bbox 869 3365 945 3390; x_wconf 78' lang='lat' dir='ltr'>non</span> <span class='ocrx_word' id='word_1_545' title='bbox 962 3366 1075 3390; x_wconf 85' lang='lat' dir='ltr'>move·</span> <span class='ocrx_word' id='word_1_546' title='bbox 1162 3357 1312 3392; x_wconf 80' lang='lat' dir='ltr'>Hilarius</span> <span class='ocrx_word' id='word_1_547' title='bbox 1335 3369 1370 3391; x_wconf 84' lang='lat' dir='ltr'>se</span> <span class='ocrx_word' id='word_1_548' title='bbox 1402 3356 1610 3396; x_wconf 77' lang='lat' dir='ltr'>retractavit,</span> <span class='ocrx_word' id='word_1_549' title='bbox 1641 3357 1795 3397; x_wconf 80' lang='lat' dir='ltr'>quamvis</span> <span class='ocrx_word' id='word_1_550' title='bbox 1828 3370 1905 3393; x_wconf 81' lang='lat' dir='ltr'>eum</span> <span class='ocrx_word' id='word_1_551' title='bbox 1925 3363 2067 3391; x_wconf 78' lang='lat' dir='ltr'>conetur</span> 
     </span>
     <span class='ocr_line' id='line_1_53' title="bbox 175 3399 2066 3447; baseline 0.004 -14"><span class='ocrx_word' id='word_1_552' title='bbox 175 3399 324 3434; x_wconf 75' lang='lat' dir='ltr'>bantur.</span> <span class='ocrx_word' id='word_1_553' title='bbox 1161 3417 1326 3446; x_wconf 73' lang='lat' dir='ltr'>exponere</span> <span class='ocrx_word' id='word_1_554' title='bbox 1356 3403 1497 3439; x_wconf 82' lang='lat' dir='ltr'>diceudo</span> <span class='ocrx_word' id='word_1_555' title='bbox 1526 3404 1615 3446; x_wconf 78' lang='lat' dir='ltr'>quod</span> <span class='ocrx_word' id='word_1_556' title='bbox 1643 3406 1800 3445; x_wconf 83' lang='lat' dir='ltr'>loquatur</span> <span class='ocrx_word' id='word_1_557' title='bbox 1824 3405 1864 3440; x_wconf 88' lang='lat' dir='ltr'>de</span> <span class='ocrx_word' id='word_1_558' title='bbox 1892 3405 1963 3447; x_wconf 81' lang='lat' dir='ltr'>ipsa</span> <span class='ocrx_word' id='word_1_559' title='bbox 1981 3405 2066 3440; x_wconf 84' lang='lat' dir='ltr'>divi-</span> 
     </span>
    </p>
   </div>
   <div class='ocr_carea' id='block_1_7' title="bbox 175 3448 1785 3541">
    <p class='ocr_par' dir='ltr' id='par_1_16' title="bbox 175 3448 1785 3541">
     <span class='ocr_line' id='line_1_54' title="bbox 214 3448 1785 3496; baseline 0.004 -14"><span class='ocrx_word' id='word_1_560' title='bbox 214 3448 255 3489; x_wconf 80' lang='lat'>(5)</span> <span class='ocrx_word' id='word_1_561' title='bbox 275 3449 309 3482; x_wconf 90' lang='lat' dir='ltr'>S.</span> <span class='ocrx_word' id='word_1_562' title='bbox 331 3449 453 3482; x_wconf 74' lang='lat' dir='ltr'>Doctor</span> <span class='ocrx_word' id='word_1_563' title='bbox 469 3449 589 3490; x_wconf 80' lang='lat' dir='ltr'>probat</span> <span class='ocrx_word' id='word_1_564' title='bbox 606 3450 641 3484; x_wconf 86' lang='lat' dir='ltr'>in</span> <span class='ocrx_word' id='word_1_565' title='bbox 660 3451 791 3485; x_wconf 84' lang='lat' dir='ltr'>Christo</span> <span class='ocrx_word' id='word_1_566' title='bbox 806 3451 906 3485; x_wconf 80' lang='lat' dir='ltr'>fuisse</span> <span class='ocrx_word' id='word_1_567' title='bbox 921 3451 1072 3485; x_wconf 82' lang='lat' dir='ltr'>dolorem</span> <span class='ocrx_word' id='word_1_568' title='bbox 1160 3454 1266 3489; x_wconf 80' lang='lat' dir='ltr'>nitate</span> <span class='ocrx_word' id='word_1_569' title='bbox 1280 3452 1448 3495; x_wconf 80' lang='lat' dir='ltr'>(Billuart,</span> <span class='ocrx_word' id='word_1_570' title='bbox 1467 3452 1545 3488; x_wconf 79' lang='lat' dir='ltr'>diss.</span> <span class='ocrx_word' id='word_1_571' title='bbox 1569 3461 1639 3494; x_wconf 81' lang='lat' dir='ltr'>xlv,</span> <span class='ocrx_word' id='word_1_572' title='bbox 1659 3458 1724 3489; x_wconf 77' lang='lat' dir='ltr'>art.</span> <span class='ocrx_word' id='word_1_573' title='bbox 1740 3453 1785 3496; x_wconf 72' lang='grc' dir='ltr'>Ι).</span> 
     </span>
     <span class='ocr_line' id='line_1_55' title="bbox 175 3497 1072 3541; baseline 0.004 -10"><span class='ocrx_word' id='word_1_574' title='bbox 175 3497 367 3532; x_wconf 80' lang='lat' dir='ltr'>sensibilem</span> <span class='ocrx_word' id='word_1_575' title='bbox 397 3505 515 3534; x_wconf 84' lang='lat' dir='ltr'>contra</span> <span class='ocrx_word' id='word_1_576' title='bbox 551 3499 751 3541; x_wconf 83' lang='lat' dir='ltr'>Cerdonem,</span> <span class='ocrx_word' id='word_1_577' title='bbox 781 3500 1002 3536; x_wconf 81' lang='lat' dir='ltr'>Manichaeum</span> <span class='ocrx_word' id='word_1_578' title='bbox 1037 3505 1072 3535; x_wconf 81' lang='lat' dir='ltr'>et</span> 
     </span>
    </p>
   </div>
   <div class='ocr_carea' id='block_1_8' title="bbox 2137 3235 2170 3808">
    <p class='ocr_par' dir='ltr' id='par_1_17' title="bbox 2137 3235 2170 3808">
     <span class='ocr_line' id='line_1_56' title="bbox 2137 3235 2170 3808; baseline 0 0"><span class='ocrx_word' id='word_1_579' title='bbox 2137 3235 2170 3808; x_wconf 95' lang='lat' dir='ltr'> </span> 
     </span>
    </p>
   </div>
  </div>
 </body>
</html>
