2170 3808
846 191 1043 243 QUAEST.
1073 190 1147 244 1v,
1177 189 1296 233 ΛΒΤ.
1324 190 1361 232 1.
1991 187 2050 230 45

164 275 427 329 assumpserit
443 284 673 327 personam.
689 294 735 302 -
754 278 794 312 3⁰
810 272 960 312 Utrum
977 273 1246 321 assumpserit
1264 269 1491 310 hominem.
1509 290 1555 298 —
1574 271 1614 307 4⁰
1628 266 1776 307 Utrum
1794 263 1938 305 fuisset
1955 274 2050 304 oon-

165 331 333 373 veniens
347 329 455 382 quod
466 328 751 379 assumpsisset
766 329 958 366 naturam
969 325 1199 365 humanam
1209 326 1233 365 a
1244 323 1525 374 singularibus
1540 324 1833 374 separatam.——
1847 326 1885 359 5ο
1899 318 2049 359 Utrum

167 387 309 427 fuisset
326 384 571 426 conveniens
588 381 698 434 quod
715 381 1003 432 assumpsisset
1020 383 1213 428 naturam
1228 379 1458 418 humanam
1475 378 1518 418 in
1539 376 1734 418 omnibus
1747 374 1835 425 ejus
1861 372 2049 424 singula-

165 440 295 480 ribus.
316 461 363 469 —
387 445 427 479 δ’
451 437 599 478 Utrum
615 435 738 476 fuerit
752 435 997 475 conveniens
1016 432 1126 484 quod
1143 436 1368 473 assumeret
1387 432 1615 473 humanam
1639 434 1832 471 naturam
1849 428 1894 468 in
1909 428 2049 480 aliquo

166 493 333 536 homine
348 504 396 534 ex
413 492 536 543 stirpe
550 490 648 531 Adae
664 489 890 542 progenito.

235 555 572 600 ARTICULUS
594 556 630 596 1.
652 577 708 584 —-
725 564 862 602 urium
891 562 1058 592 NATURA
1087 561 1253 591 HUMANA
1285 561 1436 590 Funm‘r
1465 560 1587 591 mois
1616 557 1920 591 ASSUMPTIBILIS
1947 558 1976 589 Α

636 619 747 650 mmo
769 619 839 649 nm
867 618 975 655 QUAM
1005 615 1156 653 ΑιιρυΑ
1187 616 1282 646 anu
1312 615 1478 645 NATURA
1496 604 1574 657 (1).

275 678 323 714 De
338 677 392 713 hin
412 677 514 712 etiam
531 676 627 711 Sent.
644 684 698 717 1¹1,
715 675 792 710 dist.
806 674 838 714 2.
859 678 974 715 quaest.
993 681 1017 713 1,
1035 677 1099 706 art.
1118 671 1151 714 i,
1170 678 1205 707 et
1219 671 1317 706 Cont.
1333 675 1425 712 gent.
1447 670 1509 706 lib.
1525 678 1575 712 iv,
1591 681 1664 711 cap.
1679 671 1736 711 55,
1752 670 1795 706 ad
1809 671 1831 705 5
1845 673 1880 706 et
1897 671 1930 706 5.

219 731 284 778 Ad
317 731 519 790 primum
547 729 616 774 sic
647 727 928 786 proceditur.
954 730 994 770 1.
1020 726 1208 770 Videtur
1230 725 1354 782 quod
1376 726 1582 769 humana
1599 727 1764 767 natura
1787 736 1880 767 non
1904 723 2046 768 fuerit

164 793 312 850 magis
329 791 662 849 assumptibilis
684 791 712 834 a
729 789 841 834 Filio
863 788 941 833 Dei
962 787 1103 844 quam
1122 787 1340 844 quaelibet
1363 787 1452 831 alia
1475 790 1657 830 natura.
1680 784 1794 829 Dicit
1816 785 1939 829 enim
1957 787 2047 829 Au-

165 855 381 912 gustinus
396 854 460 908 (in
476 852 611 910 epist.
635 851 693 896 ad
713 850 1034 904 Volusianum,
1052 852 1152 906 138,
1173 849 1233 893 al.
1253 852 1294 904 3,
1312 852 1421 892 ante
1442 847 1585 902 med.)
1602 861 1613 889 :
1642 864 1662 885 α
1678 849 1729 890 In
1752 845 1893 890 rebus
1910 846 2051 890 mira-

91 916 96 922 '
164 915 315 961 biliter
329 915 462 961 factis
482 918 579 960 tota
593 913 710 958 ratio
723 912 831 956 facti
849 916 921 956 est
936 910 1140 967 potentia
1159 910 1386 954 facientis.
1406 928 1426 949 υ
1451 909 1538 954 Sed
1557 907 1763 966 potentia
1781 908 1858 951 Dei
1877 906 2050 951 facien-

164 977 223 1021 tis
241 977 623 1032 incarnationem,
644 987 748 1032 quae
770 979 841 1019 est
862 985 980 1030 opus
999 972 1203 1017 maxime
1221 971 1449 1026 mirabile,
1465 983 1561 1015 non
1581 970 1803 1014 limitatur
1821 969 1880 1014 ad
1900 980 2047 1013 unam

163 1043 393 1090 naturam,
411 1039 518 1083 cum
537 1037 742 1094 potentia
761 1035 838 1080 Dei
860 1035 920 1079 sit
933 1034 1129 1078 infinita.
1151 1037 1269 1089 Ergo
1288 1037 1456 1078 natura
1474 1033 1681 1076 humana
1697 1043 1792 1075 non
1808 1034 1880 1075 est
1895 1029 2049 1085 magis

164 1100 496 1157 assumptibilis
515 1099 543 1143 a
560 1102 651 1143 Deo
670 1098 812 1155 quam
830 1097 985 1152 aliqua
1003 1095 1093 1139 alia
1116 1103 1341 1140 creatura.

217 1165 258 1207 2.
291 1165 529 1217 Praeterea,
549 1158 800 1205 similitudo
820 1162 890 1203 est
914 1157 1030 1202 ratio
1052 1157 1230 1202 faciens
1261 1156 1321 1201 ad
1346 1156 1686 1212 congruitatem
1712 1153 2045 1199 incarnationis

164 1223 331 1268 divinae
358 1233 594 1281 personae,
625 1225 676 1265 ut
708 1233 848 1277 supra
883 1220 1060 1265 dictum
1094 1224 1165 1264 est
1193 1222 1373 1275 (quaest.
1399 1229 1538 1274 praec.
1562 1223 1649 1262 art.
1670 1219 1728 1273 8).
1751 1217 1838 1262 Sed
1856 1216 1978 1261 sicut
1993 1215 2046 1259 in

163 1290 374 1329 creatura
392 1283 601 1329 rationali
624 1283 859 1327 invenitur
878 1281 1131 1327 similitudo
1150 1281 1384 1337 imaginis,
1405 1281 1469 1324 ita
1486 1280 1535 1323 in
1557 1285 1770 1324 creatura
1792 1277 2046 1322 lrrationali

161 1345 396 1390 invenitur
416 1344 667 1389 similitudo
687 1343 886 1400 vestigii.
909 1346 1029 1399 Ergo
1051 1348 1264 1388 creatura
1281 1342 1561 1387 irrationalis
1581 1340 1917 1397 assumptibilis
1937 1339 2043 1398 fuit,

160 1407 281 1452 sicut
300 1407 507 1451 humana
532 1410 712 1451 natura.

216 1471 257 1513 3.
289 1471 536 1523 Praeterea,
572 1468 622 1511 in
659 1471 827 1511 natura
859 1467 1071 1522 angelica
1110 1467 1346 1510 invenitur
1380 1464 1643 1521 expressior
1676 1464 1753 1508 Dei
1789 1462 2045 1507 similitudo

161 1530 302 1587 quam
323 1530 371 1575 in
392 1535 560 1575 natura
572 1530 795 1585 humana,
812 1529 934 1573 sicut
949 1529 1196 1585 Gregorius
1212 1528 1322 1572 dicit
1341 1528 1480 1581 (hom.
1502 1530 1563 1570 De
1582 1531 1771 1570 centum
1786 1525 1954 1569 ovibus
1962 1526 2042 1579 -34,

160 1593 209 1635 in
231 1594 423 1650 Evang.,
442 1596 550 1636 ante
567 1591 725 1646 med),
742 1591 1044 1635 introducens
1065 1589 1177 1634 illud
1194 1589 1370 1643 (Ezech.
1391 1601 1536 1643 xxvui,
1553 1589 1651 1642 12):
1677 1592 1741 1630 Tu
1758 1586 2045 1643 siquae-ulum

159 1655 490 1698 similitudinis.
509 1653 747 1698 Invenitur
765 1654 904 1697 etiam
924 1654 971 1696 in
991 1652 1159 1708 angelo
1176 1656 1419 1708 peccatum
1440 1650 1562 1694 sicut
1579 1649 1627 1693 in
1650 1648 1852 1704 homine,
1871 1659 2045 1693 secun-

161 1715 272 1759 dum
298 1716 411 1760 illud
429 1714 543 1769 (soh,
565 1728 623 1769 iv,
647 1716 717 1769 18)
736 1729 746 1756 :
771 1718 824 1756 In
848 1714 1021 1770 anqelis
1037 1717 1130 1756 suis
1148 1716 1321 1769 reperit
1331 1715 1630 1768 pravitatem.
1646 1713 1763 1766 Ergo
1778 1714 1945 1754 natura
1961 1721 2046 1775 an-

164 1776 309 1831 gelica
324 1776 413 1820 fuit
429 1777 494 1820 ita
510 1774 845 1830 assumptibilis
864 1775 986 1819 sicut
1005 1779 1173 1818 natura
1191 1773 1408 1817 hominis.

217 1841 260 1880 4.
291 1839 537 1892 Praeterea,
567 1840 673 1880 cum
704 1839 794 1880 Deo
814 1841 1045 1892 competat
1066 1847 1250 1880 summa
1272 1834 1510 1891 perfectio,
1534 1833 1663 1877 tanto
1690 1832 1839 1887 magis
1857 1837 1927 1877 est
1950 1833 2045 1877 Deo

162 1896 336 1953 aliquid
356 1896 521 1952 simile,
542 1895 715 1952 quanto
738 1901 807 1940 est
828 1897 977 1951 magis
999 1897 1272 1952 perfectum.
1295 1895 1382 1939 Sed
1403 1899 1550 1938 totum
1569 1894 1839 1938 universum
1858 1898 1928 1937 est
1945 1904 2045 1937 ma-

163 1958 234 2014 gis
252 1958 509 2015 perfectum
525 1957 666 2014 quam
681 1962 835 2013 partes
851 1958 970 2013 ejus,
983 1957 1104 2001 inter
1119 1968 1236 2013 quas
1254 1961 1327 2000 est
1340 1956 1544 1999 humana
1561 1959 1742 1999 natura.
1758 1958 1877 2010 Ergo
1891 1958 2041 1999 totum

150 2019 435 2064 -universum
454 2024 528 2063 est
546 2018 696 2074 magis
715 2018 1037 2074 assumptibile
1058 2017 1199 2075 quam
1216 2017 1423 2061 humana
1445 2021 1625 2060 natura.

216 2080 303 2126 Sed
334 2085 494 2124 contra
531 2084 605 2124 est
637 2079 762 2135 quod
794 2079 962 2124 dicitur
987 2078 1213 2133 (Proverb.
1249 2092 1338 2134 vm,
1369 2080 1459 2134 31),
1487 2090 1545 2121 ex
1577 2089 1657 2121 ore
1690 2076 1928 2133 sapientiae
1960 2091 2042 2135 ge-

158 2142 267 2188 nitae
283 2144 344 2198 (2)
364 2157 374 2185 :
401 2141 586 2186 Deliciae
598 2153 707 2185 meae
727 2154 820 2184 esse
835 2155 934 2184 cum
954 2142 1062 2195 filiis
1080 2142 1311 2183 homi-num
1326 2156 1340 2180 :
1366 2139 1492 2183 etita
1508 2139 1691 2184 videtur
1706 2151 1808 2183 esse
1826 2142 2042 2196 quaedam

160 2203 463 2260 congruentia
485 2202 671 2247 unionis
692 2202 790 2246 Filii
813 2202 890 2246 Dei
914 2202 972 2247 ad
994 2202 1246 2246 humanam
1267 2205 1497 2245 naturam.

207 2270 496 2311 CONCLUSIO.
513 2292 562 2299 —
576 2268 679 2308 Cum
694 2268 878 2309 humana
899 2273 1047 2308 natura
1065 2268 1355 2308 intellectualis
1373 2268 1562 2315 existens,
1573 2270 1681 2317 apta
1698 2267 1755 2307 sit
1770 2267 1948 2309 Verbum
1966 2270 2041 2309 Dei

159 2337 230 2378 per
239 2326 514 2376 cognitionem
527 2328 567 2365 et
581 2334 763 2364 amorem
776 2324 987 2374 attingere,
1002 2328 1042 2363 et
1056 2324 1247 2373 originali
1267 2327 1424 2374 peccato
1439 2323 1630 2372 obnoxia,
1642 2322 1774 2373 magis
1790 2324 2041 2374 reparatione

144 2379 355 2431 indigeat,
377 2391 424 2420 ea
441 2378 527 2419 sola
542 2390 591 2419 ex
605 2379 780 2427 naturis,
801 2377 1101 2429 assumptibilis
1117 2378 1140 2418 a
1155 2378 1283 2417 Verbo
1300 2377 1395 2417 fuit.

213 2441 484 2499 Respondeo
497 2440 746 2486 dicendum
764 2440 887 2496 quod
906 2440 1078 2496 aliquid
1094 2439 1414 2496 assumptibile
1431 2440 1616 2493 dicitur,
1634 2439 1766 2495 quasi
1786 2444 1947 2496 aptum
1965 2453 2041 2486 as-

159 2504 281 2548 sumi
302 2503 330 2547 a
347 2502 503 2548 divina
525 2513 753 2559 persona:
777 2513 883 2558 quae
905 2501 1093 2558 quidem
1117 2501 1325 2558 aptitudo
1346 2514 1441 2545 non
1466 2505 1618 2558 potest
1643 2501 1839 2558 intelligi
1866 2514 2039 2548 secun-

159 2565 271 2609 dum
298 2564 553 2622 potentiam
587 2563 820 2620 passivam
854 2564 1131 2623 naturalem,
1160 2576 1266 2619 quae
1302 2576 1395 2607 non
1428 2576 1480 2608 se
1508 2563 1715 2608 extendit
1746 2563 1805 2608 ad
1834 2564 1880 2608 id
1910 2565 2038 2623 quod

159 2626 443 2671 transcendit
467 2625 677 2671 ordinem
710 2626 987 2683 naturalem,
1015 2637 1156 2683 quem
1177 2626 1462 2671 transcendit
1485 2626 1598 2670 unio
1618 2625 1877 2682 personalis
1901 2638 2037 2672 crea-

159 2691 275 2731 turae
293 2687 351 2732 ad
373 2689 530 2731 Deum.
552 2686 680 2732 Unde
698 2687 974 2743 relinquitur
995 2686 1120 2743 quod
1139 2687 1461 2743 assumptibile
1481 2686 1656 2743 aliquid
1675 2686 1854 2732 dicatur
1871 2699 2038 2732 secun-

136 2758 139 2762 ’
158 2748 270 2793 dum
306 2748 659 2805 congruentiam
699 2748 759 2793 ad
793 2749 1018 2793 unionem
1053 2747 1335 2804 praedictam.
1372 2750 1481 2801 Quae
1512 2748 1700 2805 quidem
1732 2749 2036 2803 congruentia

159 2809 412 2854 attenditur
447 2809 706 2854 secundum
742 2810 834 2855 duo
868 2810 918 2854 in
952 2811 1158 2854 humana
1197 2814 1388 2866 natura,
1426 2810 1601 2855 scilicet
1640 2810 1892 2855 secundum
1930 2810 2036 2868 eJ'us

160 2870 448 2926 dignitatem,
464 2874 513 2915 et
533 2871 873 2916 necessitatem.
895 2871 1155 2917 Secundum
1176 2871 1447 2926 dignitatem
1469 2871 1681 2928 quidem,
1701 2872 1811 2928 quia
1828 2873 2035 2918 humana

162 2935 344 2986 natura,
364 2930 639 2987 inquantum
661 2937 734 2977 est
760 2933 1001 2978 rationalis
1031 2937 1077 2978 et
1104 2932 1446 2992 intellectualiS,
1469 2936 1578 2977 nata
1601 2937 1674 2977 est
1694 2932 1920 2990 attingere
1944 2934 2034 2979 ali-

160 2989 357 3047 qualiter
387 2990 540 3047 ipsum
571 2993 770 3037 Verbum
801 3006 886 3051 per
917 3005 1051 3039 suam
1083 2994 1410 3050 operationem,
1436 2993 1761 3049 cognoscendo
1788 2994 1963 3040 scilicet
1985 2999 2034 3042 et

159 3051 358 3097 amando
387 3051 540 3108 ipsum
548 3066 565 3121 3
595 3055 852 3100 secundum
881 3055 1204 3117 necessitatem
1230 3062 1410 3112 autem,
1442 3056 1551 3113 quia
1578 3054 1816 3111 indigebat
1846 3068 2033 3113 repara->

159 3114 301 3169 tione,
326 3114 433 3156 cum
456 3111 717 3168 subJaceret
733 3115 946 3173 originali
966 3121 1170 3173 peccato.
1193 3118 1297 3161 Haec
1315 3120 1469 3161 autem
1492 3116 1584 3161 duo
1604 3117 1688 3161 soli
1707 3117 1923 3162 humanae
1942 3131 2031 3163 na-

160 3178 275 3219 turae
307 3173 604 3219 conveniunt.
635 3177 748 3220 Nam
780 3183 1002 3223 creaturae
1031 3178 1282 3223 irrationali
1314 3179 1444 3223 deest
1472 3179 1740 3235 congruitas
1766 3179 2025 3236 dignitati83

201 3264 245 3305 (4)
261 3262 520 3298 Convenientius
536 3263 614 3305 fuit,
631 3268 724 3303 juxta
742 3265 777 3300 S.
788 3266 983 3308 Doctorem,
994 3278 1052 3302 na·
1135 3267 1311 3309 pertinent
1324 3298 1332 3310 ,
1347 3269 1403 3303 sed
1420 3269 1460 3303 ad
1477 3268 1623 3309 genitam
1644 3267 1865 3304 nihilominus
1881 3267 2026 3304 Ecclesia

160 3314 270 3346 turam
290 3310 470 3345 humanam
488 3311 610 3345 assumi
632 3313 651 3346 a
665 3311 777 3346 Verbo
793 3315 892 3354 qu'am
912 3313 1052 3349 alteram
1134 3315 1349 3356 singulariter
1363 3316 1604 3358 accommodat,
1613 3328 1672 3352 seu
1684 3316 1724 3351 ad
1738 3316 1862 3351 Filium
1875 3316 1950 3360 Dei,
1958 3317 2027 3351 imo

155 3368 413 3400 quamcumque.
1135 3367 1171 3398 et
1185 3363 1227 3398 ad
1245 3364 1337 3399 illius
1350 3364 1551 3406 genitricem
1569 3364 1604 3398 in
1621 3369 1692 3405 ejus
1705 3363 1807 3399 festis

199 3405 243 3447 (2)
256 3405 334 3441 Haee
351 3404 393 3440 nd
405 3404 603 3448 sapientiam
625 3405 832 3442 incarnatam
858 3408 1051 3444 litteraliter
