2170 3808
726 261 923 313 QUAEST.
951 261 1074 315 xxn.
1104 261 1219 303 ΛΒΤ.
1249 260 1282 304 l.
1867 262 1948 305 193

123 344 252 390 Unde
271 346 395 401 patet
413 342 550 388 etiam
565 341 808 397 responsio
830 341 889 386 ad
910 345 1112 385 tert-ium.

125 407 191 451 Ad
213 409 426 462 quartum
451 403 720 461 dicendum,
745 403 868 459 quod
890 407 997 447 cum
1020 403 1158 447 dicit:
1182 403 1418 458 Clamab0‚
1444 407 1487 446 et
1507 416 1598 446 non
1616 403 1847 458 exaudies,
1872 402 1945 446 in-

76 467 368 524 telligendum
395 471 466 511 est
484 465 710 522 quantum
731 466 792 510 ad·
814 466 1029 509 affectum
1061 463 1372 508 sensualitatis
1393 476 1498 520 quae
1530 469 1726 508 mortem
1751 463 1948 520 refugie-

74 528 176 585 bat3
201 527 445 574 exauditur
463 530 617 571 tamen
644 530 872 583 quantum
904 526 964 571 ad
992 525 1209 570 affectum
1229 524 1452 582 rationiS‚
1487 530 1539 569 ut
1568 526 1743 571 dictum
1776 529 1847 570 est
1880 524 1944 579 (in

72 593 235 647 corp.).

753 651 1054 763 QUAESTIO
1093 697 1258 752 XXII.

353 819 414 855 lm
445 818 733 855 SACERDOTIO
767 818 969 867 CHRISTI,
1006 817 1054 852 IN
1088 817 1175 852 SEX
1205 815 1462 852 ARTICULOS
1492 815 1661 852 DlVlSA.

117 905 270 947 Deinde
299 904 639 947 considerandum
668 908 729 946 est
757 903 806 945 de
835 903 1055 944 sacerdotio
1085 902 1256 952 Chris-th
1291 905 1332 943 et
1360 901 1465 943 circa
1487 902 1564 943 hoc
1584 904 1830 954 quaeruntur
1849 914 1944 943 sex:

73 966 110 1001 1·
133 962 282 1002 Utrum
308 960 521 1001 conveniat
546 960 705 1000 Christo
734 972 817 1000 esse
838 959 1099 1000 sacerdotem.
1121 980 1167 988 -
1194 965 1232 998 2⁰
1250 959 1307 998 De
1337 957 1470 998 hostia
1503 957 1628 1010 hujus
1654 957 1880 999 sacerdotii.
1898 981 1947 988 —-

70 1019 109 1055 3⁰
133 1017 188 1056 De
209 1016 350 1056 effectu
369 1015 493 1067 hujus
511 1014 736 1055 sacerdotii.
759 1037 803 1044 -
824 1019 864 1053 4⁰
889 1013 1037 1053 Utrum
1055 1013 1218 1053 effectus
1235 1011 1449 1052 sacerdotii
1466 1013 1556 1063 ejus
1584 1013 1783 1064 pertineat
1812 1013 1863 1053 ad
1883 1012 1942 1065 ip‹

69 1081 176 1120 sum,
198 1069 263 1111 vel
276 1070 410 1110 solum
428 1070 481 1110 ad
502 1071 617 1110 alios.
638 1092 687 1100 -
710 1076 748 1110 5⁰
767 1071 823 1110 De
838 1069 1060 1109 aeternitate
1074 1067 1285 1108 sacerdotii
1296 1067 1400 1119 eJus.
1421 1090 1466 1097 -
1486 1075 1526 1107 6⁰
1549 1068 1695 1109 Utrum
1709 1067 1850 1107 debeat
1865 1067 1946 1108 dici

70 1124 249 1166 sacerdos
265 1125 491 1166 secundum
512 1125 697 1165 ordinem
720 1122 1023 1164 Melchisedech.

210 1191 548 1232 ARTICULUS
568 1192 606 1232 Ι.
621 1212 677 1220 -
698 1201 838 1231 urhun
860 1199 1030 1230 cnmsro
1053 1199 1281 1229 convmmr
1299 1197 1400 1229 ESSE
1428 1198 1693 1229 5110000οΤοΜ
1709 1187 1785 1241 (1).

71 1256 119 1290 De
141 1256 194 1291 his
215 1257 318 1292 etiam
342 1256 444 1298 infra,
464 1261 579 1297 quaest.
598 1265 693 1297 xxxt,
707 1260 772 1291 art.
797 1255 819 1290 2
840 1267 933 1296 corp.
953 1257 987 1289 et
1009 1254 1048 1288 ad
1068 1254 1102 1295 2,
1121 1257 1156 1289 et
1177 1256 1292 1295 quaest.
1316 1261 1387 1295 Lxx,
1407 1257 1473 1288 art.
1494 1255 1514 1288 4
1539 1253 1580 1288 ad
1607 1254 1637 1295 1,
1655 1258 1690 1288 et
1712 1255 1836 1289 Contra
1851 1257 1943 1295 gont.

109 1303 177 1386 isst
188 1313 326 1386 11¹5?st
341 1305 396 1346 46,
412 1307 445 1339 et
463 1305 585 1346 Opusc.
599 1312 659 1346 xx,
681 1314 752 1346 cap.
770 1304 804 1346 5,
833 1307 867 1338 et
888 1302 978 1337 Psal.
996 1310 1035 1343 1¹,
1055 1313 1178 1337 comm.
1195 1303 1235 1344 6,
1258 1305 1293 1337 et
1309 1301 1395 1337 Psal.
1412 1309 1507 1341 xuv,
1535 1313 1623 1336 com.
1651 1301 1706 1343 40,
1730 1305 1765 1336 et
1785 1302 1891 1337 Hebr.
1917 1311 1944 1345 1,

123 1406 190 1450 Ad
213 1406 414 1462 primum
436 1406 503 1450 sic
522 1405 802 1463 proceditur.
826 1409 868 1450 1.
892 1405 1079 1450 Videtur
1101 1404 1225 1461 quod
1252 1404 1428 1449 Christo
1451 1416 1546 1448 non
1570 1403 1816 1448 conveniat
1841 1416 1945 1450 esse

74 1468 377 1512 sacerdotem.
398 1468 620 1512 Sacerdos
639 1468 763 1512 enim
782 1472 853 1512 est
880 1468 1033 1512 minor
1057 1466 1252 1522 angelo:
1273 1466 1398 1510 unde
1432 1466 1599 1511 dicitur
1621 1467 1767 1521 (Zach.
1785 1480 1846 1522 ιιι,
1867 1468 1910 1521 1)
1929 1479 1942 1510 :

74 1530 280 1573 Ostendit
295 1530 406 1572 mihi
421 1534 538 1572 Deus
555 1530 833 1572 sacerdotem
851 1542 1065 1585 maquum
1080 1532 1278 1572 stantem
1291 1540 1446 1570 coram
1466 1527 1627 1583 auqelo
1643 1529 1838 1571 Domini.
1858 1527 1946 1572 sed

75 1588 279 1634 Christus
293 1595 365 1634 est
386 1590 533 1647 maior
548 1591 743 1649 angelis,
764 1591 1021 1635 secundum
1049 1590 1164 1634 illud
1186 1589 1335 1642 (Hebr.
1356 1603 1387 1644 ι,
1406 1592 1448 1641 4)
1475 1603 1485 1629 :
1510 1589 1651 1632 Tanto
1678 1590 1836 1632 melior
1859 1602 1942 1632 an-

76 1650 184 1707 yelis
204 1653 396 1708 effectus,
413 1653 580 1707 quanto
595 1653 874 1708 differentius
893 1664 990 1709 prae
1007 1652 1102 1695 illis
1121 1654 1278 1694 nomen
1297 1651 1603 1694 haereditavit.
1628 1652 1746 1706 Ergo
1768 1650 1945 1695 Christo

79 1723 170 1755 non
191 1712 406 1756 convenit
423 1725 525 1757 esse
545 1713 843 1758 sacerdotem.

129 1775 171 1816 2.
202 1775 438 1829 Praeterea,
456 1787 510 1819 ea
525 1786 628 1830 quae
648 1775 838 1819 fuerunt
851 1775 899 1819 in
913 1775 1057 1820 veteri
1065 1777 1369 1830 Testamento‚
1383 1773 1571 1818 fuerunt
1586 1772 1750 1830 figurae
1764 1774 1943 1832 Christi,

78 1834 333 1894 secundum
357 1835 468 1879 illud
493 1836 678 1890 (Coloss.
698 1850 744 1890 11,
760 1839 830 1891 17)
853 1852 864 1880 :
883 1840 991 1893 Quae
1005 1839 1111 1880 sunt
1135 1836 1294 1879 umbra
1308 1838 1582 1892 futurorum,
1614 1849 1775 1892 corpus
1795 1839 1947 1879 autem

77 1896 265 1940 Christi.
300 1897 385 1941 Sed
409 1898 614 1942 Christus
643 1910 735 1942 non
765 1899 904 1942 traxit
926 1899 1079 1943 carnis
1097 1898 1323 1954 originem
1346 1910 1404 1943 ex
1426 1898 1743 1943 sacerdotibus
1775 1897 1947 1942 veteris

75 1955 192 2012 legis
214 1972 225 2000 :
250 1957 360 2002 dicit
381 1958 506 2002 enim
533 1958 774 2014 Apostolus
807 1959 956 2014 (Hebr.
987 1973 1060 2015 vu,
1081 1961 1150 2014 14)
1171 1961 1492 2012 :Manifestum
1516 1963 1581 2002 est
1607 1959 1724 2014 quod
1746 1972 1804 2001 ex
1822 1959 1947 2002 Juda

78 2022 206 2061 orius
222 2022 281 2061 sit
300 2023 515 2062 Dominus
535 2024 699 2076 noster,
717 2024 765 2063 iu
780 2034 870 2076 qua
897 2021 1016 2064 tribu
1031 2022 1148 2064 nihil
1176 2021 1231 2063 de
1257 2021 1561 2064 sacerdotibus
1584 2025 1756 2076 Moyses
1775 2020 1946 2064 locutus

75 2084 156 2123 est.
176 2082 293 2135 Ergo
316 2080 490 2125 Christo
513 2094 604 2125 non
629 2083 846 2126 convenit
864 2094 969 2127 esse
985 2081 1288 2127 sacerdotem.

130 2144 172 2186 3.
204 2143 443 2197 Praeterea,
466 2142 514 2185 in
543 2142 686 2186 veteri
709 2142 826 2200 lege,
854 2156 960 2200 quae
978 2148 1048 2188 est
1071 2144 1222 2200 figura
1240 2142 1419 2200 Christi,
1440 2154 1535 2186 non
1555 2142 1641 2186 fuit
1663 2142 1786 2187 idem
1805 2142 1946 2200 legis-

76 2203 192 2247 lator
223 2208 270 2247 et
299 2203 516 2248 sacerdos
539 2203 696 2248 :unde
727 2205 836 2249 dicit
864 2205 1086 2250 Dominus
1120 2205 1179 2250 ad
1207 2207 1409 2262 Moysem
1441 2204 1752 2260 legislatorem
1787 2205 1945 2261 (Exod.

76 2277 218 2317 xxviii,
242 2265 282 2318 1)
306 2278 318 2307 :
341 2265 535 2320 Applica
556 2268 715 2308 Aaron
751 2268 946 2319 fratrem
976 2269 1175 2311 tuum...
1207 2269 1260 2309 ut
1286 2265 1540 2308 sacerdotio
1561 2270 1781 2321 sunyatur
1816 2268 1944 2311 mihi.

75 2324 279 2368 Christus
301 2329 455 2370 autem
485 2329 556 2370 est
582 2326 700 2370 lator
723 2339 856 2371 novae
876 2328 1020 2385 legis,
1045 2327 1302 2373 secundum
1326 2326 1438 2371 illud
1473 2328 1652 2382 (Jerem.
1687 2341 1802 2384 xxxi,
1836 2331 1907 2384 33)
1931 2342 1944 2373 z

76 2386 201 2491 Bago
230 2387 368 2441 leqem
396 2399 542 2430 meam
564 2390 613 2430 in
634 2389 842 2432 cordibus
864 2403 1034 2434 eorum.
1055 2392 1174 2447 Ergo
1196 2389 1372 2433 Christo
1396 2401 1490 2433 uon
1509 2389 1727 2434 convenit
1743 2401 1847 2435 esse
1872 2402 1945 2434 sa—

75 2457 152 2490 cer
185 2452 321 2490 otem.
682 2485 685 2489 .

132 2507 217 2552 Sed
238 2512 393 2551 contra
413 2510 628 2566 estquod
647 2511 812 2556 dicitur
832 2512 984 2567 (Hebr.
1007 2526 1068 2570 iv,
1091 2516 1161 2568 14)
1184 2527 1196 2555 ε
1218 2513 1441 2556 Habemus
1468 2514 1746 2569 Pontificem,
1780 2516 1857 2568 qui
1874 2527 1947 2570 pe-

77 2573 274 2613 netravit
296 2571 441 2628 coelos,
463 2574 612 2615 lesum
623 2573 796 2617 Filium
811 2577 896 2617 Dei
909 2577 986 2630 (2).

122 2635 411 2676 CONCLUSIO.
430 2660 476 2667 -
494 2638 598 2678 cam
619 2639 803 2680 Christus
826 2641 947 2681 fuerit
962 2641 1034 2681 Dei
1060 2645 1099 2682 et
1120 2642 1342 2682 hominum
1364 2642 1588 2691 mediator,
1614 2645 1654 2682 et
1671 2644 1876 2694 quantum
1897 2643 1949 2684 ad

78 2690 453 2741 reconciliationem,
474 2696 514 2732 et
527 2705 596 2745 per
613 2705 736 2745 quem
748 2699 847 2736 sunt
862 2696 1101 2737 hominibus
1117 2696 1259 2739 divina
1279 2697 1386 2737 dona
1399 2696 1560 2750 collata,
1577 2697 1754 2737 maxime
1771 2698 1837 2737 illi
1851 2710 1942 2739 con-

79 2743 190 2783 venit
209 2746 452 2786 sacerdotem
470 2758 566 2787 essc.

133 2808 398 2863 Respondeo
420 2809 665 2871 dice-ndum
693 2813 818 2869 quod
844 2815 1028 2871 proprie
1048 2814 1253 2860 officium
1276 2815 1520 2860 sacerdotii
1542 2819 1614 2860 est
1640 2827 1744 2860 esse
1771 2817 1939 2861 media-

83 2871 225 2911 torem
251 2869 368 2912 inter
389 2873 529 2914 Deum
555 2876 600 2916 et
631 2875 870 2933 populum,
904 2876 1183 2933 inquantum
1216 2876 1392 2921 scilicet
1414 2876 1571 2920 divina
1593 2877 1764 2932 populo
1794 2879 1940 2925 tradit

81 2928 205 2972 unde
224 2929 385 2973 dicitur
400 2932 628 2989 sacerdos,
648 2935 780 2990 quasi
797 2950 934 2980 sacra
950 2939 1065 2981 dans
1086 2941 1162 2995 (3),
1181 2937 1440 2982 secundum
1459 2937 1574 2982 illud
1594 2937 1795 2991 (Malach.
1814 2953 1859 2995 ιι,
1872 2935 1939 2994 ’7);Ι

80 2993 236 3045 Leyem
254 2994 479 3044 requirent
500 3004 558 3035 ex
571 3007 646 3037 ore
658 2997 769 3051 ejus,
795 2998 970 3043 scilicet
988 2999 1265 3054 sacerdotis;
1287 3002 1333 3042 et
1355 2999 1522 3042 iterum
1544 2999 1822 3054 inquantum
1845 3012 1950 3056 pre-

79 3098 153 3138 prie
171 3098 272 3152 (licta,
291 3110 363 3138 quoe
378 3099 396 3132 Ξι
422 3098 591 3135 voluntate
611 3101 762 3139 absoluta
781 3109 814 3140 et
837 3107 966 3142 efficaci
1051 3108 1315 3143 definitionibus.
1328 3108 1515 3143 Definitum
1529 3111 1579 3143 est
1593 3108 1681 3143 enim
1693 3109 1710 3143 ὲ
1722 3109 1948 3151 Trid.synod.

81 3146 247 3186 procedit,
275 3151 313 3180 ut
338 3147 414 3180 luce
437 3147 561 3182 clarius
586 3154 676 3189 patet
700 3163 738 3185 ex
763 3151 826 3186 hoc
840 3157 902 3187 art.
931 3160 966 3191 et
1050 3158 1139 3198 (sess.
1156 3166 1241 3196 xxn,
1260 3167 1331 3197 cap.
1350 3156 1382 3195 l)
1399 3168 1406 3189 :
1425 3156 1660 3191 Sacerdotem
1683 3157 1803 3191 alium
1818 3168 1951 3193 secun-

81 3193 209 3228 duobus
227 3194 500 3234 praecedentibus.
521 3196 599 3230 Haec
615 3198 721 3237 igitur
734 3198 886 3235 doctrina
901 3214 968 3238 non
1052 3205 1140 3238 dum
1167 3204 1334 3238 ordinem
1359 3204 1623 3239 Melchisedech
1648 3215 1800 3247 sumere
1826 3206 1951 3239 Domi-

81 3239 169 3274 favet
187 3242 390 3278 jansenianae
412 3248 450 3275 ut
465 3243 672 3278 somniarent
687 3250 830 3286 quatuor
844 3248 969 3288 profes·
1052 3261 1142 3284 nunt
1162 3252 1338 3285 Nostrum
1358 3251 1484 3285 Jesum
1511 3251 1696 3286 Christum
1726 3252 1949 3287 conformiter

81 3299 170 3321 sores
183 3288 350 3321 facultatis
365 3287 559 3330 theologica}
575 3292 754 3326 Duacensis
770 3293 806 3326 in
816 3305 876 3328 sua
896 3307 970 3330 cen·
1054 3299 1174 3333 concil.
1199 3299 1319 3340 Ephes.
1338 3311 1412 3335 can.
1431 3301 1484 3334 40.

80 3345 159 3402 suge
170 3335 380 3376 data22aug.
400 3336 483 3370 4722
495 3341 529 3371 et
547 3338 703 3373 damnata
720 3339 843 3380 Romae,
858 3341 970 3381 lsjul.
1097 3346 1140 3387 (2)
1158 3346 1204 3380 De
1230 3346 1413 3381 sacerdotio
1433 3347 1554 3382 Christi
1583 3348 1633 3382 Cf.
1651 3349 1741 3388 quod
1766 3348 1893 3382 dictum
1914 3348 1951 3382 in

79 3381 172 3428 §a-b.
577 3433 584 3441 ⁸
615 3434 622 3441 ι
1054 3404 1124 3434 cap.
1142 3402 1191 3427 vn
1210 3398 1243 3428 et
1258 3402 1333 3436 vm,
1351 3395 1454 3436 Epist.
1478 3395 1520 3428 ad
1533 3395 1700 3430 Hebraeos.

121 3429 164 3470 ti)
180 3431 227 3463 De
250 3429 315 3464 fide
331 3435 379 3465 cst
392 3435 506 3466 contra
520 3444 706 3468 socmianos
721 3435 891 3471 Christum
903 3448 970 3472 esse
1096 3441 1137 3482 (5)
1153 3441 1193 3475 Id
1208 3444 1268 3482 est,
1285 3453 1398 3481 preces
1410 3469 1418 3484 ,
1432 3443 1516 3478 dona
1538 3447 1570 3477 et
1584 3443 1747 3477 sacrificia
1764 3455 1824 3484 pro
1837 3443 1950 3477 homi-

81 3476 295 3518 sacerdotem,
314 3483 352 3512 ut
375 3483 467 3520 patet
484 3492 521 3514 ex
546 3482 729 3518 Serinturis
743 3488 776 3518 et
792 3496 833 3518 ex
848 3484 969 3518 concil.
1056 3482 1154 3521 uibus
1170 3488 1238 3522 Deo
1253 3488 1412 3524 offerens.

212 3544 267 3574 vi.
1735 3550 1758 3587 7
