2170 3808
787 220 986 272 QoAEs'r.
1016 219 1154 274 xmx
1179 209 1297 264 ΛΒΤ.
1329 219 1378 263 ιι.
1464 190 1466 194 ’
1926 222 2005 262 ιιι

186 299 275 347 Sed
310 304 470 345 contra
503 305 575 344 est
604 299 729 356 quod
768 301 990 344 Dominus
1020 299 1130 344 dicit
1168 301 1428 357 (Joan.x11,
1477 303 1568 357 31),
1598 300 1866 345 imminente
1897 302 2005 356 'pas-

131 362 295 410 sione:
318 366 448 407 Nunc
466 363 676 418 princeps
692 361 825 416 hujus
845 362 1008 405 mundi
1023 361 1229 415 ejicietur
1241 363 1394 416 [ονὰε,·
1415 364 1459 405 et
1478 375 1557 419 eqo
1571 363 1612 405 si
1633 361 1865 404 exaltatus
1875 361 2007 425 suero

127 425 161 471 ὰ
183 428 326 479 terra,
347 425 498 467 omnia
519 422 706 466 traham
724 422 789 465 ad
818 425 1053 479 meipsum.
1083 423 1161 466 Est
1181 420 1337 466 autem
1360 423 1591 468 exaltatus
1609 423 1636 466 a
1653 428 1774 467 terra
1794 433 1876 492 per
1896 432 2006 466 cru-

129 485 199 533 cis
219 484 499 545 passionem.
519 486 639 539 Ergo
663 495 747 540 per
770 495 871 528 eam
891 482 1105 527 diabolus
1129 482 1249 527 esta
1285 487 1513 540 potestate
1534 485 1777 529 hominum
1806 482 2000 541 ejectus.

176 551 468 597 CONCLUSIO.
490 573 537 581 —-·
563 549 667 592 Cum
680 561 751 602 per
770 551 918 592 Christi
939 549 1168 602 passionem
1186 551 1355 590 remissa
1375 551 1530 592 fuerint
1545 551 1664 592 nobis
1677 553 1851 604 peccata,
1867 554 1907 591 et
1927 552 2006 592 Deo

129 610 238 661 patri
253 608 457 650 fuerimus
473 605 721 647 reconciliati
744 609 782 646 et
798 606 1007 646 temerarie
1025 604 1176 646 fuerit
1164 617 1210 646 ιιι
1232 607 1406 647 mortem
1424 606 1575 646 Christi
1593 606 1780 647 diabolus
1798 605 2006 647 maehina·

128 665 210 714 tuS,
228 673 374 706 sumus
389 662 443 703 ab
456 661 574 702 illius
591 662 784 712 potestate
802 672 871 713 per
890 661 1009 701 itiam
1022 660 1196 701 liberati.

184 724 453 784 Respondeo
477 723 724 770 dicendum
746 723 871 780 qued
893 724 1013 768 circa
1035 728 1308 781 potestatem
1326 734 1467 781 quam
1491 723 1733 769 diabolus
1722 736 1771 768 ιιι
1793 724 2005 770 homines

127 788 374 834 exercebat
393 790 502 832 ante
520 785 684 831 Christi
718 786 999 843 passionem,
1032 785 1116 829 tria
1150 790 1262 830 sunt
1294 785 1646 831 consideranda.
1681 785 1885 831 Primum
1900 786 2004 843 qui-

128 847 234 894 dem
257 861 316 893 ex
337 851 468 907 parte
485 847 714 903 bominiS,
739 848 819 904 qui
841 860 928 893 suo
950 852 1143 905 peccato
1158 846 1328 893 meruit
1347 851 1402 893 ut
1429 847 1478 891 in
1511 851 1785 904 potestatem
1807 847 2004 893 tradere-

128 913 205 955 tur
225 909 412 966 diaboli‚
437 921 521 968 per
543 910 681 966 qu‘us
700 909 998 954 tentationem
1015 910 1168 954 fuerat
1187 914 1450 967 superatus.
1474 909 1607 955 Aliud
1626 914 1781 954 autem
1798 920 1857 953 ex
1875 913 2005 965 parte

127 972 224 1029 Dei,
246 983 385 1030 quem
406 972 547 1017 homo
567 971 805 1028 peccando
838 971 1107 1026 offenderat,
1133 971 1213 1029 qui
1233 984 1317 1028 per
1354 983 1488 1017 suam
1521 971 1748 1027 justitiam
1769 968 2005 1016 hominem

126 1033 375 1091 reliquerat
396 1033 614 1092 potestati
638 1032 823 1078 diaboli.
847 1034 1046 1089 Tertium
1071 1037 1144 1078 est
1165 1045 1224 1077 ex
1242 1037 1372 1090 parte
1394 1032 1580 1090 diaboli,
1601 1033 1679 1091 qui
1702 1032 1787 1079 sua
1813 1032 2005 1090 nequis-

127 1093 247 1139 sima
271 1094 511 1140 voluntate
530 1094 767 1140 hominem
800 1094 828 1138 a
849 1094 1179 1140 consecutione
1197 1093 1360 1138 salutis
1383 1093 1677 1151 impediebat.
1699 1119 1756 1127 —-
1773 1094 2004 1148 Quantum

127 1165 239 1212 ergo
261 1156 321 1202 ad
355 1156 583 1214 primum,
607 1157 747 1202 homo
775 1160 849 1202 est
880 1155 909 1200 a
937 1160 1161 1212 potestate
1184 1155 1354 1200 diaboli
1384 1154 1607 1200 liberatus
1637 1169 1720 1214 per
1739 1156 2004 1213 passionem

127 1217 315 1276 Christi,
354 1217 632 1276 inquantum
676 1216 832 1274 passio
871 1216 1034 1262 Christi
1078 1221 1150 1262 est
1190 1228 1334 1261 causa
1368 1216 1656 1262 remissionis
1691 1221 2001 1275 peccatorum.

127 1279 358 1331 Quantum
380 1283 538 1324 autem
559 1277 620 1323 ad
638 1277 895 1323 secundum
915 1277 1164 1324 dicendum
1184 1277 1309 1335 qued
1331 1277 1485 1335 passio
1511 1277 1672 1323 Christi
1696 1290 1784 1324 nos
1803 1277 1832 1322 a
1851 1282 2004 1335 potes·

125 1342 219 1385 tate
251 1340 421 1386 diaboli
450 1339 678 1394 liberavit,
708 1339 983 1397 inquantum
1014 1351 1102 1384 nos
1128 1342 1220 1384 Deo
1245 1339 1575 1395 reconciliavit,
1597 1343 1649 1385 ut
1681 1339 1801 1384 infra
1827 1338 2005 1385 dicetur

125 1401 235 1454 (art.
259 1403 287 1446 4
307 1401 408 1459 huj.
433 1403 560 1459 qu.).
594 1401 829 1454 Quantum
851 1400 962 1446 vero
985 1400 1045 1446 ad
1066 1401 1268 1456 tertium,
1290 1401 1447 1459 passio
1473 1400 1637 1446 Christi
1662 1413 1750 1446 nos
1771 1400 1799 1445 a
1822 1400 2004 1447 diabolo

123 1459 355 1518 liberavit,
375 1461 655 1520 inquantum
678 1462 727 1506 in
756 1462 974 1520 passione
1010 1463 1174 1508 Christi
1200 1463 1400 1508 excessit
1436 1463 1627 1507 modum
1650 1463 1890 1520 potestatis
1917 1462 2004 1508 sibi

123 1522 306 1569 traditae
329 1522 358 1568 ὲ
377 1525 487 1582 Deo,
509 1523 819 1569 machinando
845 1524 893 1569 in
913 1529 1109 1568 mortem
1134 1524 1315 1580 Christi,
1344 1525 1423 1582 qui
1458 1537 1552 1569 non
1571 1524 1769 1569 habebat
1788 1524 2004 1569 meritum

123 1585 286 1631 mortis
335 1585 444 1631 cum
476 1588 603 1631 esset
634 1586 813 1644 absque
849 1591 1054 1658 peccato:
1096 1586 1224 1631 Unde
1256 1587 1544 1659 Augustinus
1580 1585 1691 1631 dicit
1728 1588 1811 1641 (De
1845 1585 2001 1630 Trinit.

123 1645 200 1692 lib
229 1659 320 1707 xm,
354 1658 457 1705 cap.
482 1651 553 1706 14,
584 1645 634 1692 in
664 1648 811 1706 princ.
817 1649 862 1702 ):
891 1647 1119 1693 «lustitia
1151 1647 1316 1693 Christi
1349 1648 1502 1693 victus
1538 1652 1609 1692 est
1636 1647 1871 1702 diabolus·
1896 1646 2008 1704 quia

123 1708 233 1754 cum
264 1710 313 1752 in
339 1721 397 1755 eo
416 1708 531 1755 nihil
562 1714 710 1756 morte
743 1710 937 1773 dignum
969 1710 1216 1769 inveniret,
1250 1710 1416 1756 occidit
1446 1722 1554 1755 eum
1579 1714 1750 1755 tamen.
1771 1711 1825 1755 Et
1843 1709 2004 1767 utique

120 1768 304 1827 iustum
324 1774 398 1818 est
415 1775 470 1817 ut
487 1770 720 1817 debitores
743 1784 863 1829 quos
884 1766 1088 1828 tenebat,
1116 1771 1251 1818 liberi
1274 1771 1614 1830 dimittantur,
1602 1785 1651 1816 ιιι
1679 1783 1787 1817 eum
1808 1771 2003 1817 creden-

123 1835 213 1888 teS,
236 1843 376 1890 quem
395 1833 498 1879 sine
514 1832 612 1878 ullo
633 1833 788 1879 debito
808 1834 975 1879 occidit
998 1837 1118 1890 (1).»

178 1894 245 1939 Ad
261 1897 467 1952 primum
487 1905 600 1951 ergo
631 1895 896 1951 dIcendum,
930 1895 1055 1952 quod
1088 1907 1182 1940 non
1205 1894 1374 1941 dicitur
1393 1894 1462 1939 sic
1483 1893 1728 1940 diabolus·
1715 1907 1765 1939 ιιι
1791 1894 2004 1940 homines

121 1958 398 2013 potestatem
420 1955 656 2014 habuisse,
681 1957 815 2015 quasi
838 1962 997 2015 posset
1022 1956 1091 2002 eis
1123 1969 1310 2014 nocere,
1331 1960 1425 2003 Deo
1458 1969 1553 2000 non
1576 1956 1867 2014 permittente
1878 1972 1896 2013 v3
1921 1956 2004 2002 sed

121 2016 233 2074 quia
245 2015 376 2075 juste
393 2015 747 2075 permittebatur
765 2031 936 2064 nocere
956 2016 1238 2076 hominibuS,
1264 2030 1386 2076 quos
1401 2017 1624 2063 tentando
1642 2017 1703 2062 ad
1720 2029 1857 2062 suum
1888 2029 2006 2062 con-

108 2077 319 2125 'sensum
340 2080 638 2136 perduxerat.

176 2140 244 2186 Ad
269 2142 514 2186 secundum
541 2141 806 2198 dicendum,
834 2142 960 2200 quod
983 2142 1196 2187 diabolus
1214 2142 1355 2188 etiam
1377 2154 1504 2186 nunc
1531 2145 1683 2198 potest
1703 2141 1890 2198 quidem
1912 2143 2002 2187 Deo

121 2201 420 2259 permittente
440 2203 651 2249 homines
674 2208 852 2249 tentare
870 2208 1098 2261 quantum
1117 2204 1177 2250 ad
1195 2203 1415 2259 animam,
1436 2207 1484 2248 et
1504 2214 1674 2248 vexare
1694 2202 1922 2259 quantum
1942 2202 2002 2248 ad

120 2274 317 2321 corpus,
338 2263 422 2308 sed
442 2268 596 2310 tamen
615 2270 924 2323 praeparatum
945 2271 1017 2310 est
1035 2265 1210 2310 homini
1233 2265 1490 2310 remedium
1508 2276 1568 2309 ex
1587 2263 1804 2336 passione
1820 2263 2001 2322 Chr1sti,

121 2335 216 2383 quo
240 2336 292 2371 se
312 2328 465 2383 potest
484 2325 606 2371 tueri
625 2331 788 2372 contra
814 2327 961 2372 hostis
989 2328 1379 2385 impugnationes,
1409 2338 1469 2371 ne
1488 2326 1743 2371 deducatur
1771 2326 1819 2370 in
1842 2325 2003 2371 interi-

121 2389 222 2432 tum
246 2386 417 2432 mortis
437 2390 624 2433 aeternae
645 2389 733 2443 (2ss
757 2391 803 2433 et
825 2388 1110 2446 quicumque
1132 2393 1240 2434 ante
1258 2388 1523 2446 passionem
1543 2388 1708 2434 Christi
1730 2387 1912 2434 diabolo
1931 2400 2003 2434 rc·

120 2445 367 2504 sistebant,
388 2459 474 2506 per
494 2447 634 2494 tidem
656 2449 886 2507 passionis
908 2450 1069 2495 Christi
1102 2451 1190 2496 hoc
1222 2450 1373 2497 facere
1394 2453 1620 2507 poterant,
1653 2448 1761 2494 licet
1782 2449 2002 2506 passione

119 2508 283 2556 Christi
303 2509 512 2556 nondum
527 2513 729 2568 peracta.
745 2513 976 2565 Quantum
991 2518 1146 2558 autem
1161 2513 1219 2558 ad
1239 2512 1430 2570 aliquid,
1451 2511 1611 2557 nullus
1629 2515 1808 2570 poterat
1829 2510 2002 2557 diaboli

119 2581 291 2618 manus
309 2571 522 2626 evadere,
545 2575 600 2617 ut
619 2571 795 2617 scilicet
815 2586 907 2618 non
945 2574 1272 2620 descenderet·
1261 2587 1309 2619 ιιι
1333 2574 1583 2630 infernum,
1607 2573 1636 2618 a
1660 2585 1755 2630 quo
1772 2576 1877 2630 post
1894 2584 2002 2630 pas-

119 2631 301 2679 sionem
324 2632 489 2679 Christi
511 2644 564 2678 se
582 2638 781 2691 possunt
802 2634 1015 2681 homines
1038 2636 1139 2693 ejus
1159 2637 1330 2681 virtute
1344 2635 1477 2680 tueri.

174 2693 243 2740 Ad
263 2696 446 2741 tertium
474 2693 738 2751 dicendum,
767 2697 888 2753 quod
919 2699 1039 2741 Deus
1059 2697 1282 2754 permittit
1304 2696 1487 2741 diabolo
1512 2707 1649 2752 posse
1682 2694 1894 2752 decipere
1913 2695 2002 2740 ho-

120 2754 272 2801 mines
294 2755 346 2801 in
363 2755 502 2802 certis
522 2756 750 2815 personia,
782 2759 1066 2815 temporibus
1088 2763 1134 2803 et
1161 2758 1275 2803 locis
1289 2791 1302 2815 ,
1321 2757 1579 2802 secundum
1607 2756 1839 2801 occultam
1861 2755 2000 2802 ratio·

121 2827 232 2863 nem
251 2815 533 2874 judiciorum
554 2829 744 2863 suorum
759 2833 770 2845 ·
760 2831 980 2877 ,semper
997 2825 1150 2869 tamen
1179 2832 1260 2877 per
1288 2818 1550 2891 passionem
1576 2818 1739 2864 Christi
1769 2821 1840 2864 est
1860 2831 1999 2876 para—

121 2881 224 2924 tum
256 2878 524 2924 hominibus
551 2879 809 2926 remedium
832 2894 882 2927 se
912 2883 1072 2927 tuendi
1108 2887 1268 2927 contra
1292 2881 1521 2938 nequitias
1554 2881 1836 2936 daemonum,
1859 2880 1999 2926 etiam

122 2943 333 2997 tempore
348 2940 630 2987 Antichristi.
654 2942 742 2988 Sed
760 2942 800 2988 si
823 2943 965 3002 aliqui
997 2944 1085 2988 hoc
1115 2943 1320 2988 remedio
1351 2943 1418 2988 uti
1444 2942 1700 2999 negligant,
1726 2942 1792 2987 nil
1820 2941 1999 3000 deperit

123 3000 343 3046 efficaciae
361 3000 591 3058 passionis
611 3002 791 3048 Christi.

165 3125 210 3167 (Ι)
226 3125 271 3160 Le
290 3123 422 3165 demon,
441 3134 471 3158 m
462 3123 562 3158 tBos
527 3135 598 3157 osus
602 3123 700 3166 etius,
725 3130 857 3166 ayauto
859 3129 892 3162 se
908 3131 1017 3162 atten-
1109 3129 1172 3172 qui
1198 3128 1255 3169 sal
1282 3128 1305 3162 ἀ
1329 3127 1407 3162 lui:
1429 3127 1470 3160 in
1495 3137 1533 3160 eo
1552 3137 1628 3161 non
1653 3127 1757 3162 habet
1782 3127 1993 3172 quidquam,

123 3175 179 3209 tet·
197 3169 297 3207 d'une
321 3172 471 3206 mantare
497 3171 639 3206 terrible
664 3178 781 3207 contre
800 3172 830 3207 la
855 3186 1018 3215 personne
1107 3187 1166 3217 par
1183 3176 1214 3208 la
1232 3187 1249 3209 a
1265 3175 1369 3216 perdu
1390 3186 1448 3208 son
1464 3175 1604 3214 empire.

125 3219 174 3255 du
190 3218 260 3254 Fit·
272 3219 314 3254 de
335 3219 431 3260 Dieu.
447 3230 567 3253 encore
583 3220 677 3261 qu'il
694 3220 754 3262 νῦν
771 3222 916 3255 trouvat
933 3224 1018 3257 rien
1140 3223 1185 3263 (2)
1202 3222 1278 3255 liaec
1299 3225 1347 3256 est
1365 3221 1517 3255 doctrina
1534 3221 1669 3256 concilii
1688 3221 1880 3257 Tridentini
1898 3223 1989 3264 (sess.

1112 3274 1134 3300 v
1150 3270 1186 3303 ιιι
1207 3269 1332 3303 decret.
1353 3269 1400 3302 De
1418 3273 1544 3310 peccat.
1562 3269 1646 3310 orig.
1663 3269 1743 3304 circ.
1763 3270 1849 3312 firm).

301 3513 362 3548 n.
1757 3501 1804 3541 14
