2170 3808
678 266 877 317 QUAEST.
907 266 1029 318 xxv,
1054 265 1173 306 ART.
1202 266 1239 306 ι.
1817 260 1894 303 211

25 349 433 411 praedestinationis
462 352 637 404 actim,
653 346 1000 404 praedestinatio
1014 345 1178 390 Christi
1206 357 1300 388 non
1330 347 1401 389 est
1431 354 1571 388 oeusa
1590 343 1762 386 nostrae
1782 350 1902 395 prae-

0 464 1 469 *
26 407 76 460 dt
92 412 340 458 {tinationis
353 445 366 468 ‚
404 410 510 456 cum
541 421 638 454 uno
675 408 907 463 etjeodem
943 412 1050 451 actu
1077 410 1199 451 Deus
1235 403 1630 463 praedestinaverit
1664 402 1819 459 ipsum
1854 403 1903 445 et

0 511 1 514 ,
26 487 76 518 η(
88 487 125 525 s.
147 475 190 519 Si
229 479 381 518 autem
417 469 732 516 consideretur
754 468 1094 526 praedestinatio
1116 465 1375 512 seeundum
1393 466 1645 511 terminum
1669 461 1904 520 praedesti-

26 549 78 581 nt
88 536 248 592 tionis,
285 536 352 580 sic
382 532 725 591 praedestinatio
764 531 928 577 Christi
963 534 1034 576 est
1074 541 1218 574 causa
1250 532 1426 572 nostrae
1462 523 1898 584 praedestinationis.

0 631 1 635 ,
26 598 232 643 Sicenim
242 600 359 642 Deus
379 594 703 652 praeordinavit
717 599 925 638 nostram
940 592 1153 646 salutem,
1171 591 1230 635 ab
1248 594 1422 634 aeterno
1439 587 1831 647 praedestinando‚
1849 589 1901 632 ut

26 671 107 715 per
119 661 271 705 Jesum
286 657 513 703 Christum
527 655 836 713 compleretur
853 655 925 710 (1).
947 653 1040 698 Sub
1055 651 1461 710 praedestinatione
1474 651 1602 695 enim·
1614 654 1788 694 aeterna
1806 659 1901 692 non

25 720 173 766 solum
190 720 311 766 eadit
329 719 377 765 id
398 717 522 776 quod
539 721 611 762 est
639 717 847 762 fiendum
866 716 914 761 in
938 719 1159 772 tempore,
1185 713 1267 759 sed
1289 712 1428 758 etiam
1446 711 1615 757 modus
1637 715 1683 756 et
1698 710 1811 755 ordo
1828 721 1901 755 se-

0 791 1 798 *
23 783 228 828 eundum
243 792 380 840 quem
393 785 464 825 est
484 779 810 837 complendum
828 779 876 823 in
910 783 1128 835 tempore.
1446 777 1461 781 ‘

80 844 146 890 Ad
175 847 372 902 primum
397 853 508 898 ergo
529 846 575 887 et
605 842 849 885 secundam
869 840 1134 895 dicendum,
1157 838 1283 896 quod
1305 836 1509 882 rationes
1530 835 1622 880 illae
1644 833 1905 891 procedunt

25 905 90 952 de·
101 905 497 962 praedestinatione
519 903 778 949 secundum
792 901 1207 960 praedestinationis
1230 904 1400 945 actum.

79 966 147 1012 Ad
177 970 359 1010 tertium
380 965 644 1023 dicendum,
677 964 802 1022 quod
824 965 863 1009 si
885 964 1090 1009 Christus
1122 975 1215 1007 non
1241 961 1409 1006 fuisset
1427 958 1761 1012 incarnandus,
1784 958 1907 1020 Deus

25 1027 379 1085 praeordinasset
405 1028 619 1073 homines
650 1026 817 1071 salvari
847 1039 930 1083 per
953 1026 1089 1070 aliam·
1116 1036 1320 1069 causam.
1340 1022 1428 1067 Sed
1445 1021 1554 1079 quia
1578 1017 1906 1078 praeordinavit

25 1089 385 1134 incarnationem
406 1090 586 1149 Christi,
608 1088 751 1134 simul⁴
765 1100 873 1133 cum
890 1088 981 1132 hoc
996 1086 1321 1144 praeordinavit
1337 1089 1391 1129 ut
1406 1087 1532 1129 esset
1553 1086 1724 1126 nostrae
1742 1078 1909 1124 salutis

25 1162 181 1196 causa.

711 1234 1015 1300 QUAESTIO
1055 1232 1220 1288 XXV.

303 1349 365 1383 m:
394 1331 693 1390 ADQRA'HONE
725 1346 928 1395 CHRISTI,
962 1345 1010 1380 IN
1047 1345 1137 1381 SEX
1168 1344 1428 1380 ARTICULOS
1456 1343 1623 1378 mvlSA.

74 1429 225 1470 Deinde
246 1429 581 1470 considerandum
596 1431 658 1469 est
673 1428 723 1469 de
749 1429 814 1468 his
834 1440 926 1481 quae
942 1429 1146 1479 pertinent
1162 1427 1213 1466 ad
1237 1426 1450 1466 Christum
1467 1424 1512 1464 in
1532 1420 1835 1475 comparatione
1851 1421 1904 1460 ad

30 1495 104 1524 nos
121 1497 133 1524 ε
150 1489 189 1525 et
206 1485 355 1538 primo,
376 1486 426 1526 de
453 1484 685 1525 adoratione
707 1484 871 1533 Christi,
897 1487 979 1536 qua
1001 1483 1156 1523 scilicet
1177 1493 1251 1522 nos
1269 1492 1366 1521 eum
1384 1480 1624 1524 adoramus;
1643 1476 1838 1525 secundo,
1860 1476 1910 1516 de

30 1538 106 1578 hoc
125 1539 232 1591 quod
253 1543 312 1580 est
339 1539 539 1579 mediator
562 1541 698 1578 noster
722 1538 774 1578 ad
796 1540 941 1578 Deum.
966 1538 1080 1578 Circa
1106 1538 1291 1588 primum
1309 1537 1553 1587 quaeruntur
1574 1546 1643 1574 sex
1663 1547 1672 1572 :
1699 1541 1735 1572 1⁰
1760 1532 1906 1572 Utrum
1957 1535 1965 1542 '

30 1595 115 1631 una
135 1597 175 1633 et
198 1592 337 1632 eadem
363 1594 597 1633 adoratione
628 1593 683 1633 sit
713 1593 921 1633 adoranda
956 1592 1157 1632 divinitas
1183 1591 1359 1640 Christi,
1389 1594 1429 1630 et
1464 1590 1552 1641 ejus
1581 1587 1837 1628 humanitas.
1862 1609 1908 1615 —

33 1654 71 1687 2⁰
92 1648 235 1688 Utrum
256 1659 346 1688 earo
368 1648 518 1688 Christi
544 1649 600 1688 sit
620 1648 825 1688 adoranda
855 1647 1088 1688 adoratione
1109 1646 1256 1685 latriae.
1278 1667 1324 1675 —
1349 1650 1388 1685 3⁰
1406 1645 1555 1684 Utrum
1578 1642 1760 1683 adoratio
1781 1642 1914 1681 latriae

33 1701 86 1741 sit
103 1701 328 1742 exhibenda
343 1703 516 1753 imagini
534 1702 698 1743 Christi.
721 1725 770 1732 -
787 1708 826 1742 4⁰
840 1703 987 1743 Utrum
1007 1702 1062 1742 sit
1078 1700 1303 1741 exhibenda
1322 1701 1431 1742 cruci
1451 1699 1618 1740 Christi.
1641 1720 1687 1727 -
1706 1703 1747 1737 5⁰
1761 1697 1905 1737 Utrum

33 1755 88 1795 sit
107 1754 333 1796 exhibenda
353 1757 477 1797 matri
494 1756 596 1809 ejus.
617 1778 666 1786 -
683 1763 722 1796 6⁰
740 1758 796 1798 De
813 1756 1046 1797 adoratione
1064 1755 1334 1808 reliquiarum
1351 1757 1605 1796 sanctorum..

80 1820 422 1863 ARTIGULUS
445 1822 483 1864 1.
507 1843 561 1851 -
585 1832 721 1863 uranu
743 1833 823 1864 mu
839 1833 890 1862 m·
908 1832 1042 1862 aaran
1064 1831 1325 1863 anonumum.
1345 1831 1408 1863 srr
1429 1829 1646 1861 nomam
1667 1825 1872 1858 mvml'rAs

635 1892 798 1924 cnms'ri
813 1893 864 1924 ar
879 1893 972 1924 mus
988 1892 1215 1923 nummus
1229 1881 1306 1933 (2).

40 1947 93 1983 Do
106 1946 161 1983 his
173 1947 277 1983 etiam
288 1947 390 1990 infra,
407 1951 523 1990 quaest.
537 1956 612 1988 ml,
624 1951 691 1984 art.
705 1949 727 1985 '5
740 1960 832 1990 corp.
851 1947 912 1984 fin.
927 1951 962 1983 et
975 1947 1016 1983 ad
1032 1947 1064 1989 1,
1081 1950 1116 1982 et
1129 1947 1222 1982 Sent.
1237 1956 1292 1990 ιιι,
1303 1944 1383 1981 dist.
1396 1947 1434 1988 9,
1447 1948 1561 1987 quaest.
1573 1954 1600 1985 1,
1616 1946 1681 1979 art.
1695 1942 1730 1986 2,
1745 1944 1862 1984 (tumst.
1881 1951 1911 1989 ι,

414 2000 453 2031 et
464 1996 542 2031 dist.
555 1997 610 2038 59,
624 1997 721 2031 art-1!
743 1997 785 2031 ad
802 1998 836 2038 ⁴,
852 2001 886 2031 et
904 1998 951 2032 Da
968 2008 1042 2032 ver.
1067 2000 1186 2037 quaest.
1203 1999 1378 2037 nagan.
1394 1995 1415 2030 4
1434 1994 1476 2029 ad
1489 1994 1522 2028 4.

89 2049 372 2106 Ad'primum
395 2050 462 2094 sic
480 2050 758 2106 proceditur.
781 2054 825 2096 1.
859 2050 1046 2095 Videtur
1063 2048 1187 2106 quod
1206 2061 1297 2093 non
1328 2048 1491 2093 eadem
1509 2047 1775 2092 adoratione
1802 2045 1912 2091 ado-

36 2113 179 2157 randa
197 2111 258 2156 sit
287 2112 552 2156 humanitas
567 2113 732 2157 Christi
750 2117 798 2157 et
814 2112 914 2169 ejus
931 2112 1161 2156 dlvinitas.
1184 2111 1405 2156 Divinitas
1431 2111 1557 2155 enim
1574 2109 1738 2154 Christi
1763 2110 1822 2163 (3)
1842 2112 1913 2152 est

36 2173 270 2220 adoranda
284 2173 546 2218 adoratione
565 2185 670 2230 quae
688 2178 759 2218 est
774 2174 1037 2218 communis
1051 2174 1171 2218 Patri
1196 2179 1242 2217 et
1264 2173 1376 2217 Filio
1395 2189 1408 2217 ι
1426 2171 1551 2216 unde
1569 2171 1738 2216 dicitur
1766 2172 1909 2220 (Joan.

36 2248 81 2291 v,
103 2237 173 2289 23)
193 2249 204 2277 t
229 2237 391 2278 Omnes
403 2235 690 2290 honorificent
706 2236 895 2291 Filium,
919 2238 1034 2279 sicut
1055 2235 1354 2290 honorificant
1370 2238 1570 2278 Patrem.
1590 2232 1678 2277 Sed
1695 2231 1913 2277 humani-

38 2301 110 2340 tas
127 2296 288 2342 Christi
311 2309 399 2341 non
418 2302 488 2341 est
510 2298 768 2342 communis
787 2297 827 2341 ei
846 2301 891 2341 et
919 2297 1055 2341 Patri.
1077 2299 1196 2353 Ergo
1214 2309 1307 2340 non
1330 2295 1493 2340 eadem
1514 2294 1781 2339 adoratione
1800 2294 1909 2339 ado-

38 2357 182 2403 randa
203 2361 274 2402 est
290 2357 551 2403 humanitas
567 2359 729 2403 Christi
752 2362 798 2403 et
818 2359 920 2415 eJus
943 2358 1176 2404 divinitas.

91 2420 134 2464 2.
162 2420 397 2475 Praeterea,
433 2419 580 2464 honor
609 2424 680 2465 est
706 2420 888 2477 proprie
920 2421 1160 2478 praemium
1188 2420 1388 2477 virtutis,
1415 2418 1786 2477 utPhilosophus
1804 2422 1917 2469 dicit

41 2480 196 2535 (Ethic.
208 2480 291 2524 lib.
309 2494 367 2538 ιν,
385 2494 483 2537 cap.
501 2484 544 2537 3,
561 2482 667 2526 cIrc.
687 2482 844 2537 med).
863 2485 1058 2526 Meretur
1072 2486 1226 2527 autem
1248 2482 1395 2526 virtus
1413 2493 1552 2526 suum
1568 2483 1812 2538 praemium
1830 2496 1913 2540 per

39 2546 209 2586 actum.
227 2543 338 2586 cum
353 2542 490 2598 igitur
504 2542 552 2586 in
567 2544 742 2587 Christo
756 2543 817 2587 sit
838 2542 929 2586 alia
950 2543 1156 2599 operatio
1173 2543 1342 2588 divinae
1353 2547 1399 2588 et
1414 2542 1632 2587 humanae
1651 2548 1845 2598 naturae,
1861 2548 1913 2589 ut

41 2614 178 2659 supra
201 2602 407 2647 habitum
428 2608 499 2648 est
531 2607 710 2661 (quaest.
739 2618 827 2660 xm,
850 2608 936 2649 art.
961 2608 1020 2661 1),
1040 2604 1222 2649 videtur
1245 2605 1367 2662 quod
1388 2604 1482 2648 alio
1493 2604 1670 2650 honore
1690 2606 1750 2650 sit
1770 2619 1911 2652 vene-

42 2663 184 2709 randa
205 2664 466 2709 humanitas
487 2665 667 2722 Christi,
687 2671 733 2711 et
754 2665 844 2710 alio
868 2666 970 2722 eJ'us
991 2666 1222 2712 divinitae.

96 2727 139 2769 3.
167 2727 400 2781 Praeterea,
425 2727 578 2771 anima
597 2727 776 2785 Christi,
799 2729 838 2772 si
871 2740 964 2772 non
998 2733 1122 2773 esset
1144 2728 1289 2773 Verbo
1317 2727 1465 2785 unita,
1499 2732 1624 2773 esset
1651 2730 1916 2774 veneranda

45 2791 227 2857 propter
247 2789 560 2835 excellentiam
581 2790 817 2848 sapientiae
838 2796 884 2836 et
900 2792 1059 2848 grati-ae
1087 2804 1226 2849 quam
1244 2791 1402 2836 habet.
1426 2791 1512 2836 Sed
1541 2791 1654 2835 nihil
1679 2792 1915 2848 dignitatis

46 2852 116 2892 est
132 2859 174 2919 el
208 2849 490 2896 subtractum
516 2864 598 2909 per
616 2851 705 2897 hoc
726 2852 851 2910 quod
868 2859 941 2898 est
960 2854 1093 2898 unita
1113 2853 1274 2897 Verbo.
1310 2856 1431 2909 Ergo
1456 2856 1622 2896 natura
1639 2852 1844 2898 humana
1865 2854 1914 2898 in

45 2909 220 2954 Christo
242 2915 313 2954 est
346 2911 547 2967 quadam
579 2913 767 2971 propria
795 2913 1060 2959 adoratione
1078 2914 1362 2971 veneranda,
1385 2918 1552 2970 praeter
1572 2915 1913 2960 venerationem

47 2981 152 3027 quae
177 2969 419 3016 exhibetur
446 2972 668 3018 divinitati
689 2974 850 3032 ipsius.

100 3031 187 3075 Sed
211 3034 372 3088 contra
391 3037 460 3078 est
478 3034 604 3090 quod
618 3034 667 3079 in
688 3036 901 3092 capitulis
919 3037 1095 3095 quintae
1112 3036 1279 3095 synodi
1297 3035 1487 3090 (scilicet
1503 3037 1740 3080 Constant.
1772 3051 1818 3093 n,
1838 3050 1915 3093 ge-

47 3103 144 3138 ner.
167 3095 209 3148 5„
229 3093 381 3139 collat.
397 3098 440 3153 8,
456 3107 561 3140 can.
576 3097 618 3151 9)
631 3097 702 3141 sic
711 3097 879 3154 legitur
899 3114 911 3144 ε
933 3099 1009 3143 «Si
1030 3099 1135 3156 quis
1150 3099 1199 3143 in
1218 3097 1400 3143 duabus
1413 3098 1593 3143 naturis
1612 3098 1793 3143 adorari
1807 3099 1915 3144 dicit

85 3202 129 3257 (f)
150 3202 246 3245 Quod
265 3207 357 3258 patet
381 3216 419 3240 ex
442 3205 724 3248 frequentissimis
749 3208 934 3249 Scripturae
1020 3209 1097 3243 dam
1116 3220 1128 3243 :
1142 3209 1188 3242 In
1212 3209 1360 3244 nomine
1378 3208 1469 3243 Jesw
1488 3218 1592 3243 omne
1616 3219 1711 3253 qenu
1742 3210 1915 3253 flectatur

46 3249 127 3284 loeis
139 3255 174 3284 et
188 3250 539 3288 concrho'l'ridentino
555 3255 642 3296 (sess.
658 3263 707 3297 vl,
724 3266 798 3296 cap.
810 3255 843 3295 2,
854 3257 888 3298 5,
901 3257 934 3296 6,
1020 3255 1123 3296 (Phil.
1143 3257 1195 3298 ιι).

46 3297 79 3337 7,
100 3297 152 3337 Η,
170 3298 222 3339 Μ,
239 3298 292 3337 46,
310 3302 379 3335 ete.
1062 3304 1104 3343 (5)
1127 3303 1180 3338 lta
1206 3306 1281 3344 post
1301 3303 1489 3344 Theologos
1515 3303 1601 3338 editi
1626 3315 1754 3339 omnes.
1778 3303 1853 3339 Mss.
1885 3306 1917 3336 et

85 3343 126 3382 (2)
147 3344 195 3380 De
219 3345 285 3380 fide
305 3351 354 3382 est
376 3351 492 3384 contra
519 3349 711 3384 Nestorium
734 3354 770 3384 et
790 3350 941 3385 Felicem
1022 3351 1105 3386 editi
1114 3355 1252 3390 veteres,
1264 3355 1315 3385 est
1328 3351 1523 3387 adoranda
1539 3352 1628 3394 quia
1640 3350 1915 3386 estcommunis.

48 3389 273 3446 lli-galitanum
295 3394 504 3431 divinitatem
527 3397 652 3432 Christi
676 3402 710 3433 et
734 3402 805 3438 ejus
820 3399 938 3433 huma·
1024 3398 1166 3441 Gai-cia,
1198 3403 1249 3433 est
1288 3399 1485 3434 adoranda
1517 3400 1642 3434 eadem
1673 3399 1917 3436 adoratione,

47 3443 187 3475 nitatem
220 3441 336 3476 eedem
363 3443 554 3479 adoratione
577 3444 684 3480 latria
709 3457 777 3480 esse
799 3446 939 3482 adoran-
1025 3448 1112 3490 quia
1141 3450 1213 3488 est;
1240 3446 1415 3481 Mudalena
1439 3447 1517 3483 Mss.
1543 3446 1761 3481 retinendum
1783 3447 1915 3483 censet.

1026 3495 1158 3529 tantum
1175 3499 1315 3538 mutato,
1330 3496 1419 3540 quia
1439 3495 1474 3530 in
1491 3505 1577 3539 qua,
1592 3494 1628 3528 id
1644 3498 1704 3535 est,
1721 3493 1911 3538 quatenus.
