2170 3808
89 187 173 230 452
659 185 856 237 QUAEST.
887 186 995 237 LIII,
1025 186 1142 227 ART.
1173 186 1210 227 11
1236 186 1302 229 ΕΤ
1330 187 1399 231 111.

93 267 172 323 qui
194 267 397 312 continet
430 265 631 323 spatium
652 265 816 322 viginti
846 269 1045 323 quatuor
1079 267 1321 321 horarum;
1342 272 1389 312 et
1412 269 1529 313 sicut
1558 268 1669 314 dicit
1689 266 1974 323 Augustinus

95 331 170 383 [De
195 329 351 373 Trinit.
380 327 460 371 lib.
487 340 544 382 ιν,
570 339 670 383 cap.
693 330 736 386 6,
758 332 866 372 ante
889 328 1049 385 med.),
1074 346 1094 366 «
1112 340 1208 371 nox
1234 340 1384 385 usque
1405 330 1464 374 ad
1485 326 1758 385 diluculum,
1777 340 1870 386 quo
1890 332 1977 372 Do-

96 390 206 434 mini
231 388 508 435 resurrectio
528 388 760 434 declarata
785 394 872 447 est,
902 391 961 435 ad
989 390 1180 435 tertium
1208 391 1407 447 pertinet
1428 392 1578 449 diem,
1599 392 1709 449 quia
1728 394 1864 448 DeuS,
1896 390 1977 447 qui

96 452 208 497 dixit
230 452 287 497 de
308 451 510 496 tenebris
527 451 678 497 lucem
697 452 968 510 clarescere,
981 458 1035 498 ut
1050 466 1132 510 per
1150 453 1346 509 gratiam
1368 455 1476 498 novi
1491 454 1783 508 Testamenti,
1810 458 1855 498 et
1872 464 1978 508 par-

96 512 406 569 ticipationem
428 513 783 559 resurrectionis
805 514 968 560 Christi
984 516 1254 560 audiremus
1275 527 1289 559 z
1312 518 1485 559 Fuistis
1499 516 1748 571 aliquando
1773 514 1977 569 tenebrae,

96 587 211 617 nunc
224 578 379 618 autem
398 573 482 618 lux
494 577 543 618 in
558 579 764 632 Domino,
789 576 997 621 insinuat
1016 577 1151 621 nobis
1173 575 1514 633 quodammodo
1535 577 1657 634 quod
1681 577 1709 620 a
1727 581 1863 620 nocte
1881 575 1980 619 dies

95 640 250 680 sumat
269 636 475 693 initium,
502 637 622 683 sicut
640 638 764 683 enim
786 638 923 694 primi
955 639 1054 683 dies
1078 644 1265 696 propter
1298 638 1507 683 futurum
1525 634 1725 683 hominis
1747 637 1930 693 lapsum
1952 635 1983 679 a

96 695 199 742 luce
227 697 277 741 in
298 704 449 756 nocte,
471 699 536 743 ita
566 699 642 744 isti
676 704 864 756 propter
885 700 1088 744 hominis
1108 699 1448 756 reparationem
1477 700 1505 744 a
1525 699 1730 746 tenebris
1750 699 1810 743 ad
1829 698 1982 742 lucem

96 765 439 817 computantur.
459 779 480 800 ι»
502 763 556 805 Et
573 761 637 805 ita
652 766 778 817 patet
799 760 924 818 quod
945 763 1122 807 etiamsi
1136 762 1290 807 media
1308 766 1442 807 nocte
1463 763 1807 815 resurrexisset,
1824 763 1984 817 posset

96 819 187 870 dici
209 833 319 867 eum
353 822 427 866 die
448 821 582 866 tertia
616 822 891 880 surrexisse,
916 822 1220 879 intelligendo
1242 823 1301 867 de
1336 823 1410 868 die
1446 823 1659 868 naturali.
1678 825 1810 867 Nunc
1826 825 1982 865 autem
2056 832 2061 835 ·

97 883 207 932 cum
241 884 449 930 diluculo
486 884 756 942 surrexerit,
776 889 929 941 potest
952 885 1042 930 dici
1074 885 1199 943 quod
1222 884 1357 930 tertia
1380 884 1454 930 die
1481 885 1696 941 surrexit,
1714 885 1852 929 etiam
1870 881 1984 927 acci-

96 945 266 1004 piendo
287 946 409 991 diem
429 945 730 1002 artificialem,
753 959 859 1003 quae
886 952 1106 992 causatur
1137 959 1197 992 ex
1226 947 1475 1004 praesentia
1511 947 1637 1003 solis,
1658 947 1768 1004 qula
1793 947 1892 1003 jam
1914 945 1984 990 sol

95 1006 346 1066 incipiebat
379 1019 534 1052 aerem
566 1007 814 1054 illustrare.
849 1009 976 1054 Unde
1015 1014 1060 1054 et
1081 1008 1230 1064 (Marci
1251 1009 1337 1053 ult.
1357 1011 1400 1064 Ξ)
1423 1008 1589 1054 dicitur
1617 1009 1740 1065 quod
1773 1008 1984 1051 mulieres

98 1071 392 1114 veneruntad
407 1073 762 1128 monumentum,
776 1075 875 1115 orto
885 1074 989 1126 jam
1013 1071 1129 1128 sole;
1149 1071 1275 1129 quod
1294 1083 1387 1116 non
1412 1075 1483 1115 est
1502 1071 1783 1115 contrarium
1804 1069 1844 1113 ei
1860 1067 1984 1125 quod

97 1136 296 1180 Ioannes
314 1134 452 1179 dicit:
475 1137 590 1179 Ciam
612 1136 765 1180 adhue
786 1137 976 1180 tenebrae
991 1140 1150 1193 essent,
1166 1135 1513 1192 utAugustinus
1531 1134 1641 1180 dicit
1659 1137 1737 1189 (De
1753 1145 1986 1178 consensu

97 1197 374 1254 Evangelist.
398 1197 478 1242 lib.
503 1212 563 1255 111,
587 1210 689 1255 cap.
710 1202 782 1255 24,
802 1198 924 1243 inter
942 1200 1087 1256 princ.
1111 1203 1157 1244 et
1176 1199 1335 1255 med.),
1367 1216 1386 1236 α
1411 1197 1520 1255 quia
1541 1198 1615 1243 die
1648 1201 1885 1253 surgente,
1913 1206 1987 1239 re-

97 1257 252 1315 liquiae
274 1257 572 1303 tenebrarum
604 1259 733 1304 tanto
765 1260 916 1317 magis
935 1265 1264 1317 extenuantur,
1288 1260 1463 1318 quanto
1486 1259 1636 1315 magis
1659 1259 1805 1303 oritur
1838 1258 1936 1302 lux.
1962 1274 1984 1294 »

100 1321 230 1373 Quod
249 1325 404 1365 autem
423 1320 534 1366 dicit
553 1324 730 1367 Marcus
754 1335 766 1366 ι
792 1325 903 1367 Orto
922 1325 1029 1378 jam
1062 1323 1171 1381 sole,
1193 1335 1289 1367 non
1321 1322 1389 1367 sic
1409 1321 1731 1377 accipiendum
1766 1325 1855 1379 est,
1883 1327 1987 1363 tan—

99 1382 240 1438 quam
258 1381 356 1438 J‘am
382 1381 451 1426 sol
473 1382 574 1438 ipse
593 1382 828 1428 videretur
852 1395 993 1440 super
1022 1387 1209 1442 terram,
1234 1383 1318 1428 sed
1346 1381 1566 1440 tanquam
1593 1383 1651 1427 de
1678 1382 1889 1439 proximo
1912 1380 1987 1425 ad-

100 1442 315 1487 veniente
339 1443 386 1486 in
409 1443 495 1486 has
513 1447 686 1498 partes.

320 1507 664 1550 ARTICULUS
690 1508 773 1550 111.
806 1530 860 1538 —
889 1520 1028 1550 uranu
1058 1489 1254 1550 cnius'rus
1282 1519 1408 1550 nmmo
1434 1518 1764 1549 uusuunexrzmr.

101 1573 151 1607 De
169 1571 223 1608 hia
237 1573 340 1608 etiam
353 1573 449 1607 Sent.
462 1581 512 1616 lv,
531 1572 611 1609 dist.
623 1574 667 1609 42
679 1601 689 1618 ,
703 1579 771 1610 nrt.
781 1576 815 1617 5,
831 1580 947 1616 quaest.
966 1585 978 1609 1
993 1574 1036 1609 ad
1051 1576 1084 1614 5,
1101 1579 1135 1610 et
1146 1576 1269 1616 opusc.
1282 1583 1323 1616 11,
1341 1587 1415 1617 cap.
1427 1573 1493 1609 226
1506 1579 1541 1609 et
1552 1574 1629 1616 257,
1642 1577 1678 1608 et
1693 1573 1723 1609 1.
1739 1574 1816 1609 Cor.
1829 1580 1866 1615 v,
1875 1571 1955 1608 lect.
1967 1573 1991 1608 5

758 1624 794 1657 in
814 1623 927 1664 princ.
944 1626 978 1657 et
999 1622 1040 1658 ad
1068 1622 1140 1658 Col.
1158 1632 1184 1667 1,
1200 1622 1278 1658 lect.
1296 1624 1331 1658 5.

155 1675 222 1720 Ad
244 1676 432 1720 tertium
454 1675 522 1721 sic
552 1677 832 1733 proceditur.
857 1681 902 1722 1.
925 1677 1114 1722 Videtur
1145 1677 1270 1734 quod
1299 1677 1506 1722 Christus
1540 1689 1635 1721 non
1660 1674 1811 1732 primo
1842 1687 1991 1720 resur-

101 1737 300 1793 rexerit3
323 1749 433 1781 nam
455 1737 504 1781 in
525 1738 669 1782 veteri
692 1741 982 1783 Testamento
1001 1751 1082 1796 per
1100 1739 1243 1783 Eliam
1266 1743 1312 1783 et
1329 1739 1546 1783 Elisaeum
1568 1738 1710 1794 aliqui
1731 1735 1990 1783 resuscitati

101 1799 338 1855 leguntur,
372 1799 628 1845 secundum
649 1800 765 1846 illud
784 1801 935 1855 (Hebr.
960 1815 1017 1856 xi,
1036 1803 1136 1856 35st
1163 1804 1445 1856 Acceperunt
1460 1801 1668 1844 mulieres
1686 1799 1742 1843 de
1759 1811 1992 1843 resurrec-

103 1864 221 1906 tione
264 1866 461 1905 mortuos
483 1875 610 1916 suos‚·
635 1863 847 1907 similiter
865 1867 912 1908 et
939 1862 1144 1907 Christus
1177 1867 1285 1907 ante
1306 1863 1572 1919 passionem
1608 1873 1743 1906 suam
1760 1864 1855 1906 tres
1875 1872 1993 1905 mor-

104 1929 209 1968 tuos
230 1924 484 1968 suscitavit.
511 1927 609 1969 Non
633 1937 744 1982 ergo
767 1925 972 1971 Christus
991 1925 1078 1969 fuit
1096 1925 1275 1982 primus
1297 1925 1661 1981 resurgentium.

159 1988 201 2030 Ξ.
233 1988 457 2031 Praeterea
499 1988 666 2041 (Matth.
705 2002 835 2043 xxvn,
870 1988 941 2043 52)
954 2021 966 2039 ,
1006 1987 1127 2032 inter
1163 1988 1252 2032 alia
1289 1987 1514 2031 miracula
1553 1999 1659 2043 quae
1697 1985 1746 2030 in
1777 1984 1995 2042 passione

104 2049 268 2094 Christi
299 2049 581 2107 acciderunt,
605 2057 821 2096 narratur
843 2050 967 2108 quod
991 2054 1276 2094 monumenta
1307 2053 1471 2106 aperta
1487 2053 1605 2105 sunt,
1631 2052 1672 2092 et
1708 2049 1854 2092 multa
1890 2060 1994 2092 cor-

102 2125 220 2168 pora
243 2117 520 2170 sanctorum,
539 2115 617 2168 qui
644 2114 944 2170 dormierant,
965 2117 1282 2166 surrexerunt.
1304 2115 1403 2157 Non
1423 2125 1535 2169 ergo
1553 2111 1759 2156 Christus
1786 2109 1873 2154 fuit
1896 2109 1994 2167 pri-

104 2185 212 2218 mus
234 2174 596 2229 resurgentium.

161 2237 203 2279 3.
231 2237 469 2291 Praeterea,
487 2236 609 2280 sicut
623 2235 830 2281 Christus
845 2249 928 2294 per
942 2249 1078 2282 suam
1093 2236 1482 2282 resurrectionem
1498 2238 1568 2279 est
1579 2246 1722 2279 causa
1735 2237 1905 2277 nostrae
1923 2245 1995 2278 re-

106 2296 426 2355 surrectionis,
447 2297 512 2341 ita
524 2309 607 2353 per
627 2310 759 2342 suam
775 2299 970 2355 gratiam
986 2303 1057 2343 est
1076 2311 1219 2343 causa
1239 2302 1412 2342 nostrae
1423 2296 1599 2353 gratiae,
1613 2295 1872 2341 secundum
1884 2293 1995 2339 illud

107 2360 252 2412 (Joan.
276 2371 307 2415 1,
333 2360 401 2414 16)
426 2373 437 2400 ε
459 2363 524 2402 De
543 2359 821 2416 plenitudine
842 2363 938 2417 ejus
964 2374 1043 2404 nos
1063 2374 1214 2404 omnes
1233 2362 1504 2416 accepimus.
1532 2357 1618 2403 Sed
1637 2357 1713 2402 alii
1733 2357 1862 2413 prius
1881 2361 1996 2401 tem-

106 2432 218 2477 pore
242 2421 437 2477 gratiam
459 2420 723 2466 habuerunt
746 2422 885 2479 quam
905 2423 1127 2475 Christus,
1152 2422 1273 2466 sicut
1287 2433 1451 2465 omnes
1473 2421 1628 2476 patres
1645 2419 1817 2464 veteris
1839 2421 1996 2463 Testa-

107 2482 268 2527 menti.
290 2485 410 2538 Ergo
430 2482 570 2526 etiam
590 2483 732 2541 aliqui
751 2485 882 2540 prius
901 2484 963 2529 ad
974 2483 1363 2528 resurrectionem
1383 2481 1668 2538 corporalem
1684 2484 1998 2537 pervenerunt

108 2545 249 2602 quam
271 2545 492 2589 Chr1stus.

165 2606 251 2651 Sed
269 2611 432 2650 contra
453 2610 525 2651 est
541 2606 668 2663 quod
684 2607 852 2653 dicitur
877 2610 928 2663 (Ι.
957 2610 1057 2652 Cor.
1078 2620 1149 2664 xv,
1180 2608 1251 2661 20)
1274 2620 1287 2651 ε
1313 2607 1525 2649 Christus
1554 2605 1855 2648 resurrexit&
1876 2618 1999 2648 mor-

110 2671 216 2725 tuis,
252 2671 469 2724 primitiae
499 2670 821 2714 dormientium
841 2671 923 2725 (ng
962 2669 1121 2714 Glossa
1137 2667 1290 2713 interl.
1323 2685 1344 2705 «
1366 2667 1476 2724 quia
1493 2666 1622 2723 prius
1643 2671 1850 2723 tempore
1868 2671 1915 2711 et
1930 2666 1999 2711 di-

110 2730 287 2786 gnitate
304 2728 518 2774 surrexit.
543 2748 563 2768 »
954 2740 956 2743 ·

158 2797 449 2838 CONCLUSIO.
465 2819 514 2826 —
536 2797 721 2837 Christus
735 2798 907 2848 perfecta
926 2797 1215 2839 resurrectione
1229 2798 1421 2837 omnium
1438 2795 1600 2848 primus
1614 2796 1834 2837 resurrexit
1850 2795 1876 2836 a
1895 2806 2001 2835 mor·

113 2852 209 2902 tuis,
233 2853 328 2893 cum
345 2864 427 2892 non
451 2852 646 2904 amplius,
667 2855 715 2892 ut
728 2855 878 2903 caeteri,
893 2857 1082 2894 mortuus
1094 2852 1368 2894 resurrexerit.

167 2914 440 2971 Respondeo
469 2913 718 2959 dicendum
747 2916 872 2972 quod
905 2915 1181 2961 resurrectio
1201 2920 1272 2960 est
1292 2914 1521 2972 reparatio
1540 2915 1569 2959 a
1589 2918 1737 2959 morte
1762 2913 1809 2958 in
1840 2913 2002 2959 vitam.

111 2977 360 3033 Dupliciter
380 2981 534 3021 autem
557 2977 723 3034 aliquis
746 2979 939 3035 eripitur
968 2978 995 3022 a
1024 2984 1205 3023 morte:
1240 2990 1335 3022 uno
1367 2978 1505 3023 modo
1541 2978 1692 3022 solum
1721 2977 1748 3020 a
1783 2980 1929 3021 morte
1950 2976 1999 3021 in

113 3043 236 3096 actu,
255 3044 308 3083 ut
327 3039 502 3084 scilicet
519 3040 686 3097 aliquis
708 3041 865 3086 vivere
881 3042 1070 3098 incipiat
1089 3041 1504 3098 qualitercumque,
1529 3038 1775 3097 postquam
1790 3043 2002 3085 mortuus

113 3102 285 3156 fuerat,
316 3101 403 3145 alio
437 3102 574 3147 modo
610 3107 664 3147 ut
698 3103 868 3160 aliquis
897 3104 1119 3148 liberetur
1150 3116 1243 3147 non
1271 3103 1420 3148 solum
1455 3103 1484 3146 a
1516 3107 1681 3159 morte,
1703 3102 1786 3146 sed
1814 3102 1955 3146 etiam
1975 3101 2001 3144 a

114 3163 407 3217 necessitate,
428 3169 489 3222 et,
510 3165 633 3220 quod
651 3165 756 3220 plus
779 3171 866 3221 est,
890 3166 917 3209 a
935 3166 1238 3222 possibilitate
1262 3164 1512 3219 moriendi.
1532 3166 1584 3208 Et
1603 3164 1702 3207 haec
1721 3168 1792 3207 est
1822 3175 1934 3208 vera
1955 3167 2003 3207 et

113 3225 316 3282 perfecta
334 3226 626 3284 resurrectio,
652 3228 761 3283 quia
780 3228 1002 3283 quamdiu
1037 3228 1204 3285 aliquis
1229 3227 1343 3272 vivit
1362 3226 1600 3283 subJectus
1620 3225 1886 3270 necessitati
1901 3237 2002 3270 mo-

155 3335 199 3376 (1)
217 3335 349 3369 Dicitur
359 3346 492 3376 quoque
507 3335 640 3373 (Coloss.
659 3340 682 3374 1)
703 3338 810 3380 :lpse
830 3340 885 3372 est
903 3340 1015 3382 caput
1094 3339 1297 3378 primatum
1322 3341 1461 3372 tenens.
1486 3336 1528 3370 Et
1546 3336 1633 3378 (Act.
1661 3336 1785 3377 xxxin:
1815 3335 1859 3370 Si
1879 3343 2002 3379 pasu-

115 3385 285 3427 corporis
305 3384 478 3418 Ecclesioe
507 3384 572 3427 qui
596 3388 647 3418 est
669 3386 912 3429 principium,
940 3387 1016 3429 pri·
1094 3386 1181 3420 bilis
1215 3385 1395 3426 Christus,
1423 3386 1456 3419 si
1482 3385 1628 3429 primus
1654 3395 1701 3419 ex
1725 3383 1996 3419 resurrectione

116 3434 315 3475 moqem'tus
332 3442 378 3467 ex
393 3433 560 3473 mortuis,
576 3435 616 3466 ut
630 3433 678 3467 sit
698 3434 737 3466 in
752 3434 920 3468 omnibus
939 3435 1017 3476 ipse
1095 3437 1338 3469 mortuorum.

2132 2709 2170 2758 ..2¹⁴
2126 2326 2170 2696 {5333353‘3‘5'f5-‘5—-3-12'*ag„
2134 2257 2159 2314 ⁵³:2³
2156 2212 2170 2229 a.
2148 2151 2150 2154 ·
2138 2120 2168 2139 ’ἦ
2162 2102 2164 2108 .
2150 2081 2157 2087 ῖ
2166 1989 2170 2014 ,,,
2150 1930 2170 1967 “fn
2138 1879 2162 1915 5]-
2144 1803 2170 1870 <inst—t:
