2170 3808
782 242 976 294 QUAEST.
1008 242 1102 294 vll,
1130 242 1249 284 ART.
1279 240 1331 284 ΙΙ.
1942 244 1997 286 69

118 327 274 373 omnia
289 324 413 372 recte
431 323 679 380 agendum,
703 323 961 367 secundum
982 322 1097 366 illud
1113 323 1178 376 (ΙΙ.
1202 321 1400 366 Corinth.
1426 334 1498 374 x11,
1515 322 1557 376 9)
1577 336 1586 364 :
1606 323 1776 377 Sufficit
1796 322 1873 366 tibi
1890 336 1997 378 qra-

120 393 186 434 tia
200 403 315 433 mea.
339 390 455 443 Ergo
477 386 524 430 in
545 385 721 429 Christo
736 397 830 429 non
846 384 1035 428 fuerunt
1050 383 1260 427 virtutes.

178 455 221 496 2.
243 454 482 505 Praeterea,
504 448 760 492 secundum
782 446 1107 502 Philosophum
1131 444 1288 498 (Ethic.
1314 443 1394 488 lib.
1415 457 1488 500 vn,
1513 457 1614 501 cap.
1640 447 1699 502 1),
1719 446 1868 490 virtus
1882 445 1998 490 divi-

119 512 242 558 ditur
252 516 410 557 contra
424 509 669 566 quemdam
686 509 936 563 heroicum,
952 506 1049 551 sive
1069 506 1278 552 divinum
1292 505 1516 564 habitum,
1535 507 1614 563 qui
1633 507 1896 552 attribuitur
1912 507 1998 553 ho-

119 573 322 620 minibus
342 571 515 618 divinis·
531 573 605 626 (1).
625 571 704 615 Hic
721 576 874 615 autem
890 568 1090 614 maxime
1103 567 1320 612 convenit
1334 567 1525 613 Christo.
1546 571 1662 626 Ergo
1681 570 1885 615 Christus
1903 582 1995 616 non

120 637 282 684 habuit
296 635 503 690 virtutes,
522 634 603 679 sed
623 634 796 691 aliquid
812 633 948 678 altius
969 633 1153 676 virtute.
1191 632 1195 640 “
1976 646 1979 649 s

172 702 214 743 3.
240 700 479 748 Praeterea,
503 694 623 739 sicut
653 696 701 739 in
728 694 932 740 secunda
955 699 1084 750 parte
1112 693 1286 737 dictum
1312 695 1383 735 est
1401 693 1438 745 (1
1474 695 1516 748 2,
1541 698 1705 749 quaest.
1735 708 1831 750 va,
1857 699 1945 740 art.
1970 698 1992 741 1

117 764 164 805 et
180 761 239 815 2),
259 758 455 804 virtutes
477 769 639 801 omnes
661 757 799 801 simul
818 756 1065 800 habentur.
1087 756 1173 800 Sed
1191 753 1366 799 Christo
1386 766 1480 798 non
1498 754 1586 799 fuit
1609 757 1891 801 conveniens
1913 758 1996 801 ha·-

120 823 225 866 dere
243 832 405 866 omnes
421 819 543 863 virtu
551 824 632 874 tes3
654 819 774 863 sicut
788 822 913 876 patet
926 818 984 862 de
1004 817 1272 862 liberalitate
1286 821 1332 860 et
1345 816 1689 872 magnificentia
1708 829 1811 873 quae
1825 818 1994 865 habent

121 887 271 928 actum
308 893 446 927 suum
480 882 601 924 circa
638 880 836 936 divitias,
875 891 992 936 quas
1025 879 1230 923 Christus
1262 877 1555 934 contempsit,
1589 879 1846 923 secundum
1884 880 1996 925 illud

132 945 281 989 Matth.
306 957 397 999 vm,
423 943 522 998 20):
546 942 687 985 Filius
706 943 898 985 hominis
919 954 1009 983 non
1026 941 1160 983 habet
1176 940 1253 982 ubi
1266 942 1405 995 caput
1426 953 1555 983 suum
1573 940 1787 984 reclinet:
1816 945 1996 997 tempe-

114 992 262 1050 rantia
273 1004 410 1050 etiam
421 1010 466 1049 et
480 1002 762 1048 continentia
774 1015 827 1046 su
834 1006 885 1045 nt
899 1001 1019 1046 circa
1033 1000 1433 1056 concupIscentias
1442 1013 1624 1057 pravas,
1640 1013 1744 1058 quae
1761 999 1809 1044 in
1821 1001 1997 1048 Christo

114 1078 207 1111 non
230 1066 432 1111 fuerunt.
454 1068 570 1122 Ergo
587 1064 792 1109 Christus
814 1075 906 1107 non
925 1062 1086 1106 habuit
1102 1062 1311 1106 virtutes.

166 1127 256 1173 Sed
287 1132 448 1171 contra
478 1133 549 1172 est
568 1126 693 1184 quod
721 1137 861 1181 super
888 1124 1002 1168 illud
1027 1125 1159 1178 (Psal.
1190 1127 1244 1178 1):
1270 1125 1361 1167 Sed
1388 1127 1433 1167 in
1464 1124 1560 1180 leqe
1584 1127 1763 1173 Domini
1783 1126 1998 1178 voluntas

113 1190 222 1245 effus,
247 1190 358 1234 dicit
380 1189 535 1235 Glossa
557 1185 721 1243 (ordin.
747 1186 989 1241 Cassiod.):
1015 1204 1034 1224 «
1058 1186 1138 1230 Hic
1159 1186 1418 1230 ostenditur
1446 1186 1652 1230 Christus
1670 1186 1840 1243 plenus
1869 1185 1997 1231 omni

113 1245 252 1291 bono.
272 1267 292 1286 υ
315 1248 399 1293 Sed
414 1248 536 1293 bona
549 1246 746 1304 qualitas
760 1247 930 1293 mentis
943 1253 1014 1293 est
1027 1249 1192 1292 virtus,
1213 1251 1332 1303 Ergo
1352 1248 1559 1292 Christus
1576 1248 1664 1293 fuit
1680 1248 1849 1305 plenus
1867 1250 1996 1297 omni

112 1308 297 1352 virtute.

164 1375 453 1417 CONCLUSIO.
469 1372 518 1405 -'—
542 1376 645 1415 Ciim
668 1376 712 1414 in
730 1375 888 1417 Christo
910 1375 1032 1416 tuerit
1052 1376 1189 1416 omnis
1212 1378 1353 1427 gratiae
1371 1376 1600 1428 plenitudo,
1622 1378 1893 1418 necessarium
1917 1378 1998 1420 fuit

116 1430 159 1469 in
176 1430 264 1481 ipso
284 1442 426 1470 omnes
442 1432 612 1471 virtutes
634 1441 732 1470 esse.

168 1493 438 1549 Respondeo
449 1493 694 1539 dicendum
716 1491 856 1549 quod,
875 1493 1053 1537 sicutin
1067 1492 1271 1536 secunda
1286 1497 1418 1550 parte
1434 1493 1607 1537 dictum
1623 1498 1694 1538 est
1708 1496 1745 1548 <1
1769 1497 1814 1551 2,
1831 1500 1996 1553 quaest.

113 1566 179 1611 cx,
203 1559 290 1598 art.
314 1557 340 1599 3
362 1560 408 1599 et
434 1558 497 1612 4),
527 1555 647 1599 sicut
667 1555 815 1611 gratia
837 1554 1022 1611 respicit
1048 1555 1298 1599 essentiam
1330 1554 1512 1611 animae,
1543 1554 1607 1599 ita
1634 1555 1782 1600 virtus
1813 1557 1998 1614 respicit

113 1616 362 1672 potentiam
375 1616 491 1673 ers.
507 1617 635 1661 Unde
655 1621 834 1673 oportet
848 1616 972 1673 quod
984 1616 1103 1660 sicut
1115 1617 1332 1673 potentiae
1352 1617 1518 1661 anImae
1533 1617 1803 1662 derivantur
1818 1620 1877 1663 ab
1896 1620 1935 1677 ej
1942 1633 1998 1666 us

113 1676 328 1733 essentia,
351 1678 414 1722 ita
438 1678 630 1722 virtutes
654 1678 743 1722 sint
763 1678 973 1734 quaedam
993 1678 1302 1722 derivationes
1323 1678 1498 1733 gratiae.
1522 1678 1700 1731 Quanto
1732 1684 1888 1725 autem
1911 1681 1996 1725 ali-

114 1738 236 1792 quod
253 1739 529 1796 principium
552 1744 622 1784 est
645 1739 907 1796 perfectius,
931 1739 1062 1784 tanto
1081 1740 1230 1796 magis
1251 1739 1473 1796 imprimit
1500 1753 1612 1784 suos
1635 1741 1842 1787 effectus.
1870 1743 1998 1788 Unde

115 1799 220 1843 cum
244 1800 390 1856 grafia
415 1801 575 1845 Christi
596 1801 734 1845 fuerit
757 1801 1106 1857 perfectissima,
1127 1814 1420 1858 consequens
1440 1806 1512 1846 est
1534 1802 1659 1859 quod
1683 1816 1741 1847 ex
1769 1804 1871 1861 ipsa
1889 1818 1998 1862 pro-

115 1861 338 1906 cesserint
359 1862 551 1906 virtutes
561 1862 620 1906 ad
645 1862 975 1918 perficiendum
999 1862 1209 1918 singulas
1238 1864 1466 1920 potentias
1486 1864 1670 1919 animae,
1691 1867 1915 1921 quantum
1938 1866 1995 1913 ad

115 1933 278 1967 omnes
295 1922 463 1967 animae
482 1928 611 1966 actus
630 1925 712 1976 (2):
728 1927 773 1966 et
785 1923 847 1967 ita
862 1923 1065 1968 Christus
1087 1923 1247 1967 habuit
1269 1936 1433 1969 omnes
1454 1925 1664 1970 virtutes.

165 1983 231 2027 Ad
240 1987 443 2040 primum
453 1995 563 2040 ergo
582 1984 847 2039 dicendum,
861 1985 984 2041 quod
1000 1985 1146 2041 gratia
1159 1985 1330 2029 sufficit
1341 1986 1513 2030 homini
1527 1990 1753 2043 quantum
1768 1989 1828 2034 ad
1841 1990 1998 2036 omnia

114 2043 284 2101 quibus
311 2046 552 2091 ordinatur
574 2046 632 2090 ad
651 2045 982 2090 beatitudinem
1004 2061 1013 2087 ε
1035 2046 1202 2090 horum
1224 2051 1379 2091 tamen
1408 2048 1622 2104 quaedam
1646 2049 1824 2104 perficit
1851 2052 1998 2107 gratia

111 2104 374 2150 immediate
397 2119 479 2163 per
503 2107 717 2164 seipsam,
749 2107 870 2151 sicut
888 2112 1071 2163 gratum
1094 2107 1243 2151 facere
1258 2111 1366 2163 Deo,
1388 2113 1434 2152 et
1455 2109 1544 2153 alia
1566 2109 1848 2168 hujusmodj3
1868 2125 1996 2170 quae-

113 2167 220 2212 dam
234 2172 388 2212 autem
414 2169 722 2213 mediantibus
745 2168 1007 2222 virtutibus,
1034 2181 1138 2225 quae
1157 2181 1214 2212 ex
1236 2170 1384 2224 gratia
1405 2171 1678 2226 procedunt.

165 2229 231 2275 Ad
247 2231 488 2274 secundum
509 2231 771 2287 dicendum,
796 2230 918 2287 quod
947 2230 1132 2274 habitus
1155 2230 1231 2274 ille
1250 2231 1463 2276 heroicus
1489 2232 1561 2276 vel
1582 2232 1767 2278 divinus
1789 2246 1883 2278 non
1907 2236 1997 2281 dif-

114 2290 198 2335 fert
217 2289 245 2334 a
261 2290 430 2336 virtute
452 2293 757 2337 communiter
783 2290 920 2347 dicta,
951 2292 1038 2335 nisi
1060 2292 1318 2336 secundum
1344 2293 1662 2349 perfectiorem
1691 2295 1898 2354 modum,
1922 2298 1997 2342 in-

113 2356 338 2409 quantum
371 2353 544 2397 scilicet
576 2353 742 2410 aliquis
769 2359 840 2398 est
870 2353 1122 2410 dispositus
1155 2354 1213 2398 ad
1243 2354 1418 2398 bonum
1447 2355 1649 2412 quodam
1680 2356 1829 2401 altiori
1859 2360 1996 2405 modo

113 2414 253 2471 quam
275 2416 581 2460 communiter
610 2416 827 2461 omnibus
847 2421 1094 2472 competat.
1114 2417 1242 2461 Unde
1263 2429 1344 2474 per
1368 2419 1456 2462 hoc
1475 2431 1568 2462 non
1588 2419 1849 2465 ostenditur
1870 2423 1997 2479 quod

113 2476 314 2521 Christus
337 2490 430 2521 non
456 2477 667 2523 habuerit
693 2478 902 2535 virtutes,
925 2479 1008 2523 sed
1027 2479 1152 2535 quod
1177 2479 1391 2524 habuerit
1412 2493 1492 2525 eas
1513 2481 1850 2537 ‚perfectissime
1875 2483 1996 2531 ultra

113 2549 405 2584 communem
427 2540 646 2585 modum:
670 2540 790 2585 sicut
812 2541 950 2585 etiam
970 2541 1176 2585 Plotinus
1194 2542 1350 2597 posuit
1364 2543 1612 2599 quemdam
1632 2543 1878 2590 sublimem
1897 2559 1996 2593 mo-

113 2599 223 2644 dum
251 2599 489 2659 virtutum,
518 2614 633 2658 quas
660 2613 763 2646 esse
784 2601 899 2647 dixit
922 2602 1062 2646 animi
1085 2602 1269 2659 purgati
1292 2604 1366 2658 (3),
1395 2608 1447 2648 ut
1471 2604 1610 2649 refert
1629 2605 1824 2650 Macrob.
1855 2607 1952 2661 (lib.
1980 2623 1995 2654 1

113 2663 268 2705 Somn.
284 2661 402 2717 Scip.
423 2674 523 2718 cap.
541 2666 598 2718 8).

164 2722 231 2768 Ad
256 2725 436 2766 tertium
464 2724 727 2782 dicendum,
748 2725 874 2783 quod
894 2725 1147 2770 liberalitas
1174 2731 1221 2770 et
1239 2726 1584 2782 magnificentia
1607 2729 1998 2776 commendantur

117 2781 235 2828 eirca
257 2784 454 2841 divitias,
492 2786 768 2844 inquantum
803 2786 971 2843 aliquis
1003 2799 1097 2831 non
1132 2788 1313 2831 tantum
1336 2789 1622 2844 appretiatur
1647 2789 1846 2847 divitias,
1870 2792 1998 2848 quod

118 2843 224 2888 velit
239 2856 319 2889 eas
337 2847 551 2902 retinere,
575 2848 966 2904 praetermittendo
989 2848 1036 2893 id
1059 2849 1182 2905 quod
1200 2846 1297 2893 fieri
1314 2855 1510 2906 oportet.
1535 2851 1613 2896 Ille
1631 2856 1787 2895 autem
1804 2853 1997 2901 minime

117 2903 295 2949 divitias
310 2909 590 2962 appretiatur
607 2910 684 2967 qui
702 2910 886 2967 penitus
901 2922 979 2954 eas
995 2911 1250 2956 contemnit
1264 2916 1310 2955 et
1329 2911 1484 2968 abjicit
1498 2917 1683 2969 propter
1702 2913 1995 2969 perfectionis

116 2976 336 3010 amorem.
354 2969 405 3012 Et
432 2968 534 3013 ideo
555 2970 600 3014 in
622 2971 709 3016 hoc
731 2972 832 3028 ipso
852 2972 975 3029 quod
998 2972 1201 3016 Christus
1220 2985 1383 3017 omnes
1403 2974 1586 3018 divitias
1605 2978 1896 3032 contempsit,
1917 2991 1995 3023 os-

116 3026 261 3071 tendit
287 3027 334 3071 in
364 3040 414 3073 se
445 3042 679 3076 summum
704 3034 899 3089 gradum
927 3033 1213 3079 liberalitatis
1240 3041 1285 3079 et
1312 3036 1684 3091 magnificentiae,
1722 3037 1827 3082 licet
1856 3039 1994 3085 etiam

113 3087 398 3158 liberalitatis
421 3096 574 3135 actum
606 3096 876 3153 exercuerit,
908 3096 1166 3141 secundum
1196 3096 1319 3152 quod
1342 3097 1430 3141 sibi
1467 3098 1748 3143 conveniens
1776 3107 1891 3157 erat,
1923 3100 1994 3145 fa·

114 3150 275 3195 ciendo
307 3151 586 3207 pauperibus
608 3155 785 3210 erogari
813 3167 918 3212 quae
939 3156 1025 3201 sibi
1054 3157 1297 3202 dabantur.
1332 3159 1459 3203 Unde
1480 3163 1587 3204 cum
1619 3159 1840 3205 Dominus
1864 3161 1993 3206 Judae

114 3209 224 3254 dicit
239 3212 379 3264 (Joan.
402 3226 490 3266 xm,
511 3215 606 3268 27st
626 3216 755 3270 Quod
772 3219 902 3274 facis,
920 3220 997 3272 fac
1011 3220 1160 3272 citius,
1175 3218 1386 3275 discipuli
1405 3221 1731 3267 intellexerunt
1749 3223 1991 3267 Dominum

154 3325 197 3367 (l)
229 3325 369 3368 Qualem
400 3327 579 3363 Hectorem
601 3329 643 3363 ab
680 3330 827 3366 Homero
855 3336 1006 3367 vocatum
1092 3345 1183 3368 enim
1203 3336 1344 3370 virtutes
1362 3347 1427 3369 non
1444 3336 1591 3370 animam
1610 3337 1663 3372 vel
1683 3337 1849 3377 potentias
1866 3336 1993 3371 Christi

115 3371 233 3406 refert·
1092 3382 1319 3424 perfecissent,
1337 3384 1390 3417 sed
1408 3384 1620 3426 imperfectas
1634 3384 1866 3420 ostendissent.
2044 3408 2050 3421 4«

155 3419 194 3460 (2)
218 3420 283 3463 Qui
307 3421 463 3462 dignitati
485 3428 556 3464 ejus
569 3436 637 3459 non
657 3431 904 3470 repugnarent;
931 3428 1011 3462 tales
1135 3431 1314 3511 (5)5Confer
1342 3432 1430 3473 quod
1459 3433 1587 3467 dictum
1608 3437 1658 3467 est
1682 3433 1691 3466 1
1713 3431 1746 3474 2,
1773 3432 1890 3473 quaest.
1909 3439 1989 3472 ΧΠ,
2049 3444 2057 3467 ⁸.

1094 3481 1158 3512 nrt.
1195 3505 1203 3513 .
