2170 3808
649 310 847 360 QUAEST.
878 309 987 365 XIX,
1015 309 1132 351 ART.
1163 308 1198 350 11
1226 308 1290 350 ET
1317 308 1386 352 111.
1668 308 1674 314 “
1881 309 1960 352 181

81 399 204 444 aliud
220 398 597 451 instrumentum,
624 396 706 440 sed
721 395 874 440 solum
904 394 1030 438 illam
1051 406 1155 450 quae
1170 398 1242 438 est
1262 393 1521 438 secundum
1545 393 1748 450 primum
1784 394 1961 450 princi-

90 459 207 515 )ium
230 460 447 513 activum,
470 463 522 502 ut
540 457 714 502 dictum
738 461 809 501 est
826 455 892 510 (in
915 467 1043 511 corp.
1059 457 1181 509 art.).
1591 479 1594 482 <

134 520 262 566 Unde
281 525 404 578 patet
421 519 558 564 etiam
581 518 822 575 responsio
835 517 894 562 ad
914 521 1115 561 tertium.

161 589 501 633 ARTICULUS
534 589 615 630 111.
642 610 695 618 —
727 599 862 630 ornum
902 597 1021 628 Αοτιο
1051 595 1216 627 numm
1247 594 1409 626 canisii
1438 596 1642 627 roi-usim·
1669 597 1772 628 ssssr:
1802 597 1877 628 suu

847 659 1074 690 flammam
1096 646 1169 700 (1).
1255 652 1260 657 ‘

82 723 131 761 De
149 724 203 761 his
219 725 320 760 etiam
339 705 432 759 Sent.
447 730 502 764 111,
521 721 601 757 dist.
616 721 669 761 48,
688 724 753 756 art.
768 720 803 763 2,
819 721 854 763 5,
873 721 893 755 ⁴
908 724 942 754 et
961 721 1047 803 5323
1070 720 1118 802 ge
1131 731 1203 755 ver.
1220 724 1335 760 quaest.
1361 725 1454 758 xxix,
1473 722 1538 753 art.
1562 719 1583 754 7
1605 718 1647 753 ad
1662 720 1696 761 6,
1714 725 1750 755 et
1776 721 1900 762 opusc.
1919 729 1960 763 ΙΙ.

883 780 955 810 cap.
1099 779 1136 803 n.

132 833 199 879 Ad
227 832 408 878 tertium
431 831 499 876 sic
524 831 806 888 proceditur.
828 834 871 875 l.
910 830 1097 875 Videtur
1133 829 1258 886 quod
1287 827 1406 873 actio
1431 828 1637 872 humana
1669 830 1832 874 Christi
1866 842 1960 876 non

78 896 274 953 potuerit
294 895 335 940 ei
358 906 462 939 esse
482 894 733 938 meritoria.
753 895 960 939 Christus
978 893 1104 938 enim
1128 896 1236 937 ante
1257 896 1450 936 mortem
1478 891 1566 936 fuit
1582 893 1958 950 comprehensor,

78 957 198 1002 sicut
215 962 262 1001 et
277 956 412 1001 modo
424 959 511 1000 est.
533 955 621 1000 Sed
644 955 1045 1011 comprehensoris
1065 967 1158 998 non
1179 959 1252 998 est
1270 953 1454 997 mereri.
1474 953 1679 998 Charitas
1693 955 1819 999 enim
1835 964 1961 1000 *com-

77 1017 371 1075 prehensoris
394 1017 593 1074 pertinet
615 1017 672 1061 ad
692 1017 934 1074 praemium
954 1015 1270 1068 beatitudinis,
1291 1018 1399 1059 cum
1417 1015 1676 1059 secundum
1692 1028 1795 1060 eam
1815 1022 1960 1062 atten-

77 1079 213 1125 datur
233 1078 415 1123 fruitio:
441 1077 566 1122 unde
598 1089 689 1121 non
722 1077 905 1122 videtur
928 1089 1033 1122 esse
1060 1076 1339 1133 principium
1371 1076 1598 1131 merendi,
1632 1077 1738 1121 cum
1774 1090 1868 1122 non
1901 1079 1961 1124 sit

76 1140 198 1186 idem
216 1139 430 1185 meritum
447 1143 494 1184 et
513 1139 769 1195 praemium.
787 1139 907 1195 Ergo
925 1137 1133 1183 Christus
1150 1142 1260 1182 ante
1278 1136 1545 1195 passionem
1561 1150 1655 1182 non
1677 1139 1957 1198 merebatur,

76 1203 197 1248 sicut
220 1215 305 1248 nec
326 1201 463 1247 modo
486 1207 705 1247 meretur.

131 1268 176 1309 2.
199 1267 433 1318 Praeterea,
459 1263 615 1308 nullus
634 1267 839 1308 meretur
861 1263 905 1307 id
930 1263 1056 1319 quod
1081 1265 1152 1307 est
1170 1261 1258 1307 sibi
1283 1260 1508 1307 debitum.
1529 1263 1614 1307 Sed
1636 1275 1695 1307 ex
1720 1263 1808 1308 hoc
1833 1264 1956 1321 quod

76 1326 283 1370 Christus
306 1330 378 1370 est
404 1324 543 1370 Filius
575 1325 651 1370 Dei
681 1336 763 1381 per
791 1328 1020 1380 naturam,
1043 1323 1241 1370 debetur
1260 1322 1303 1367 ei
1325 1322 1571 1368 haereditas
1601 1330 1792 1377 aeterna,
1816 1338 1957 1381 quam

77 1387 152 1432 alii
172 1387 383 1432 homines
400 1398 482 1443 per
497 1386 620 1431 bona
637 1399 777 1443 opera
793 1391 1046 1431 merentur.
1067 1388 1163 1431 Non
1184 1397 1294 1442 ergo
1312 1385 1521 1430 Christus
1553 1385 1728 1443 aliquid
1749 1385 1838 1430 sibi
1861 1398 1958 1431 me-

77 1448 168 1494 reri
186 1449 350 1506 potuit,
374 1448 454 1506 qui
470 1447 498 1492 a
515 1447 741 1505 principio
759 1447 847 1492 fuit
865 1448 1005 1492 Filius
1024 1447 1116 1492 Dei.

130 1514 174 1556 3.
199 1514 437 1567 Praeterea,
460 1511 742 1568 quicumque
762 1510 901 1555 habet
923 1511 970 1556 id
993 1511 1117 1567 quod
1147 1514 1219 1555 est
1239 1509 1505 1566 principale,
1531 1521 1625 1553 non
1646 1509 1828 1566 proprie
1861 1522 1958 1554 me-

78 1578 204 1618 retur
226 1574 272 1619 id
286 1573 411 1631 quod
432 1586 490 1618 ex
505 1573 583 1617 illo
610 1573 764 1617 habito
789 1573 1014 1630 sequitur.
1039 1573 1124 1617 Sed
1149 1572 1356 1616 Christus
1377 1571 1538 1616 habuit
1557 1571 1752 1627 gloriam
1771 1571 1954 1629 animae,

77 1646 136 1680 ex
154 1646 247 1691 qua
266 1634 521 1679 secundum
540 1646 835 1679 communem
855 1634 1065 1679 ordinem
1081 1633 1290 1690 sequitur
1304 1632 1449 1688 gloria
1467 1633 1688 1691 corporis,
1712 1638 1763 1677 ut
1777 1638 1958 1690 Augus·

79 1695 204 1741 tinus
224 1695 334 1741 dicit
354 1695 565 1752 (epistola
580 1696 640 1740 ad
654 1696 919 1740 Dioscorum
939 1698 1036 1751 118,
1059 1695 1117 1739 al.
1135 1698 1207 1750 56,
1225 1701 1333 1739 ante
1351 1694 1493 1749 med.)
1510 1710 1521 1739 ε
1539 1695 1588 1739 in
1608 1694 1785 1739 Christo
1801 1699 1956 1739 tamen

78 1756 386 1813 dispensative
405 1759 578 1802 factum
596 1762 667 1802 est
687 1758 810 1814 quod
827 1757 972 1814 gloria
987 1757 1155 1801 animae
1171 1769 1263 1801 non
1275 1757 1561 1802 derivaretur
1578 1757 1638 1802 ad
1655 1769 1841 1814 corpus.
1856 1759 1955 1801 Non

78 1830 189 1875 ergo
212 1819 416 1864 Christus
435 1819 605 1864 meruit
625 1819 819 1875 gloriam
843 1820 1065 1876 corporiS.

131 1884 175 1925 4.
200 1882 444 1937 Praeterea,
485 1881 794 1925 manifestatio
832 1880 1117 1926 excellentiae
1150 1881 1314 1925 Christi
1356 1893 1450 1924 non
1487 1884 1558 1926 est
1594 1880 1772 1925 bonum
1808 1880 1955 1937 ipsius

78 1941 259 1996 Christi,
279 1941 359 1986 sed
378 1953 537 1985 eorum
556 1942 635 1998 qui
653 1954 761 1986 eum
783 1947 1094 1998 cognoscuntt,
1118 1941 1247 1986 unde'
1274 1947 1321 1985 et
1342 1955 1434 1998 pro.
1455 1942 1644 1998 praemio
1674 1942 1956 1998 promittitur

78 2001 375 2047 dilectoribus
389 2002 570 2059 Christi,
587 2007 639 2047 ut
656 2002 723 2048 eis
741 2003 1076 2057 manifestetur,
1095 2003 1353 2047 secundum
1374 2003 1488 2047 illud
1504 2006 1650 2057 (Joan.
1672 2016 1759 2056 xiv,
1779 2005 1851 2057 21)
1874 2017 1885 2045 :
1904 2007 1955 2047 Si

75 2066 174 2118 quis
192 2063 342 2117 diliqit
357 2075 444 2118 me,
463 2063 682 2119 diliqetur
700 2064 731 2107 ὰ
751 2068 886 2107 Patre
903 2076 1015 2119 meo,
1053 2068 1098 2106 et
1117 2077 1195 2119 eqo
1215 2064 1409 2119 diliqam
1433 2077 1563 2119 eum,·
1588 2067 1631 2107 et
1658 2064 1955 2117 manifestabo

75 2126 119 2167 ei
133 2136 202 2166 me
220 2126 382 2179 ipsum.
404 2125 521 2179 Ergo
536 2124 743 2169 Christus
760 2137 851 2169 non
869 2125 1039 2170 meruit
1054 2125 1470 2169 manifestationem
1488 2137 1586 2168 suae
1604 2125 1876 2170 altitudinis.

131 2184 217 2229 Sed
232 2188 391 2227 contra
420 2189 491 2229 est
516 2184 642 2242 quod
671 2185 918 2242 Apostolus
934 2186 1045 2230 dicit
1064 2186 1270 2242 (Philipp.
1295 2200 1341 2242 ιι,
1359 2189 1401 2240 8)
1425 2200 1438 2230 :
1461 2189 1632 2229 Factus
1661 2189 1730 2229 est
1747 2187 1953 2231 obediens

76 2259 211 2302 usque
230 2247 292 2289 ad
307 2250 495 2290 mortem
514 2261 529 2287 .·
547 2249 737 2303 propter
755 2248 873 2302 quod
893 2251 937 2291 et
960 2253 1078 2291 Deus
1105 2249 1331 2291 exaltavit
1352 2249 1501 2292 illum.
1532 2247 1692 2292 Meruit
1714 2259 1826 2304 ergo
1842 2249 1953 2294 obe—

76 2306 247 2352 diendo
261 2318 394 2351 suam
415 2306 743 2352 exaltationem
760 2323 773 2363 3
794 2312 840 2352 et
858 2307 920 2352 ita
935 2308 1107 2366 aliquid
1125 2308 1211 2352 sibi
1231 2308 1415 2353 meruit.

122 2373 407 2414 CONCLUSIO.
432 2394 482 2403 -
506 2374 610 2414 Cum
630 2374 811 2415 nobilius
829 2375 882 2415 sit
898 2375 1041 2416 habere
1054 2375 1212 2427 aliquid
1233 2387 1301 2427 per
1319 2376 1529 2425 meritum,
1546 2377 1674 2427 quam
1687 2377 1776 2416 sine
1789 2378 1948 2423 merito,

75 2428 296 2477 Christum,
318 2429 385 2469 cui
405 2429 541 2470 omnis
565 2430 748 2481 perfectio
769 2430 986 2471 tribuenda
1004 2435 1079 2479 est,
1101 2432 1273 2481 gloriam
1292 2431 1484 2481 corporis,
1500 2434 1543 2471 et
1561 2431 1661 2481 alia,
1681 2431 1835 2483 quibus
1854 2443 1951 2473 eum

75 2493 205 2524 carere
219 2483 358 2536 aliquo
381 2488 557 2536 tempore
567 2485 845 2534 conveniebat,
865 2485 943 2525 sibi
958 2487 1154 2526 meruisse
1172 2486 1387 2526 fatendum
1409 2491 1482 2527 est.

130 2546 400 2602 Respondeo
421 2546 670 2592 dicendum
706 2547 830 2604 quod
851 2548 1020 2592 habere
1052 2549 1239 2604 aliquod
1268 2548 1443 2593 donum
1471 2561 1556 2606 per
1576 2561 1628 2594 se
1655 2555 1728 2594 est
1749 2549 1951 2595 nobilIus

76 2607 217 2664 quam
233 2607 401 2651 habere
420 2607 533 2652 illud
551 2619 635 2664 per
655 2607 797 2653 aliud.
815 2610 1003 2665 Semper
1021 2609 1143 2653 enim
1166 2622 1309 2654 causa
1324 2622 1428 2666 quae
1447 2615 1517 2654 est
1533 2622 1615 2666 per
1629 2622 1699 2665 se,
1719 2611 1870 2667 potior
1880 2620 1952 2656 est

76 2670 131 2712 ea
149 2680 254 2724 quae
266 2673 336 2712 est
350 2681 432 2724 per
450 2669 591 2724 aliud,
615 2675 668 2713 ut
683 2669 849 2715 dicitur
872 2670 1070 2726 (Physic.
1088 2670 1168 2715 lib.
1195 2685 1283 2726 vui,
1307 2676 1417 2715 text.
1437 2674 1523 2725 39).
1548 2674 1638 2716 lloc
1663 2677 1817 2716 autem
1842 2673 1951 2717 dici-

75 2734 152 2773 tur
177 2729 343 2786 aIIquis
366 2729 534 2774 hahere
555 2742 636 2786 per
657 2731 879 2787 seipsum,
902 2732 1038 2788 cujus
1065 2737 1137 2777 est
1157 2732 1244 2777 sihi
1269 2732 1424 2789 aliquo
1453 2733 1591 2777 modo
1610 2745 1767 2777 causa.
1801 2734 1950 2778 Prima

78 2795 232 2834 autem
248 2803 389 2836 causa
406 2792 614 2836 omnium
636 2793 863 2838 bonorum
888 2800 1152 2838 nostrorum
1170 2807 1254 2850 per
1275 2795 1594 2839 auctoritatem
1626 2800 1698 2839 est
1726 2799 1846 2840 Deus
1867 2811 1879 2840 ι
1904 2803 1951 2842 et

78 2862 161 2907 per
177 2852 297 2896 hunc
314 2853 502 2897 modum
518 2852 646 2898 nulla
664 2862 877 2899 creatura
893 2855 1032 2900 habet
1054 2855 1228 2912 aliquid
1247 2856 1353 2899 boni
1372 2869 1452 2912 per
1463 2857 1677 2912 seipsam,
1691 2858 1950 2903 secundum

78 2912 192 2958 illud
206 2916 256 2965 (l.
277 2914 475 2964 Corinth.
499 2929 558 2970 lv,
582 2918 651 2971 7):
672 2919 794 2973 Quid
822 2918 960 2962 habes
978 2919 1098 2974 quod
1122 2932 1210 2961 non
1242 2919 1491 2974 accepisti?
1520 2920 1673 2963 Potest
1705 2924 1857 2963 tamen
1876 2933 1950 2965 se-

78 2973 298 3019 cundario
316 2974 483 3031 aliquis
495 2988 598 3022 esse
616 2989 758 3023 causa
779 2979 866 3024 sibi
893 2980 1090 3036 alicujus
1102 2979 1212 3024 boni
1236 2980 1453 3034 habendi,
1478 2979 1754 3036 inquantum
1774 2981 1951 3026 scilicet

75 3034 123 3080 in
143 3035 229 3079 hoc
248 3035 348 3091 ipso
368 3039 459 3080 Deo
478 3043 748 3093 cooperatur
769 3054 780 3083 ε
800 3045 848 3085 et
871 3042 939 3086 sic
960 3042 1036 3086 ille
1054 3042 1134 3099 qui
1150 3041 1289 3086 hahet
1308 3042 1480 3098 aliquid
1504 3054 1584 3097 per
1607 3042 1820 3086 meritum
1843 3056 1950 3099 pro·

75 3097 245 3153 prium,
269 3096 402 3140 habet
436 3098 776 3154 quodammodo
803 3101 915 3147 illud
945 3115 1026 3159 per
1048 3103 1270 3158 seipsum.
1299 3103 1423 3146 Unde
1455 3103 1655 3147 nobilius
1685 3103 1881 3148 habetur
1901 3105 1949 3150 id

72 3158 199 3215 quod
213 3158 408 3202 habetur
418 3171 501 3215 per
514 3159 746 3220 meritum,
764 3163 905 3219 quam
925 3165 971 3209 id
988 3166 1112 3222 quod
1128 3164 1323 3209 habetur
1340 3165 1439 3209 sine
1458 3165 1620 3210 merito
1639 3165 1714 3221 (2).
1734 3166 1847 3219 Quia
1862 3179 1949 3212 au·-

114 3293 159 3335 (⁴)
183 3292 392 3327 Affirmative
418 3294 597 3336 respondet
617 3297 652 3330 S.
679 3297 803 3331 Doctor
820 3303 854 3333 et
877 3299 968 3334 illius
1051 3301 1154 3343 apud
1193 3302 1440 3344 temetipsum,
1476 3302 1647 3337 claritate
1685 3315 1796 3348 quam
1834 3304 1948 3338 habui

71 3341 234 3375 doctrinae
255 3341 422 3376 certitudo
446 3354 484 3376 ex
508 3343 692 3384 Scripturis
714 3350 807 3385 patet
826 3359 834 3379 ε
860 3347 967 3381 Vidi·
1051 3350 1272 3393 priusquam
1288 3351 1447 3383 mundus
1465 3355 1555 3386 esset
1569 3352 1673 3391 [Joan.
1692 3353 1791 3391 xvii).
1806 3351 1947 3393 Diqnus

73 3399 151 3423 mus
166 3389 289 3422 Jesnm
304 3393 457 3432 propter
471 3391 678 3432 passionem
696 3395 825 3426 mortis
843 3394 967 3435 gloria
1051 3400 1102 3430 est
1117 3397 1242 3438 Agnus
1259 3399 1321 3440 qui
1343 3399 1481 3432 occisus
1497 3403 1548 3433 est
1565 3402 1681 3439 (Apoc.
1698 3404 1744 3436 v).

73 3439 107 3468 et
119 3436 255 3470 honore
271 3440 482 3471 coronatum
499 3438 615 3479 (Hebr.
632 3445 684 3477 n).
703 3440 833 3474 Nonne
852 3451 966 3483 opor·-
1092 3443 1134 3482 (2)
1155 3445 1292 3486 Quando
1314 3445 1377 3479 mle
1402 3451 1452 3480 est
1478 3453 1516 3480 ut
1531 3446 1693 3480 utrolibet
1711 3445 1812 3479 modo
1830 3443 1945 3479 haberi

74 3484 145 3517 tuit
161 3485 245 3527 paci
266 3484 454 3518 Christum
472 3490 505 3519 et
521 3487 575 3520 ita
590 3488 735 3522 intrare
750 3489 791 3521 in
808 3488 966 3530 gloriam
1049 3492 1162 3532 possit,
1183 3504 1243 3528 nec
1260 3505 1299 3527 ex
1321 3500 1443 3527 nutura
1461 3494 1642 3534 debeatur.
1658 3495 1747 3527 sicut
1765 3493 1800 3526 in
1816 3503 1945 3532 propo-

74 3538 178 3566 mam
201 3531 212 3574 (
231 3531 311 3566 Luc.
339 3534 445 3573 xxtv).
475 3533 651 3575 Clart‘fica
676 3546 728 3569 me
758 3543 814 3575 ια,
830 3537 963 3576 Pater,
1047 3539 1122 3573 sito.
