2170 3808
668 189 867 242 QUAEST.
897 189 1045 242 XXXI,
1073 188 1189 231 ART.
1222 188 1274 230 IV
1302 188 1365 230 ΕΤ
1394 188 1443 230 V.
1925 188 2004 232 261

108 270 197 316 alia
214 275 287 317 est
315 271 484 315 animae
506 273 674 314 natura
709 268 852 326 quam
872 268 1109 326 corporis,
1131 267 1307 325 quanto
1326 268 1474 324 magis
1492 267 1587 325 Dei,
1612 267 1693 324 qui
1729 271 1912 313 creator
1936 275 2008 315 est

109 337 154 377 et
174 333 342 377 animae
359 337 406 378 et
423 331 647 388 corporis,
672 334 719 375 et
741 330 871 375 novit
892 330 1067 387 ubique
1097 333 1223 374 totus
1250 341 1370 385 esse,
1408 333 1454 374 et
1475 329 1604 374 nullo
1623 329 1851 374 contineri
1872 331 2003 388 loco;

108 394 237 440 novit
258 394 434 449 venire,
455 405 547 437 non
582 391 842 438 recedendo
871 392 952 437 ubi
967 395 1064 436 erat
1080 393 1160 446 (1),
1182 391 1312 435 novit
1335 391 1478 447 abire,
1504 404 1600 436 non
1629 391 1888 436 deserendo
1912 393 2006 448 quo

107 463 350 503 venerat.»

159 520 228 565 Ad
246 522 427 564 tertium
449 516 715 573 dicendum,
736 517 861 575 qued
874 517 921 561 in
939 514 1243 572 conceptione
1259 515 1345 559 viri
1361 528 1420 559 ex
1438 515 1611 560 femIna
1629 529 1722 561 non
1742 522 1812 561 est
1832 518 2008 574 aliquid

105 581 417 636 immundum,
446 580 726 637 inquantum
761 583 833 625 est
854 591 973 636 opus
992 578 1072 623 Dei
1104 576 1265 622 :unde
1294 576 1462 622 dicitur
1495 579 1607 631 (Act.
1646 591 1691 635 x,
1712 581 1783 633 15)
1816 593 1827 623 z
1877 580 2008 636 Quod

107 645 228 687 Deus
260 645 446 697 creavit,
471 645 517 685 tu
549 654 605 684 ne
628 654 857 685 commune
889 641 1081 696 dixeris,
1102 638 1148 683 id
1170 643 1256 696 est,
1294 638 1606 683 immundum.
1639 640 1718 683 Est
1754 639 1818 684 ibi
1849 646 2006 685 tamen

105 703 261 762 aliqua
280 703 572 749 immunditia
586 715 645 747 ex
659 707 850 760 peccato
864 701 1159 759 proveniens,
1179 705 1318 758 prout
1335 712 1443 745 cum
1465 699 1656 745 libidine
1671 701 1778 757 quis
1795 702 2006 760 concipi-

106 769 185 811 tur
206 778 268 811 ex
295 765 622 812 commixtione
645 765 788 810 maris
810 769 858 810 et
878 765 1085 820 feminae3
1121 775 1227 821 quae
1249 767 1406 808 tamen
1426 762 1474 806 in
1509 762 1689 807 Christo
1713 774 1807 807 non
1829 763 1932 820 fuit,
1953 769 2007 809 ut

105 837 248 885 supra
265 834 504 874 ostensum
537 832 609 873 est
632 830 813 885 (quaest.
836 841 951 883 xxm,
986 831 1073 871 art.
1093 828 1155 880 2).
1179 850 1233 858 -—
1254 825 1299 870 Si
1322 830 1477 870 tamen
1507 824 1663 881 aliqua
1681 828 1807 869 esset
1825 825 1889 869 ibi
1915 826 2006 871 im-

105 889 348 949 munditia,
388 903 443 935 ex
482 902 537 935 ea
570 902 665 935 non
705 889 1029 946 inquinaretur
1057 888 1134 933 Dei
1169 886 1386 943 Verbum,
1426 886 1553 944 quod
1586 886 1715 931 nullo
1754 887 1895 932 modo
1935 893 2007 934 est

104 951 326 998 mutabile
344 953 419 998 vel
436 951 689 997 alterabile.
712 953 841 996 Unde
859 950 1150 1008 Augustinus
1174 949 1286 995 dicit
1308 949 1371 1004 (in
1399 948 1481 993 lib
1506 952 1568 993 De
1587 948 1795 1006 quinque
1814 948 2005 994 haeresi-

101 1012 196 1058 bus
220 1015 295 1069 (2),
316 1027 419 1071 cap.
437 1019 481 1070 5,
502 1015 626 1059 circa
644 1014 767 1059 med
772 1017 817 1069 ).
842 1014 989 1058 «Dicit
1014 1016 1137 1058 Deus
1158 1016 1338 1057 creator
1368 1011 1585 1067 hominis,
1610 1011 1734 1056 filius
1761 1011 2002 1056 hominis.

107 1074 224 1128 Quid
242 1083 329 1133 est,
352 1078 479 1134 quod
494 1082 540 1122 te
556 1076 821 1134 permovet
810 1090 856 1120 in
872 1088 978 1121 mea
990 1075 1258 1119 nativitate?
1273 1086 1367 1118 non
1394 1086 1501 1118 sum
1526 1073 1731 1119 libidinis
1753 1080 2006 1131 conceptus

105 1137 385 1195 cupiditate3
426 1151 515 1195 ego
550 1143 762 1195 matrem,
802 1138 860 1184 de
892 1151 985 1194 qua
1019 1148 1253 1191 nascerer,
1277 1136 1381 1181 feci.
1409 1136 1453 1180 Si
1493 1136 1606 1181 solis
1627 1136 1787 1181 radius
1819 1136 2003 1181 cloaca·

102 1210 209 1244 rum
240 1202 404 1246 sordes
426 1202 601 1249 siccare
634 1201 792 1256 novit,
825 1200 894 1245 eis
914 1199 1150 1257 inquinari
1173 1211 1268 1243 non
1303 1198 1447 1259 novit,
1473 1197 1648 1255 quanto
1671 1198 1822 1254 magis
1843 1199 2005 1256 splen-

103 1259 189 1305 dor
209 1262 329 1307 111615
342 1269 544 1319 aeternae,
559 1275 855 1320 quocumque
866 1262 1128 1318 radiaverit,
1152 1261 1381 1307 mundare
1393 1265 1559 1318 potest,
1577 1265 1624 1306 et
1641 1261 1741 1318 ipse
1755 1261 1898 1317 pollui
1909 1274 2002 1307 non

102 1326 283 1378 potest?
295 1343 315 1362 υ

103 1371 443 1431 ARTmULU's
472 1388 533 1430 V.
562 1410 619 1418 —
654 1400 788 1429 uranu
810 1398 969 1430 conpos
995 1399 1156 1430 1111111511
1182 1399 1236 1429 nr:
1269 1398 1496 1429 pumssnns
1525 1397 1790 1429 smcummus
1825 1397 2004 1429 vinclum

795 1461 1016 1491 ronm'rum
1047 1461 1199 1492 runnu·
1226 1449 1300 1501 (3).

540 1516 588 1550 De
612 1515 666 1550 his
683 1516 785 1550 etiam
808 1514 905 1550 Sent.
922 1523 976 1557 111,
1001 1515 1079 1549 dist.
1093 1516 1127 1555 5.
1145 1519 1261 1557 quaest.
1278 1524 1317 1556 11,
1334 1519 1401 1550 art.
1417 1514 1492 1550 ted
1510 1515 1543 1550 4.

157 1568 223 1613 Ad
264 1569 480 1626 quintum
511 1570 580 1615 sic
614 1570 896 1627 proceditur.
934 1574 977 1615 1.
1002 1570 1191 1615 Videtur
1222 1570 1348 1627 quod
1379 1582 1487 1614 caro
1526 1568 1690 1614 Christi
1730 1581 1826 1612 non
1865 1568 2004 1615 fuerit

103 1636 327 1687 concepta
344 1645 403 1677 ex
434 1632 697 1689 purissimis
720 1632 1032 1689 sanguinibus
1053 1632 1269 1689 Virginis.
1290 1632 1463 1676 Dicitur
1486 1631 1612 1675 enim
1633 1630 1681 1674 in
1705 1630 1903 1675 Collecta
1926 1633 1999 1689 (4),

104 1691 229 1747 quod
241 1696 362 1738 Deus
382 1693 581 1738 Verbum
599 1706 739 1739 suum
755 1694 812 1740 de
825 1693 1011 1751 Virgine
1023 1706 1213 1739 carnem
1232 1705 1421 1738 sumere
1440 1692 1601 1737 voluit.
1622 1692 1711 1737 Sed
1727 1704 1835 1736 caro
1850 1691 2003 1737 differt

104 1751 132 1795 a
154 1754 384 1810 sanguine
418 1755 632 1812 Virginis,
654 1758 773 1813 Ergo
803 1767 974 1813 corpus
1007 1755 1172 1800 Christi
1208 1768 1304 1800 non
1336 1759 1408 1800 est
1431 1759 1669 1811 sumptum
1691 1753 1750 1799 de
1772 1754 2002 1810 sanguine

102 1813 317 1871 Virginis.

159 1877 203 1920 2.
232 1878 474 1933 Praeterea,
514 1877 636 1923 sicut
667 1878 834 1923 mulier
863 1877 1060 1923 formata
1091 1882 1165 1923 est
1191 1878 1468 1923 miraculose
1496 1878 1555 1923 de
1581 1878 1695 1932 viro,
1737 1877 1807 1922 sic
1831 1890 2002 1935 corpus

105 1936 270 1982 Christi
297 1938 575 1984 miraculose
595 1940 848 1985 formatum
866 1945 936 1985 est
956 1941 1014 1986 de
1033 1941 1232 1998 Virgine.
1259 1941 1347 1986 Sed
1378 1940 1545 1985 mulier
1571 1952 1665 1984 non
1699 1939 1868 1984 dicitur
1897 1952 2001 1986 esse

102 1999 300 2044 formata
332 2001 390 2046 de
412 2002 643 2058 sanguine
659 2002 763 2059 viri,
795 2002 878 2047 sed
896 2002 1047 2059 magis
1072 2004 1131 2048 de
1151 2015 1294 2047 carne
1315 2007 1362 2047 et
1396 2001 1584 2047 ossibus
1602 2001 1720 2058 eJUS,
1741 2001 2001 2047 secundum

103 2054 220 2107 illud
241 2063 366 2119 quod
388 2062 556 2108 dieitur
585 2066 764 2120 (Genes.
789 2077 837 2120 11,
859 2067 965 2119 23):
999 2068 1096 2108 Hoc
1113 2078 1233 2109 nunc
1252 2078 1301 2108 os
1326 2066 1384 2108 de
1402 2065 1571 2108 ossibus
1603 2065 1728 2113 meis,
1743 2066 1787 2107 et
1815 2077 1924 2107 caro
1945 2065 2002 2108 de

103 2133 243 2167 carne
260 2136 376 2167 mea.
400 2126 518 2180 Ergo
535 2124 720 2170 videtur
733 2123 858 2183 quod
882 2138 968 2170 nec
986 2126 1125 2170 etiam
1143 2139 1313 2183 corpus
1332 2125 1496 2170 Christi
1509 2124 1699 2169 formari
1716 2124 1929 2170 debuerit
1942 2126 2001 2171 116

105 2185 334 2241 sanguine
355 2186 569 2242 Virginis,
595 2187 680 2232 sed
702 2187 759 2233 116
781 2187 1002 2232 carnibus
1021 2193 1068 2233 et
1091 2187 1277 2232 ossibus
1295 2188 1413 2244 eJus.

159 2248 202 2291 3.
233 2248 475 2305 Praeterea,
493 2261 664 2306 corpus
686 2249 851 2294 Christi
870 2249 959 2293 fuit
970 2248 1180 2306 ejusdem
1195 2249 1366 2306 speciei
1379 2261 1487 2294 cum
1505 2247 1782 2304 corporibus
1801 2248 1998 2294 aliorum

105 2307 361 2354 hominum.
388 2310 475 2355 Sed
506 2322 703 2367 corpora
739 2311 936 2356 aliorum
963 2312 1325 2356 hominumvnon
1358 2312 1621 2356 formantur
1656 2322 1716 2354 ex
1747 2310 1999 2367 purissimo

106 2370 350 2427 sanguine,
385 2371 469 2417 5611
495 2384 556 2418 ex
586 2373 764 2419 semine
793 2377 840 2419 et
858 2374 1089 2430 sanguine
1111 2379 1368 2419 menstruo.
1406 2376 1526 2430 Ergo
1556 2372 1741 2417 videtur
1762 2373 1888 2428 quod
1911 2386 2000 2419 nec

105 2431 243 2502 etiam
281 2444 452 2489 corpus
484 2433 646 2478 Christi
676 2435 816 2480 fuerit
850 2440 1127 2492 conceptum
1161 2448 1221 2480 ex
1252 2435 1515 2492 purissimis
1556 2433 1868 2490 sanguinibus
1899 2434 1999 2478 Vir-

106 2503 245 2548 glnis.

161 2555 249 2599 Sed
271 2559 431 2599 contra
451 2562 523 2601 est
544 2557 671 2614 quod
690 2560 1007 2603 Damascenus
1028 2558 1140 2604 dicit
1158 2558 1299 2612 (Orth.
1317 2558 1396 2603 fid.
1414 2557 1494 2603 lib.
1513 2571 1575 2613 111,
1594 2568 1697 2613 cap.
1714 2559 1759 2610 2,
1774 2556 1823 2601 in
1836 2557 1994 2614 med),

107 2615 232 2673 quod
256 2633 276 2654 α
291 2616 432 2663 Filius
450 2618 529 2663 Dei
545 2619 807 2664 construxit
824 2620 912 2664 sibi
942 2620 1027 2677 ipsi
1053 2633 1111 2665 ex
1129 2619 1405 2664 castissimis
1436 2623 1484 2664 et
1515 2617 1781 2675 purissimis
1807 2620 1997 2676 sangui-

106 2677 245 2723 nibus
258 2679 456 2735 Virginis
479 2692 668 2724 carnem
691 2681 949 2725 animatam
971 2681 1129 2725 anima
1150 2681 1412 2725 rationali.»

154 2745 496 2787 CONCLUSIOe-
512 2747 745 2788 Secundum
760 2749 991 2789 naturalem
1005 2749 1279 2801 generationis
1290 2748 1477 2797 modum,
1496 2750 1739 2796 conceptum
1753 2747 1833 2787 fuit
1846 2748 1998 2791 Christi

105 2807 252 2850 corpus
277 2811 326 2839 ex
347 2801 583 2852 purissimis
603 2806 644 2843 61
664 2804 904 2844 castissimis
938 2804 1122 2855 Virginis
1149 2803 1437 2853 sanguinibus,
1457 2802 1509 2842 ad
1531 2801 1776 2852 ampliorem
1805 2802 1996 2854 digestio·

106 2862 204 2895 nem
220 2864 290 2904 per
308 2854 504 2895 virtutem
521 2857 799 2908 generativam
813 2857 941 2899 beatae
959 2858 1142 2908 Virginis
1159 2858 1350 2898 reductis.

160 2917 430 2972 Respondeo
451 2918 698 2965 dicendum
722 2921 863 2978 quod,
891 2921 1013 2966 sicut
1033 2933 1175 2976 supra
1198 2920 1374 2965 dictum
1394 2923 1466 2963 est
1482 2922 1583 2973 (art.
1602 2924 1780 2978 praec.),
1807 2921 1858 2966 in
1883 2935 1993 2967 con-

110 2978 318 3034 ceptione
337 2978 497 3023 Christi
521 2979 607 3024 fuit
625 2982 884 3027 secundum
903 2982 1218 3027 conditionem
1241 2986 1419 3025 naturae
1439 2981 1564 3037 quod
1582 2986 1656 3027 est
1684 2987 1823 3027 natus
1842 2996 1901 3028 ex
1922 2984 1996 3030 fe-

149 3088 194 3131 (⁴)
207 3088 318 3124 Siveh
333 3089 404 3124 loeo
419 3090 456 3124 in
475 3102 541 3131 quo
559 3095 633 3125 erat
648 3103 656 3124 1
674 3094 708 3126 et
723 3103 821 3126 mox:
847 3093 922 3127 Non
950 3093 1006 3127 de·
1091 3092 1176 3127 illud
1202 3104 1274 3133 syn.
1306 3101 1341 3126 vl
1364 3103 1479 3132 gener.
1504 3095 1569 3127 act.
1592 3093 1627 3127 Η
1659 3106 1669 3127 :
1698 3094 1760 3130 Ex
1783 3095 1995 3130 inviolabili

105 3137 248 3186 serendo
269 3139 336 3178 qui)
360 3144 511 3177 venerat,
535 3138 569 3172 id
597 3142 658 3178 est.
685 3151 754 3173 non
783 3140 1006 3182 relinquendo
1090 3151 1217 3182 nempe
1233 3145 1266 3175 et
1279 3140 1462 3182 viminali
1475 3141 1658 3184 sanquine
1672 3145 1809 3177 sancloe
1820 3146 1853 3177 et
1866 3143 1994 3176 imma·

108 3183 277 3232 locum-ad
288 3197 388 3225 quem
406 3193 599 3221 accesserat.
1091 3190 1225 3222 culatae
1241 3189 1403 3229 Virqinis
1416 3188 1455 3227 M
1459 3189 1564 3228 ariae,
1586 3188 1738 3224 Verbum
1753 3191 1836 3225 vere
1854 3190 1994 3232 factum

147 3233 191 3274 (2)
216 3233 614 3274 Nimirum-paganorum
629 3261 639 3275 ‚
663 3233 871 3275 ludaeorum,
896 3237 1002 3270 mani·
1093 3240 1144 3270 est
1163 3237 1421 3269 incarnatum.

106 3281 573 3322 chaeorum‚sabellianorum‚
592 3282 878 3318 arianorum:est
891 3288 1002 3318 autem
1133 3284 1177 3323 (41
1211 3283 1318 3325 Quam
1354 3284 1500 3317 Ecclesia
1529 3284 1563 3318 in
1598 3283 1682 3319 festo
1713 3284 1994 3320 Annuntiatinnis
2054 3328 2056 3332 ἡ

107 3329 304 3370 apostropha
319 3329 360 3363 ad
375 3330 586 3371 manichaeos,
606 3331 737 3365 nonnisi
754 3331 1002 3372 phantasticum
1087 3338 1245 3371 usurpat:
1268 3332 1365 3365 Deus
1382 3333 1444 3374 qui
1463 3332 1506 3365 (le
1522 3332 1635 3366 beatae
1656 3333 1794 3366 Marioe
1826 3332 1995 3376 Virginis
2055 3334 2061 3347 ⁸

108 3387 226 3416 rorpus
241 3383 463 3416 agnoscentes.
1086 3382 1232 3415 utero...
1249 3390 1399 3414 carnem
1413 3381 1603 3424 suscipere
1615 3380 1780 3415 voluisti.

147 3424 190 3466 (ὅ)
220 3425 431 3459 Affirmative
463 3425 639 3467 respondet
670 3427 704 3460 S.
746 3427 869 3460 Doctor
911 3430 1002 3465 iuxta
