2170 3808
774 192 972 242 QUAEST.
1002 192 1084 247 Lv,
1113 193 1231 235 ART.
1261 192 1279 234 1
1306 193 1370 236 ΕΤ
1398 192 1451 236 ιι.
1773 168 1779 178 ’
1967 194 2051 236 463

175 285 313 329 poena
327 272 567 330 praesentis
584 271 716 324 vitae3
739 279 785 315 et
803 271 1013 317 similiter
1034 273 1218 330 publica
1235 274 1396 318 merita
1415 272 1596 330 publice
1613 272 1840 328 praemiari
1853 276 2047 332 oportet,

176 339 226 378 ut
245 333 319 378 alii
335 336 656 391 provocentur.
682 332 767 376 Sed
783 345 933 388 poenae
952 338 997 378 et
1010 334 1199 390 praemia
1215 334 1383 379 futurae
1399 334 1503 378 vitae
1523 346 1615 377 non
1632 332 1813 389 publice
1832 333 2048 379 omnibus

176 394 542 451 manifestantur,
560 393 639 438 sed
664 395 924 450 specialiter
943 395 1033 439 illis
1061 395 1140 452 qui
1158 395 1214 439 ad
1240 396 1327 439 hoc
1345 395 1638 452 praeordinati
1661 401 1770 440 sunt
1789 396 1936 440 aDeo.

230 457 297 502 Ad
327 457 566 500 secundum
599 455 863 512 dicendum,
884 456 1008 512 quod
1033 456 1308 501 resurrectio
1337 457 1518 514 Christi,
1539 457 1658 502 sicut
1680 462 1750 502 est
1768 457 1826 501 ad
1844 469 2047 502 commu-

177 530 286 562 nem
303 518 508 562 omnium
538 517 751 572 salutem,
776 517 838 561 ita
857 518 904 562 in
929 517 1138 562 notitiam
1161 517 1366 562 omnium
1387 518 1619 575 pervenit3
1651 532 1745 563 non
1770 519 1956 575 quidem
1981 519 2048 565 sic

177 578 303 636 quod
319 579 580 625 immediate
598 578 815 624 omnibus
829 579 1219 635 manifestaretur,
1239 578 1322 624 sed
1341 578 1637 637 quibusdam,
1653 593 1736 638 per
1751 593 1950 638 quorum
1961 584 2049 627 tes-

178 640 420 693 timonium
441 641 697 686 deferretur
721 641 779 685 ad
802 653 980 686 omneS.

231 701 300 746 Ad
320 704 500 746 tertium
521 701 785 758 dicendum,
815 702 940 758 quod
967 701 1151 746 mulieri
1180 713 1270 745 non
1299 701 1580 758 permittitur
1606 702 1791 758 publice
1819 703 1983 749 docere
1999 704 2048 750 in

178 761 404 818 Ecclesia,
438 763 717 820 permittitur
749 768 903 807 autem
925 763 967 808 ei
989 763 1203 820 privatim
1235 762 1416 820 aliquos
1451 762 1704 808 domestica
1737 763 2050 812 admonitione

177 823 421 871 instruere.
442 827 494 870 Et
511 826 629 880 ideo,
663 826 783 870 sicut
804 825 1072 871 Ambrosius
1095 825 1205 870 dicit
1227 837 1367 882 super
1392 827 1501 870 Luc.
1529 827 1650 881 (sup.
1683 824 1798 870 illud
1824 838 1926 883 cap.
1955 829 2011 872 24
2033 843 2046 872 ε

178 886 386 930 Mulieres
409 899 467 930 ex
487 889 670 941 nostris)
691 902 703 932 z
729 905 749 926 «
771 888 837 933 Ad
855 899 936 933 eos
958 887 1148 932 foemina
1166 887 1363 931 mittitur
1387 887 1467 944 qui
1489 886 1727 930 domestici
1749 891 1886 942 sunt3
1911 906 1931 927 ι»
1954 900 2049 934 non

178 953 334 994 autem
352 949 546 994 mittitur
567 950 625 994 ad
644 950 730 994 hoc
750 950 874 1007 quod
891 949 1242 995 resurrectionis
1259 949 1572 994 testimonium
1595 949 1710 992 ferat
1727 948 1786 992 ad
1807 950 2046 1006 populum.

180 1009 284 1055 Ideo
315 1015 468 1055 autem
495 1011 640 1067 primo
662 1011 935 1056 mulieribus
967 1010 1196 1068 apparuit,
1224 1015 1275 1054 ut
1295 1010 1490 1066 mulier,
1524 1022 1629 1067 quae
1657 1010 1804 1065 primo
1835 1011 2049 1057 nuntium

179 1072 339 1116 mortis
357 1072 414 1117 ad
437 1073 667 1117 hominem
691 1073 868 1130 detulit,
890 1072 1039 1129 primo
1061 1072 1199 1116 etiam
1221 1072 1366 1116 vitam
1385 1072 1669 1127 resurgentis
1690 1072 1853 1116 Christi
1875 1073 1922 1116 in
1946 1073 2049 1129 glo-

178 1132 247 1178 1·Ῑᾶ
269 1133 518 1179 nuntiaret.
540 1134 666 1179 Unde
690 1134 887 1191 Cyrillus
910 1133 1021 1179 dicit
1038 1133 1136 1189 (lib.
1153 1136 1208 1177 12
1228 1133 1276 1176 in
1291 1136 1420 1177 Joan.
1441 1145 1546 1187 sup.
1567 1133 1681 1177 illud
1698 1146 1799 1190 cap.
1817 1136 1897 1178 20:
1922 1137 2049 1179 Vade

178 1195 244 1240 ad
254 1198 442 1250 fratres,
458 1199 593 1251 etc.):
622 1214 642 1235 «
664 1197 883 1252 Foemina,
903 1208 1008 1252 quae
1028 1195 1260 1252 quondam
1281 1195 1444 1240 mortis
1466 1195 1553 1239 fuit
1577 1196 1803 1253 ministra,
1824 1209 2051 1243 veneran-

176 1257 290 1303 dum
308 1258 656 1303 resurrectionis
671 1258 946 1316 mysterium
963 1257 1113 1313 prima
1135 1257 1330 1313 percipit
1351 1262 1397 1301 et
1416 1257 1611 1301 nuntiat.
1634 1258 1859 1314 Adeptum
1878 1264 1947 1303 est
1959 1258 2051 1316 igi-

176 1322 253 1363 tur
270 1319 537 1364 foemineum
567 1331 713 1375 genus
740 1322 787 1364 et
814 1318 1083 1375 ignominiae
1111 1318 1467 1371 absolutionem,
1489 1323 1535 1362 et
1560 1319 1895 1364 maledictionis
1914 1333 2052 1376 repu-

101 1424 107 1430 ,
175 1379 319 1424 dium.
336 1398 357 1417 ι»
375 1378 590 1423 Similiter
608 1380 743 1424 etiam
761 1392 842 1436 per
864 1380 952 1424 hoe
966 1379 1225 1424 ostenditur
1240 1380 1378 1436 quod,
1395 1383 1620 1435 quantum
1632 1381 1689 1424 ad
1703 1386 1874 1424 statum
1892 1381 2050 1437 gloriae

174 1441 386 1497 pertinet,
420 1441 599 1485 nullum
624 1441 951 1487 detrimentum
981 1441 1181 1498 patietur
1212 1441 1461 1486 foemineus
1499 1454 1672 1497 sexus,
1704 1442 1785 1497 sed
1820 1442 1858 1486 si
1886 1444 2048 1500 majori

174 1502 394 1546 charitate
425 1502 690 1556 fervebunt,
714 1503 875 1559 maj0ri
910 1503 1046 1547 etiam
1069 1503 1215 1558 gloria
1243 1515 1299 1547 ex
1323 1503 1501 1547 visione
1531 1502 1687 1546 divina
1718 1502 1976 1561 potientur,
1994 1505 2050 1549 eo

176 1565 296 1621 quod
318 1566 552 1620 mulieres,
581 1578 686 1621 quae
715 1565 955 1608 Dominum
988 1565 1161 1608 arctius
1185 1568 1475 1617 amaverunt,
1503 1563 1553 1607 in
1584 1567 1764 1609 tantum
1793 1571 1845 1610 ut
1868 1566 1927 1611 ab
1948 1567 2050 1624 ejus

176 1625 389 1680 sepulcro
421 1626 660 1682 discipulis
688 1625 824 1670 etiam
860 1625 1182 1670 recedentibus
1219 1637 1315 1669 non
1349 1625 1636 1680 recederent,
1658 1626 1806 1682 primo
1837 1627 2052 1698 viderunt

175 1687 450 1732 Dominum
439 1700 487 1744 ιιι
507 1688 654 1742 gloria
672 1693 993 1744 resurgentem
1012 1688 1085 1742 (1).

230 1751 573 1793 ARTICULUS
602 1753 660 1794 11.
691 1774 746 1781 -—
775 1764 906 1792 mmm
943 1763 1109 1792 rmssrrr
1138 1762 1393 1794 conv-snmus
1423 1763 1532 1799 Quoi)
1561 1763 1763 1794 mscirum
1792 1764 1996 1796 vinarium·

892 1825 1093 1854 cnms’run
1122 1823 1377 1855 ausonense.

230 1872 299 1916 Ad
319 1872 576 1925 secundum
598 1872 666 1917 sic
692 1873 969 1929 proceditur.
1000 1877 1044 1917 1.
1069 1872 1257 1918 Videtur
1289 1872 1414 1929 quod
1435 1873 1718 1919 conveniens
1739 1874 1903 1919 fuisset
1925 1875 2051 1932 quod

177 1933 390 1990 discipuli
410 1934 618 1979 viderent
633 1934 860 1979 Christum
893 1947 1152 1991 resurgere.
1182 1935 1251 1980 Ad
1275 1934 1527 1991 discipulos
1549 1935 1671 1979 enim
1704 1936 1962 1993 pertinebat
1979 1950 2051 1983 re-

177 1996 512 2040 surrectionem
530 1996 694 2040 Christi
721 1995 968 2055 testificari,
990 1997 1247 2042 secundum
1282 1997 1397 2041 illud
1415 1999 1526 2051 (Act.
1549 2011 1605 2054 ιν,
1628 1999 1698 2051 33)
1725 2013 1737 2042 z
1762 2001 1941 2043 Virtute
1956 2013 2052 2044 ma-

175 2060 268 2114 gma
295 2059 549 2101 reddebant
578 2059 784 2114 Apostoli
819 2061 1122 2102 testimonium
1153 2062 1497 2103 resurrectionis
1523 2063 1630 2103 Jesu
1663 2060 1836 2104 Christi
1870 2065 2050 2105 Domini

175 2120 333 2163 nostri.
355 2119 444 2164 Sed
463 2119 775 2164 certissimum
794 2123 867 2163 est
879 2120 1202 2164 testimonium
1221 2121 1279 2165 de
1298 2120 1420 2165 visu.
1444 2123 1563 2175 Ergo
1586 2122 1870 2167 conveniens
1888 2123 2051 2169 fuisset

176 2183 230 2224 ut
245 2179 397 2236 ipsam
417 2180 801 2225 resurrectionem
823 2180 989 2225 Christi
1011 2182 1236 2227 viderent.

230 2244 274 2285 2.
306 2244 550 2298 Praeterea,
582 2243 641 2287 ad
677 2243 1001 2287 certitudinem
1035 2243 1140 2288 fidei
1173 2243 1436 2289 habendam
1480 2243 1693 2300 discipuli
1729 2246 2050 2291 ascensionem

175 2303 342 2348 Christi
362 2305 592 2361 viderunt,
621 2306 879 2350 secundnm
908 2306 1022 2351 illud
1047 2307 1160 2363 (Act.
1184 2320 1215 2359 1,
1240 2309 1282 2361 9)
1311 2322 1322 2350 :
1351 2307 1614 2350 Videntz‘bus
1634 2307 1726 2350 illis
1749 2307 1947 2352 elevatus
1965 2312 2048 2355 est.

177 2365 265 2411 Sed
287 2365 497 2411 similiter
514 2370 694 2422 oportet
718 2368 776 2412 de
800 2368 1136 2413 resurrectione
1166 2368 1325 2412 Christi
1356 2372 1527 2413 certam
1560 2368 1699 2413 fidem
1725 2368 1908 2415 habere.
1933 2373 2052 2426 Ergo

175 2426 359 2472 videtur
372 2427 496 2483 qued
519 2428 755 2484 discipulis
770 2429 1036 2473 videntibus
1059 2429 1269 2474 debuerit
1287 2429 1495 2473 Christus
1515 2441 1775 2486 resurgere.

232 2491 273 2533 3.
295 2491 532 2546 Praeterea,
550 2491 828 2535 resurrectio
843 2491 997 2534 Lazari
1013 2491 1247 2547 quoddam
1271 2491 1493 2535 indicium
1520 2491 1607 2535 fuit
1629 2491 1798 2537 futurae
1818 2507 2051 2541 resurrec-

175 2550 314 2595 tionis
349 2550 529 2596 Christi.
572 2552 659 2598 Sed
695 2552 934 2609 discipulis
975 2553 1242 2598 videntibus
1277 2553 1499 2598 Dominus
1537 2555 1759 2600 Lazarum
1792 2557 2047 2603 suscitavit.

175 2613 292 2668 Ergo
324 2612 507 2658 videtur
533 2614 658 2670 quod
692 2615 832 2660 etiam
862 2615 1068 2661 Christus
1103 2627 1346 2671 resurgere
1378 2615 1589 2661 debuerit
1623 2616 1862 2673 discipulis
1891 2619 2051 2664 viden-

175 2674 316 2719 tibus.

230 2735 317 2780 Sed
340 2739 498 2780 contra
533 2742 605 2781 est
637 2738 763 2794 quod
792 2739 961 2784 dicitur
996 2740 1145 2792 (Marci
1175 2740 1261 2784 ult.
1299 2742 1371 2794 9):
1399 2743 1644 2795 Resurqens
1684 2743 1896 2784 Dominus
1919 2755 2051 2786 mane

173 2799 327 2853 prima
339 2797 528 2853 sabbati,
546 2804 767 2855 apparuit
778 2804 926 2857 primo
938 2805 1099 2846 Mariae
1112 2802 1411 2858 Maqdalenae.
1430 2801 1515 2845 Sed
1524 2801 1660 2845 Maria
1678 2802 1940 2857 Magdalena
1956 2816 2051 2849 non

175 2857 291 2903 vidit
310 2869 418 2903 eum
436 2870 704 2917 resurgere,
728 2862 810 2906 sed
839 2867 946 2907 cum
967 2875 1075 2907 eum
1103 2868 1332 2919 quaereret
1357 2862 1404 2905 in
1434 2862 1664 2918 sepulcro,
1689 2862 1865 2907 audivit
1883 2864 1942 2910 ab
1971 2877 2050 2910 an·

177 2920 309 2977 gelo:
325 2922 553 2977 Surrexit,
569 2935 657 2965 non
672 2926 737 2966 est
757 2923 847 2968 hic.
869 2927 987 2980 Ergo
1007 2924 1165 2969 nullus
1181 2924 1295 2969 vidit
1311 2936 1417 2968 eum
1433 2936 1691 2979 resurgere.

223 2987 509 3027 CONCLUSIO.
534 3010 583 3017 —
608 2990 712 3030 Cum
731 2990 916 3031 Christus
942 3003 1169 3054 resulgens,
1198 2991 1251 3031 ad
1273 2992 1404 3032 vitam
1425 2992 1698 3032 communiter
1721 2991 1959 3034 hominibus
1979 3008 2049 3036 no-

178 3044 264 3082 tam
278 3042 453 3082 minime
477 3043 666 3093 redierit,
686 3056 770 3085 non
795 3046 938 3087 debuit
961 3047 1051 3099 ejus
1068 3047 1303 3088 resurrectio
1321 3047 1557 3087 immediate
1574 3047 1626 3087 ab
1643 3047 1881 3089 hominibus
1902 3050 2047 3101 videri,

177 3097 246 3140 sed
258 3099 317 3138 eis
329 3098 381 3138 ab
401 3100 556 3150 angelis
575 3101 776 3142 nuntiari.

232 3162 498 3217 Respondeo
515 3162 763 3208 dicendum
779 3163 920 3222 quod,
944 3166 1064 3210 sicut
1093 3165 1204 3212 dicit
1232 3165 1476 3223 Apostolus
1497 3169 1639 3222 (Rom.
1661 3181 1748 3224 xm,
1779 3169 1820 3223 1)
1846 3184 1856 3213 ι
1888 3173 1993 3226 Quae
2019 3172 2050 3214 ὰ

219 3278 267 3320 (l)
292 3278 389 3312 Juxta
425 3278 515 3318 piam
539 3282 572 3314 et
600 3278 811 3321 probabilem
848 3282 1071 3326 sententiam,
1157 3285 1268 3325 primo
1297 3284 1448 3319 omnium
1478 3287 1673 3326 apparuerit
1695 3285 1810 3321 Mariae
1828 3286 2047 3329 Magdalenae‚

178 3325 330 3359 Christus
342 3324 451 3366 primo
468 3337 605 3366 appalul
596 3327 622 3360 it
642 3328 743 3362 matri
766 3341 855 3371 suae;
880 3330 958 3371 quia
976 3331 1071 3366 dece·
1157 3344 1225 3366 non
1239 3331 1373 3368 videtur
1394 3332 1576 3373 rejicienda
1594 3335 1751 3374 tanquam
1768 3333 2000 3375 improbabilis
2015 3339 2051 3370 et

178 3373 236 3408 hat
248 3373 371 3407 Filium
391 3373 556 3408 honorare
571 3380 659 3409 matt
662 3387 714 3409 em
734 3388 802 3417 prae
819 3378 965 3422 caeteri53
981 3383 1071 3413 atta-
1156 3379 1272 3421 impia,
1292 3384 1330 3414 ut
1344 3380 1384 3414 fit
1397 3380 1416 3415 ὲ
1432 3380 1644 3424 quibusdam.

179 3432 257 3455 men
286 3420 391 3455 altera
408 3421 572 3456 sententia
598 3435 670 3464 quoe
694 3429 792 3463 negat
816 3424 961 3467 dicitque
980 3427 1069 3468 quod
