2170 3808
125 159 208 202 144
720 157 918 207 QUAEST.
943 155 1029 210 XV,
1059 154 1178 197 ART.
1210 155 1265 197 IX
1292 150 1356 197 ET
1385 156 1435 198 X.

126 239 272 296 part1s
286 253 299 296 ς
314 238 378 284 ita
397 238 537 283 etiam
550 237 577 283 e
591 249 817 282 converso
837 236 1080 293 passiones
1093 235 1324 280 inferioris
1338 235 1482 293 partis
1497 235 1546 280 in
1564 235 1691 281 nullo
1712 234 2020 292 impediebant

127 305 282 346 actum
316 301 524 345 rationis.

154 365 500 407 ARTlCULUS
521 364 580 406 X.
607 384 658 392 —-
678 374 831 413 ,ui-Ruri
859 373 1057 404 cmusrus
1080 372 1202 404 snum.
1233 373 1382 403 runnu·
1403 373 1552 404 νιΑτοιι
1580 374 1631 403 m·
1652 372 1990 404 conrnunmson.

132 431 182 467 De
194 432 248 466 his
277 432 376 466 etiam
395 432 490 466 Sent.
507 439 562 470 ιιι,
582 429 659 465 dist.
676 430 729 470 Μ,
749 434 814 465 art.
831 429 864 471 2,
885 434 920 463 et
938 428 1015 463 dist.
1033 428 1085 469 18.
1108 432 1176 464 nrt.
1195 427 1229 470 2,
1249 432 1284 463 et
1301 429 1348 463 De
1363 440 1432 464 ver.
1452 433 1569 470 quaest.
1585 436 1681 469 xxVI,
1700 433 1766 463 ert.
1790 428 1844 468 lo,
1858 432 1892 462 et
1905 431 2019 470 quaest.

164 488 262 521 xxix,
281 486 347 514 art.
363 481 396 520 6,
418 483 453 514 et
465 478 581 521 quodi.
602 488 627 520 ¹,
646 482 764 520 quaest.
792 486 831 520 11,
852 483 918 513 art.
933 477 968 512 'll
992 488 1085 518 corp.
1104 481 1138 511 et
1150 477 1274 518 opusc.
1298 485 1336 518 ιι,
1354 488 1425 518 cap.
1438 478 1513 518 258.
1534 482 1568 512 et
1582 478 1704 523 Opusc.
1721 485 1821 516 xvm,
1853 488 1928 518 cap.
1944 477 1977 512 4.

182 534 247 580 Ad
270 534 502 579 decimum
525 534 593 579 sic
612 533 892 591 proceditur.
915 536 958 577 1.
984 531 1172 576 Videtur
1197 530 1321 588 quod
1351 531 1557 576 Christus
1590 544 1683 576 non
1715 531 1852 576 fuerit
1882 531 2022 577 simul
2077 542 2081 550 ·

127 597 275 640 viator
301 601 348 642 et
378 597 752 652 comprehensor.
790 594 957 639 Viatori
997 592 1124 639 enim
1147 593 1367 650 competit
1405 595 1579 639 moveri
1617 594 1677 638 ad
1698 594 1839 638 finem
1875 593 2023 638 beati-

129 657 303 702 tudinis
325 674 337 703 :
363 657 735 715 comprehensuri
754 663 910 702 autem
942 655 1163 712 competit
1181 655 1229 699 in
1262 656 1355 700 fine
1374 656 1627 712 quiescere.
1649 656 1735 700 Sed
1756 667 1848 699 non
1871 660 2023 712 potest

128 719 280 764 eidem
313 720 453 765 simul
484 720 735 765 convenire
764 719 887 776 quod
922 723 1165 763 moveatur
1204 718 1264 763 ad
1301 718 1459 773 finem,
1496 723 1543 763 et
1577 717 1703 774 quod
1736 717 1943 774 quiescat
1973 717 2022 761 in

128 780 237 827 fine.
271 785 390 839 Ergo
412 795 507 827 non
530 782 681 840 potuit
713 782 855 826 simul
877 792 982 826 esse
1019 779 1143 837 qued
1178 779 1388 826 Christus
1410 784 1535 826 esset
1565 779 1712 824 viator
1748 785 1794 824 et
1815 791 2023 836 compre·

128 842 315 888 hensor.

183 908 227 951 2.
258 909 495 963 Praeterea,
535 906 712 951 moveri
735 906 795 952 ad
829 904 1182 960 beatitudinem,
1199 908 1280 949 aut
1301 916 1402 950 eam
1424 904 1652 959 obtinere,
1680 915 1773 948 non
1806 903 2025 959 competit

129 969 304 1014 homini
328 969 589 1015 secundum
625 982 812 1026 corpus,
843 968 928 1014 sed
965 967 1223 1012 secundum
1247 967 1451 1012 animam
1477 969 1558 1021 (1)·,
1582 965 1708 1011 unde
1737 965 2025 1022 Augustinus

131 1030 242 1074 dicit
274 1031 338 1085 (in
365 1031 558 1088 epistola
579 1031 639 1076 ad
660 1031 942 1085 Dioscorum,
964 1031 1063 1082 118,
1086 1027 1145 1072 al.
1169 1031 1239 1082 56,
1276 1041 1441 1085 parum
1473 1032 1581 1072 ante
1603 1027 1759 1082 med),
1783 1027 1907 1084 quod
1933 1027 2025 1073 «ad

129 1091 394 1138 inferiorem
413 1099 643 1150 naturam,
659 1106 764 1150 quae
775 1098 847 1137 est
860 1104 1046 1148 corpus,
1062 1090 1294 1135 redundat
1309 1092 1367 1136 ab
1383 1090 1553 1147 anima,
1569 1101 1660 1133 non
1675 1089 1909 1134 beatitudo
1920 1102 2025 1147 quae

131 1155 314 1212 propria
329 1160 398 1200 est
415 1155 612 1200 fruentis
626 1159 672 1200 et
691 1154 1010 1210 intelligentis,
1034 1152 1116 1197 sed
1134 1152 1375 1209 plenitudo
1394 1152 1624 1206 sanitatis,
1641 1150 1686 1195 id
1701 1156 1772 1195 est
1791 1151 2027 1207 incorrup-

134 1215 269 1261 tionis
288 1217 469 1273 vigor.»
486 1219 573 1263 Sed
592 1217 797 1263 Christus
818 1217 923 1262 licet
942 1214 1132 1260 haberet
1148 1227 1318 1272 corpus
1342 1214 1575 1272 passibile,
1601 1219 1754 1257 tamen
1768 1214 2026 1259 secundum

133 1284 334 1323 mentem
371 1279 506 1335 plene
524 1283 615 1324 Deo
653 1278 910 1323 fruebatur.
945 1280 1043 1321 Non
1064 1275 1205 1331 igitur
1239 1277 1446 1322 Christus
1484 1276 1571 1319 fuit
1592 1274 1755 1331 viator,
1778 1275 1862 1320 sed
1881 1288 2026 1332 purus

132 1342 509 1397 comprehensor.

184 1403 229 1446 3.
261 1405 498 1458 Praeterea,
524 1401 688 1455 sancti,
708 1414 908 1459 quorum
924 1401 1091 1446 animae
1111 1406 1222 1447 sunt
1236 1401 1284 1446 in
1304 1401 1423 1446 coelo
1441 1405 1488 1446 et
1510 1412 1702 1456 corpora
1715 1401 1763 1446 in
1782 1398 2026 1456 sepulcris,

132 1463 351 1509 fruuntur
372 1464 562 1521 quidem
583 1463 872 1509 beatitudine
892 1467 1154 1510 secundum
1176 1464 1398 1519 animam,
1421 1465 1637 1520 quamvis
1653 1476 1815 1510 eorum
1834 1473 2027 1518 corpora

132 1527 269 1572 morti
285 1527 558 1584 subjaceant
581 1543 594 1583 3
621 1531 668 1572 et
691 1532 845 1571 tamen
867 1539 960 1571 non
984 1528 1204 1573 dicuntur
1219 1528 1435 1583 viatores,
1457 1527 1539 1572 sed
1557 1527 1709 1572 solum
1728 1525 2028 1583 comprehen-

133 1601 277 1634 sores.
316 1592 433 1646 Ergo
469 1588 568 1646 pari
591 1589 768 1633 ratione
798 1588 904 1633 licet
926 1602 1096 1646 corpus
1133 1588 1297 1635 Christi
1321 1588 1460 1633 fuerit
1488 1590 1706 1646 mortale3
1732 1589 1841 1647 quia
1871 1593 2026 1632 tamen

132 1662 266 1696 mens
288 1651 328 1708 ej
337 1665 391 1696 us
406 1655 496 1696 Deo
510 1651 767 1707 fruebatur,
786 1650 971 1696 videtur
988 1651 1113 1709 quod
1131 1651 1269 1697 fuerit
1285 1663 1431 1708 purus
1446 1653 1822 1708 comprehensor,
1841 1653 1888 1694 et
1899 1649 2030 1693 nullo

132 1714 271 1759 modo
290 1714 455 1759 viator.

82 1779 84 1782 ⁴
185 1777 274 1822 Sed
293 1781 452 1822 contra
476 1782 548 1822 est
569 1775 695 1833 quod
716 1776 883 1821 dicitur
908 1778 1089 1832 (serem.
1112 1791 1198 1833 xiv,
1219 1778 1261 1831 8)
1280 1791 1292 1820 ε
1317 1780 1468 1831 Quare
1489 1780 1620 1833 quasi
1643 1777 1824 1820 colonus
1844 1777 2029 1830 futurus

133 1850 179 1882 es
197 1841 246 1882 in
266 1843 411 1895 terra,
437 1842 480 1883 et
496 1841 629 1895 quasi
641 1841 791 1882 viator
809 1839 1042 1884 declinans
1060 1840 1124 1884 ad
1144 1838 1447 1883 manendum?

179 1907 473 1947 CONCLUSIO.
497 1928 544 1936 —
565 1905 751 1946 Christus
770 1904 898 1946 simul
917 1907 1230 1958 comprehensor
1254 1906 1334 1946 fuit
1349 1936 1359 1955 ,
1377 1907 1582 1958 quatenus
1613 1905 1913 1947 beatitudinem
1932 1905 2028 1945 ani-

131 1973 210 2003 mae
244 1963 450 2015 propriam
470 1961 659 2011 habebat,
680 1966 722 2002 et
738 1960 885 2011 viator,
904 1963 1108 2013 quatenns
1132 1962 1176 2002 in
1207 1961 1505 2003 beatitudinem
1530 1962 1719 2003 tendebat
1737 1961 1962 2003 secundum
1987 1959 2029 2002 id

132 2018 242 2069 quod
263 2020 301 2058 ei
323 2018 372 2058 de
387 2017 639 2059 beatitudine
657 2017 807 2058 deerat.

187 2081 463 2138 Respondeo
501 2081 753 2126 dicendum
775 2080 902 2138 quod
935 2081 1104 2139 aliquis
1126 2081 1294 2127 dicitur
1326 2081 1477 2125 viator
1494 2093 1554 2126 ex
1579 2093 1636 2126 eo
1658 2080 1783 2137 quod
1808 2079 1954 2125 tendit
1981 2079 2030 2124 in

132 2143 492 2199 beatitudinem3
514 2143 876 2199 comprehensor
898 2149 1055 2188 autem
1074 2143 1244 2188 dicitur
1258 2154 1318 2188 ex
1338 2142 1426 2186 hoc
1442 2141 1569 2199 quod
1581 2143 1681 2199 Jam
1697 2141 2028 2187 beatitudinem

133 2205 327 2258 obtinet,
348 2205 607 2250 secundum
626 2204 740 2250 illud
763 2206 812 2259 (Ι.
837 2205 1042 2250 Corinth.
1061 2219 1118 2260 ix,
1141 2208 1244 2259 ἓως
1269 2208 1343 2249 Sic
1359 2207 1530 2248 wrrt'te
1546 2208 1597 2247 ut
1615 2204 2027 2261 comprehendatis;

134 2272 181 2312 et
193 2268 403 2324 (Philipp.
413 2281 474 2322 111,
487 2269 558 2320 12)
574 2269 941 2321 :Sequorautem,
955 2270 1092 2323 siquo
1106 2267 1238 2311 modo
1251 2266 1644 2323 comprehendam.
1658 2266 1864 2311 Hominis
1873 2273 2030 2310 autem

134 2330 371 2375 beatitudo
387 2329 589 2386 perfecta
606 2328 820 2373 consistit
846 2329 894 2372 in
915 2329 1072 2373 anima
1091 2337 1136 2374 et
1160 2341 1367 2385 corpore,
1394 2335 1449 2374 ut
1470 2328 1517 2373 in
1533 2328 1739 2373 secunda
1754 2332 1883 2385 parte
1901 2327 2030 2371 habi-

136 2396 233 2436 tum
251 2397 323 2436 est
333 2394 369 2446 (1
390 2393 431 2447 2,
451 2394 616 2447 quaest.
636 2403 696 2445 W,
714 2395 801 2434 art.
821 2392 879 2442 6).
901 2393 949 2434 ln
974 2390 1130 2435 anima
1148 2391 1338 2448 quidem
1358 2394 1585 2447 quantum
1610 2390 1669 2435 ad
1688 2389 1733 2434 id
1757 2389 1882 2446 quod
1903 2394 1974 2433 est
1987 2387 2030 2434 ei

135 2453 391 2511 proprium,
418 2452 677 2497 secundum
696 2451 822 2507 quod
839 2464 974 2497 mens
992 2453 1119 2498 videt
1138 2457 1184 2497 et
1206 2452 1375 2497 fruitur
1396 2455 1508 2509 De03
1535 2452 1582 2496 in
1598 2464 1792 2509 corpore
1813 2451 1937 2505 vero,
1957 2462 2030 2496 se·
2094 2457 2097 2460 ’

134 2515 339 2561 cundum
363 2513 488 2572 quod
506 2525 675 2570 corpus
698 2519 911 2569 resurget
945 2513 1199 2571 spirituale,
1220 2514 1334 2559 etin
1365 2514 1551 2572 virtute,
1576 2518 1625 2559 et
1653 2514 1701 2558 in
1727 2514 1888 2570 gloria,
1915 2514 2030 2559 etin

134 2577 502 2634 incorruptione,
522 2581 575 2620 ut
597 2574 766 2620 dicitur
787 2577 835 2630 (l.
871 2576 1072 2621 Corinth.
1098 2579 1184 2632 xv).
1211 2576 1417 2621 Christus
1440 2581 1597 2621 autem
1628 2582 1737 2621 ante
1767 2576 2030 2633 passionem

133 2639 391 2686 secundum
408 2643 610 2683 mentem
623 2637 761 2694 plene
775 2637 962 2683 videbat
975 2641 1118 2684 Deum
1132 2654 1146 2695 ς
1168 2645 1214 2685 et
1229 2639 1296 2684 sic
1310 2639 1510 2684 habebat
1527 2639 1862 2684 beatitudinem
1878 2651 2030 2696 quan-

135 2708 231 2752 ium
257 2703 316 2749 ad
338 2703 383 2748 id
402 2702 527 2760 quod
548 2706 620 2746 est
643 2701 881 2758 proprium
903 2702 1098 2759 animae3
1122 2704 1204 2749 sed
1228 2704 1457 2761 quantum
1476 2702 1535 2747 ad
1558 2703 1649 2747 alia
1671 2703 1830 2748 deerat
1859 2702 1901 2747 ei
1921 2702 2031 2748 bea-

136 2765 306 2820 titud03
334 2764 442 2823 qnia
462 2768 508 2808 et
526 2763 683 2807 anima
704 2763 807 2819 ejus
829 2768 929 2808 erat
949 2765 1181 2821 passibilis
1195 2773 1243 2810 et
1264 2778 1434 2822 corpus
1451 2764 1670 2823 passibile
1689 2770 1735 2810 et
1749 2764 1958 2819 mortale,
1979 2768 2031 2809 ut

133 2839 192 2872 ex
210 2840 354 2885 supra
377 2826 513 2872 dictis
533 2829 661 2882 patet
687 2826 792 2879 (art.
816 2829 830 2869 l
870 2825 969 2882 huj.
993 2832 1159 2883 quaest.
1181 2833 1227 2872 et
1250 2831 1417 2884 quaest.
1437 2841 1523 2882 xiv,
1547 2832 1634 2871 art.
1654 2830 1676 2871 1
1709 2832 1755 2871 et
1773 2830 1834 2880 2).
1855 2828 1907 2870 Et
1928 2826 2033 2871 ideo

132 2890 273 2936 simul
295 2894 394 2935 erat
411 2888 790 2944 comprehensor,
811 2886 1088 2944 inquantum
1114 2888 1313 2934 habebat
1334 2889 1665 2934 beatitudinem
1682 2888 1915 2946 propriam
1931 2888 2032 2933 ani

132 2963 237 3008 mae,
272 2957 318 2997 et
351 2950 492 2997 simul
524 2949 685 3006 viator,
710 2949 987 3005 inquantum
1010 2950 1229 2996 tendebat
1255 2951 1304 2995 in
1337 2951 1671 2996 beatitudinem
1693 2950 1952 2996 secundum
1983 2949 2032 2997 id

139 3013 257 3071 quod
280 3013 322 3058 ei
356 3013 414 3057 de
435 3011 723 3056 beatitudine
748 3010 919 3057 deerat.

186 3075 251 3122 Ad
287 3078 487 3132 primum
513 3086 623 3130 ergo
659 3073 928 3131 dleendum,
948 3075 1074 3132 quod
1103 3075 1389 3132 impossibile
1409 3080 1481 3120 est
1520 3076 1695 3121 moveri
1728 3076 1786 3121 ad
1813 3075 1955 3120 finem
1984 3079 2032 3121 et

133 3138 372 3196 quiescere
396 3137 442 3180 in
465 3137 556 3180 fine
575 3135 834 3180 secundum
857 3135 1002 3192 idemz,
1029 3137 1111 3183 sed
1133 3138 1389 3182 secundnm
1419 3138 1602 3183 diversa
1627 3137 1740 3182 nihil
1761 3140 1847 3182 hoc
1877 3138 2031 3194 prohi-

133 3201 212 3246 bet
231 3211 243 3243 t
261 3198 382 3243 sicut
402 3197 570 3254 aliquis
588 3198 727 3241 homo
744 3197 883 3242 simul
907 3204 978 3242 est
1000 3200 1155 3245 sciens
1178 3201 1407 3257 quantum
1428 3200 1487 3245 ad
1506 3213 1561 3245 ea
1579 3212 1685 3257 quae
1699 3199 1798 3257 jam
1817 3198 1963 3255 novit,
1984 3202 2032 3244 et

134 3261 379 3307 addiscens
401 3259 628 3316 quantum
650 3258 710 3302 ad
729 3271 783 3302 ea
807 3270 912 3315 quae
934 3261 1145 3307 nondum
1168 3263 1310 3307 novit.

175 3365 219 3408 (l)
247 3365 292 3399 Ut
319 3376 379 3399 suo
406 3362 479 3397 loco
506 3374 544 3396 ex
576 3362 724 3404 professo
759 3362 884 3396 dicitur
914 3364 1042 3404 (quaest.
1130 3369 1245 3407 quaest.
1272 3375 1296 3405 ι,
1321 3367 1433 3407 arti,
1461 3366 1519 3400 ubi
1536 3369 1570 3400 et
1587 3365 1796 3400 contrarium
1823 3376 1886 3407 pro
1911 3364 2030 3400 haeresi

130 3420 215 3448 Lxlx
245 3412 411 3456 supplem.
435 3415 501 3448 art.
523 3411 557 3455 2,
576 3422 614 3445 ex
639 3410 700 3446 lib.
718 3420 751 3447 lv
770 3412 865 3446 Sent.
894 3411 972 3447 dist.
991 3414 1045 3455 45,
1132 3413 1324 3449 habendum
1342 3414 1541 3449 ostenditur.
