2170 3808
88 2659 99 2671 ·
168 2639 380 2684 dicantes
392 2652 486 2683 non
497 2640 815 2697 crederentur,
836 2641 927 2685 nisi
945 2641 1013 2686 eis
1026 2643 1124 2699 ipse
1136 2643 1360 2688 Dominus
1374 2644 1499 2688 viam
1524 2644 1569 2687 in
1590 2645 1809 2690 cordibus
1822 2646 2065 2695 hominum
2095 2646 2113 2701 ᾗς

190 209 272 251 455
764 176 967 250 'QuAEsr
992 196 1075 251 Lv,
1105 196 1222 238 ART.
1255 195 1310 238 ιιι
1337 195 1400 238 ET
1429 197 1495 240 1v.

185 283 476 341 Augustinus
499 280 611 327 dicit
640 282 719 334 (De
743 291 979 324 consensu
1002 282 1177 334 Evang.
1200 277 1280 322 lib.
1306 292 1363 333 ιιι,
1387 291 1489 335 cap.
1510 277 1594 322 ult.
1624 276 1651 320 a
1669 276 1829 330 med),
1851 283 1956 332 post
1980 277 2069 333 pri-

185 358 286 392 mas
313 345 521 402 quinque
539 341 853 398 apparitiones
870 341 1004 385 sexto
1022 340 1089 385 eis
1112 339 1341 396 apparuit,
1361 339 1442 384 ubi
1466 340 1582 384 vidit
1600 351 1706 383 eum
1729 338 1949 391 Thomas,
1973 349 2072 394 sep·

185 408 296 454 timo
312 407 370 450 ad
392 416 518 448 mare
532 403 782 448 Tiberiadis
801 402 846 446 in
872 403 1087 459 captione
1106 401 1320 458 piscium;
1340 402 1502 446 octavo
1522 402 1567 445 in
1591 406 1748 445 monte
1770 399 1980 454 Galilaeae,
2001 411 2071 444 se-

178 468 392 515 cundum
421 466 712 520 Matthaeum3
740 464 881 521 nono,
917 464 1043 521 quod
1073 464 1183 508 dicit
1214 465 1408 520 Marcus,
1441 465 1675 506 novissime
1706 461 2068 516 recumbentibus,

177 530 293 588 -quia
318 530 416 584 Jam
442 541 533 572 non
555 532 688 572 erant
707 527 756 571 in
775 532 912 584 terra,
942 538 1049 570 cum
1072 526 1149 570 illo
1169 524 1483 582 convivaturi,
1510 524 1689 570 decimo
1717 524 1766 567 in
1789 522 1891 578 ipso
1911 522 1984 567 die
2003 535 2064 566 as-

182 590 433 644 censionis,
452 602 544 633 non
565 590 660 646 jam
685 590 733 633 in
749 595 888 646 terra,
903 589 986 633 sed
1006 588 1214 634 elevatus
1236 587 1282 630 in
1310 587 1449 644 nube,
1466 590 1572 631 cum
1596 588 1642 631 in
1666 586 1836 630 coelum
1857 583 2071 628 ascende-

183 658 268 698 ret.
307 653 393 698 Sed
422 666 516 698 non
540 653 698 697 omnia
731 653 903 709 scripta
925 657 1054 708 sunt,
1083 652 1205 696 sicut
1233 653 1434 696 Joannes
1457 651 1624 695 fatetur
1647 653 1722 703 (l).
1759 648 1927 692 Crebra
1948 647 2074 694 enim

177 720 280 759 erat
296 716 397 772 cJ'us
414 728 521 760 cum
537 715 603 760 eis
622 714 932 770 conversatio,
957 714 1232 771 priusquam
1249 712 1536 758 ascendisset
1551 713 1598 757 in
1616 712 1811 768 coelum,
1838 715 1883 755 et
1903 710 1990 754 hoc
2012 709 2073 756 ad
2133 765 2135 767 Ι

180 779 551 822 consolationem
572 778 796 833 ipsorum.
827 776 957 821 Unde
979 780 1026 820 et
1046 778 1095 828 (l.
1121 778 1220 820 Cor.
1244 789 1317 831 xv,
1343 777 1385 830 6)
1413 774 1580 820 dicitur
1599 774 1724 831 quod
1744 776 1863 816 visus
1885 776 1953 816 est
1965 772 2072 829 plus
2134 799 2137 802 -

181 843 322 897 quam·
336 843 589 896 quinqentz‘s
611 840 835 892 fratribus
851 840 1018 894 simul5
1038 839 1200 882 deinde
1215 841 1333 881 visus
1352 841 1420 881 est
1439 838 1602 882 Jacobo
1617 852 1632 878 .·
1657 837 1714 882 de
1737 834 1909 894 quibus
1934 847 2073 891 appa-
2142 839 2143 842 ’

181 902 427 947 ritionibus
448 902 495 945 in
515 901 766 956 Evangelio
787 912 879 944 non
903 901 1099 945 habetur
1121 900 1312 944 mentio.

234 965 300 1009 Ad
328 967 539 1018 quartum
573 963 847 1018 dicendum,
881 962 1006 1020 quod
1030 963 1384 1020 Chrysostomus
1409 973 1653 1019 exponens
1677 959 1790 1005 illud
1816 957 1942 1016 quod
1963 958 2072 1004 dici·

179 1032 254 1070 tur
272 1025 442 1081 (Matth.
464 1027 602 1079 xxv1):
627 1025 867 1079 Postquam
884 1037 1195 1080 resurr-emero,
1217 1023 1476 1080 praecedam
1498 1037 1574 1066 vos
1598 1027 1645 1065 in
1664 1021 1906 1065 Galilaeam
1927 1020 2064 1075 (hom.
2140 1025 2147 1074 ἶ.

178 1101 332 1130 ιιιιικιιι
351 1087 398 1130 in
428 1087 582 1131 Matth.
615 1091 721 1130 ante
744 1086 918 1141 med.):
944 1103 964 1123 «
993 1088 1110 1141 Non,
1137 1105 1156 1125 ι»
1183 1085 1351 1142 inquit,
1377 1103 1396 1123 ιι
1418 1085 1467 1129 in
1495 1084 1799 1140 longinquam
1820 1081 2068 1140 quamdam

155 1197 158 1202 ,
179 1150 418 1207 regionem
437 1154 491 1193 ut
505 1149 572 1194 eis
598 1154 835 1205 appareat,
859 1149 1002 1204 vadit,
1024 1149 1108 1193 sed
1126 1148 1174 1192 in
1195 1149 1296 1205 ipsa
1319 1152 1474 1204 gente,
1488 1151 1536 1192 et
1554 1147 1602 1191 in
1623 1145 1736 1202 ipsis
1756 1144 2070 1207 fere-regioni-
2124 1153 2170 1193 1

139 1228 143 1231 ·
176 1211 332 1256 busin
355 1212 528 1268 quibus
551 1223 658 1256 cum
679 1225 734 1256 eo
757 1211 1010 1267 plurimum
1028 1211 1211 1256 fuerant
1229 1209 1519 1266 conversati,
1543 1216 1596 1254 ut
1618 1214 1663 1253 et
1685 1208 1794 1252 hinc
1811 1207 2066 1261 crederent,

177 1274 398 1331 quoniam
428 1274 507 1331 qui
535 1270 789 1318 crucifixus
804 1278 892 1330 est,
916 1273 1015 1330 ipse
1035 1278 1107 1318 est
1124 1273 1265 1329 etqui
1288 1273 1556 1317 resurrexit.
1581 1291 1600 1310 >2
1618 1274 1805 1327 Propter
1828 1270 1917 1315 hoc
1932 1268 2067 1314 etiam
2143 1330 2145 1334 Ι

178 1335 222 1380 in
251 1336 485 1380 Galilaeam
515 1347 566 1381 se
591 1335 659 1380 ire
677 1335 805 1390 dicit,
830 1335 928 1381 uta
954 1336 1118 1380 timore
1137 1336 1399 1380 „ludaeorum
1426 1335 1746 1379 liberarentur.
1774 1332 1844 1376 Sic
1866 1342 1994 1388 ergo,
2016 1343 2086 1395 ut¹

135 1416 139 1420 -
175 1399 447 1443 Ambrosius
476 1397 588 1443 dicit
615 1399 774 1454 (Super
801 1401 909 1442 Luc.
941 1397 991 1442 in
1027 1397 1109 1442 fin.
1135 1401 1413 1447 comment.)
1437 1412 1448 1441 :
1477 1415 1497 1435 «
1517 1395 1740 1441 Dominus
1769 1394 2070 1439 mandaverat

176 1460 417 1516 discipulis
436 1465 490 1504 ut
510 1459 558 1503 in
593 1459 777 1503 Galilaea
800 1471 909 1504 eum
935 1460 1176 1515 viderent3
1201 1459 1282 1504 sed
1306 1460 1398 1503 illis
1427 1458 1487 1502 ob
1506 1463 1682 1503 metum
1704 1457 1825 1501 intra
1848 1456 2081 1507 conclave?

174 1522 503 1575 residentibus,
525 1521 626 1578 ipse
649 1521 852 1578 primum
873 1533 924 1566 se
942 1521 1110 1566 obtulit
1126 1523 1231 1577 (nec
1245 1522 1333 1566 hoc
1352 1529 1422 1565 est
1434 1519 1648 1576 promissi
1663 1517 1961 1575 trangressio,
1987 1519 2070 1564 sed
2123 1519 2168 1583 {js-j

174 1584 329 1639 potius
350 1584 568 1627 festinata
587 1595 647 1627 ex
667 1583 955 1639 benignitate
980 1584 1220 1640 impletio);
1242 1588 1404 1640 postea
1426 1581 1553 1638 vero,
1579 1581 1864 1627 confirmatis
1882 1581 2065 1637 animis,
2104 1618 2106 1621 .

173 1644 237 1690 illi
258 1646 488 1690 Galilaeam
507 1644 759 1701 petierunt.
777 1645 936 1689 »-Vel
952 1646 1068 1690 nihil
1086 1646 1239 1691 obstat
1256 1645 1296 1689 si
1311 1644 1522 1690 dicamus
1548 1643 1789 1699 pauciores
1810 1642 1931 1688 intra
1954 1656 2070 1688 con·
2129 1639 2167 1708 ‘fg

174 1707 320 1762 clave,
353 1713 400 1752 et
424 1707 689 1764 complures
718 1707 766 1751 in
790 1712 950 1752 monte
971 1707 1134 1753 fuisse.
1160 1710 1216 1752 Ut
1243 1707 1368 1753 enim
1396 1706 1625 1751 Eusebius
1646 1705 1756 1751 dicit
1782 1705 1995 1760 (habetur
2018 1707 2068 1751 in

174 1770 268 1814 Cat.
291 1770 385 1815 div.
410 1770 487 1814 Th.
507 1782 612 1826 sup.
635 1768 751 1814 illud
764 1771 900 1814 Lucae
920 1770 1024 1814 ult.:
1045 1773 1180 1814 Stetit
1198 1773 1246 1814 in
1266 1771 1432 1826 medio,
1452 1769 1575 1824 eta),
1597 1786 1617 1806 «
1638 1768 1732 1813 duo
1744 1769 2065 1826 Evangelistae.

173 1832 349 1877 scilicet
374 1835 520 1877 Lucas
542 1836 589 1877 et
617 1834 838 1885 JoanneS,
860 1832 972 1877 solis
990 1833 1209 1878 undecim
1236 1833 1363 1877 hunc
1392 1831 1604 1876 scribunt
1627 1831 1900 1889 apparuisse
1923 1832 1972 1877 in
1992 1835 2068 1878 Je-
2123 1839 2140 1889 js

172 1894 400 1950 rusalem;
442 1894 598 1938 caeteri
621 1894 731 1938 vero
751 1893 846 1938 duo
867 1894 915 1938 in
937 1894 1168 1939 Galilaeam
1192 1906 1442 1952 properare
1463 1906 1559 1938 uon
1583 1892 1694 1938 solis
1715 1893 1960 1951 undecim,
1986 1895 2068 1942 sed

171 1955 407 2001 universis
432 1956 674 2013 discipulis
695 1960 741 2000 et
754 1956 978 2001 fratribus
1000 1957 1220 2002 dixerunt
1241 1957 1462 2014 angelum
1482 1950 1534 2002 et'
1546 1956 1825 2001 salvatorem
1844 1956 2069 2016 jussisse3

168 2018 230 2062 de
256 2018 427 2074 quibus
450 2026 498 2063 et
521 2019 692 2063 Paulus
718 2019 932 2064 meminit
943 2019 1131 2065 dicens:
1151 2022 1328 2064 Deinde
1345 2021 1566 2077 apparuit
1578 2020 1680 2075 polus
1702 2020 1835 2075 quam
1851 2022 2065 2077 quinqen-
2113 2016 2118 2025 ²

171 2082 229 2122 tis
248 2081 473 2134 fratribus
489 2081 640 2123 simul.
670 2099 691 2119 ιι
717 2105 773 2112 -
794 2084 874 2125 Est
891 2086 1048 2126 autem
1066 2082 1220 2126 verior
1238 2082 1424 2141 solutio,
1452 2081 1574 2139 quod
1596 2081 1725 2137 prins
1743 2082 1790 2125 in
1812 2083 2068 2130 Jerusalem
2121 2084 2127 2121 ἰ

170 2143 462 2188 latitantibus
484 2143 630 2188 semel
652 2148 735 2188 aut
754 2143 828 2189 bis
846 2145 977 2190 visus
998 2150 1086 2202 est,
1116 2145 1176 2190 ad
1200 2157 1364 2190 eorum
1391 2145 1785 2200 consolationem3
1815 2145 1864 2189 in
1886 2146 2068 2191 Galilaea

169 2206 278 2249 vero
304 2218 397 2249 non
418 2207 557 2259 clam,
582 2211 662 2250 aut
678 2206 841 2260 semel,
867 2212 951 2252 aut
976 2207 1066 2265 bis,
1091 2208 1175 2254 sed
1193 2221 1303 2253 cum
1325 2208 1474 2253 multa
1498 2212 1724 2266 potestate
1751 2208 2069 2255 ostensionem
2112 2210 2119 2268 j

169 2270 243 2312 sui
261 2267 386 2322 fecit,
400 2268 614 2324 praebens
627 2280 678 2312 se
702 2268 769 2312 eis
783 2268 1017 2314 viventem
1034 2275 1138 2326 post
1153 2270 1419 2327 passionem
1434 2270 1483 2314 in
1493 2270 1642 2327 signis
1657 2269 1831 2326 multis,
1850 2275 1904 2315 ut
1920 2274 2069 2318 Lucas
2100 2305 2119 2327 „
2162 2307 2163 2310 ι

170 2332 368 2374 testatur
396 2329 461 2383 (in
483 2329 631 2374 Actib.
651 2343 752 2386 cap.
775 2333 833 2385 1).
860 2332 956 2386 Vel,
976 2332 1098 2376 sicut
1115 2332 1226 2377 dicit
1247 2333 1537 2390 Augustinus
1558 2333 1620 2387 (in
1645 2332 1725 2377 lib.
1747 2335 1809 2377 De
1832 2346 2069 2381 consensu
2091 2373 2102 2388 .,

167 2392 343 2446 Evang.
365 2402 467 2447 cap.
485 2390 571 2435 ult.
594 2391 652 2435 ad
669 2388 784 2447 fin.)‚
802 2393 961 2448 «quod
977 2393 1036 2437 ab
1057 2395 1223 2450 angelo
1243 2399 1288 2439 et
1299 2395 1492 2438 Domino
1512 2395 1687 2440 dictum
1706 2399 1792 2452 est,
1805 2395 1932 2451 quod
1943 2409 2067 2453 praef·

164 2452 354 2497 cederet
371 2463 451 2496 eos
464 2451 512 2495 in
528 2452 777 2507 Galilaeam,
788 2455 1053 2510 prophetice
1069 2455 1391 2511 accipiendum
1403 2461 1490 2500 est.
1506 2459 1556 2500 ln
1566 2456 1750 2501 Galilaea
1760 2456 1885 2501 enim
1898 2471 2064 2503 secun-
2158 2458 2165 2506 ἶ

168 2513 281 2559 dum
298 2514 720 2570 transmigrationis
744 2515 1137 2571 significationemv
1156 2517 1511 2574 intelligendum
1536 2519 1735 2563 occurrit
1756 2519 1879 2576 quod
1901 2521 2064 2568 Christi
2163 2552 2165 2554 -

164 2577 317 2634 gratia
332 2577 390 2622 de
402 2577 576 2633 populo
590 2578 730 2622 Israel
746 2579 1134 2635 transmigratura
1153 2586 1253 2624 erat
1272 2581 1330 2626 ad
1346 2587 1510 2638 gentes
1523 2598 1535 2636 ς
1550 2582 1722 2639 quibus
1741 2584 1935 2639 apostoli
1950 2598 2068 2642 prae-

166 2708 470 2759 p1·aepararet;
493 2707 538 2747 et
558 2703 646 2747 hoc
660 2703 955 2760 intelligitur:
975 2707 1206 2750 Praecedet
1228 2720 1304 2750 vos
1320 2710 1369 2750 in
1387 2707 1642 2752 Galilaeam.
1666 2710 1928 2755 Secundum
1947 2711 2074 2762 illud.
2156 2723 2158 2726 ’

166 2770 323 2809 autem
351 2764 477 2821 quud
499 2764 682 2809 Galilaea
703 2765 1034 2823 interpretatur
1067 2768 1302 2824 revelatio,
1333 2781 1426 2813 non
1447 2770 1545 2826 Jam
1584 2769 1633 2814 in
1672 2771 1819 2814 forma
1841 2773 1963 2817 servi
1988 2773 2065 2826 in-

168 2826 451 2883 telligendus
473 2827 655 2882 est,sed
675 2827 723 2871 in
745 2827 824 2872 illa
842 2829 891 2873 in
909 2842 1001 2886 qua
1018 2830 1212 2886 aequalis
1230 2835 1301 2876 est
1325 2832 1462 2887 Patri,
1484 2844 1625 2888 quam
1643 2833 1855 2889 promisit
1873 2835 2075 2890 dilecto-2
2095 2829 2168 2887 ³:5²3.ss

167 2887 298 2932 ribus
321 2887 445 2943 suis,
468 2893 512 2933 et
527 2888 636 2933 illuc
652 2891 905 2948 praecessit,
922 2891 1050 2936 unde
1068 2892 1128 2936 ad
1148 2903 1235 2937 nos
1254 2893 1448 2939 veniens
1471 2906 1563 2938 non
1579 2895 1788 2951 recessit,
1801 2900 1846 2941 et
1864 2897 1957 2954 quo
1975 2891 2091 2951 nosj
2105 2890 2140 2922 ’ὦ
2158 2886 2168 2902 μ

160 2950 436 3005 ,Ρηεοθᾶθιιε
459 2964 551 2995 non
573 2951 791 2998 deseruit.
815 2972 836 2993 υ
2069 2954 2101 3036 ἒ

234 3015 578 3058 ARTICULUS
602 3016 682 3059 IV.
706 3038 762 3046 —
781 3029 921 3059 ornum
941 3029 1142 3060 cnmsrus
1165 3031 1370 3062 ornamur
1394 3032 1618 3063 msmpums
1642 3034 1682 3063 m
1705 3033 1801 3063 ALIA
1822 3035 1988 3068 Errmu:
2051 3034 2105 3072 ..fila

950 3085 1161 3116 APPARERE
1179 3076 1254 3127 (2).
1928 3127 1940 3132 „
2090 3077 2101 3093 ⁹

293 3131 341 3165 De
357 3131 411 3167 his
427 3132 531 3167 etiam
546 3132 641 3168 Sent.
656 3142 683 3176 1,
697 3133 778 3168 dist.
795 3134 830 3168 ll
841 3162 848 3175 ‚
868 3139 984 3177 quaest.
1002 3144 1041 3176 11,
1064 3140 1128 3171 art.
1145 3137 1177 3178 21,
1194 3141 1309 3179 quoest.
1325 3147 1338 3173 1
1356 3138 1398 3172 ad
1411 3138 1445 3179 5,
1467 3141 1501 3173 et
1514 3139 1636 3180 opusc.
1653 3147 1709 3180 LX,
1727 3150 1798 3181 cap.
1813 3139 1857 3174 22
1874 3140 1934 3176 fin.
2076 3177 2082 3182 ,

221 3178 288 3223 Ad
311 3185 528 3235 quartum
547 3181 616 3226 sic
636 3183 917 3239 proceditur.
942 3188 982 3228 1.
1000 3185 1187 3230 Videtur
1205 3187 1330 3243 quod
1348 3187 1554 3232 Christus
1576 3200 1670 3231 non
1691 3187 1903 3234 debuerit
1920 3189 2062 3235 disci-⁴
2108 3199 2116 3227 λ

166 3239 289 3297 pulis
308 3239 355 3283 in
380 3241 470 3285 alia
489 3243 642 3298 effigie
667 3257 904 3301 apparere.
925 3248 1022 3290 Non
1046 3247 1170 3291 enim
1194 3252 1345 3304 potest
1362 3261 1585 3305 apparere
1608 3250 1867 3294 secundum
1891 3251 2071 3296 verita-v

205 3322 250 3364 (l)
268 3322 396 3357 Praeter
421 3323 478 3357 has
494 3325 719 3363 armai-itiones
735 3338 808 3367 quae
832 3326 868 3360 in
888 3327 1069 3367 Evangelio
1196 3331 1239 3372 (2)
1269 3332 1374 3365 Docet
1399 3331 1435 3366 S.
1469 3330 1595 3365 Doctor
1618 3331 1791 3366 Christum
1820 3333 2056 3368 convenienter
2115 3335 2119 3355 '-

156 3371 377 3414 referuntur,
401 3379 530 3407 certum
546 3381 596 3409 est
614 3376 721 3411 varias
737 3376 846 3411 adhuc
866 3377 978 3419 fuisse,
996 3390 1068 3418 quae
1153 3380 1344 3420 apparuisse
1369 3380 1403 3413 in
1421 3379 1486 3414 alia
1502 3380 1626 3422 effigie,
1647 3393 1713 3414 non
1731 3392 1832 3422 quam
1851 3379 1885 3414 in
1900 3393 1934 3416 sc
1949 3390 2070 3415 susce-1⁷
2118 3386 2140 3414 ,ι’

158 3422 290 3499 ⁴pin-tirtn
305 3422 505 3459 referuntur
519 3423 558 3465 (Ι.
578 3424 655 3458 Cor.
672 3426 740 3467 xv),
757 3425 881 3466 partim
901 3438 967 3461 non
989 3433 1068 3461 sunt
1153 3429 1253 3469 perit,
1266 3428 1323 3463 sed
1342 3440 1414 3470 quoe
1433 3428 1469 3462 in
1483 3429 1589 3463 oculis
1605 3429 1812 3464 intuentium
1833 3429 1976 3464 formata
1991 3433 2050 3464 est.
2148 3455 2149 3458 η

173 3477 256 3506 scrlp
274 3479 313 3503 ae.

2116 3668 2149 3690 ’4

2083 3635 2140 3671 Μ’,

2075 3713 2137 3754 m}
2146 3719 2168 3752 ε’

2078 3747 2168 3808 '’R“

2064 3787 2082 3808 2>
