2170 3808
777 257 970 310 QUAEST.
1002 258 1050 311 L
1079 258 1199 300 ART.
1229 257 1283 299 111
1311 257 1375 299 ET
1403 256 1472 300 lv.
1973 257 2056 299 427

182 339 304 385 med.
308 343 338 398 ),
356 350 591 397 exponens
612 336 726 382 illud
745 337 938 382 verbum
960 337 1150 382 Joannis
1172 337 1376 393 inquiiit,
1394 341 1499 381 cum
1530 336 1733 381 Christus
1756 334 1816 380 sit
1836 334 2054 383 Verbum

182 401 335 446 anima
351 404 396 446 et
414 412 537 456 car0,
570 417 591 437 «
616 401 772 444 utrum
802 411 860 443 ex
878 411 934 444 eo
955 399 1080 457 quod
1097 404 1168 444 est
1188 397 1401 451 Verbum,
1426 403 1566 454 ponat
1589 398 1808 456 animam,
1833 409 1894 442 311
1919 409 1976 442 ex
2004 410 2056 441 eo

183 463 305 520 quod
322 466 394 508 est
412 461 580 517 anima,
602 473 661 504 an
675 460 842 505 iterum
864 473 922 506 ex
937 473 993 506 eo
1011 460 1134 518 quod
1151 463 1224 504 est
1249 472 1372 503 caro.
1400 478 1421 499 »
1446 463 1499 504 Et
1519 460 1628 504 dicit
1643 459 1768 516 quod
1786 476 1807 497 α
1828 458 1869 505 si
1891 458 2058 505 (1111311-

181 534 287 570 111113
322 523 444 581 quod
466 522 665 568 Verbum
699 523 776 567 Dei
816 522 1019 567 animam
1049 520 1218 578 posuit,
1239 519 1451 578 sequitur
1473 520 1597 578 quod
1627 520 1875 579 aliquando
1902 520 2057 565 anima

181 583 260 630 illa
281 588 492 641 separata
514 587 584 628 est
613 595 641 627 a
662 583 822 640 Verb0,
846 583 971 641 quod
1002 587 1073 627 est
1093 581 1295 626 falsum:
1329 593 1454 625 mors
1486 580 1610 626 enim
1632 594 1800 639 corpus
1822 581 1882 627 ab
1906 581 2057 626 anima

182 645 434 703 separavit,
454 644 482 689 3
502 643 648 689 Verbo
677 648 832 690 autem
852 643 1051 689 animam
1069 647 1325 715 separatam
1350 654 1452 686 esse
1471 654 1563 685 non
1594 641 1712 688 dico.
1735 642 1906 689 sivero
1928 643 2058 689 dixe-

183 707 327 752 rimus
343 705 500 765 quod‘
487 718 589 763 lpsa
614 718 666 751 se
686 705 840 751 anima
858 710 1015 764 ponat,
1040 704 1250 763 sequitur
1268 703 1389 762 quod
1414 703 1567 747 anima
1589 703 1689 760 ipsa
1714 717 1742 747 a
1773 717 1824 749 se
1848 709 2057 762 separata

183 767 255 822 sit,
280 767 404 826 quod
421 771 492 814 est
509 767 779 814 absurdum.
800 788 822 809 »
847 767 1137 826 Relinquitur
1155 779 1265 824 ergo
1288 765 1411 823 quod
1435 766 1535 823 ipsa
1564 778 1671 810 caro
1699 765 1903 810 animam
1924 777 2057 810 suam

180 829 327 886 ponit,
347 833 394 875 et
410 829 578 875 iterum
590 841 694 875 eam
714 830 872 887 sumit,
892 842 987 875 non
1001 833 1227 888 potestate
1243 829 1344 884 sua,
1371 827 1452 872 sed
1475 831 1702 884 potestate
1719 827 1855 872 Verbi
1876 826 2058 872 inhahi-

182 891 320 936 tantis
337 903 539 947 carnem,
560 891 686 949 quia,
703 891 824 937 sicut
845 904 986 948 supra
997 891 1170 937 dictum
1186 894 1258 936 est
1275 889 1338 945 (in
1354 902 1478 946 corp.
1504 893 1589 934 art.
1611 893 1657 934 et
1678 892 1762 933 art.
1784 900 1910 946 praec
1929 890 1960 944 ),
1975 901 2055 945 per

182 957 372 996 mortem
390 963 484 996 non
506 957 580 997 est
593 957 806 1010 separata
821 953 1040 998 divinitas
1061 952 1196 998 Verbi
1218 951 1246 995 a
1264 963 1419 998 carne.

235 1012 299 1058 Ad
321 1014 562 1058 seeundum
595 1014 861 1072 dicendum,
892 1014 1017 1072 quod
1043 1015 1090 1058 in
1112 1012 1267 1058 verbis
1289 1012 1379 1057 illis
1400 1011 1676 1057 Athanasius
1704 1024 1797 1055 non
1831 1010 2057 1056 intellexit

182 1073 303 1130 quod
326 1078 449 1120 totus
470 1076 608 1120 homo
641 1074 794 1122 denuo
824 1076 885 1121 sit
903 1080 1187 1133 assumptus,
1211 1074 1260 1119 id
1285 1078 1372 1131 est,
1400 1085 1564 1119 omnes
1603 1077 1760 1131 partes
1780 1072 1899 1130 eJ'us,
1924 1073 2055 1130 quasi

180 1135 376 1183 Verbum
389 1137 466 1183 Dei
487 1142 642 1195 partes
663 1139 880 1183 humanae
902 1141 1080 1182 naturae
1099 1136 1364 1193 deposuerit
1385 1147 1466 1192 per
1483 1140 1707 1192 mortem,
1728 1135 1812 1180 sed
1832 1133 1957 1192 quod
1972 1134 2056 1179 ite-

180 1196 280 1242 rato
303 1199 503 1244 totalitas
521 1202 699 1243 naturae
713 1202 964 1255 assumptae
985 1197 1044 1242 sit
1065 1197 1114 1241 in
1129 1196 1463 1241 resurrectione
1486 1196 1799 1252 redintegrata
1814 1207 1898 1251 per
1915 1196 2052 1241 itera-

179 1259 274 1303 tam
288 1260 509 1306 unionem
529 1260 697 1305 animae
718 1265 764 1304 et
780 1258 1001 1316 corporis.

231 1319 298 1365 Ad
312 1323 495 1366 tertium
505 1320 770 1377 dicendum,
785 1320 910 1377 quod
919 1319 1118 1364 Verbum
1128 1319 1206 1364 Dei
1219 1322 1407 1376 propter
1417 1319 1637 1364 unionem
1652 1320 1868 1363 humanae
1878 1322 2057 1364 naturae

179 1390 274 1425 non
292 1379 461 1425 dicitur
478 1381 686 1426 humana
701 1384 870 1426 natura
883 1396 894 1426 ε
909 1380 994 1426 sed
1008 1380 1177 1426 dicitur
1193 1380 1349 1437 homo,
1371 1379 1496 1438 quod
1515 1383 1587 1424 est
1607 1378 1785 1424 habens
1803 1379 2054 1424 humanam

176 1444 405 1487 naturam.
428 1441 591 1488 Anima
609 1446 764 1488 autem
786 1447 833 1488 et
854 1454 1025 1500 corpus
1043 1446 1155 1488 sunt
1167 1446 1324 1499 partes
1338 1442 1612 1487 essentiales
1630 1442 1846 1486 humanae
1859 1445 2053 1486 naturae.

177 1501 305 1548 Unde
342 1508 530 1561 propter
568 1504 791 1549 unionem
826 1503 959 1549 Verbi
995 1503 1055 1550 ad
1074 1507 1326 1560 utrumque
1359 1515 1536 1560 eorum,
1561 1515 1655 1547 non
1692 1502 1901 1560 sequitur
1932 1503 2057 1560 qued

176 1563 371 1609 Verbum
409 1565 485 1611 Dei
522 1566 583 1611 sit
624 1565 780 1610 anima
814 1566 889 1611 vel
928 1578 1114 1623 coerS,
1160 1566 1243 1611 sed
1278 1564 1401 1622 quod
1439 1565 1498 1609 sit
1537 1564 1714 1610 habens
1748 1565 1948 1609 animam
1981 1566 2056 1610 vel

179 1636 364 1682 corpus·

232 1686 299 1732 Ad
318 1691 532 1744 quartum
560 1687 824 1747 dicendum,
843 1687 983 1746 quod,
1019 1688 1141 1733 sicut
1160 1690 1472 1733 Damascenus
1491 1687 1602 1732 dicit
1618 1687 1760 1742 (Orth.
1792 1684 1872 1732 fid.
1889 1687 1968 1732 lib.
1990 1691 2052 1745 m,

178 1760 281 1806 cap.
299 1751 370 1806 27,
387 1749 446 1794 ad
458 1748 578 1804 fin.),
593 1767 613 1789 α
634 1750 760 1807 quod
777 1750 825 1794 in
847 1755 995 1796 morte
1010 1749 1171 1796 Christi
1183 1755 1254 1795 est
1272 1754 1485 1808 separata
1504 1750 1656 1794 anima
1669 1750 1696 1794 a
1710 1761 1971 1807 carne,non
1983 1755 2055 1795 est

177 1821 271 1855 una
291 1810 584 1869 hypostasis'
572 1824 621 1855 1n
644 1811 762 1857 duas
784 1813 1060 1883 hypostases
1080 1810 1260 1857 divisa:
1277 1823 1385 1856 nam
1409 1818 1454 1856 et
1476 1822 1644 1868 corpus
1661 1815 1707 1856 et
1721 1811 1875 1856 anima
1890 1811 2052 1856 Christi

178 1872 434 1917 secundum
449 1872 572 1918 idem
602 1885 660 1918 ex
674 1873 899 1930 principio
914 1873 962 1917 in
982 1872 1115 1918 Verbi
1135 1873 1374 1931 hypostasi
1396 1873 1660 1917 habuerunt
1677 1872 1986 1928 existentiam,
2007 1874 2053 1918 et

176 1927 225 1977 in
258 1937 454 1979 mortem
476 1934 675 1979 invicem
696 1934 843 1980 divisa
862 1935 1101 1991 singulum
1123 1947 1283 1980 eorum
1311 1936 1485 1979 mansit
1506 1937 1582 1990 (1),
1605 1946 1746 1979 unam
1765 1934 2051 1992 hypostasim

176 1996 309 2040 Verbi
324 1995 518 2042 habens.
534 1999 683 2051 Quare
701 2010 795 2041 una
820 1997 954 2042 Verbi
973 1997 1253 2056 hypostasis,
1273 1997 1406 2042 Verbi
1425 2001 1472 2042 et
1492 1998 1675 2052 animae,
1696 2001 1742 2041 et
1766 1996 1970 2053 corporis
1991 1998 2051 2053 (2)

175 2056 324 2102 extitit
345 2057 610 2115 hypostasis
648 2073 660 2102 t
680 2058 921 2115 nunquam
939 2059 1062 2104 enim
1090 2071 1244 2116 neque
1265 2058 1435 2116 anima,
1456 2070 1607 2115 neque
1628 2069 1798 2115 corpus
1819 2058 2051 2115 propriam

174 2118 436 2164 habuerunt
456 2119 759 2177 hypostasim,
784 2125 951 2176 praeter
968 2120 1102 2166 Verbi
1121 2121 1430 2178 hypostasim,
1453 2133 1547 2165 una
1562 2120 1685 2165 enim
1709 2131 1894 2176 semper
1922 2119 2050 2164 Verbi

175 2178 453 2237 hypostasis,
475 2186 521 2225 et
539 2181 780 2237 nunquam
797 2182 915 2226 duae.
929 2201 949 2222 »

257 2243 601 2286 ARTICULUS
619 2245 698 2285 IV.
725 2267 779 2274 —
802 2257 936 2286 unum
956 2256 1154 2287 cmusrus
1178 2255 1219 2286 111
1242 2255 1392 2286 minuo
1412 2255 1559 2286 11011113
1582 2255 1728 2284 11131111
1747 2254 1860 2285 nouo
1888 2244 1967 2297 (3).

176 2307 226 2345 De
239 2308 293 2344 his
316 2309 416 2345 etiam
435 2310 597 2352 Sent.1n‚
614 2311 692 2345 dist.
706 2310 760 2351 22,
778 2315 891 2352 quaest.
913 2321 937 2350 1,
956 2315 1019 2345 art.
1038 2311 1073 2352 4,
1089 2315 1124 2346 31
1136 2313 1252 2353 quoest.
1268 2319 1307 2351 11,
1327 2313 1393 2345 art.
1408 2311 1441 2350 l,
1457 2314 1491 2344 et
1505 2309 1619 2351 quodi.
1639 2318 1694 2350 111,
1710 2313 1775 2344 art.
1792 2312 1812 2344 at
1828 2321 1921 2353 corp.
1937 2310 1999 2347 fin.
2013 2314 2047 2347 et

500 2357 614 2398 quodi.
630 2366 678 2398 IV,
694 2362 759 2392 art.
774 2358 807 2399 4,
827 2364 861 2392 et
879 2360 1000 2398 Opusc.
1017 2366 1056 2398 11,
1073 2369 1144 2400 cap.
1161 2358 1236 2399 256,
1252 2362 1286 2391 et
1300 2359 1420 2398 opusc.
1442 2365 1500 2397 Lx,
1512 2369 1585 2398 cap.
1601 2356 1644 2391 20
1657 2356 1717 2391 fin.

227 2410 295 2457 Ad
311 2415 528 2468 quartum
546 2412 613 2455 sic
623 2411 898 2468 proceditur.
913 2415 953 2456 1.
971 2411 1156 2456 Videtur
1174 2410 1298 2468 quod
1313 2411 1519 2456 Christus
1537 2411 1585 2454 in
1608 2411 1759 2455 triduo
1777 2412 1939 2457 mortis
1953 2413 2049 2458 fue-

173 2472 234 2517 rit
264 2471 418 2517 homo.
454 2472 568 2516 Dicit
591 2473 714 2517 enim
753 2473 1041 2529 Augustinus
1064 2475 1142 2527 (De
1177 2473 1335 2517 Trinit.
1359 2472 1440 2516 lib.
1474 2486 1504 2528 1,
1539 2485 1640 2528 cap.
1669 2475 1738 2528 13,
1764 2472 1810 2516 in
1844 2473 2010 2529 princ.)
2033 2489 2045 2518 :

178 2533 325 2579 «Talis
334 2537 433 2579 erat
446 2533 523 2578 illa
534 2534 782 2591 susceptio,
799 2546 903 2591 quae
919 2537 1063 2579 Deum
1085 2534 1318 2579 hominem
1340 2533 1526 2591 faceret,
1544 2538 1590 2579 et
1604 2534 1838 2578 hominem
1850 2537 2009 2579 Deum.
2022 2554 2044 2575 ι

175 2594 264 2641 Sed
285 2594 363 2640 illa
379 2596 609 2652 susceptio
622 2608 715 2640 non
731 2596 931 2641 cessavit
944 2607 1028 2652 per
1043 2600 1255 2640 mortem.
1273 2598 1392 2651 Ergo
1414 2595 1596 2640 videtur
1613 2594 1736 2651 quod
1751 2607 1833 2650 per
1851 2601 2047 2641 mortem

174 2668 265 2701 non
287 2656 473 2702 desierit
490 2668 593 2701 esse
618 2658 774 2702 homo.

226 2721 267 2762 2.
297 2720 534 2774 Praeterea,
554 2719 855 2776 Philosophus
889 2718 1000 2765 dicit
1019 2718 1176 2773 (Ethic.
1214 2717 1294 2762 lib.
1318 2731 1375 2772 1x,
1400 2729 1502 2773 cap.
1534 2720 1577 2770 4,
1606 2720 1714 2761 ante
1737 2718 1897 2774 med.),
1921 2719 2045 2775 quod

177 2796 197 2816 «
208 2779 529 2837 unusquisque
537 2781 675 2824 homo
686 2786 757 2826 est
764 2793 880 2826 suus
888 2780 1168 2836 intellectus,
1175 2798 1195 2817 n
1206 2792 1268 2823 un
1274 2779 1331 2824 de
1339 2782 1384 2823 et
1394 2783 1499 2835 post
1509 2784 1704 2823 mortem
1717 2779 1916 2824 animam
1928 2782 2044 2826 Petri

173 2839 458 2898 alloquentes
493 2841 689 2886 dicimus
723 2842 817 2898 (4).
836 2844 1000 2886 Sancte
1019 2841 1168 2898 Petra,
1207 2853 1293 2884 ora
1320 2853 1408 2897 pro
1428 2841 1567 2883 nobis.
1604 2839 1691 2884 Sed
1726 2845 1830 2896 post
1850 2847 2044 2888 mortem

172 2900 310 3006 {flius
324 2901 399 2946 Dei
413 2913 505 2945 non
515 2902 603 2947 fuit
612 2907 851 2960 separatus
868 2903 928 2948 ab
941 2903 1096 2948 anima
1113 2902 1431 2969 intellectuali.
1444 2901 1586 2958 Ergo·
1574 2913 1622 2945 1n
1640 2901 1719 2945 illo
1739 2905 1779 2945 11
1781 2900 1890 2946 iduo
1906 2904 2044 2949 Filius

207 2974 247 3006 ei
279 2962 365 3006 fuit
384 2963 537 3006 homo.

224 3027 265 3068 3
297 3026 547 3080 Praeterea,
592 3025 743 3069 omnis
784 3027 1001 3072 sacerdos
1038 3031 1109 3070 est
1151 3027 1303 3070 homo.
1351 3025 1437 3069 Sed
1475 3024 1521 3067 in
1563 3024 1643 3068 illo
1693 3025 1846 3070 t1iduo
1881 3027 2043 3072 mortis

214 3143 255 3186 (l)
273 3145 326 3179 Ita
343 3145 464 3186 passim
485 3144 563 3179 Cod.
581 3144 693 3180 Alcau.
721 3159 730 3179 z
758 3145 921 3190 Sinyula
940 3158 1063 3182 eorum
1188 3146 1231 3189 (2)
1266 3146 1340 3179 Haec
1367 3146 1464 3179 lectio
1498 3149 1653 3179 consonat
1687 3147 1900 3190 pentasemo,
1931 3153 1964 3181 et
1995 3149 2038 3182 D.

172 3196 402 3230 manserunt,
418 3203 530 3227 unam
550 3193 777 3235 hypostasim
800 3193 905 3228 Verbi
917 3195 1064 3230 habens.
1147 3194 1283 3228 Thomae
1314 3194 1393 3228 Mss.
1421 3197 1520 3234 atque
1546 3193 1626 3227 edit.
1667 3194 1746 3228 Cod.
1783 3195 1895 3229 Alcen.
1916 3223 1924 3236 ,
1961 3206 2039 3230 una

172 3241 391 3275 Damascenus
423 3241 517 3275 Latio
554 3239 705 3275 redditus
739 3243 756 3275 a
785 3241 954 3282 Lequieno
987 3242 1034 3276 sic
1051 3251 1062 3273 .-
1149 3243 1284 3275 animoe
1303 3244 1337 3275 et
1360 3242 1540 3285 corporis,
1563 3246 1626 3276 etc.

170 3286 362 3332 Siquidem
377 3291 409 3322 et
421 3298 552 3331 corpus
573 3292 605 3323 et
624 3289 752 3323 anima
770 3289 882 3323 simul
893 3289 935 3323 ab
950 3289 1059 3324 initio
1187 3289 1231 3331 (5)
1247 3289 1349 3323 Docet
1367 3289 1405 3323 B.
1420 3289 1563 3323 Thomas
1582 3289 1752 3324 Christum
1763 3289 1798 3324 in
1818 3289 1930 3324 triduo
1948 3301 2038 3324 mor·
2091 3327 2093 3330 ,

172 3337 216 3370 in
247 3336 355 3371 Verba·
374 3346 539 3379 persona
563 3337 799 3372 existentiam
832 3335 1058 3379 habuerunt;
1144 3337 1186 3370 tis
1202 3348 1270 3370 non
1285 3335 1385 3370 fuisse
1407 3335 1582 3370 hominem
1599 3351 1608 3378 ;
1626 3348 1700 3378 quae
1713 3336 1866 3371 doctrina
1880 3341 1929 3370 est
1944 3336 2035 3373 fidei.

172 3394 214 3417 ao
233 3383 314 3417 licet
329 3383 371 3416 in
389 3386 502 3417 morte
517 3384 665 3419 divulsa
687 3384 772 3424 sint,
790 3387 984 3425 utrumque
1006 3387 1058 3418 ta·
1183 3385 1226 3426 (4)
1240 3383 1301 3418 Vel
1319 3383 1518 3424 transposito
1536 3395 1631 3418 sensu
1651 3396 1659 3418 ε
1680 3384 1827 3419 animam
1853 3383 1945 3418 Patri
1964 3390 2036 3426 post

170 3441 253 3465 men
267 3441 393 3465 eoram
409 3441 521 3465 unam
541 3431 644 3466 Verbi
658 3441 865 3474 personam,
886 3433 959 3475 qua
977 3431 1058 3466 wb-
1143 3435 1213 3470 ejus
1233 3434 1377 3465 mortem
1394 3431 1602 3474 alloquentes
1617 3432 1770 3471 dicimus,
1788 3435 1852 3466 etc.

171 3478 327 3520 sisteret,
347 3489 487 3522 semper
506 3479 643 3514 habuit.
