<?xml version="1.0" encoding="UTF-8"?>
<!DOCTYPE html PUBLIC "-//W3C//DTD XHTML 1.0 Transitional//EN"
    "http://www.w3.org/TR/xhtml1/DTD/xhtml1-transitional.dtd">
<html xmlns="http://www.w3.org/1999/xhtml" xml:lang="en" lang="en">
 <head>
  <title>
</title>
<meta http-equiv="Content-Type" content="text/html;charset=utf-8" />
  <meta name='ocr-system' content='tesseract 3.04.00' />
  <meta name='ocr-capabilities' content='ocr_page ocr_carea ocr_par ocr_line ocrx_word'/>
</head>
<body>
  <div class='ocr_page' id='page_1' title='image "./summatheologica06thomuoft_0484.png"; bbox 0 0 2170 3808; ppageno 0'>
   <div class='ocr_carea' id='block_1_1' title="bbox 185 178 1302 233">
    <p class='ocr_par' dir='ltr' id='par_1_1' title="bbox 185 178 1302 233">
     <span class='ocr_line' id='line_1_1' title="bbox 185 178 1302 233; baseline -0.008 -1"><span class='ocrx_word' id='word_1_1' title='bbox 185 187 269 232; x_wconf 68' lang='lat'><strong>448</strong></span> <span class='ocrx_word' id='word_1_2' title='bbox 971 179 1168 233; x_wconf 83' lang='lat' dir='ltr'>QUAEST.</span> <span class='ocrx_word' id='word_1_3' title='bbox 1199 178 1302 225; x_wconf 82' lang='lat' dir='ltr'><strong>Lm.</strong></span> 
     </span>
    </p>
   </div>
   <div class='ocr_carea' id='block_1_2' title="bbox 186 259 2076 381">
    <p class='ocr_par' dir='ltr' id='par_1_2' title="bbox 186 259 2076 381">
     <span class='ocr_line' id='line_1_2' title="bbox 186 259 2076 319; baseline -0.004 -6"><span class='ocrx_word' id='word_1_4' title='bbox 186 266 430 313; x_wconf 88' lang='lat' dir='ltr'><strong>cendendo</strong></span> <span class='ocrx_word' id='word_1_5' title='bbox 452 261 684 311; x_wconf 84' lang='lat' dir='ltr'><strong>liberavit.</strong></span> <span class='ocrx_word' id='word_1_6' title='bbox 706 280 728 303; x_wconf 66' lang='grc' dir='ltr'><strong>υ</strong></span> <span class='ocrx_word' id='word_1_7' title='bbox 749 261 926 307; x_wconf 81' lang='lat' dir='ltr'><strong>Patitur</strong></span> <span class='ocrx_word' id='word_1_8' title='bbox 941 267 1096 306; x_wconf 87' lang='lat' dir='ltr'><strong>autem</strong></span> <span class='ocrx_word' id='word_1_9' title='bbox 1116 273 1202 305; x_wconf 92' lang='lat' dir='ltr'><strong>nos</strong></span> <span class='ocrx_word' id='word_1_10' title='bbox 1226 261 1293 305; x_wconf 86' lang='lat' dir='ltr'><strong>ire</strong></span> <span class='ocrx_word' id='word_1_11' title='bbox 1311 259 1369 306; x_wconf 90' lang='lat' dir='ltr'><strong>ad</strong></span> <span class='ocrx_word' id='word_1_12' title='bbox 1392 260 1730 319; x_wconf 87' lang='lat' dir='ltr'><strong>purgatorium.</strong></span> <span class='ocrx_word' id='word_1_13' title='bbox 1752 261 1872 318; x_wconf 83' lang='lat' dir='ltr'><strong>Ergo</strong></span> <span class='ocrx_word' id='word_1_14' title='bbox 1886 259 2076 308; x_wconf 68' lang='lat' dir='ltr'><strong>descen-</strong></span> 
     </span>
     <span class='ocr_line' id='line_1_3' title="bbox 186 322 1564 381; baseline -0.005 -7"><span class='ocrx_word' id='word_1_15' title='bbox 186 327 304 375; x_wconf 87' lang='lat' dir='ltr'><strong>dens</strong></span> <span class='ocrx_word' id='word_1_16' title='bbox 321 327 382 373; x_wconf 88' lang='lat' dir='ltr'><strong>ad</strong></span> <span class='ocrx_word' id='word_1_17' title='bbox 402 327 578 371; x_wconf 83' lang='lat' dir='ltr'><strong>inferos</strong></span> <span class='ocrx_word' id='word_1_18' title='bbox 599 323 782 369; x_wconf 86' lang='lat' dir='ltr'><strong>animas</strong></span> <span class='ocrx_word' id='word_1_19' title='bbox 803 323 832 368; x_wconf 75' lang='lat' dir='ltr'><strong>a</strong></span> <span class='ocrx_word' id='word_1_20' title='bbox 853 323 1123 381; x_wconf 84' lang='lat' dir='ltr'><strong>purgatorio</strong></span> <span class='ocrx_word' id='word_1_21' title='bbox 1148 334 1241 366; x_wconf 90' lang='lat' dir='ltr'><strong>non</strong></span> <span class='ocrx_word' id='word_1_22' title='bbox 1261 322 1473 368; x_wconf 86' lang='lat' dir='ltr'><strong>liberavit</strong></span> <span class='ocrx_word' id='word_1_23' title='bbox 1489 324 1564 379; x_wconf 85' lang='lat'>(1).</span> 
     </span>
    </p>
   </div>
   <div class='ocr_carea' id='block_1_3' title="bbox 186 387 2079 611">
    <p class='ocr_par' dir='ltr' id='par_1_3' title="bbox 186 387 2079 555">
     <span class='ocr_line' id='line_1_4' title="bbox 233 387 2078 445; baseline -0.004 -7"><span class='ocrx_word' id='word_1_24' title='bbox 233 394 529 439; x_wconf 88' lang='lat' dir='ltr'><strong>CONCLUSIO.</strong></span> <span class='ocrx_word' id='word_1_25' title='bbox 546 414 591 424; x_wconf 93' lang='lat'>—</span> <span class='ocrx_word' id='word_1_26' title='bbox 611 391 773 433; x_wconf 83' lang='lat' dir='ltr'><strong>Animae</strong></span> <span class='ocrx_word' id='word_1_27' title='bbox 799 403 893 445; x_wconf 81' lang='lat' dir='ltr'><strong>quae</strong></span> <span class='ocrx_word' id='word_1_28' title='bbox 911 392 956 431; x_wconf 90' lang='lat' dir='ltr'><strong>in</strong></span> <span class='ocrx_word' id='word_1_29' title='bbox 982 390 1217 443; x_wconf 77' lang='lat' dir='ltr'><strong>purgatorio</strong></span> <span class='ocrx_word' id='word_1_30' title='bbox 1241 392 1341 430; x_wconf 85' lang='lat' dir='ltr'><strong>tunc</strong></span> <span class='ocrx_word' id='word_1_31' title='bbox 1364 389 1464 431; x_wconf 85' lang='lat' dir='ltr'><strong>tales</strong></span> <span class='ocrx_word' id='word_1_32' title='bbox 1488 390 1671 438; x_wconf 82' lang='lat' dir='ltr'><strong>fuerunt,</strong></span> <span class='ocrx_word' id='word_1_33' title='bbox 1692 389 1836 441; x_wconf 86' lang='lat' dir='ltr'><strong>quales</strong></span> <span class='ocrx_word' id='word_1_34' title='bbox 1852 387 2078 441; x_wconf 79' lang='lat' dir='ltr'><strong>suntilloe,</strong></span> 
     </span>
     <span class='ocr_line' id='line_1_5' title="bbox 186 444 2079 503; baseline -0.003 -11"><span class='ocrx_word' id='word_1_35' title='bbox 186 462 279 503; x_wconf 84' lang='lat' dir='ltr'><strong>quae</strong></span> <span class='ocrx_word' id='word_1_36' title='bbox 300 461 416 491; x_wconf 88' lang='lat' dir='ltr'><strong>nunc</strong></span> <span class='ocrx_word' id='word_1_37' title='bbox 441 448 502 490; x_wconf 89' lang='lat' dir='ltr'><strong>ibi</strong></span> <span class='ocrx_word' id='word_1_38' title='bbox 530 447 783 497; x_wconf 75' lang='lat' dir='ltr'><strong>detinentur,</strong></span> <span class='ocrx_word' id='word_1_39' title='bbox 815 459 899 488; x_wconf 90' lang='lat' dir='ltr'><strong>non</strong></span> <span class='ocrx_word' id='word_1_40' title='bbox 931 448 1100 488; x_wconf 81' lang='lat' dir='ltr'><strong>fuerunt</strong></span> <span class='ocrx_word' id='word_1_41' title='bbox 1121 458 1191 499; x_wconf 86' lang='lat' dir='ltr'><strong>per</strong></span> <span class='ocrx_word' id='word_1_42' title='bbox 1212 446 1363 487; x_wconf 82' lang='lat' dir='ltr'><strong>Christi</strong></span> <span class='ocrx_word' id='word_1_43' title='bbox 1388 446 1626 487; x_wconf 80' lang='lat' dir='ltr'><strong>descensum</strong></span> <span class='ocrx_word' id='word_1_44' title='bbox 1658 444 1839 486; x_wconf 83' lang='lat' dir='ltr'><strong>liberatae</strong></span> <span class='ocrx_word' id='word_1_45' title='bbox 1862 459 1875 486; x_wconf 74' lang='lat' dir='ltr'><strong>t</strong></span> <span class='ocrx_word' id='word_1_46' title='bbox 1899 444 1969 486; x_wconf 86' lang='lat' dir='ltr'><strong>sed</strong></span> <span class='ocrx_word' id='word_1_47' title='bbox 1989 456 2079 496; x_wconf 82' lang='lat' dir='ltr'><strong>quae</strong></span> 
     </span>
     <span class='ocr_line' id='line_1_6' title="bbox 186 499 2075 555; baseline -0.003 -9"><span class='ocrx_word' id='word_1_48' title='bbox 186 504 287 546; x_wconf 85' lang='lat' dir='ltr'><strong>tales</strong></span> <span class='ocrx_word' id='word_1_49' title='bbox 304 507 398 545; x_wconf 87' lang='lat' dir='ltr'><strong>tum</strong></span> <span class='ocrx_word' id='word_1_50' title='bbox 416 505 600 553; x_wconf 71' lang='lat' dir='ltr'><strong>fuerunt,</strong></span> <span class='ocrx_word' id='word_1_51' title='bbox 614 503 754 555; x_wconf 68' lang='lat' dir='ltr'><strong>quales</strong></span> <span class='ocrx_word' id='word_1_52' title='bbox 775 506 874 543; x_wconf 89' lang='lat' dir='ltr'><strong>sunt</strong></span> <span class='ocrx_word' id='word_1_53' title='bbox 887 514 980 555; x_wconf 85' lang='lat' dir='ltr'><strong>quae</strong></span> <span class='ocrx_word' id='word_1_54' title='bbox 1003 513 1116 542; x_wconf 90' lang='lat' dir='ltr'><strong>nunc</strong></span> <span class='ocrx_word' id='word_1_55' title='bbox 1133 502 1377 551; x_wconf 76' lang='lat' dir='ltr'><strong>liberantur,</strong></span> <span class='ocrx_word' id='word_1_56' title='bbox 1398 502 1566 542; x_wconf 85' lang='lat' dir='ltr'><strong>fuerunt</strong></span> <span class='ocrx_word' id='word_1_57' title='bbox 1586 512 1659 553; x_wconf 89' lang='lat' dir='ltr'><strong>per</strong></span> <span class='ocrx_word' id='word_1_58' title='bbox 1671 500 1823 541; x_wconf 85' lang='lat' dir='ltr'><strong>Christi</strong></span> <span class='ocrx_word' id='word_1_59' title='bbox 1839 499 2075 541; x_wconf 84' lang='lat' dir='ltr'><strong>descensum</strong></span> 
     </span>
    </p>

    <p class='ocr_par' dir='ltr' id='par_1_4' title="bbox 226 559 676 611">
     <span class='ocr_line' id='line_1_7' title="bbox 226 559 676 611; baseline -0.002 -12"><span class='ocrx_word' id='word_1_60' title='bbox 226 560 464 611; x_wconf 82' lang='lat' dir='ltr'><strong>purgatorio</strong></span> <span class='ocrx_word' id='word_1_61' title='bbox 482 559 676 600; x_wconf 77' lang='lat' dir='ltr'><strong>liberatae.</strong></span> 
     </span>
    </p>
   </div>
   <div class='ocr_carea' id='block_1_4' title="bbox 184 617 2080 740">
    <p class='ocr_par' dir='ltr' id='par_1_5' title="bbox 184 617 2080 740">
     <span class='ocr_line' id='line_1_8' title="bbox 240 617 2078 680; baseline -0.002 -14"><span class='ocrx_word' id='word_1_62' title='bbox 240 622 513 679; x_wconf 87' lang='lat' dir='ltr'><strong>Respondeo</strong></span> <span class='ocrx_word' id='word_1_63' title='bbox 534 621 787 667; x_wconf 89' lang='lat' dir='ltr'><strong>dicendum</strong></span> <span class='ocrx_word' id='word_1_64' title='bbox 807 619 950 678; x_wconf 75' lang='lat' dir='ltr'><strong>quod,</strong></span> <span class='ocrx_word' id='word_1_65' title='bbox 969 619 1090 664; x_wconf 88' lang='lat' dir='ltr'><strong>sicut</strong></span> <span class='ocrx_word' id='word_1_66' title='bbox 1108 619 1285 665; x_wconf 86' lang='lat' dir='ltr'><strong>dictum</strong></span> <span class='ocrx_word' id='word_1_67' title='bbox 1300 623 1371 664; x_wconf 89' lang='lat' dir='ltr'><strong>est</strong></span> <span class='ocrx_word' id='word_1_68' title='bbox 1388 621 1498 674; x_wconf 85' lang='lat' dir='ltr'><strong>(art.</strong></span> <span class='ocrx_word' id='word_1_69' title='bbox 1519 634 1660 680; x_wconf 87' lang='lat' dir='ltr'><strong>praec.</strong></span> <span class='ocrx_word' id='word_1_70' title='bbox 1681 623 1730 666; x_wconf 91' lang='lat' dir='ltr'><strong>et</strong></span> <span class='ocrx_word' id='word_1_71' title='bbox 1750 622 1778 664; x_wconf 77' lang='lat'>4</span> <span class='ocrx_word' id='word_1_72' title='bbox 1795 617 1895 676; x_wconf 83' lang='lat' dir='ltr'><strong>huj.</strong></span> <span class='ocrx_word' id='word_1_73' title='bbox 1911 620 2078 676; x_wconf 84' lang='lat' dir='ltr'><strong>quaest.</strong></span> 
     </span>
     <span class='ocr_line' id='line_1_9' title="bbox 184 678 2080 740; baseline -0.001 -13"><span class='ocrx_word' id='word_1_74' title='bbox 184 683 243 728; x_wconf 89' lang='lat' dir='ltr'><strong>ad</strong></span> <span class='ocrx_word' id='word_1_75' title='bbox 262 686 305 739; x_wconf 75' lang='lat'><strong>2,</strong></span> <span class='ocrx_word' id='word_1_76' title='bbox 328 688 374 730; x_wconf 89' lang='lat' dir='ltr'><strong>et</strong></span> <span class='ocrx_word' id='word_1_77' title='bbox 403 688 490 729; x_wconf 90' lang='lat' dir='ltr'><strong>art.</strong></span> <span class='ocrx_word' id='word_1_78' title='bbox 519 687 546 730; x_wconf 80' lang='lat'>5</span> <span class='ocrx_word' id='word_1_79' title='bbox 568 688 616 729; x_wconf 90' lang='lat' dir='ltr'><strong>et</strong></span> <span class='ocrx_word' id='word_1_80' title='bbox 648 685 714 740; x_wconf 85' lang='lat'><strong>6),</strong></span> <span class='ocrx_word' id='word_1_81' title='bbox 737 682 993 728; x_wconf 86' lang='lat' dir='ltr'><strong>descensus</strong></span> <span class='ocrx_word' id='word_1_82' title='bbox 1013 681 1175 727; x_wconf 79' lang='lat' dir='ltr'><strong>Christi</strong></span> <span class='ocrx_word' id='word_1_83' title='bbox 1199 680 1258 736; x_wconf 12' lang='lat' dir='ltr'><strong>and</strong></span> <span class='ocrx_word' id='word_1_84' title='bbox 1281 681 1454 729; x_wconf 82' lang='lat' dir='ltr'><strong>inferos</strong></span> <span class='ocrx_word' id='word_1_85' title='bbox 1479 682 1774 730; x_wconf 88' lang='lat' dir='ltr'><strong>liberatorius</strong></span> <span class='ocrx_word' id='word_1_86' title='bbox 1795 679 1886 725; x_wconf 85' lang='lat' dir='ltr'><strong>fuit</strong></span> <span class='ocrx_word' id='word_1_87' title='bbox 1914 679 1964 724; x_wconf 88' lang='lat' dir='ltr'><strong>in</strong></span> <span class='ocrx_word' id='word_1_88' title='bbox 1984 678 2080 725; x_wconf 85' lang='lat' dir='ltr'><strong>vir—</strong></span> 
     </span>
    </p>
   </div>
   <div class='ocr_carea' id='block_1_5' title="bbox 185 741 2107 804">
    <p class='ocr_par' dir='ltr' id='par_1_6' title="bbox 185 741 2107 804">
     <span class='ocr_line' id='line_1_10' title="bbox 185 741 2107 804; baseline -0.002 -15"><span class='ocrx_word' id='word_1_89' title='bbox 185 749 285 791; x_wconf 91' lang='lat' dir='ltr'><strong>tute</strong></span> <span class='ocrx_word' id='word_1_90' title='bbox 305 746 540 804; x_wconf 82' lang='lat' dir='ltr'><strong>passionis</strong></span> <span class='ocrx_word' id='word_1_91' title='bbox 558 745 724 802; x_wconf 84' lang='lat' dir='ltr'><strong>ipsius.</strong></span> <span class='ocrx_word' id='word_1_92' title='bbox 758 743 916 788; x_wconf 84' lang='lat' dir='ltr'><strong>Passio</strong></span> <span class='ocrx_word' id='word_1_93' title='bbox 946 747 1104 788; x_wconf 89' lang='lat' dir='ltr'><strong>autem</strong></span> <span class='ocrx_word' id='word_1_94' title='bbox 1134 743 1236 800; x_wconf 75' lang='lat' dir='ltr'><strong>eJus</strong></span> <span class='ocrx_word' id='word_1_95' title='bbox 1256 756 1350 788; x_wconf 91' lang='lat' dir='ltr'><strong>non</strong></span> <span class='ocrx_word' id='word_1_96' title='bbox 1373 744 1510 791; x_wconf 90' lang='lat' dir='ltr'><strong>habet</strong></span> <span class='ocrx_word' id='word_1_97' title='bbox 1539 742 1839 802; x_wconf 83' lang='lat' dir='ltr'><strong>temporalem</strong></span> <span class='ocrx_word' id='word_1_98' title='bbox 1859 741 2080 787; x_wconf 86' lang='lat' dir='ltr'><strong>virtutem</strong></span> <span class='ocrx_word' id='word_1_99' title='bbox 2105 760 2107 762; x_wconf 29' lang='lat' dir='ltr'>v</span> 
     </span>
    </p>
   </div>
   <div class='ocr_carea' id='block_1_6' title="bbox 185 805 2080 864">
    <p class='ocr_par' dir='ltr' id='par_1_7' title="bbox 185 805 2155 864">
     <span class='ocr_line' id='line_1_11' title="bbox 185 805 2080 864; baseline -0.005 -12"><span class='ocrx_word' id='word_1_100' title='bbox 185 811 231 852; x_wconf 88' lang='lat' dir='ltr'><strong>et</strong></span> <span class='ocrx_word' id='word_1_101' title='bbox 253 808 585 864; x_wconf 82' lang='lat' dir='ltr'><strong>transitoriam,</strong></span> <span class='ocrx_word' id='word_1_102' title='bbox 617 806 704 852; x_wconf 89' lang='lat' dir='ltr'><strong>sed</strong></span> <span class='ocrx_word' id='word_1_103' title='bbox 736 805 1088 863; x_wconf 88' lang='lat' dir='ltr'><strong>sempiternam,</strong></span> <span class='ocrx_word' id='word_1_104' title='bbox 1130 809 1394 851; x_wconf 81' lang='lat' dir='ltr'><strong>secundum</strong></span> <span class='ocrx_word' id='word_1_105' title='bbox 1416 806 1534 854; x_wconf 90' lang='lat' dir='ltr'><strong>illud</strong></span> <span class='ocrx_word' id='word_1_106' title='bbox 1564 805 1722 864; x_wconf 86' lang='lat' dir='ltr'><strong>(Hebr.</strong></span> <span class='ocrx_word' id='word_1_107' title='bbox 1762 817 1806 862; x_wconf 86' lang='lat' dir='ltr'><strong>x,</strong></span> <span class='ocrx_word' id='word_1_108' title='bbox 1839 805 1940 858; x_wconf 67' lang='lat' dir='ltr'><strong>m:</strong></span> <span class='ocrx_word' id='word_1_109' title='bbox 1979 805 2080 847; x_wconf 75' lang='lat' dir='ltr'><strong>Una</strong></span> 
     </span>
    </p>
   </div>
   <div class='ocr_carea' id='block_1_7' title="bbox 184 863 2139 925">
    <p class='ocr_par' dir='ltr' id='par_1_8' title="bbox 184 863 2139 925">
     <span class='ocr_line' id='line_1_12' title="bbox 184 863 2139 925; baseline -0.001 -14"><span class='ocrx_word' id='word_1_110' title='bbox 184 869 412 914; x_wconf 79' lang='lat' dir='ltr'><strong>oblatione</strong></span> <span class='ocrx_word' id='word_1_111' title='bbox 438 869 768 914; x_wconf 76' lang='lat' dir='ltr'><strong>consummavit</strong></span> <span class='ocrx_word' id='word_1_112' title='bbox 789 869 838 911; x_wconf 82' lang='lat' dir='ltr'><strong>in</strong></span> <span class='ocrx_word' id='word_1_113' title='bbox 858 869 1182 924; x_wconf 78' lang='lat' dir='ltr'><strong>sempiternum</strong></span> <span class='ocrx_word' id='word_1_114' title='bbox 1202 870 1527 922; x_wconf 77' lang='lat' dir='ltr'><strong>sanctificatos.</strong></span> <span class='ocrx_word' id='word_1_115' title='bbox 1542 871 1597 914; x_wconf 86' lang='lat' dir='ltr'><strong>Et</strong></span> <span class='ocrx_word' id='word_1_116' title='bbox 1611 868 1680 914; x_wconf 84' lang='lat' dir='ltr'><strong>sic</strong></span> <span class='ocrx_word' id='word_1_117' title='bbox 1701 869 1828 925; x_wconf 86' lang='lat' dir='ltr'><strong>patet</strong></span> <span class='ocrx_word' id='word_1_118' title='bbox 1844 863 1970 923; x_wconf 65' lang='lat' dir='ltr'><strong>quod</strong></span> <span class='ocrx_word' id='word_1_119' title='bbox 1986 877 2078 910; x_wconf 89' lang='lat' dir='ltr'><strong>non</strong></span> <span class='ocrx_word' id='word_1_120' title='bbox 2136 901 2139 905; x_wconf 70' lang='grc'><strong><em>,</em></strong></span> 
     </span>
    </p>
   </div>
   <div class='ocr_carea' id='block_1_8' title="bbox 183 925 2080 989">
    <p class='ocr_par' dir='ltr' id='par_1_9' title="bbox 183 925 2161 989">
     <span class='ocr_line' id='line_1_13' title="bbox 183 925 2080 989; baseline -0.002 -14"><span class='ocrx_word' id='word_1_121' title='bbox 183 931 348 977; x_wconf 89' lang='lat' dir='ltr'><strong>habuit</strong></span> <span class='ocrx_word' id='word_1_122' title='bbox 369 936 485 978; x_wconf 88' lang='lat' dir='ltr'><strong>tunc</strong></span> <span class='ocrx_word' id='word_1_123' title='bbox 500 931 727 989; x_wconf 90' lang='lat' dir='ltr'><strong>majorem</strong></span> <span class='ocrx_word' id='word_1_124' title='bbox 752 930 1009 976; x_wconf 87' lang='lat' dir='ltr'><strong>efficaciam</strong></span> <span class='ocrx_word' id='word_1_125' title='bbox 1032 930 1189 988; x_wconf 87' lang='lat' dir='ltr'><strong>passio</strong></span> <span class='ocrx_word' id='word_1_126' title='bbox 1207 930 1374 976; x_wconf 87' lang='lat' dir='ltr'><strong>Christi</strong></span> <span class='ocrx_word' id='word_1_127' title='bbox 1390 930 1532 989; x_wconf 75' lang='lat' dir='ltr'><strong>quam</strong></span> <span class='ocrx_word' id='word_1_128' title='bbox 1553 930 1722 977; x_wconf 88' lang='lat' dir='ltr'><strong>habeat</strong></span> <span class='ocrx_word' id='word_1_129' title='bbox 1737 939 1880 975; x_wconf 88' lang='lat' dir='ltr'><strong>nunc.</strong></span> <span class='ocrx_word' id='word_1_130' title='bbox 1900 928 1956 973; x_wconf 89' lang='lat' dir='ltr'><strong>Et</strong></span> <span class='ocrx_word' id='word_1_131' title='bbox 1974 925 2080 972; x_wconf 78' lang='lat' dir='ltr'><strong>ideo</strong></span> 
     </span>
    </p>
   </div>
   <div class='ocr_carea' id='block_1_9' title="bbox 185 991 2077 1052">
    <p class='ocr_par' dir='ltr' id='par_1_10' title="bbox 185 991 2077 1052">
     <span class='ocr_line' id='line_1_14' title="bbox 185 991 2077 1052; baseline -0.002 -16"><span class='ocrx_word' id='word_1_132' title='bbox 185 992 248 1037; x_wconf 88' lang='lat' dir='ltr'><strong>illi</strong></span> <span class='ocrx_word' id='word_1_133' title='bbox 269 993 350 1052; x_wconf 87' lang='lat' dir='ltr'><strong>qui</strong></span> <span class='ocrx_word' id='word_1_134' title='bbox 371 993 566 1038; x_wconf 88' lang='lat' dir='ltr'><strong>fuerunt</strong></span> <span class='ocrx_word' id='word_1_135' title='bbox 585 993 703 1038; x_wconf 86' lang='lat' dir='ltr'><strong>tales</strong></span> <span class='ocrx_word' id='word_1_136' title='bbox 732 992 897 1050; x_wconf 90' lang='lat' dir='ltr'><strong>quales</strong></span> <span class='ocrx_word' id='word_1_137' title='bbox 919 1004 1048 1038; x_wconf 87' lang='lat' dir='ltr'><strong>nunc</strong></span> <span class='ocrx_word' id='word_1_138' title='bbox 1068 997 1197 1048; x_wconf 90' lang='lat' dir='ltr'><strong>sunt,</strong></span> <span class='ocrx_word' id='word_1_139' title='bbox 1217 993 1362 1050; x_wconf 92' lang='lat' dir='ltr'><strong>quiin</strong></span> <span class='ocrx_word' id='word_1_140' title='bbox 1387 991 1656 1051; x_wconf 84' lang='lat' dir='ltr'><strong>purgatorio</strong></span> <span class='ocrx_word' id='word_1_141' title='bbox 1677 991 1963 1046; x_wconf 82' lang='lat' dir='ltr'><strong>detinentur,</strong></span> <span class='ocrx_word' id='word_1_142' title='bbox 1984 1000 2077 1034; x_wconf 91' lang='lat' dir='ltr'><strong>non</strong></span> 
     </span>
    </p>
   </div>
   <div class='ocr_carea' id='block_1_10' title="bbox 183 1050 2153 1118">
    <p class='ocr_par' dir='ltr' id='par_1_11' title="bbox 183 1050 2153 1118">
     <span class='ocr_line' id='line_1_15' title="bbox 183 1050 2153 1118; baseline -0.001 -20"><span class='ocrx_word' id='word_1_143' title='bbox 183 1053 375 1100; x_wconf 88' lang='lat' dir='ltr'><strong>fuerunt</strong></span> <span class='ocrx_word' id='word_1_144' title='bbox 394 1055 421 1099; x_wconf 78' lang='lat' dir='ltr'><strong>a</strong></span> <span class='ocrx_word' id='word_1_145' title='bbox 445 1054 717 1113; x_wconf 84' lang='lat' dir='ltr'><strong>purgatorio</strong></span> <span class='ocrx_word' id='word_1_146' title='bbox 739 1055 923 1100; x_wconf 88' lang='lat' dir='ltr'><strong>liberati</strong></span> <span class='ocrx_word' id='word_1_147' title='bbox 945 1068 1030 1113; x_wconf 91' lang='lat' dir='ltr'><strong>per</strong></span> <span class='ocrx_word' id='word_1_148' title='bbox 1051 1054 1331 1100; x_wconf 87' lang='lat' dir='ltr'><strong>descensum</strong></span> <span class='ocrx_word' id='word_1_149' title='bbox 1350 1055 1517 1101; x_wconf 86' lang='lat' dir='ltr'><strong>Christi</strong></span> <span class='ocrx_word' id='word_1_150' title='bbox 1539 1054 1598 1101; x_wconf 88' lang='lat' dir='ltr'><strong>ad</strong></span> <span class='ocrx_word' id='word_1_151' title='bbox 1619 1053 1807 1100; x_wconf 86' lang='lat' dir='ltr'><strong>inferos.</strong></span> <span class='ocrx_word' id='word_1_152' title='bbox 1831 1051 1875 1097; x_wconf 90' lang='lat' dir='ltr'><strong>Si</strong></span> <span class='ocrx_word' id='word_1_153' title='bbox 1891 1050 1972 1110; x_wconf 88' lang='lat' dir='ltr'><strong>qui</strong></span> <span class='ocrx_word' id='word_1_154' title='bbox 1992 1062 2080 1097; x_wconf 86' lang='lat' dir='ltr'><strong>au·</strong></span> <span class='ocrx_word' id='word_1_155' title='bbox 2134 1060 2153 1118; x_wconf 85' lang='grc' dir='ltr'><strong> </strong></span> 
     </span>
    </p>
   </div>
   <div class='ocr_carea' id='block_1_11' title="bbox 185 1114 2079 1176">
    <p class='ocr_par' dir='ltr' id='par_1_12' title="bbox 185 1114 2079 1176">
     <span class='ocr_line' id='line_1_16' title="bbox 185 1114 2079 1176; baseline 0 -16"><span class='ocrx_word' id='word_1_156' title='bbox 185 1120 277 1161; x_wconf 90' lang='lat' dir='ltr'><strong>tem</strong></span> <span class='ocrx_word' id='word_1_157' title='bbox 296 1117 475 1163; x_wconf 87' lang='lat' dir='ltr'><strong>inventi</strong></span> <span class='ocrx_word' id='word_1_158' title='bbox 495 1122 607 1163; x_wconf 89' lang='lat' dir='ltr'><strong>sunt</strong></span> <span class='ocrx_word' id='word_1_159' title='bbox 627 1117 758 1176; x_wconf 80' lang='lat' dir='ltr'><strong>taleS,</strong></span> <span class='ocrx_word' id='word_1_160' title='bbox 788 1117 953 1176; x_wconf 88' lang='lat' dir='ltr'><strong>quales</strong></span> <span class='ocrx_word' id='word_1_161' title='bbox 970 1118 1109 1163; x_wconf 85' lang='lat' dir='ltr'><strong>etiam</strong></span> <span class='ocrx_word' id='word_1_162' title='bbox 1134 1131 1262 1162; x_wconf 86' lang='lat' dir='ltr'><strong>nunc</strong></span> <span class='ocrx_word' id='word_1_163' title='bbox 1283 1119 1457 1163; x_wconf 87' lang='lat' dir='ltr'><strong>virtute</strong></span> <span class='ocrx_word' id='word_1_164' title='bbox 1474 1116 1707 1176; x_wconf 88' lang='lat' dir='ltr'><strong>passionis</strong></span> <span class='ocrx_word' id='word_1_165' title='bbox 1726 1115 1890 1162; x_wconf 85' lang='lat' dir='ltr'><strong>Christi</strong></span> <span class='ocrx_word' id='word_1_166' title='bbox 1916 1114 1946 1160; x_wconf 76' lang='lat' dir='ltr'><strong>a</strong></span> <span class='ocrx_word' id='word_1_167' title='bbox 1962 1125 2079 1173; x_wconf 85' lang='lat' dir='ltr'><strong>pur-</strong></span> 
     </span>
    </p>
   </div>
   <div class='ocr_carea' id='block_1_12' title="bbox 183 1175 2158 1253">
    <p class='ocr_par' dir='ltr' id='par_1_13' title="bbox 183 1175 2158 1253">
     <span class='ocr_line' id='line_1_17' title="bbox 183 1175 2158 1253; baseline -0.001 -30"><span class='ocrx_word' id='word_1_168' title='bbox 183 1179 363 1235; x_wconf 85' lang='lat' dir='ltr'><strong>gatorio</strong></span> <span class='ocrx_word' id='word_1_169' title='bbox 385 1178 661 1235; x_wconf 86' lang='lat' dir='ltr'><strong>liberantur,</strong></span> <span class='ocrx_word' id='word_1_170' title='bbox 683 1179 799 1224; x_wconf 89' lang='lat' dir='ltr'><strong>tales</strong></span> <span class='ocrx_word' id='word_1_171' title='bbox 819 1178 934 1224; x_wconf 87' lang='lat' dir='ltr'><strong>nihil</strong></span> <span class='ocrx_word' id='word_1_172' title='bbox 954 1180 1170 1238; x_wconf 90' lang='lat' dir='ltr'><strong>prohibet</strong></span> <span class='ocrx_word' id='word_1_173' title='bbox 1191 1193 1275 1237; x_wconf 86' lang='lat' dir='ltr'><strong>per</strong></span> <span class='ocrx_word' id='word_1_174' title='bbox 1294 1180 1577 1226; x_wconf 89' lang='lat' dir='ltr'><strong>descensum</strong></span> <span class='ocrx_word' id='word_1_175' title='bbox 1597 1177 1759 1224; x_wconf 87' lang='lat' dir='ltr'><strong>Christi</strong></span> <span class='ocrx_word' id='word_1_176' title='bbox 1778 1177 1839 1223; x_wconf 88' lang='lat' dir='ltr'><strong>ad</strong></span> <span class='ocrx_word' id='word_1_177' title='bbox 1857 1175 2033 1222; x_wconf 87' lang='lat' dir='ltr'><strong>inferos</strong></span> <span class='ocrx_word' id='word_1_178' title='bbox 2051 1175 2076 1222; x_wconf 73' lang='lat' dir='ltr'><strong>a</strong></span> <span class='ocrx_word' id='word_1_179' title='bbox 2139 1212 2158 1253; x_wconf 32' lang='lat'><strong>,41</strong></span> 
     </span>
    </p>
   </div>
   <div class='ocr_carea' id='block_1_13' title="bbox 182 1239 835 1297">
    <p class='ocr_par' dir='ltr' id='par_1_14' title="bbox 182 1239 835 1297">
     <span class='ocr_line' id='line_1_18' title="bbox 182 1239 835 1297; baseline 0.003 -13"><span class='ocrx_word' id='word_1_180' title='bbox 182 1239 453 1297; x_wconf 85' lang='lat' dir='ltr'><strong>purgatorio</strong></span> <span class='ocrx_word' id='word_1_181' title='bbox 472 1253 577 1286; x_wconf 90' lang='lat' dir='ltr'><strong>esse</strong></span> <span class='ocrx_word' id='word_1_182' title='bbox 599 1240 835 1286; x_wconf 76' lang='lat' dir='ltr'><strong>liberatos,</strong></span> 
     </span>
    </p>
   </div>
   <div class='ocr_carea' id='block_1_14' title="bbox 175 1301 2170 1545">
    <p class='ocr_par' dir='ltr' id='par_1_15' title="bbox 175 1301 2170 1545">
     <span class='ocr_line' id='line_1_19' title="bbox 237 1301 2163 1363; baseline 0 -17"><span class='ocrx_word' id='word_1_183' title='bbox 237 1301 304 1347; x_wconf 85' lang='lat' dir='ltr'><strong>Ad</strong></span> <span class='ocrx_word' id='word_1_184' title='bbox 328 1304 532 1359; x_wconf 77' lang='lat' dir='ltr'><strong>primum</strong></span> <span class='ocrx_word' id='word_1_185' title='bbox 551 1315 662 1360; x_wconf 88' lang='lat' dir='ltr'><strong>ergo</strong></span> <span class='ocrx_word' id='word_1_186' title='bbox 687 1302 957 1360; x_wconf 88' lang='lat' dir='ltr'><strong>dicendum,</strong></span> <span class='ocrx_word' id='word_1_187' title='bbox 981 1303 1108 1360; x_wconf 72' lang='lat' dir='ltr'><strong>quod</strong></span> <span class='ocrx_word' id='word_1_188' title='bbox 1128 1314 1188 1348; x_wconf 83' lang='lat' dir='ltr'><strong>ex</strong></span> <span class='ocrx_word' id='word_1_189' title='bbox 1211 1302 1292 1347; x_wconf 90' lang='lat' dir='ltr'><strong>illa</strong></span> <span class='ocrx_word' id='word_1_190' title='bbox 1313 1303 1587 1349; x_wconf 85' lang='lat' dir='ltr'><strong>auctoritate</strong></span> <span class='ocrx_word' id='word_1_191' title='bbox 1606 1301 1852 1359; x_wconf 85' lang='lat' dir='ltr'><strong>Augustini</strong></span> <span class='ocrx_word' id='word_1_192' title='bbox 1877 1314 1972 1363; x_wconf 89' lang='lat' dir='ltr'><strong>non</strong></span> <span class='ocrx_word' id='word_1_193' title='bbox 1997 1313 2079 1359; x_wconf 85' lang='lat' dir='ltr'><strong>po·</strong></span> <span class='ocrx_word' id='word_1_194' title='bbox 2136 1302 2163 1314; x_wconf 80' lang='grc'><strong>“’</strong></span> 
     </span>
     <span class='ocr_line' id='line_1_20' title="bbox 183 1361 2148 1421; baseline 0.001 -14"><span class='ocrx_word' id='word_1_195' title='bbox 183 1366 275 1407; x_wconf 89' lang='lat' dir='ltr'><strong>test</strong></span> <span class='ocrx_word' id='word_1_196' title='bbox 297 1362 515 1408; x_wconf 88' lang='lat' dir='ltr'><strong>concludi</strong></span> <span class='ocrx_word' id='word_1_197' title='bbox 539 1363 667 1420; x_wconf 77' lang='lat' dir='ltr'><strong>quod</strong></span> <span class='ocrx_word' id='word_1_198' title='bbox 687 1375 854 1408; x_wconf 91' lang='lat' dir='ltr'><strong>omnes</strong></span> <span class='ocrx_word' id='word_1_199' title='bbox 875 1362 942 1407; x_wconf 89' lang='lat' dir='ltr'><strong>illi</strong></span> <span class='ocrx_word' id='word_1_200' title='bbox 971 1363 1052 1421; x_wconf 90' lang='lat' dir='ltr'><strong>qui</strong></span> <span class='ocrx_word' id='word_1_201' title='bbox 1081 1362 1130 1407; x_wconf 93' lang='lat' dir='ltr'><strong>in</strong></span> <span class='ocrx_word' id='word_1_202' title='bbox 1153 1364 1425 1421; x_wconf 88' lang='lat' dir='ltr'><strong>purgatorio</strong></span> <span class='ocrx_word' id='word_1_203' title='bbox 1447 1367 1596 1413; x_wconf 89' lang='lat' dir='ltr'><strong>erant,</strong></span> <span class='ocrx_word' id='word_1_204' title='bbox 1617 1362 1792 1408; x_wconf 87' lang='lat' dir='ltr'><strong>fuerint</strong></span> <span class='ocrx_word' id='word_1_205' title='bbox 1809 1361 1836 1406; x_wconf 77' lang='lat' dir='ltr'><strong>a</strong></span> <span class='ocrx_word' id='word_1_206' title='bbox 1856 1367 2079 1420; x_wconf 85' lang='lat' dir='ltr'><strong>purgato-</strong></span> <span class='ocrx_word' id='word_1_207' title='bbox 2138 1366 2148 1398; x_wconf 63' lang='grc' dir='ltr'><em>ἱ</em></span> 
     </span>
     <span class='ocr_line' id='line_1_21' title="bbox 175 1421 2170 1484; baseline 0.001 -15"><span class='ocrx_word' id='word_1_208' title='bbox 175 1425 251 1479; x_wconf 63' lang='grc' dir='ltr'><strong>ι1·ἰο</strong></span> <span class='ocrx_word' id='word_1_209' title='bbox 272 1421 471 1481; x_wconf 87' lang='lat' dir='ltr'><strong>liberati,</strong></span> <span class='ocrx_word' id='word_1_210' title='bbox 501 1425 585 1470; x_wconf 90' lang='lat' dir='ltr'><strong>sed</strong></span> <span class='ocrx_word' id='word_1_211' title='bbox 617 1424 741 1482; x_wconf 78' lang='lat' dir='ltr'><strong>quod</strong></span> <span class='ocrx_word' id='word_1_212' title='bbox 777 1424 1015 1482; x_wconf 89' lang='lat' dir='ltr'><strong>aliquibus</strong></span> <span class='ocrx_word' id='word_1_213' title='bbox 1047 1438 1211 1471; x_wconf 89' lang='lat' dir='ltr'><strong>eorum</strong></span> <span class='ocrx_word' id='word_1_214' title='bbox 1242 1426 1381 1471; x_wconf 77' lang='lat' dir='ltr'><strong>fuerit</strong></span> <span class='ocrx_word' id='word_1_215' title='bbox 1409 1425 1498 1471; x_wconf 88' lang='lat' dir='ltr'><strong>hoc</strong></span> <span class='ocrx_word' id='word_1_216' title='bbox 1531 1425 1811 1471; x_wconf 88' lang='lat' dir='ltr'><strong>beneficium</strong></span> <span class='ocrx_word' id='word_1_217' title='bbox 1838 1425 2076 1484; x_wconf 88' lang='lat' dir='ltr'><strong>collatum,</strong></span> <span class='ocrx_word' id='word_1_218' title='bbox 2147 1438 2170 1478; x_wconf 62' lang='lat' dir='ltr'><em>J</em></span> 
     </span>
     <span class='ocr_line' id='line_1_22' title="bbox 181 1485 2149 1545; baseline 0.001 -14"><span class='ocrx_word' id='word_1_219' title='bbox 181 1485 274 1532; x_wconf 85' lang='lat' dir='ltr'><strong>illis</strong></span> <span class='ocrx_word' id='word_1_220' title='bbox 297 1487 476 1533; x_wconf 85' lang='lat' dir='ltr'><strong>scilicet</strong></span> <span class='ocrx_word' id='word_1_221' title='bbox 508 1487 588 1544; x_wconf 92' lang='lat' dir='ltr'><strong>qui</strong></span> <span class='ocrx_word' id='word_1_222' title='bbox 602 1487 702 1545; x_wconf 86' lang='lat' dir='ltr'><strong>jam</strong></span> <span class='ocrx_word' id='word_1_223' title='bbox 726 1487 1015 1532; x_wconf 88' lang='lat' dir='ltr'><strong>sufficienter</strong></span> <span class='ocrx_word' id='word_1_224' title='bbox 1037 1488 1221 1545; x_wconf 88' lang='lat' dir='ltr'><strong>purgati</strong></span> <span class='ocrx_word' id='word_1_225' title='bbox 1249 1492 1396 1538; x_wconf 89' lang='lat' dir='ltr'><strong>erant,</strong></span> <span class='ocrx_word' id='word_1_226' title='bbox 1415 1487 1492 1533; x_wconf 89' lang='lat' dir='ltr'><strong>vel</strong></span> <span class='ocrx_word' id='word_1_227' title='bbox 1510 1487 1650 1533; x_wconf 88' lang='lat' dir='ltr'><strong>etiam</strong></span> <span class='ocrx_word' id='word_1_228' title='bbox 1676 1487 1758 1545; x_wconf 89' lang='lat' dir='ltr'><strong>qui</strong></span> <span class='ocrx_word' id='word_1_229' title='bbox 1783 1487 1897 1533; x_wconf 80' lang='lat' dir='ltr'><strong>dum</strong></span> <span class='ocrx_word' id='word_1_230' title='bbox 1922 1487 2080 1533; x_wconf 89' lang='lat' dir='ltr'><strong>adhuc</strong></span> <span class='ocrx_word' id='word_1_231' title='bbox 2128 1519 2149 1522; x_wconf 18' lang='grc' dir='ltr'><strong>,η</strong></span> 
     </span>
    </p>
   </div>
   <div class='ocr_carea' id='block_1_15' title="bbox 180 1546 2080 1855">
    <p class='ocr_par' dir='ltr' id='par_1_16' title="bbox 180 1546 2078 1668">
     <span class='ocr_line' id='line_1_23' title="bbox 181 1546 2078 1606; baseline 0.002 -15"><span class='ocrx_word' id='word_1_232' title='bbox 181 1548 414 1606; x_wconf 86' lang='lat' dir='ltr'><strong>viverent,</strong></span> <span class='ocrx_word' id='word_1_233' title='bbox 431 1553 704 1594; x_wconf 89' lang='lat' dir='ltr'><strong>meruerunt</strong></span> <span class='ocrx_word' id='word_1_234' title='bbox 720 1561 802 1605; x_wconf 90' lang='lat' dir='ltr'><strong>per</strong></span> <span class='ocrx_word' id='word_1_235' title='bbox 815 1546 956 1594; x_wconf 89' lang='lat' dir='ltr'><strong>fidem</strong></span> <span class='ocrx_word' id='word_1_236' title='bbox 972 1554 1018 1594; x_wconf 90' lang='lat' dir='ltr'><strong>et</strong></span> <span class='ocrx_word' id='word_1_237' title='bbox 1034 1549 1329 1594; x_wconf 85' lang='lat' dir='ltr'><strong>devotionem</strong></span> <span class='ocrx_word' id='word_1_238' title='bbox 1351 1550 1410 1594; x_wconf 90' lang='lat' dir='ltr'><strong>ad</strong></span> <span class='ocrx_word' id='word_1_239' title='bbox 1426 1554 1625 1594; x_wconf 87' lang='lat' dir='ltr'><strong>mortem</strong></span> <span class='ocrx_word' id='word_1_240' title='bbox 1643 1549 1828 1605; x_wconf 78' lang='lat' dir='ltr'><strong>Christi,</strong></span> <span class='ocrx_word' id='word_1_241' title='bbox 1843 1553 1896 1594; x_wconf 92' lang='lat' dir='ltr'><strong>ut</strong></span> <span class='ocrx_word' id='word_1_242' title='bbox 1907 1561 1963 1594; x_wconf 92' lang='lat' dir='ltr'><strong>eo</strong></span> <span class='ocrx_word' id='word_1_243' title='bbox 1978 1549 2078 1595; x_wconf 86' lang='lat' dir='ltr'><strong>des-</strong></span> 
     </span>
     <span class='ocr_line' id='line_1_24' title="bbox 180 1608 1527 1668; baseline 0.001 -14"><span class='ocrx_word' id='word_1_244' title='bbox 180 1608 428 1667; x_wconf 78' lang='lat' dir='ltr'><strong>candente,</strong></span> <span class='ocrx_word' id='word_1_245' title='bbox 448 1609 762 1659; x_wconf 86' lang='lat' dir='ltr'><strong>liberarentur</strong></span> <span class='ocrx_word' id='word_1_246' title='bbox 785 1609 814 1654; x_wconf 71' lang='lat' dir='ltr'><strong>a</strong></span> <span class='ocrx_word' id='word_1_247' title='bbox 838 1610 1076 1667; x_wconf 88' lang='lat' dir='ltr'><strong>temporali</strong></span> <span class='ocrx_word' id='word_1_248' title='bbox 1098 1611 1349 1668; x_wconf 75' lang='lat' dir='ltr'><strong>purgatorii</strong></span> <span class='ocrx_word' id='word_1_249' title='bbox 1371 1624 1527 1668; x_wconf 88' lang='lat' dir='ltr'><strong>poena.</strong></span> 
     </span>
    </p>

    <p class='ocr_par' dir='ltr' id='par_1_17' title="bbox 181 1670 2080 1855">
     <span class='ocr_line' id='line_1_25' title="bbox 237 1670 2080 1731; baseline 0.003 -16"><span class='ocrx_word' id='word_1_250' title='bbox 237 1670 305 1717; x_wconf 90' lang='lat' dir='ltr'><strong>Ad</strong></span> <span class='ocrx_word' id='word_1_251' title='bbox 322 1672 570 1715; x_wconf 79' lang='lat' dir='ltr'><strong>secundum</strong></span> <span class='ocrx_word' id='word_1_252' title='bbox 586 1671 854 1727; x_wconf 90' lang='lat' dir='ltr'><strong>dicendum,</strong></span> <span class='ocrx_word' id='word_1_253' title='bbox 874 1671 1002 1729; x_wconf 76' lang='lat' dir='ltr'><strong>quod</strong></span> <span class='ocrx_word' id='word_1_254' title='bbox 1016 1672 1166 1718; x_wconf 87' lang='lat' dir='ltr'><strong>virtus</strong></span> <span class='ocrx_word' id='word_1_255' title='bbox 1183 1673 1348 1718; x_wconf 87' lang='lat' dir='ltr'><strong>Christi</strong></span> <span class='ocrx_word' id='word_1_256' title='bbox 1370 1678 1590 1731; x_wconf 86' lang='lat' dir='ltr'><strong>operatur</strong></span> <span class='ocrx_word' id='word_1_257' title='bbox 1606 1673 1656 1718; x_wconf 88' lang='lat' dir='ltr'><strong>in</strong></span> <span class='ocrx_word' id='word_1_258' title='bbox 1673 1672 1980 1719; x_wconf 88' lang='lat' dir='ltr'><strong>sacramentis</strong></span> <span class='ocrx_word' id='word_1_259' title='bbox 1994 1684 2080 1731; x_wconf 84' lang='lat' dir='ltr'><strong>per</strong></span> 
     </span>
     <span class='ocr_line' id='line_1_26' title="bbox 182 1733 2080 1792; baseline 0.003 -15"><span class='ocrx_word' id='word_1_260' title='bbox 182 1733 375 1779; x_wconf 88' lang='lat' dir='ltr'><strong>modum</strong></span> <span class='ocrx_word' id='word_1_261' title='bbox 399 1735 454 1789; x_wconf 76' lang='lat'><strong>(2)</strong></span> <span class='ocrx_word' id='word_1_262' title='bbox 471 1734 731 1779; x_wconf 89' lang='lat' dir='ltr'><strong>sanationis</strong></span> <span class='ocrx_word' id='word_1_263' title='bbox 750 1738 795 1779; x_wconf 89' lang='lat' dir='ltr'><strong>et</strong></span> <span class='ocrx_word' id='word_1_264' title='bbox 814 1734 1091 1792; x_wconf 85' lang='lat' dir='ltr'><strong>expiationis</strong></span> <span class='ocrx_word' id='word_1_265' title='bbox 1115 1736 1375 1792; x_wconf 88' lang='lat' dir='ltr'><strong>cujusdam.</strong></span> <span class='ocrx_word' id='word_1_266' title='bbox 1398 1736 1525 1782; x_wconf 88' lang='lat' dir='ltr'><strong>Unde</strong></span> <span class='ocrx_word' id='word_1_267' title='bbox 1544 1739 1890 1782; x_wconf 79' lang='lat' dir='ltr'><strong>sacramentum</strong></span> <span class='ocrx_word' id='word_1_268' title='bbox 1906 1735 2080 1782; x_wconf 80' lang='lat' dir='ltr'><strong>Eucha-</strong></span> 
     </span>
     <span class='ocr_line' id='line_1_27' title="bbox 181 1794 2079 1855; baseline 0.003 -17"><span class='ocrx_word' id='word_1_269' title='bbox 181 1794 327 1839; x_wconf 87' lang='lat' dir='ltr'><strong>ristiae</strong></span> <span class='ocrx_word' id='word_1_270' title='bbox 345 1794 513 1841; x_wconf 87' lang='lat' dir='ltr'><strong>liberat</strong></span> <span class='ocrx_word' id='word_1_271' title='bbox 534 1796 772 1841; x_wconf 88' lang='lat' dir='ltr'><strong>hominem</strong></span> <span class='ocrx_word' id='word_1_272' title='bbox 793 1796 821 1840; x_wconf 78' lang='lat' dir='ltr'><strong>a</strong></span> <span class='ocrx_word' id='word_1_273' title='bbox 847 1796 1134 1854; x_wconf 79' lang='lat' dir='ltr'><strong>purgatorie,</strong></span> <span class='ocrx_word' id='word_1_274' title='bbox 1156 1797 1437 1855; x_wconf 86' lang='lat' dir='ltr'><strong>inquantum</strong></span> <span class='ocrx_word' id='word_1_275' title='bbox 1455 1802 1528 1844; x_wconf 91' lang='lat' dir='ltr'><strong>est</strong></span> <span class='ocrx_word' id='word_1_276' title='bbox 1547 1797 1827 1844; x_wconf 88' lang='lat' dir='ltr'><strong>sacrificium</strong></span> <span class='ocrx_word' id='word_1_277' title='bbox 1843 1797 2079 1855; x_wconf 87' lang='lat' dir='ltr'><strong>quoddam</strong></span> 
     </span>
    </p>
   </div>
   <div class='ocr_carea' id='block_1_16' title="bbox 181 1856 2157 1980">
    <p class='ocr_par' dir='ltr' id='par_1_18' title="bbox 181 1856 2167 1980">
     <span class='ocr_line' id='line_1_28' title="bbox 181 1856 2151 1916; baseline 0.003 -14"><span class='ocrx_word' id='word_1_278' title='bbox 181 1856 547 1903; x_wconf 85' lang='lat' dir='ltr'><strong>satisfactorium</strong></span> <span class='ocrx_word' id='word_1_279' title='bbox 573 1871 658 1916; x_wconf 87' lang='lat' dir='ltr'><strong>pro</strong></span> <span class='ocrx_word' id='word_1_280' title='bbox 680 1865 887 1916; x_wconf 86' lang='lat' dir='ltr'><strong>peccato.</strong></span> <span class='ocrx_word' id='word_1_281' title='bbox 913 1862 1176 1904; x_wconf 87' lang='lat' dir='ltr'><strong>Descensus</strong></span> <span class='ocrx_word' id='word_1_282' title='bbox 1205 1867 1362 1906; x_wconf 84' lang='lat' dir='ltr'><strong>autem</strong></span> <span class='ocrx_word' id='word_1_283' title='bbox 1393 1860 1556 1906; x_wconf 90' lang='lat' dir='ltr'><strong>Christi</strong></span> <span class='ocrx_word' id='word_1_284' title='bbox 1588 1860 1648 1906; x_wconf 87' lang='lat' dir='ltr'><strong>ad</strong></span> <span class='ocrx_word' id='word_1_285' title='bbox 1665 1860 1840 1906; x_wconf 86' lang='lat' dir='ltr'><strong>inferos</strong></span> <span class='ocrx_word' id='word_1_286' title='bbox 1869 1871 1965 1905; x_wconf 89' lang='lat' dir='ltr'><strong>non</strong></span> <span class='ocrx_word' id='word_1_287' title='bbox 1989 1857 2080 1907; x_wconf 81' lang='lat' dir='ltr'><strong>fuit</strong></span> <span class='ocrx_word' id='word_1_288' title='bbox 2141 1862 2151 1890; x_wconf 65' lang='lat'><strong>,-</strong></span> 
     </span>
     <span class='ocr_line' id='line_1_29' title="bbox 181 1918 2157 1980; baseline 0.003 -17"><span class='ocrx_word' id='word_1_289' title='bbox 181 1918 548 1976; x_wconf 81' lang='lat' dir='ltr'><strong>satisfactorius3</strong></span> <span class='ocrx_word' id='word_1_290' title='bbox 570 1920 853 1977; x_wconf 88' lang='lat' dir='ltr'><strong>operabatur</strong></span> <span class='ocrx_word' id='word_1_291' title='bbox 871 1925 1029 1966; x_wconf 89' lang='lat' dir='ltr'><strong>tamen</strong></span> <span class='ocrx_word' id='word_1_292' title='bbox 1051 1921 1099 1965; x_wconf 93' lang='lat' dir='ltr'><strong>in</strong></span> <span class='ocrx_word' id='word_1_293' title='bbox 1125 1921 1297 1967; x_wconf 86' lang='lat' dir='ltr'><strong>virtute</strong></span> <span class='ocrx_word' id='word_1_294' title='bbox 1319 1922 1564 1979; x_wconf 86' lang='lat' dir='ltr'><strong>passionis,</strong></span> <span class='ocrx_word' id='word_1_295' title='bbox 1591 1934 1696 1980; x_wconf 88' lang='lat' dir='ltr'><strong>quae</strong></span> <span class='ocrx_word' id='word_1_296' title='bbox 1720 1921 1810 1968; x_wconf 84' lang='lat' dir='ltr'><strong>fuit</strong></span> <span class='ocrx_word' id='word_1_297' title='bbox 1825 1920 2079 1968; x_wconf 80' lang='lat' dir='ltr'><strong>satisfacto-</strong></span> <span class='ocrx_word' id='word_1_298' title='bbox 2139 1927 2157 1958; x_wconf 84' lang='lat'><strong>&#39;-</strong></span> 
     </span>
    </p>
   </div>
   <div class='ocr_carea' id='block_1_17' title="bbox 179 1979 2078 2043">
    <p class='ocr_par' dir='ltr' id='par_1_19' title="bbox 179 1979 2078 2043">
     <span class='ocr_line' id='line_1_30' title="bbox 179 1979 2078 2043; baseline 0.003 -19"><span class='ocrx_word' id='word_1_299' title='bbox 179 1979 265 2037; x_wconf 86' lang='lat' dir='ltr'><strong>ria,</strong></span> <span class='ocrx_word' id='word_1_300' title='bbox 286 1985 340 2025; x_wconf 93' lang='lat' dir='ltr'><strong>ut</strong></span> <span class='ocrx_word' id='word_1_301' title='bbox 356 1993 499 2039; x_wconf 90' lang='lat' dir='ltr'><strong>supra</strong></span> <span class='ocrx_word' id='word_1_302' title='bbox 519 1980 730 2027; x_wconf 91' lang='lat' dir='ltr'><strong>habitum</strong></span> <span class='ocrx_word' id='word_1_303' title='bbox 749 1984 1021 2043; x_wconf 28' lang='lat' dir='ltr'><strong>est-(quaest.</strong></span> <span class='ocrx_word' id='word_1_304' title='bbox 1043 1997 1155 2041; x_wconf 55' lang='lat' dir='ltr'><strong>x121x,</strong></span> <span class='ocrx_word' id='word_1_305' title='bbox 1175 1989 1263 2029; x_wconf 89' lang='lat' dir='ltr'><strong>art.</strong></span> <span class='ocrx_word' id='word_1_306' title='bbox 1284 1988 1326 2039; x_wconf 82' lang='lat'><strong>1,</strong></span> <span class='ocrx_word' id='word_1_307' title='bbox 1348 1986 1375 2028; x_wconf 77' lang='lat'><strong>2</strong></span> <span class='ocrx_word' id='word_1_308' title='bbox 1391 1988 1438 2029; x_wconf 90' lang='lat' dir='ltr'><strong>et</strong></span> <span class='ocrx_word' id='word_1_309' title='bbox 1450 1986 1524 2039; x_wconf 79' lang='lat'><strong>3)3</strong></span> <span class='ocrx_word' id='word_1_310' title='bbox 1549 1984 1634 2030; x_wconf 86' lang='lat' dir='ltr'><strong>sed</strong></span> <span class='ocrx_word' id='word_1_311' title='bbox 1651 1988 1751 2030; x_wconf 87' lang='lat' dir='ltr'><strong>erat</strong></span> <span class='ocrx_word' id='word_1_312' title='bbox 1771 1982 2078 2030; x_wconf 85' lang='lat' dir='ltr'><strong>satisfactoria</strong></span> 
     </span>
    </p>
   </div>
   <div class='ocr_carea' id='block_1_18' title="bbox 180 2041 2161 2168">
    <p class='ocr_par' dir='ltr' id='par_1_20' title="bbox 180 2039 2166 2168">
     <span class='ocr_line' id='line_1_31' title="bbox 181 2041 2161 2105; baseline 0.003 -18"><span class='ocrx_word' id='word_1_313' title='bbox 181 2041 229 2086; x_wconf 90' lang='lat' dir='ltr'><strong>in</strong></span> <span class='ocrx_word' id='word_1_314' title='bbox 249 2055 436 2100; x_wconf 85' lang='lat' dir='ltr'><strong>genere,</strong></span> <span class='ocrx_word' id='word_1_315' title='bbox 463 2043 600 2102; x_wconf 84' lang='lat' dir='ltr'><strong>cujus</strong></span> <span class='ocrx_word' id='word_1_316' title='bbox 621 2045 841 2089; x_wconf 84' lang='lat' dir='ltr'><strong>virtutem</strong></span> <span class='ocrx_word' id='word_1_317' title='bbox 864 2045 1108 2103; x_wconf 89' lang='lat' dir='ltr'><strong>oportebat</strong></span> <span class='ocrx_word' id='word_1_318' title='bbox 1141 2046 1363 2104; x_wconf 85' lang='lat' dir='ltr'><strong>applicari</strong></span> <span class='ocrx_word' id='word_1_319' title='bbox 1391 2046 1452 2092; x_wconf 90' lang='lat' dir='ltr'><strong>ad</strong></span> <span class='ocrx_word' id='word_1_320' title='bbox 1481 2058 1871 2105; x_wconf 88' lang='lat' dir='ltr'><strong>unumquemque</strong></span> <span class='ocrx_word' id='word_1_321' title='bbox 1893 2058 1976 2104; x_wconf 89' lang='lat' dir='ltr'><strong>per</strong></span> <span class='ocrx_word' id='word_1_322' title='bbox 2000 2046 2078 2092; x_wconf 90' lang='lat' dir='ltr'><strong>ali·</strong></span> <span class='ocrx_word' id='word_1_323' title='bbox 2140 2048 2161 2082; x_wconf 70' lang='grc' dir='ltr'><strong>’ἰ</strong></span> 
     </span>
     <span class='ocr_line' id='line_1_32' title="bbox 180 2105 2140 2168; baseline 0.002 -18"><span class='ocrx_word' id='word_1_324' title='bbox 180 2105 295 2162; x_wconf 91' lang='lat' dir='ltr'><strong>quid</strong></span> <span class='ocrx_word' id='word_1_325' title='bbox 317 2106 581 2163; x_wconf 87' lang='lat' dir='ltr'><strong>specialiter</strong></span> <span class='ocrx_word' id='word_1_326' title='bbox 601 2107 662 2152; x_wconf 90' lang='lat' dir='ltr'><strong>ad</strong></span> <span class='ocrx_word' id='word_1_327' title='bbox 676 2108 830 2164; x_wconf 88' lang='lat' dir='ltr'><strong>ipsum</strong></span> <span class='ocrx_word' id='word_1_328' title='bbox 849 2108 1107 2165; x_wconf 81' lang='lat' dir='ltr'><strong>pertinenS.</strong></span> <span class='ocrx_word' id='word_1_329' title='bbox 1124 2111 1176 2154; x_wconf 89' lang='lat' dir='ltr'><strong>Et</strong></span> <span class='ocrx_word' id='word_1_330' title='bbox 1198 2110 1299 2154; x_wconf 80' lang='lat' dir='ltr'><strong>ideo</strong></span> <span class='ocrx_word' id='word_1_331' title='bbox 1317 2122 1410 2154; x_wconf 91' lang='lat' dir='ltr'><strong>non</strong></span> <span class='ocrx_word' id='word_1_332' title='bbox 1429 2114 1612 2167; x_wconf 91' lang='lat' dir='ltr'><strong>oportet</strong></span> <span class='ocrx_word' id='word_1_333' title='bbox 1634 2109 1760 2167; x_wconf 69' lang='lat' dir='ltr'><strong>qued</strong></span> <span class='ocrx_word' id='word_1_334' title='bbox 1782 2121 1868 2168; x_wconf 87' lang='lat' dir='ltr'><strong>per</strong></span> <span class='ocrx_word' id='word_1_335' title='bbox 1888 2109 2079 2156; x_wconf 87' lang='lat' dir='ltr'><strong>descen·</strong></span> <span class='ocrx_word' id='word_1_336' title='bbox 2132 2124 2140 2149; x_wconf 95' lang='grc'><strong>·.</strong></span> 
     </span>
    </p>
   </div>
   <div class='ocr_carea' id='block_1_19' title="bbox 178 2168 1656 2229">
    <p class='ocr_par' dir='ltr' id='par_1_21' title="bbox 178 2168 1656 2229">
     <span class='ocr_line' id='line_1_33' title="bbox 178 2168 1656 2229; baseline 0.003 -16"><span class='ocrx_word' id='word_1_337' title='bbox 178 2180 285 2213; x_wconf 90' lang='lat' dir='ltr'><strong>sum</strong></span> <span class='ocrx_word' id='word_1_338' title='bbox 302 2168 469 2213; x_wconf 86' lang='lat' dir='ltr'><strong>Christi</strong></span> <span class='ocrx_word' id='word_1_339' title='bbox 487 2168 545 2213; x_wconf 87' lang='lat' dir='ltr'><strong>ad</strong></span> <span class='ocrx_word' id='word_1_340' title='bbox 562 2169 736 2214; x_wconf 86' lang='lat' dir='ltr'><strong>inferos</strong></span> <span class='ocrx_word' id='word_1_341' title='bbox 750 2182 917 2216; x_wconf 90' lang='lat' dir='ltr'><strong>omnes</strong></span> <span class='ocrx_word' id='word_1_342' title='bbox 936 2171 1112 2216; x_wconf 90' lang='lat' dir='ltr'><strong>fuerint</strong></span> <span class='ocrx_word' id='word_1_343' title='bbox 1130 2171 1156 2215; x_wconf 78' lang='lat' dir='ltr'><strong>a</strong></span> <span class='ocrx_word' id='word_1_344' title='bbox 1173 2171 1442 2229; x_wconf 86' lang='lat' dir='ltr'><strong>purgatorio</strong></span> <span class='ocrx_word' id='word_1_345' title='bbox 1458 2171 1656 2218; x_wconf 85' lang='lat' dir='ltr'><strong>liberati.</strong></span> 
     </span>
    </p>
   </div>
   <div class='ocr_carea' id='block_1_20' title="bbox 178 2229 2168 2602">
    <p class='ocr_par' dir='ltr' id='par_1_22' title="bbox 178 2229 2168 2602">
     <span class='ocr_line' id='line_1_34' title="bbox 233 2229 2151 2295; baseline 0.002 -20"><span class='ocrx_word' id='word_1_346' title='bbox 233 2229 300 2275; x_wconf 85' lang='lat' dir='ltr'><strong>Ad</strong></span> <span class='ocrx_word' id='word_1_347' title='bbox 320 2234 504 2274; x_wconf 72' lang='lat' dir='ltr'><strong>tertium</strong></span> <span class='ocrx_word' id='word_1_348' title='bbox 524 2231 793 2288; x_wconf 88' lang='lat' dir='ltr'><strong>dicendum,</strong></span> <span class='ocrx_word' id='word_1_349' title='bbox 810 2232 935 2290; x_wconf 78' lang='lat' dir='ltr'><strong>quod</strong></span> <span class='ocrx_word' id='word_1_350' title='bbox 952 2233 1018 2278; x_wconf 90' lang='lat' dir='ltr'><strong>illi</strong></span> <span class='ocrx_word' id='word_1_351' title='bbox 1032 2233 1259 2290; x_wconf 78' lang='lat' dir='ltr'><strong>defectUS,</strong></span> <span class='ocrx_word' id='word_1_352' title='bbox 1276 2233 1304 2278; x_wconf 76' lang='lat' dir='ltr'><strong>a</strong></span> <span class='ocrx_word' id='word_1_353' title='bbox 1318 2234 1492 2291; x_wconf 87' lang='lat' dir='ltr'><strong>quibus</strong></span> <span class='ocrx_word' id='word_1_354' title='bbox 1509 2233 1719 2279; x_wconf 91' lang='lat' dir='ltr'><strong>Christus</strong></span> <span class='ocrx_word' id='word_1_355' title='bbox 1735 2232 1786 2278; x_wconf 89' lang='lat' dir='ltr'><strong>in</strong></span> <span class='ocrx_word' id='word_1_356' title='bbox 1798 2234 1887 2279; x_wconf 83' lang='lat' dir='ltr'><strong>hoc</strong></span> <span class='ocrx_word' id='word_1_357' title='bbox 1899 2234 2077 2279; x_wconf 91' lang='lat' dir='ltr'><strong>mundo</strong></span> <span class='ocrx_word' id='word_1_358' title='bbox 2132 2247 2151 2295; x_wconf 70' lang='lat' dir='ltr'><strong>{f</strong></span> 
     </span>
     <span class='ocr_line' id='line_1_35' title="bbox 180 2291 2159 2358; baseline 0.004 -23"><span class='ocrx_word' id='word_1_359' title='bbox 180 2291 321 2336; x_wconf 85' lang='lat' dir='ltr'><strong>simul</strong></span> <span class='ocrx_word' id='word_1_360' title='bbox 353 2291 569 2337; x_wconf 91' lang='lat' dir='ltr'><strong>homines</strong></span> <span class='ocrx_word' id='word_1_361' title='bbox 600 2293 845 2350; x_wconf 83' lang='lat' dir='ltr'><strong>liberabat,</strong></span> <span class='ocrx_word' id='word_1_362' title='bbox 882 2300 1014 2340; x_wconf 89' lang='lat' dir='ltr'><strong>erant</strong></span> <span class='ocrx_word' id='word_1_363' title='bbox 1059 2297 1357 2353; x_wconf 79' lang='lat' dir='ltr'><strong>personales,</strong></span> <span class='ocrx_word' id='word_1_364' title='bbox 1391 2297 1580 2355; x_wconf 78' lang='lat' dir='ltr'><strong>proprie</strong></span> <span class='ocrx_word' id='word_1_365' title='bbox 1608 2296 1669 2342; x_wconf 92' lang='lat' dir='ltr'><strong>ad</strong></span> <span class='ocrx_word' id='word_1_366' title='bbox 1692 2308 2078 2355; x_wconf 88' lang='lat' dir='ltr'><strong>unumquemque</strong></span> <span class='ocrx_word' id='word_1_367' title='bbox 2142 2323 2159 2358; x_wconf 74' lang='lat' dir='ltr'><strong>j·</strong></span> 
     </span>
     <span class='ocr_line' id='line_1_36' title="bbox 179 2353 2078 2417; baseline 0.003 -18"><span class='ocrx_word' id='word_1_368' title='bbox 179 2353 488 2411; x_wconf 58' lang='lat' dir='ltr'><strong>pertinentes,</strong></span> <span class='ocrx_word' id='word_1_369' title='bbox 512 2355 594 2400; x_wconf 89' lang='lat' dir='ltr'><strong>sed</strong></span> <span class='ocrx_word' id='word_1_370' title='bbox 615 2355 826 2400; x_wconf 85' lang='lat' dir='ltr'><strong>exclusio</strong></span> <span class='ocrx_word' id='word_1_371' title='bbox 846 2356 874 2400; x_wconf 79' lang='lat' dir='ltr'><strong>a</strong></span> <span class='ocrx_word' id='word_1_372' title='bbox 893 2357 1041 2414; x_wconf 85' lang='lat' dir='ltr'><strong>gloria</strong></span> <span class='ocrx_word' id='word_1_373' title='bbox 1056 2358 1135 2403; x_wconf 90' lang='lat' dir='ltr'><strong>Dei</strong></span> <span class='ocrx_word' id='word_1_374' title='bbox 1161 2363 1261 2404; x_wconf 86' lang='lat' dir='ltr'><strong>erat</strong></span> <span class='ocrx_word' id='word_1_375' title='bbox 1286 2359 1477 2416; x_wconf 90' lang='lat' dir='ltr'><strong>quidam</strong></span> <span class='ocrx_word' id='word_1_376' title='bbox 1501 2359 1710 2405; x_wconf 89' lang='lat' dir='ltr'><strong>defectus</strong></span> <span class='ocrx_word' id='word_1_377' title='bbox 1725 2359 1956 2416; x_wconf 88' lang='lat' dir='ltr'><strong>generalis</strong></span> <span class='ocrx_word' id='word_1_378' title='bbox 1971 2371 2078 2417; x_wconf 92' lang='lat' dir='ltr'><strong>per-</strong></span> 
     </span>
     <span class='ocr_line' id='line_1_37' title="bbox 180 2415 2166 2479; baseline 0.005 -20"><span class='ocrx_word' id='word_1_379' title='bbox 180 2415 335 2460; x_wconf 83' lang='lat' dir='ltr'><strong>tineus</strong></span> <span class='ocrx_word' id='word_1_380' title='bbox 359 2415 419 2460; x_wconf 90' lang='lat' dir='ltr'><strong>ad</strong></span> <span class='ocrx_word' id='word_1_381' title='bbox 451 2419 593 2460; x_wconf 87' lang='lat' dir='ltr'><strong>totam</strong></span> <span class='ocrx_word' id='word_1_382' title='bbox 620 2417 874 2462; x_wconf 88' lang='lat' dir='ltr'><strong>humanam</strong></span> <span class='ocrx_word' id='word_1_383' title='bbox 912 2424 1144 2463; x_wconf 85' lang='lat' dir='ltr'><strong>naturam.</strong></span> <span class='ocrx_word' id='word_1_384' title='bbox 1167 2423 1221 2464; x_wconf 88' lang='lat' dir='ltr'><strong>Et</strong></span> <span class='ocrx_word' id='word_1_385' title='bbox 1244 2420 1347 2465; x_wconf 82' lang='lat' dir='ltr'><strong>ideo</strong></span> <span class='ocrx_word' id='word_1_386' title='bbox 1372 2421 1485 2466; x_wconf 90' lang='lat' dir='ltr'><strong>nihil</strong></span> <span class='ocrx_word' id='word_1_387' title='bbox 1507 2420 1721 2479; x_wconf 87' lang='lat' dir='ltr'><strong>prohibet</strong></span> <span class='ocrx_word' id='word_1_388' title='bbox 1737 2433 1820 2467; x_wconf 87' lang='lat' dir='ltr'><strong>eos</strong></span> <span class='ocrx_word' id='word_1_389' title='bbox 1841 2421 1921 2479; x_wconf 90' lang='lat' dir='ltr'><strong>qui</strong></span> <span class='ocrx_word' id='word_1_390' title='bbox 1944 2426 2078 2468; x_wconf 90' lang='lat' dir='ltr'><strong>erant</strong></span> <span class='ocrx_word' id='word_1_391' title='bbox 2130 2419 2166 2478; x_wconf 68' lang='lat'><strong>713&#39;15</strong></span> 
     </span>
     <span class='ocr_line' id='line_1_38' title="bbox 178 2477 2168 2539; baseline 0.005 -19"><span class='ocrx_word' id='word_1_392' title='bbox 178 2478 228 2521; x_wconf 92' lang='lat' dir='ltr'><strong>in</strong></span> <span class='ocrx_word' id='word_1_393' title='bbox 253 2477 542 2535; x_wconf 80' lang='lat' dir='ltr'><strong>purgatorie,</strong></span> <span class='ocrx_word' id='word_1_394' title='bbox 562 2490 646 2535; x_wconf 89' lang='lat' dir='ltr'><strong>per</strong></span> <span class='ocrx_word' id='word_1_395' title='bbox 671 2478 901 2524; x_wconf 85' lang='lat' dir='ltr'><strong>Christum</strong></span> <span class='ocrx_word' id='word_1_396' title='bbox 922 2493 1029 2525; x_wconf 89' lang='lat' dir='ltr'><strong>esse</strong></span> <span class='ocrx_word' id='word_1_397' title='bbox 1049 2481 1267 2526; x_wconf 85' lang='lat' dir='ltr'><strong>liberatos</strong></span> <span class='ocrx_word' id='word_1_398' title='bbox 1287 2483 1346 2527; x_wconf 89' lang='lat' dir='ltr'><strong>ab</strong></span> <span class='ocrx_word' id='word_1_399' title='bbox 1365 2482 1631 2527; x_wconf 88' lang='lat' dir='ltr'><strong>exclusione</strong></span> <span class='ocrx_word' id='word_1_400' title='bbox 1646 2481 1674 2526; x_wconf 78' lang='lat' dir='ltr'><strong>a</strong></span> <span class='ocrx_word' id='word_1_401' title='bbox 1697 2481 1860 2539; x_wconf 87' lang='lat' dir='ltr'><strong>gloria,</strong></span> <span class='ocrx_word' id='word_1_402' title='bbox 1880 2495 1976 2528; x_wconf 91' lang='lat' dir='ltr'><strong>non</strong></span> <span class='ocrx_word' id='word_1_403' title='bbox 1997 2495 2077 2530; x_wconf 87' lang='lat' dir='ltr'><strong>au·</strong></span> <span class='ocrx_word' id='word_1_404' title='bbox 2134 2482 2168 2538; x_wconf 54' lang='lat'><strong>&#39;255</strong></span> 
     </span>
     <span class='ocr_line' id='line_1_39' title="bbox 179 2539 2155 2602; baseline 0.005 -19"><span class='ocrx_word' id='word_1_405' title='bbox 179 2543 274 2584; x_wconf 90' lang='lat' dir='ltr'><strong>tem</strong></span> <span class='ocrx_word' id='word_1_406' title='bbox 301 2539 329 2584; x_wconf 74' lang='lat' dir='ltr'><strong>a</strong></span> <span class='ocrx_word' id='word_1_407' title='bbox 345 2544 476 2585; x_wconf 89' lang='lat' dir='ltr'><strong>reatu</strong></span> <span class='ocrx_word' id='word_1_408' title='bbox 494 2552 648 2597; x_wconf 86' lang='lat' dir='ltr'><strong>poenae</strong></span> <span class='ocrx_word' id='word_1_409' title='bbox 665 2542 939 2600; x_wconf 86' lang='lat' dir='ltr'><strong>purgatorii,</strong></span> <span class='ocrx_word' id='word_1_410' title='bbox 965 2543 1044 2600; x_wconf 91' lang='lat' dir='ltr'><strong>qui</strong></span> <span class='ocrx_word' id='word_1_411' title='bbox 1065 2544 1265 2600; x_wconf 86' lang='lat' dir='ltr'><strong>pertinet</strong></span> <span class='ocrx_word' id='word_1_412' title='bbox 1294 2544 1353 2590; x_wconf 91' lang='lat' dir='ltr'><strong>ad</strong></span> <span class='ocrx_word' id='word_1_413' title='bbox 1377 2545 1618 2602; x_wconf 87' lang='lat' dir='ltr'><strong>proprium</strong></span> <span class='ocrx_word' id='word_1_414' title='bbox 1635 2544 1887 2602; x_wconf 87' lang='lat' dir='ltr'><strong>defectum,</strong></span> <span class='ocrx_word' id='word_1_415' title='bbox 1911 2545 2032 2592; x_wconf 87' lang='lat' dir='ltr'><strong>sicut</strong></span> <span class='ocrx_word' id='word_1_416' title='bbox 2048 2546 2077 2592; x_wconf 78' lang='grc' dir='ltr'>ὸ</span> <span class='ocrx_word' id='word_1_417' title='bbox 2134 2545 2155 2578; x_wconf 62' lang='lat'><strong>„³</strong></span> 
     </span>
    </p>
   </div>
   <div class='ocr_carea' id='block_1_21' title="bbox 179 2602 2076 2783">
    <p class='ocr_par' dir='ltr' id='par_1_23' title="bbox 179 2602 2076 2783">
     <span class='ocr_line' id='line_1_40' title="bbox 179 2602 2076 2668; baseline 0.005 -22"><span class='ocrx_word' id='word_1_418' title='bbox 179 2602 413 2647; x_wconf 89' lang='lat' dir='ltr'><strong>contrario</strong></span> <span class='ocrx_word' id='word_1_419' title='bbox 441 2603 590 2648; x_wconf 87' lang='lat' dir='ltr'><strong>sancti</strong></span> <span class='ocrx_word' id='word_1_420' title='bbox 631 2608 787 2660; x_wconf 83' lang='lat' dir='ltr'><strong>patres</strong></span> <span class='ocrx_word' id='word_1_421' title='bbox 827 2610 935 2651; x_wconf 89' lang='lat' dir='ltr'><strong>ante</strong></span> <span class='ocrx_word' id='word_1_422' title='bbox 975 2606 1139 2651; x_wconf 87' lang='lat' dir='ltr'><strong>Christi</strong></span> <span class='ocrx_word' id='word_1_423' title='bbox 1174 2607 1426 2652; x_wconf 87' lang='lat' dir='ltr'><strong>adventum</strong></span> <span class='ocrx_word' id='word_1_424' title='bbox 1466 2607 1645 2653; x_wconf 85' lang='lat' dir='ltr'><strong>liberati</strong></span> <span class='ocrx_word' id='word_1_425' title='bbox 1665 2612 1776 2653; x_wconf 88' lang='lat' dir='ltr'><strong>sunt</strong></span> <span class='ocrx_word' id='word_1_426' title='bbox 1810 2608 1838 2652; x_wconf 77' lang='lat' dir='ltr'><strong>a</strong></span> <span class='ocrx_word' id='word_1_427' title='bbox 1877 2608 2076 2668; x_wconf 87' lang='lat' dir='ltr'><strong>propriis</strong></span> 
     </span>
     <span class='ocr_line' id='line_1_41' title="bbox 179 2663 2076 2727; baseline 0.004 -19"><span class='ocrx_word' id='word_1_428' title='bbox 179 2663 439 2710; x_wconf 83' lang='lat' dir='ltr'><strong>defectibus</strong></span> <span class='ocrx_word' id='word_1_429' title='bbox 461 2697 475 2724; x_wconf 90' lang='lat'><strong>,</strong></span> <span class='ocrx_word' id='word_1_430' title='bbox 514 2677 609 2710; x_wconf 91' lang='lat' dir='ltr'><strong>non</strong></span> <span class='ocrx_word' id='word_1_431' title='bbox 647 2670 805 2711; x_wconf 87' lang='lat' dir='ltr'><strong>autem</strong></span> <span class='ocrx_word' id='word_1_432' title='bbox 847 2666 875 2711; x_wconf 78' lang='lat' dir='ltr'><strong>a</strong></span> <span class='ocrx_word' id='word_1_433' title='bbox 917 2667 1098 2713; x_wconf 83' lang='lat' dir='ltr'><strong>defectu</strong></span> <span class='ocrx_word' id='word_1_434' title='bbox 1136 2669 1374 2714; x_wconf 85' lang='lat' dir='ltr'><strong>communi</strong></span> <span class='ocrx_word' id='word_1_435' title='bbox 1394 2698 1409 2714; x_wconf 56' lang='lat'>2</span> <span class='ocrx_word' id='word_1_436' title='bbox 1444 2669 1566 2715; x_wconf 87' lang='lat' dir='ltr'><strong>sieut</strong></span> <span class='ocrx_word' id='word_1_437' title='bbox 1605 2681 1749 2727; x_wconf 89' lang='lat' dir='ltr'><strong>supra</strong></span> <span class='ocrx_word' id='word_1_438' title='bbox 1787 2670 1965 2716; x_wconf 88' lang='lat' dir='ltr'><strong>dictum</strong></span> <span class='ocrx_word' id='word_1_439' title='bbox 2002 2674 2076 2717; x_wconf 86' lang='lat' dir='ltr'><strong>est</strong></span> 
     </span>
     <span class='ocr_line' id='line_1_42' title="bbox 180 2726 836 2783; baseline 0.006 -14"><span class='ocrx_word' id='word_1_440' title='bbox 180 2726 370 2782; x_wconf 83' lang='lat' dir='ltr'><strong>(quaest.</strong></span> <span class='ocrx_word' id='word_1_441' title='bbox 393 2738 510 2783; x_wconf 78' lang='lat' dir='ltr'><strong>xmx,</strong></span> <span class='ocrx_word' id='word_1_442' title='bbox 530 2729 619 2770; x_wconf 90' lang='lat' dir='ltr'><strong>art.</strong></span> <span class='ocrx_word' id='word_1_443' title='bbox 639 2730 667 2772; x_wconf 82' lang='grc'><strong>5</strong></span> <span class='ocrx_word' id='word_1_444' title='bbox 686 2727 747 2772; x_wconf 85' lang='lat' dir='ltr'><strong>ad</strong></span> <span class='ocrx_word' id='word_1_445' title='bbox 768 2731 836 2782; x_wconf 83' lang='lat'><strong>1).</strong></span> 
     </span>
    </p>
   </div>
   <div class='ocr_carea' id='block_1_22' title="bbox 897 2857 1370 2922">
    <p class='ocr_par' dir='ltr' id='par_1_24' title="bbox 897 2857 1370 2922">
     <span class='ocr_line' id='line_1_43' title="bbox 897 2857 1370 2922; baseline -0.006 -9"><span class='ocrx_word' id='word_1_446' title='bbox 897 2857 1204 2922; x_wconf 82' lang='lat' dir='ltr'>QUAESTIO</span> <span class='ocrx_word' id='word_1_447' title='bbox 1244 2859 1370 2912; x_wconf 87' lang='lat' dir='ltr'><strong>LIII.</strong></span> 
     </span>
    </p>
   </div>
   <div class='ocr_carea' id='block_1_23' title="bbox 357 2973 1895 3027">
    <p class='ocr_par' dir='ltr' id='par_1_25' title="bbox 357 2973 1895 3027">
     <span class='ocr_line' id='line_1_44' title="bbox 357 2973 1895 3027; baseline 0.007 -20"><span class='ocrx_word' id='word_1_448' title='bbox 357 2973 416 3008; x_wconf 80' lang='lat' dir='ltr'><strong>DE</strong></span> <span class='ocrx_word' id='word_1_449' title='bbox 447 2973 842 3010; x_wconf 82' lang='lat' dir='ltr'><strong>RESURRECTIONE</strong></span> <span class='ocrx_word' id='word_1_450' title='bbox 874 2975 1079 3027; x_wconf 79' lang='lat' dir='ltr'><strong>CHRISTI,</strong></span> <span class='ocrx_word' id='word_1_451' title='bbox 1113 2978 1159 3012; x_wconf 88' lang='lat' dir='ltr'><strong>IN</strong></span> <span class='ocrx_word' id='word_1_452' title='bbox 1193 2978 1416 3020; x_wconf 78' lang='lat' dir='ltr'><strong>QUATUOR</strong></span> <span class='ocrx_word' id='word_1_453' title='bbox 1445 2980 1702 3017; x_wconf 79' lang='lat' dir='ltr'><strong>ARTICULOS</strong></span> <span class='ocrx_word' id='word_1_454' title='bbox 1730 2983 1895 3018; x_wconf 81' lang='lat' dir='ltr'><strong>DIVISA.</strong></span> 
     </span>
    </p>
   </div>
   <div class='ocr_carea' id='block_1_24' title="bbox 225 3060 2072 3120">
    <p class='ocr_par' dir='ltr' id='par_1_26' title="bbox 225 3060 2072 3120">
     <span class='ocr_line' id='line_1_45' title="bbox 225 3060 2072 3120; baseline 0.006 -19"><span class='ocrx_word' id='word_1_455' title='bbox 225 3060 523 3113; x_wconf 83' lang='lat' dir='ltr'><strong>Consequenter</strong></span> <span class='ocrx_word' id='word_1_456' title='bbox 537 3062 882 3106; x_wconf 88' lang='lat' dir='ltr'><strong>considerandum</strong></span> <span class='ocrx_word' id='word_1_457' title='bbox 901 3069 961 3107; x_wconf 88' lang='lat' dir='ltr'><strong>est</strong></span> <span class='ocrx_word' id='word_1_458' title='bbox 979 3067 1028 3107; x_wconf 90' lang='lat' dir='ltr'><strong>de</strong></span> <span class='ocrx_word' id='word_1_459' title='bbox 1048 3066 1115 3107; x_wconf 92' lang='lat' dir='ltr'><strong>his</strong></span> <span class='ocrx_word' id='word_1_460' title='bbox 1129 3079 1221 3118; x_wconf 87' lang='lat' dir='ltr'><strong>quae</strong></span> <span class='ocrx_word' id='word_1_461' title='bbox 1239 3069 1445 3120; x_wconf 86' lang='lat' dir='ltr'><strong>pertinent</strong></span> <span class='ocrx_word' id='word_1_462' title='bbox 1458 3068 1511 3109; x_wconf 87' lang='lat' dir='ltr'><strong>ad</strong></span> <span class='ocrx_word' id='word_1_463' title='bbox 1525 3069 1815 3110; x_wconf 85' lang='lat' dir='ltr'><strong>exaltationem</strong></span> <span class='ocrx_word' id='word_1_464' title='bbox 1835 3070 1987 3112; x_wconf 86' lang='lat' dir='ltr'><strong>Christi</strong></span> <span class='ocrx_word' id='word_1_465' title='bbox 2003 3084 2015 3112; x_wconf 74' lang='grc' dir='ltr'><strong><em>ε</em></strong></span> <span class='ocrx_word' id='word_1_466' title='bbox 2029 3071 2072 3112; x_wconf 75' lang='lat' dir='ltr'><strong>et</strong></span> 
     </span>
    </p>
   </div>
   <div class='ocr_carea' id='block_1_25' title="bbox 2136 978 2170 1731">
    <p class='ocr_par' dir='ltr' id='par_1_27' title="bbox 2136 978 2170 1731">
     <span class='ocr_line' id='line_1_46' title="bbox 2136 978 2170 1731; baseline 0 2077"><span class='ocrx_word' id='word_1_467' title='bbox 2136 978 2170 1731; x_wconf 95' lang='lat' dir='ltr'><strong> </strong></span> 
     </span>
    </p>
   </div>
   <div class='ocr_carea' id='block_1_26' title="bbox 2122 1808 2170 2786">
    <p class='ocr_par' dir='ltr' id='par_1_28' title="bbox 2122 1808 2170 2786">
     <span class='ocr_line' id='line_1_47' title="bbox 2122 1808 2170 2786; baseline 0 0"><span class='ocrx_word' id='word_1_468' title='bbox 2122 1808 2170 2786; x_wconf 95' lang='lat' dir='ltr'><strong> </strong></span> 
     </span>
    </p>
   </div>
   <div class='ocr_carea' id='block_1_27' title="bbox 2145 1758 2170 1808">
    <p class='ocr_par' dir='ltr' id='par_1_29' title="bbox 2145 1758 2170 1808">
     <span class='ocr_line' id='line_1_48' title="bbox 2145 1758 2170 1808; baseline 0 -43"><span class='ocrx_word' id='word_1_469' title='bbox 2145 1758 2170 1808; x_wconf 44' lang='grc' dir='ltr'><strong>ᾗ..</strong></span> 
     </span>
    </p>
   </div>
   <div class='ocr_carea' id='block_1_28' title="bbox 178 3115 2165 3231">
    <p class='ocr_par' dir='ltr' id='par_1_30' title="bbox 178 3115 2165 3234">
     <span class='ocr_line' id='line_1_49' title="bbox 178 3115 2165 3181; baseline 0.008 -27"><span class='ocrx_word' id='word_1_470' title='bbox 178 3115 312 3167; x_wconf 80' lang='lat' dir='ltr'><strong>primo</strong></span> <span class='ocrx_word' id='word_1_471' title='bbox 332 3116 381 3156; x_wconf 86' lang='lat' dir='ltr'><strong>de</strong></span> <span class='ocrx_word' id='word_1_472' title='bbox 402 3117 489 3169; x_wconf 85' lang='lat' dir='ltr'><strong>ejus</strong></span> <span class='ocrx_word' id='word_1_473' title='bbox 512 3119 828 3170; x_wconf 87' lang='lat' dir='ltr'><strong>resurrectione;</strong></span> <span class='ocrx_word' id='word_1_474' title='bbox 846 3121 1038 3169; x_wconf 82' lang='lat' dir='ltr'><strong>secundo,</strong></span> <span class='ocrx_word' id='word_1_475' title='bbox 1054 3122 1104 3162; x_wconf 91' lang='lat' dir='ltr'><strong>de</strong></span> <span class='ocrx_word' id='word_1_476' title='bbox 1117 3122 1206 3173; x_wconf 87' lang='lat' dir='ltr'><strong>ejus</strong></span> <span class='ocrx_word' id='word_1_477' title='bbox 1223 3125 1479 3174; x_wconf 83' lang='lat' dir='ltr'><strong>ascensione;</strong></span> <span class='ocrx_word' id='word_1_478' title='bbox 1497 3125 1639 3174; x_wconf 77' lang='lat' dir='ltr'><strong>tertio,</strong></span> <span class='ocrx_word' id='word_1_479' title='bbox 1657 3124 1708 3165; x_wconf 88' lang='lat' dir='ltr'><strong>de</strong></span> <span class='ocrx_word' id='word_1_480' title='bbox 1724 3125 1812 3177; x_wconf 87' lang='lat' dir='ltr'><strong>ejus</strong></span> <span class='ocrx_word' id='word_1_481' title='bbox 1831 3123 2077 3176; x_wconf 58' lang='lat' dir='ltr'><strong>sessioneadf</strong></span> <span class='ocrx_word' id='word_1_482' title='bbox 2136 3124 2165 3181; x_wconf 52' lang='lat'><strong>3?</strong></span> 
     </span>
     <span class='ocr_line' id='line_1_50' title="bbox 178 3169 2076 3231; baseline 0.007 -22"><span class='ocrx_word' id='word_1_483' title='bbox 178 3169 383 3210; x_wconf 79' lang='lat' dir='ltr'><strong>dexteram</strong></span> <span class='ocrx_word' id='word_1_484' title='bbox 406 3172 560 3223; x_wconf 81' lang='lat' dir='ltr'><strong>Patris;</strong></span> <span class='ocrx_word' id='word_1_485' title='bbox 579 3174 749 3225; x_wconf 80' lang='lat' dir='ltr'><strong>quarto,</strong></span> <span class='ocrx_word' id='word_1_486' title='bbox 769 3172 819 3214; x_wconf 91' lang='lat' dir='ltr'><strong>de</strong></span> <span class='ocrx_word' id='word_1_487' title='bbox 839 3173 1061 3227; x_wconf 85' lang='lat' dir='ltr'><strong>judiciaria</strong></span> <span class='ocrx_word' id='word_1_488' title='bbox 1082 3181 1278 3227; x_wconf 84' lang='lat' dir='ltr'><strong>potestate</strong></span> <span class='ocrx_word' id='word_1_489' title='bbox 1303 3178 1447 3231; x_wconf 89' lang='lat' dir='ltr'><strong>ipsius.</strong></span> <span class='ocrx_word' id='word_1_490' title='bbox 1474 3201 1520 3208; x_wconf 91' lang='lat'><strong>-—</strong></span> <span class='ocrx_word' id='word_1_491' title='bbox 1543 3179 1657 3219; x_wconf 85' lang='lat' dir='ltr'><strong>Circa</strong></span> <span class='ocrx_word' id='word_1_492' title='bbox 1685 3180 1873 3230; x_wconf 90' lang='lat' dir='ltr'><strong>primum</strong></span> <span class='ocrx_word' id='word_1_493' title='bbox 1899 3180 2076 3222; x_wconf 76' lang='lat' dir='ltr'><strong>occurrit·</strong></span> 
     </span>
    </p>
   </div>
   <div class='ocr_carea' id='block_1_29' title="bbox 219 3273 2070 3319">
    <p class='ocr_par' dir='ltr' id='par_1_31' title="bbox 219 3264 2163 3319">
     <span class='ocr_line' id='line_1_51' title="bbox 219 3273 2070 3319; baseline 0.003 -5"><span class='ocrx_word' id='word_1_494' title='bbox 219 3273 265 3315; x_wconf 64' lang='grc'><strong>(1)</strong></span> <span class='ocrx_word' id='word_1_495' title='bbox 288 3273 445 3308; x_wconf 66' lang='lat' dir='ltr'><strong>Attamen</strong></span> <span class='ocrx_word' id='word_1_496' title='bbox 474 3277 631 3311; x_wconf 87' lang='lat' dir='ltr'><strong>nonnulli</strong></span> <span class='ocrx_word' id='word_1_497' title='bbox 663 3282 785 3319; x_wconf 81' lang='lat' dir='ltr'><strong>putant</strong></span> <span class='ocrx_word' id='word_1_498' title='bbox 812 3291 928 3314; x_wconf 83' lang='lat' dir='ltr'><strong>omnes</strong></span> <span class='ocrx_word' id='word_1_499' title='bbox 955 3281 1084 3314; x_wconf 80' lang='lat' dir='ltr'><strong>animas</strong></span> <span class='ocrx_word' id='word_1_500' title='bbox 1169 3281 1238 3316; x_wconf 79' lang='lat' dir='ltr'><strong>haec</strong></span> <span class='ocrx_word' id='word_1_501' title='bbox 1257 3282 1427 3318; x_wconf 81' lang='lat' dir='ltr'><strong>sententia</strong></span> <span class='ocrx_word' id='word_1_502' title='bbox 1453 3281 1627 3318; x_wconf 73' lang='lat' dir='ltr'><strong>veteribus</strong></span> <span class='ocrx_word' id='word_1_503' title='bbox 1651 3283 1808 3318; x_wconf 74' lang='lat' dir='ltr'><strong>Patribus</strong></span> <span class='ocrx_word' id='word_1_504' title='bbox 1825 3283 1906 3319; x_wconf 78' lang='lat' dir='ltr'><strong>satis</strong></span> <span class='ocrx_word' id='word_1_505' title='bbox 1926 3295 2070 3319; x_wconf 75' lang='lat' dir='ltr'><strong>consen·</strong></span> 
     </span>
    </p>
   </div>
   <div class='ocr_carea' id='block_1_30' title="bbox 176 3320 1436 3371">
    <p class='ocr_par' dir='ltr' id='par_1_32' title="bbox 176 3320 1436 3371">
     <span class='ocr_line' id='line_1_52' title="bbox 176 3320 1436 3371; baseline 0.01 -17"><span class='ocrx_word' id='word_1_506' title='bbox 176 3320 279 3355; x_wconf 85' lang='lat' dir='ltr'><strong>fuisse</strong></span> <span class='ocrx_word' id='word_1_507' title='bbox 306 3333 345 3356; x_wconf 85' lang='lat' dir='ltr'><strong>ex</strong></span> <span class='ocrx_word' id='word_1_508' title='bbox 362 3322 541 3363; x_wconf 78' lang='lat' dir='ltr'><strong>privilegio</strong></span> <span class='ocrx_word' id='word_1_509' title='bbox 566 3325 585 3358; x_wconf 69' lang='lat' dir='ltr'><strong>a</strong></span> <span class='ocrx_word' id='word_1_510' title='bbox 606 3326 739 3361; x_wconf 85' lang='lat' dir='ltr'><strong>Christo</strong></span> <span class='ocrx_word' id='word_1_511' title='bbox 767 3327 947 3371; x_wconf 71' lang='lat' dir='ltr'><strong>liberatas,</strong></span> <span class='ocrx_word' id='word_1_512' title='bbox 968 3328 1084 3370; x_wconf 73' lang='lat' dir='ltr'><strong>utpote</strong></span> <span class='ocrx_word' id='word_1_513' title='bbox 1169 3333 1265 3363; x_wconf 75' lang='lat' dir='ltr'><strong>tanea</strong></span> <span class='ocrx_word' id='word_1_514' title='bbox 1284 3330 1436 3366; x_wconf 76' lang='lat' dir='ltr'><strong>videtur.</strong></span> 
     </span>
    </p>
   </div>
   <div class='ocr_carea' id='block_1_31' title="bbox 175 3368 2143 3420">
    <p class='ocr_par' dir='ltr' id='par_1_33' title="bbox 175 3368 2143 3420">
     <span class='ocr_line' id='line_1_53' title="bbox 175 3368 2143 3420; baseline 0.008 -18"><span class='ocrx_word' id='word_1_515' title='bbox 175 3368 225 3403; x_wconf 76' lang='lat' dir='ltr'><strong>eis</strong></span> <span class='ocrx_word' id='word_1_516' title='bbox 250 3368 424 3410; x_wconf 70' lang='lat' dir='ltr'><strong>largiendo</strong></span> <span class='ocrx_word' id='word_1_517' title='bbox 448 3370 555 3407; x_wconf 83' lang='lat' dir='ltr'><strong>veluti</strong></span> <span class='ocrx_word' id='word_1_518' title='bbox 579 3372 749 3413; x_wconf 82' lang='lat' dir='ltr'><strong>plenarias</strong></span> <span class='ocrx_word' id='word_1_519' title='bbox 779 3375 1021 3418; x_wconf 76' lang='lat' dir='ltr'><strong>indulgentias,</strong></span> <span class='ocrx_word' id='word_1_520' title='bbox 1049 3381 1084 3412; x_wconf 85' lang='lat' dir='ltr'><strong>et</strong></span> <span class='ocrx_word' id='word_1_521' title='bbox 1210 3376 1255 3419; x_wconf 86' lang='lat'><strong>(2)</strong></span> <span class='ocrx_word' id='word_1_522' title='bbox 1273 3377 1324 3411; x_wconf 83' lang='lat' dir='ltr'><strong>Ita</strong></span> <span class='ocrx_word' id='word_1_523' title='bbox 1339 3389 1416 3412; x_wconf 88' lang='lat' dir='ltr'><strong>cum</strong></span> <span class='ocrx_word' id='word_1_524' title='bbox 1433 3378 1513 3413; x_wconf 86' lang='lat' dir='ltr'><strong>Mss.</strong></span> <span class='ocrx_word' id='word_1_525' title='bbox 1537 3378 1622 3413; x_wconf 78' lang='lat' dir='ltr'><strong>edit.</strong></span> <span class='ocrx_word' id='word_1_526' title='bbox 1643 3383 1774 3415; x_wconf 82' lang='lat' dir='ltr'><strong>veteres</strong></span> <span class='ocrx_word' id='word_1_527' title='bbox 1790 3380 1924 3420; x_wconf 74' lang='lat' dir='ltr'><strong>Garcia,</strong></span> <span class='ocrx_word' id='word_1_528' title='bbox 1937 3382 1972 3414; x_wconf 83' lang='lat' dir='ltr'><strong>et</strong></span> <span class='ocrx_word' id='word_1_529' title='bbox 1987 3378 2070 3416; x_wconf 75' lang='lat' dir='ltr'><strong>edit.</strong></span> <span class='ocrx_word' id='word_1_530' title='bbox 2120 3378 2123 3380; x_wconf 69' lang='grc'>’</span> <span class='ocrx_word' id='word_1_531' title='bbox 2142 3379 2143 3383; x_wconf 64' lang='grc'>’</span> 
     </span>
    </p>
   </div>
   <div class='ocr_carea' id='block_1_32' title="bbox 1167 3425 2068 3469">
    <p class='ocr_par' dir='ltr' id='par_1_34' title="bbox 1167 3425 2068 3469">
     <span class='ocr_line' id='line_1_54' title="bbox 1167 3425 2068 3469; baseline 0.001 -8"><span class='ocrx_word' id='word_1_532' title='bbox 1167 3425 1542 3468; x_wconf 70' lang='lat' dir='ltr'><strong>Pat.,satistactionis.</strong></span> <span class='ocrx_word' id='word_1_533' title='bbox 1554 3425 1739 3468; x_wconf 78' lang='lat' dir='ltr'><strong>Nicolaius.</strong></span> <span class='ocrx_word' id='word_1_534' title='bbox 1750 3426 2068 3469; x_wconf 67' lang='lat' dir='ltr'><strong>sanctificationis.</strong></span> 
     </span>
    </p>
   </div>
  </div>
 </body>
</html>
