2170 3808
194 204 275 249 400
767 205 965 257 QUAEST.
995 203 1150 256 XLV11‚
1180 205 1300 247 ART.
1331 205 1349 247 Ι
1376 205 1441 248 ET
1469 206 1520 251 11.

248 285 316 331 Ad
330 290 534 343 primum
555 297 667 341 ergo
703 285 952 330 dicendum
973 319 985 339 ,
1008 284 1132 341 quod
1168 285 1275 328 cum
1312 285 1513 330 dicitur:
1551 289 1690 331 Nemo
1731 285 1854 328 tollit
1891 287 2091 330 animam

194 362 342 392 meam
360 351 494 404 ame,
517 347 805 404 intelligitur,
841 361 913 391 me
944 348 1123 402 invito,·
1146 346 1270 402 quod
1306 346 1428 392 enim
1466 347 1635 405 aliquis
1653 346 1713 392 ab
1750 346 1898 391 invito
1922 348 2088 405 aufert,

195 410 277 468 qui
302 409 516 454 resistere
539 421 631 452 non
650 414 816 465 potest,
838 408 952 454 illud
973 409 1158 466 proprie
1176 409 1346 453 dicitur
1368 408 1479 454 tolli.

250 472 319 517 Ad
339 472 589 515 secundum
603 471 873 527 dicendum,
893 471 1016 528 quod
1039 476 1089 515 ut
1112 471 1323 515 Christus
1348 471 1615 516 ostenderet
1632 471 1759 528 quod
1786 471 1943 527 passio
1963 470 2093 515 illata

196 547 279 591 per
297 534 568 579 violentiam
600 534 703 590 eJus
734 533 938 577 animam
973 545 1068 577 non
1089 532 1330 590 eripiebat,
1366 538 1579 578 naturam
1602 533 1888 590 corporalem
1924 532 1972 576 in
2004 545 2092 577 sua

195 597 466 642 fortitudine
505 597 813 651 conservavit,
845 600 899 641 ut
934 596 1075 641 etiam
1109 595 1156 639 in
1189 595 1411 640 extremis
1439 596 1618 653 positus
1657 608 1769 640 voce
1793 595 1964 652 magna
1999 595 2092 639 cla-

196 665 375 716 maret,
407 659 534 716 quod
574 659 695 704 inter
726 658 816 702 alia
852 658 1077 703 miracula
1111 669 1239 702 mors
1276 657 1379 714 ejus
1415 663 1726 714 computatur.
1765 658 1893 703 Unde
1927 657 2094 702 dicitur

197 724 346 766 (Marc.
383 735 456 774 xv,
475 723 546 774 39)
573 737 585 766 :
617 720 788 763 Videns
824 724 975 763 autem
1016 722 1249 773 Centurio,
1285 722 1363 775 qui
1397 732 1455 762 ex
1486 722 1682 764 adverso
1711 721 1880 775 stabat,
1902 721 2008 775 quia
2026 721 2093 763 sic

195 784 402 827 clamans
431 785 708 839 expirasset,
730 783 801 824 ait
825 796 842 821 .·
866 783 981 824 Vere·
1001 782 1078 824 hic
1102 781 1236 824 homo
1258 782 1409 824 Filius
1432 784 1516 824 Dei
1536 785 1652 826 erat.
1679 781 1781 826 Fuit
1799 782 1939 826 etiam
1957 780 2092 825 mira-

196 845 289 890 bile
311 844 359 889 in
389 844 555 889 Christi
581 848 729 887 morte
751 841 879 900 quod
901 842 1104 887 velocius
1126 847 1341 887 mortuus
1372 842 1462 887 fuit
1483 843 1586 888 aliis
1618 843 1698 901 qui
1721 843 1855 888 simili
1875 842 2093 899 passione

196 906 537 952 afficiebantur.
577 905 702 950 Unde
725 905 897 950 dicitur
918 906 1064 961 (Joan.
1090 918 1161 948 xix
1178 939 1190 961 ,
1215 908 1302 961 13),
1332 905 1458 961 quod
1479 919 1634 950 eorum
1669 909 1747 962 qui
1778 919 1877 950 cum
1909 905 2092 950 Christo

194 971 406 1024 crucifixi
438 972 593 1024 erant,
615 971 851 1024 [recerunt
887 981 1043 1025 crura,
1086 973 1136 1012 ut
1172 968 1263 1012 cito
1298 973 1623 1021 more1·entur;
1658 970 1723 1012 ad
1758 972 1908 1012 ,Iesum
1937 971 2093 1012 autem

194 1032 297 1075 crim
317 1034 556 1086 venissent,
574 1033 625 1074 ut
645 1031 862 1073 viderunt
890 1043 991 1073 eum
999 1031 1105 1084 jam
1124 1034 1372 1087 mortuum,
1402 1043 1492 1073 non
1527 1033 1765 1087 sreqerunt
1793 1034 1890 1087 ejus
1917 1043 2092 1087 crura3

194 1098 241 1138 et
274 1096 438 1149 (Marc.
468 1106 541 1144 xv,
574 1094 661 1145 44)
697 1091 867 1136 dicitur
908 1092 1034 1148 quod
1067 1093 1247 1135 Pilatus
1281 1093 1557 1149 mirabatur,
1593 1095 1634 1135 si
1658 1094 1764 1148 Jam
1795 1094 1991 1137 obiisset.
2025 1091 2094 1137 Si-

195 1160 276 1201 cut
303 1156 429 1201 enim
459 1155 562 1212 eJus
586 1154 829 1199 voluntate
847 1158 1015 1198 natura
1047 1154 1302 1211 corporalis
1335 1158 1613 1198 conservata
1641 1163 1712 1199 est
1742 1155 1791 1198 in
1819 1167 1905 1200 suo
1934 1154 2096 1211 vigore

194 1229 346 1275 usque
376 1217 437 1263 ad
460 1223 753 1272 extremum,
785 1215 854 1261 sic
881 1215 1021 1260 etiam
1043 1216 1234 1272 quando
1263 1216 1442 1272 voluit,
1464 1216 1622 1261 subito
1649 1216 1790 1260 cessit
1813 1220 2093 1261 nocumento

196 1277 341 1324 illato.

249 1341 315 1386 Ad
337 1343 522 1385 tertium
551 1339 819 1392 dicendum,
842 1339 970 1397 quod
992 1340 1200 1385 Christus
1221 1334 1363 1385 simul
1390 1345 1437 1385 et
1451 1339 1719 1385 violentiam
1742 1353 1912 1397 passus
1933 1345 2020 1398 est,
2040 1345 2094 1386 ut

194 1408 469 1459 moreretur,
489 1407 536 1448 et
559 1409 715 1447 tamen
738 1403 1000 1447 voluntarie
1034 1407 1249 1448 mortuus
1274 1403 1378 1458 suit,
1399 1403 1510 1459 quia
1532 1402 1755 1447 violentia
1778 1404 1958 1460 corpori
1990 1404 2093 1461 eJus

194 1465 320 1510 illata
331 1471 417 1520 est,
449 1476 555 1520 quae
576 1469 729 1509 tamen
758 1468 938 1509 tantum
953 1465 1135 1520 corpori
1156 1465 1258 1521 ers
1284 1465 1544 1521 praevaluit,
1559 1465 1790 1522 quantum
1810 1465 1911 1521 ipse
1927 1465 2092 1511 voluit.

277 1528 623 1571 ARTICULUS
651 1529 709 1570 ΙΙ.
730 1550 788 1558 -—
805 1539 941 1570 uranu
963 1540 1162 1571 camsi-os
1191 1540 1339 1570 runnu*
1367 1540 1420 1571 Ex
1451 1540 1698 1572 onssnlsswru
1726 1539 1915 1572 mor-runs
1932 1528 2010 1582 (1).

195 1596 246 1634 De
261 1595 317 1632 hi·
329 1597 435 1631 etiam
459 1595 563 1636 infra,
590 1599 709 1636 quaest.
736 1603 862 1636 xnvm,
881 1599 946 1630 art.
963 1596 986 1630 2
1003 1600 1038 1630 et
1052 1596 1075 1631 ὅ
1092 1607 1186 1638 corp.
1205 1600 1239 1631 et
1255 1596 1351 1630 Cont.
1379 1601 1469 1635 gent.
1489 1596 1552 1630 lib.
1572 1603 1621 1636 lv.
1641 1607 1715 1638 cap.
1731 1597 1775 1631 55
1792 1595 1834 1630 ml
1860 1596 1902 1631 45
1927 1601 1962 1632 et
1983 1596 2038 1640 ⁴6,
2061 1600 2098 1633 ct

618 1645 742 1685 opusc.
755 1652 795 1684 ιι,
811 1654 885 1685 cap.
899 1643 975 1686 254,
989 1649 1024 1680 et
1043 1644 1142 1679 Rom.
1155 1653 1191 1685 v,
1210 1644 1291 1680 lect.
1310 1645 1333 1679 2
1349 1644 1398 1680 fin
1416 1650 1450 1680 et
1468 1644 1549 1679 lect.
1567 1646 1590 1680 ὅ
1605 1643 1667 1680 fin.

248 1699 315 1746 Ad
334 1698 594 1745 secundum
610 1697 678 1743 sic
696 1698 973 1755 proceditur.
990 1702 1032 1743 1.
1054 1699 1242 1745 Videtur
1264 1699 1388 1756 quod
1412 1699 1620 1744 Christus
1641 1711 1734 1743 non
1753 1699 1894 1744 fuerit
1912 1712 1972 1744 ex
1984 1697 2096 1744 obe—

196 1761 369 1807 dientia
400 1766 631 1806 mortuus.
657 1760 928 1806 Obedientia
965 1761 1093 1806 enirn
1130 1762 1320 1818 respicit
1354 1766 1654 1819 praeceptum.
1676 1761 1765 1807 Sed
1795 1774 1887 1807 non
1926 1762 2097 1818 iegitur

193 1825 373 1870 Christo
410 1823 554 1868 fuisse
589 1828 875 1881 praeceptum
909 1824 1036 1881 qued
1062 1824 1162 1881 ipse
1195 1829 1445 1881 pateretur.
1468 1826 1567 1869 Non
1597 1835 1710 1880 ergo
1732 1836 1793 1870 ex
1833 1824 2096 1871 obedientia

194 1899 363 1945 passus
378 1885 483 1932 fuit.
2018 1915 2022 1920 -

249 1953 293 1995 2.
318 1952 556 2002 Praeterea,
580 1947 696 1993 illud
717 1947 888 1993 dicitur
907 1947 1076 2005 aliquis
1104 1961 1164 1994 ex
1181 1948 1446 1994 obedientia
1462 1948 1616 1994 facere
1637 1949 1763 2006 quod
1795 1947 1907 1993 facit
1932 1960 1992 1994 ex
2010 1961 2040 1994 n

194 2011 408 2057 cessitate
428 2010 662 2067 praecepti.
688 2010 897 2055 Christus
916 2015 1072 2056 autem
1099 2024 1191 2056 non
1216 2024 1274 2056 ex
1293 2011 1588 2068 necessitate,
1605 2011 1688 2056 sed
1702 2011 1964 2056 voluntarie
1985 2024 2096 2070 pas-

195 2086 277 2118 sus
299 2074 402 2118 suit.
427 2075 526 2117 Non
549 2084 660 2128 ergo
681 2085 851 2129 passus
872 2077 946 2118 est
963 2086 1022 2119 ex
1039 2074 1321 2119 obedientia.

249 2138 292 2182 3.
308 2138 550 2191 Praeterea,
566 2135 767 2179 charitas
782 2139 854 2181 est
866 2136 1168 2181 excellentior
1182 2137 1331 2181 virtus
1345 2136 1487 2193 quam
1500 2135 1778 2181 obedientia.
1792 2136 1880 2182 Sed
1892 2136 2095 2183 Christus

194 2197 364 2255 legitur
381 2210 439 2242 ex
454 2198 677 2260 charitate
692 2210 878 2254 passuS,
902 2199 1162 2244 secundum
1185 2198 1300 2244 illud
1318 2199 1499 2255 (Ephes.
1522 2211 1566 2255 v,
1582 2199 1626 2252 2)
1651 2210 1661 2238 z
1689 2199 1930 2243 Ambulate
1947 2202 1997 2242 in
2018 2200 2096 2243 di-

198 2260 401 2315 lectione,
424 2263 544 2302 sicut
565 2263 610 2302 et
630 2261 841 2303 Christus
861 2260 1025 2304 dilexit
1046 2274 1144 2318 nos,
1161 2265 1206 2304 et
1226 2262 1427 2305 tradidit
1454 2263 1741 2316 semetipsum
1763 2274 1848 2316 pro
1865 2261 1991 2304 nobis
2015 2263 2093 2318 (2).

195 2323 314 2378 Ergo
336 2321 491 2378 passio
513 2320 678 2364 Christi
700 2322 851 2378 magis
870 2321 1010 2367 debet
1031 2322 1219 2368 attribui
1237 2322 1448 2367 charitati
1471 2319 1611 2379 quam
1629 2321 1920 2368 obedientiae.

252 2383 340 2428 Sed
362 2387 525 2427 contra
547 2387 619 2427 est
641 2383 767 2440 quod
786 2384 956 2428 dicitur
970 2385 1150 2442 (Philip.
1171 2399 1219 2443 11,
1239 2388 1306 2442 8):
1327 2389 1498 2430 Factus
1514 2387 1583 2428 est
1604 2385 1810 2429 obediens
1822 2384 1943 2429 Patri
1957 2398 2096 2442 usque

197 2446 263 2491 ad
284 2449 492 2491 mortem.

244 2515 536 2555 CONCLUSIO.
556 2536 602 2544 —
623 2515 1072 2555 convenientissimum
1094 2515 1175 2554 fuit
1198 2519 1245 2555 ut
1269 2515 1459 2556 Christus
1476 2525 1525 2554 ex
1552 2514 1784 2554 obedientia
1805 2519 2027 2567 pateretur,
2047 2520 2096 2558 ut

196 2570 391 2613 humanae
408 2570 750 2612 reconciliationis
768 2571 995 2622 perfectum
1015 2572 1097 2611 Deo
1116 2573 1223 2624 patri
1242 2571 1502 2612 exhiberetur
1521 2572 1786 2612 sacrificium.

252 2634 523 2691 Respondeo
547 2634 796 2678 dicendum
833 2633 959 2690 quod
991 2634 1484 2679 convenientissimum
1518 2633 1606 2678 fuit
1638 2633 1764 2689 quod
1797 2635 2095 2683 Christus'ex

195 2696 457 2742 obedientia
487 2700 738 2753 pateretur.
770 2695 921 2739 Primo
957 2695 1147 2751 quidem
1187 2697 1296 2752 quia
1330 2696 1418 2740 hoc
1441 2695 1747 2740 conveniebat
1774 2695 2094 2753 J'ustificationi
2157 2695 2170 2725 Γ

197 2758 428 2814 humanae,
456 2763 509 2802 ut
540 2761 654 2801 sicut
682 2770 767 2814 per
793 2760 926 2800 unias
967 2758 1162 2801 hominis
1198 2758 1544 2802 inobedientiam
1577 2760 1833 2814 peccatores
1861 2762 2096 2805 constituti
2154 2757 2156 2761 ’

192 2824 299 2864 sant
320 2821 472 2874 multi,
499 2822 567 2862 ita
585 2833 671 2876 per
687 2822 818 2862 unius
836 2820 1033 2863 hominis
1056 2821 1358 2864 obedientiam
1369 2821 1488 2876 Justi
1513 2823 1845 2863 constituantur
1865 2821 2015 2877 niulti,
2040 2828 2095 2868 ut

197 2883 366 2928 dicitur
389 2885 535 2937 (Rom.
556 2896 598 2937 v,
629 2885 712 2933 19).
739 2881 965 2938 Secundo,
998 2882 1087 2926 hoc
1110 2883 1393 2928 conveniens
1423 2882 1510 2926 fuit
1547 2882 1907 2926 reconciliationi
1931 2883 2007 2928 Dei
2032 2886 2094 2931 ad

198 2945 410 2990 homines
436 2961 447 2990 :
477 2944 604 2989 unde
634 2944 801 2990 dicitur
821 2947 967 2995 (Rom.
987 2958 1031 3001 v,
1048 2946 1152 3000 10):
1177 2945 1468 2989 Reconciliati
1495 2958 1648 2987 sanius
1682 2949 1774 2987 Deo
1798 2958 1882 3001 per
1902 2949 2094 2990 mortem

197 3006 308 3049 Filii
330 3010 441 3062 ejus,
468 3006 749 3064 inquantum
781 3006 960 3051 scilicet
989 3006 1090 3063 ipsa
1112 3019 1239 3052 mors
1268 3007 1429 3054 Christi
1450 3006 1536 3050 fuit
1559 3006 1794 3062 quoddam
1814 3007 2093 3054 sacrificium

197 3069 573 3124 acceptissimum
603 3073 712 3125 Deo,
736 3068 996 3114 secundum
1018 3069 1134 3115 illud
1165 3070 1346 3127 (Ephes.
1369 3084 1412 3125 v,
1432 3071 1505 3124 2):
1532 3070 1749 3113 Tradidit
1781 3071 1976 3125 seipsum
2000 3084 2092 3128 pro

241 3205 282 3246 ,1)
314 3206 524 3242 Αἶίὶπιηεῑίνὲ
553 3208 734 3249 respondet
764 3209 799 3243 S.
829 3209 974 3249 Doctum
1008 3209 1101 3251 quod
1183 3210 1309 3244 vitatis
1328 3211 1426 3246 (vers.
1445 3207 1493 3249 2),
1516 3212 1551 3243 et
1569 3207 1713 3242 inferius
1733 3207 1870 3242 rursum
1885 3208 1983 3247 (vers.
2003 3207 2058 3249 25)
2079 3221 2091 3243 ε

197 3259 288 3296 patet
303 3267 342 3289 ex
371 3255 529 3289 mandato
555 3256 644 3296 quod
670 3256 754 3290 dixit
774 3256 929 3290 Christus
951 3268 986 3291 se
1003 3268 1100 3292 acce·
1189 3259 1286 3297 Viri,
1299 3258 1444 3300 diliqiw
1455 3266 1593 3291 uxores
1607 3261 1746 3291 vestras
1761 3257 1858 3290 sicul
1873 3259 1906 3290 et
1920 3256 2090 3292 Christus

197 3302 283 3344 pisse
298 3304 315 3336 ὲ
336 3303 434 3337 Patre
450 3304 559 3344 (Jnan.
580 3312 599 3336 x
616 3309 649 3336 ct
671 3304 751 3345 xiv),
774 3308 862 3339 etex
880 3304 990 3339 verbis
1002 3306 1102 3346 Apos-
1187 3305 1322 3340 dilexit
1352 3305 1575 3344 Ecclesiam,
1596 3308 1661 3337 eto.
1682 3304 1794 3337 Potest
1816 3303 1907 3338 etad
1934 3302 2090 3338 eumdem

202 3351 265 3385 toli
281 3350 423 3385 inferius
435 3350 580 3385 laudatis
596 3351 731 3392 (Philip.
752 3360 791 3393 11,
807 3353 852 3392 8).
1186 3365 1320 3387 sensum
1340 3354 1512 3394 pertinere
1535 3351 1620 3385 illud
1639 3351 1698 3393 (ΙΙ.
1725 3353 1802 3386 Cor.
1821 3359 1856 3394 v,
1874 3351 1927 3391 Μ)
1954 3363 1964 3385 2
1990 3350 2089 3385 Cha-

239 3398 284 3440 (2)
313 3399 389 3433 Non
420 3403 562 3440 tantum,
590 3399 645 3433 sed
667 3405 705 3432 ut
726 3400 826 3441 paulo
851 3403 927 3442 post
958 3401 1101 3442 referet,
1187 3402 1282 3437 ritas
1299 3400 1438 3437 Christi
1459 3404 1733 3442 arqetnos,ete.

197 3445 418 3483 oblationem
435 3451 469 3493 et
499 3448 656 3482 hostiam
679 3447 753 3481 Deo
771 3449 813 3482 in
841 3448 988 3483 odorem
1012 3459 1102 3484 ma-
