2170 3808
683 221 878 272 QUAEST.
909 219 1046 274 XLIV,
1073 219 1190 261 ART.
1221 219 1239 261 I
1266 218 1331 260 ET
1359 217 1409 261 11.
1909 217 1990 260 363

110 307 212 351 laus
225 306 273 350 in
285 316 366 350 ore
379 289 689 361 peccatorum.
714 320 735 340 »
753 299 916 357 Tertio,
938 300 1063 356 quia,
1085 304 1137 344 ut
1151 298 1273 343 Beda
1292 298 1402 343 dicit
1420 297 1523 352 (100.
1544 308 1645 353 sup.
1669 295 1744 340 cit.
1762 301 1809 340 et
1819 297 1986 352 Teoph.

111 367 156 411 in
179 367 304 411 hunc
318 365 425 420 loc.)
443 380 454 409 z
484 381 504 404 α
528 362 714 408 nolebat
727 375 785 406 ex
798 363 887 406 hoc
901 361 1122 406 invidiam
1141 360 1395 404 accendere
1406 359 1685 403 Judaeorum.
1708 356 1835 401 Unde
1850 357 1990 403 etiam

111 427 199 484 ipsi
214 427 406 484 apostoli
416 425 639 483 J'ubentur
661 425 850 468 reticere
867 423 924 469 de
939 423 1057 479 ipso,
1081 434 1142 466 ne
1159 421 1317 465 divina
1337 420 1577 477 maJestate
1598 419 1860 477 praedicata,
1879 431 1990 476 pas·

113 489 256 535 sionis
274 487 554 546 dispensatio
576 486 828 531 differatur.
853 505 874 524 »ι

166 551 233 597 Ad
249 553 460 607 quartum
471 549 735 603 dicendum,
753 547 878 605 quod
893 547 1097 591 Christus
1113 543 1373 601 specialiter
1385 548 1576 588 venerat
1588 543 1769 599 docere,
1788 548 1835 588 et
1846 545 1987 590 mira-

112 613 217 657 cula
239 613 390 657 facere
407 615 594 668 propter
616 610 859 654 utilitatem
890 607 1132 653 hominum
1161 604 1473 663 principaliter
1493 605 1721 661 quantum
1741 605 1802 650 ad
1823 607 1990 652 animae

113 674 309 719 salutem
332 686 346 718 τ
369 677 416 718 et
436 673 539 717 ideo
559 672 770 728 permisit
787 671 1025 717 daemones
1041 681 1160 726 quos
1176 667 1402 725 eJIciebat,
1419 666 1687 711 hominibus
1701 666 1888 725 aliquod
1905 682 1990 714 no-

114 740 382 781 cumentum
407 735 577 779 inferre
609 734 685 779 vel
712 734 762 778 in
793 744 985 790 corpore
1012 731 1090 777 vel
1117 731 1166 775 in
1187 729 1344 782 rebus,
1367 733 1553 787 propter
1581 728 1748 772 animae
1774 729 1991 777 humanae

115 796 328 854 salutem,
362 795 421 842 ad
449 796 689 841 hominum
720 795 899 840 scilicet
929 793 1300 838 instructionem.
1333 791 1463 837 Unde
1495 790 1849 847 chrysostomus
1880 793 1991 839 dicit

113 860 275 916 (Super
297 859 445 904 Matth.
468 859 594 903 110111.
618 872 732 914 xxix,
757 858 878 902 circa
894 857 1052 915 med),
1070 855 1193 913 quod
1207 855 1412 900 Christus
1433 852 1680 910 «permisit
1701 852 1990 901 daemonibus

114 920 163 964 in
184 931 347 977 porcos
363 920 446 975 ire„
474 932 570 964 non
599 919 735 977 quasi
761 919 789 963 a
816 918 1109 964 daemonibus
1129 929 1408 975 persuasus3
1438 915 1523 961 sed
1542 914 1692 971 primo
1712 914 1915 972 quidem,
1937 922 1991 963 ut

114 980 312 1026 instruat
331 981 702 1039 magnitudinem
721 979 990 1025 nocumenti
1006 980 1290 1033 daemonum,
1310 978 1390 1034 qui
1409 976 1676 1021 hominibus
1690 976 1987 1036 insidiantum

115 1043 332 1102 secundo,
352 1049 406 1088 ut
426 1056 587 1088 omnes
601 1043 834 1088 discerent
847 1042 1066 1099 quoniam
1085 1054 1171 1086 nec
1183 1041 1408 1086 adversus
1425 1052 1590 1096 porcos
1604 1040 1805 1086 audeant
1818 1041 1992 1099 aliquid

115 1105 282 1164 facere,
310 1105 401 1150 nisi
425 1106 526 1163 ipse
550 1104 858 1160 consenserit3
884 1103 1035 1159 tertio,
1060 1108 1113 1148 ut
1133 1102 1399 1148 ostenderet
1423 1100 1548 1158 quod
1573 1102 1786 1157 graviora
1807 1103 1855 1147 in
1886 1104 1990 1150 illos

114 1166 323 1212 homines
345 1167 520 1225 operati
544 1171 701 1212 essent
722 1166 863 1224 quam
885 1165 935 1209 in
957 1165 1061 1210 illos
1080 1177 1263 1222 porcos,
1288 1164 1375 1207 nisi
1397 1169 1553 1208 essent
1570 1163 1727 1208 divina
1748 1165 1991 1221 providen-

114 1228 178 1272 tia
191 1228 355 1285 adeti.
372 1248 394 1269 ι»
416 1231 471 1274 Et
483 1232 669 1286 propter
681 1227 868 1273 easdem
882 1225 1023 1271 etiam
1037 1238 1204 1270 causas
1219 1225 1428 1283 permisit
1442 1237 1550 1270 eum
1567 1226 1645 1281 qui
1662 1225 1689 1268 a
1703 1226 1992 1275 daemonibus

113 1288 412 1347 liberabatur,
425 1289 484 1335 ad
497 1291 657 1334 horam
669 1288 858 1345 gravius
869 1288 1013 1345 affligi
1028 1302 1043 1345 ς
1063 1287 1091 1331 a
1103 1299 1197 1344 qua
1210 1291 1367 1332 tamen
1383 1286 1629 1332 afflictione
1644 1299 1752 1331 eum
1771 1289 1991 1334 continuo

113 1350 338 1396 liberavit.
361 1353 447 1400 Per
463 1352 552 1396 hoc
572 1350 712 1396 etiam
730 1350 1006 1404 ostenditur,
1025 1353 1079 1393 ut
1098 1348 1219 1394 Beda
1240 1349 1352 1394 dicit
1371 1349 1434 1400 (id
1454 1348 1594 1394 habet
1610 1351 1796 1406 Gregor.
1818 1350 1944 1396 hom.
1963 1365 1993 1396 11

113 1411 160 1456 in
181 1414 356 1469 Evang.
376 1411 404 1456 a
423 1412 608 1469 princ.)‚
627 1411 753 1470 quod
775 1429 796 1450 «
815 1424 956 1470 saepe,
976 1412 1089 1456 dum
1107 1412 1314 1456 converti
1332 1411 1392 1457 ad
1412 1414 1556 1456 Deum
1575 1416 1681 1467 post
1701 1416 1892 1468 peccata
1911 1425 1994 1458 co-

112 1486 298 1530 namur,
319 1474 573 1531 majoribus
594 1474 827 1531 novisque
846 1473 1025 1531 antiqui
1047 1474 1195 1518 hostis
1216 1473 1460 1530 pulsamur
1481 1473 1664 1519 insidiis
1688 1488 1698 1515 :
1721 1474 1846 1530 quod
1867 1473 1991 1534 facit,

113 1537 188 1581 vel
215 1540 269 1581 ut
292 1536 450 1582 odium
478 1536 662 1581 virtutis
691 1535 904 1595 Incutiat,
936 1536 1010 1580 vel
1034 1534 1322 1592 expulsionis
1355 1547 1453 1581 suae
1479 1535 1682 1580 vindicet
1708 1535 1944 1591 injuriam.
1969 1556 1990 1577 a

114 1600 278 1643 Factus
289 1602 359 1643 est
371 1598 508 1643 etiam
523 1599 661 1642 homo
680 1602 872 1642 sanatus
888 1598 1018 1643 velut
1032 1603 1260 1653 mortuus,
1281 1601 1334 1642 ut
1346 1598 1654 1655 Hieronymus
1675 1597 1786 1643 dicit
1803 1597 1851 1641 in
1869 1599 1996 1645 hunc
2012 1617 2017 1622 ·

116 1660 206 1704 loc.
223 1660 372 1716 Marci,
391 1660 501 1717 quia
521 1660 695 1704 sanatis
713 1660 881 1704 dicitur
900 1659 1089 1714 (Coloss.
1106 1674 1165 1716 111,
1184 1661 1227 1714 3)
1248 1674 1259 1704 :
1286 1662 1456 1704 Mortui
1487 1663 1610 1716 estis,
1645 1663 1691 1704 et
1721 1662 1817 1704 vita
1842 1663 1996 1705 vestra

118 1721 380 1765 abscondita
395 1725 460 1765 est
477 1735 575 1765 cum
598 1721 783 1765 christo
802 1724 850 1765 in
870 1726 974 1765 Deo.

218 1784 560 1826 ARTICULUS
578 1786 639 1827 ΙΙ.
659 1806 715 1816 -
733 1797 872 1826 urium
895 1795 1212 1827 couvnmsswmn
1233 1796 1363 1827 FACTA
1384 1797 1565 1829 1110111111·
1589 1794 1796 1826 nmmum
1818 1797 1897 1827 PER

610 1856 817 1888 cnmsruu
839 1857 959 1888 0111011
981 1857 1193 1889 0081115111
1211 1857 1398 1889 conponit
1417 1848 1495 1898 (1).

173 1906 239 1951 Ad
260 1905 517 1950 secundum
539 1905 606 1950 810
625 1906 906 1962 proceditur.
933 1910 976 1951 1.
1004 1906 1192 1951 Videtur
1214 1907 1341 1963 qued
1367 1905 1749 1951 inconvenienter
1768 1906 1948 1953 'fuerint
1969 1908 1996 1951 ὲ

118 1966 292 2011 Christo
308 1967 431 2010 sacta
449 1966 671 2011 miracula
689 1967 810 2011 circa
831 1967 1037 2012 coelestia
1059 1978 1270 2023 corpora.
1288 1969 1344 2012 Ut
1361 1967 1483 2011 enim
1501 1966 1753 2023 Dionysius
1780 1966 1893 2011 dicit
1917 1969 1997 2022 (De

119 2028 212 2072 div.
237 2039 362 2072 nom.
381 2027 463 2071 lib.
487 2040 544 2084 iv,
563 2031 683 2084 part.
702 2031 748 2084 4,
772 2028 875 2073 lect.
895 2031 984 2085 23),
1010 2047 1031 2067 ιι
1052 2028 1221 2073 divinae
1243 2028 1543 2085 providentiae
1565 2041 1661 2073 non
1685 2032 1759 2073 est
1782 2032 1996 2074 naturam

118 2100 430 2146 corrumpere,
452 2090 535 2134 sed
555 2090 751 2134 salvare.
771 2108 793 2130 »
814 2091 1013 2147 Corpora
1029 2095 1185 2136 autem
1203 2091 1410 2136 coelestia
1429 2090 1686 2135 secundum
1709 2102 1842 2135 suam
1857 2095 1998 2136 natu-

92 2148 98 2154 ’
119 2163 218 2196 10111
240 2156 348 2196 sunt
367 2150 731 2208 incorruptibilia
754 2156 800 2196 et
817 2152 1142 2210 inalterabilia,
1162 2156 1215 2196 ut
1234 2153 1456 2209 probatur
1474 2155 1551 2207 (De
1570 2153 1704 2206 coele,
1724 2152 1807 2197 lib.
1827 2167 1858 2209 1,
1881 2158 1994 2198 text.

120 2217 174 2259 20
191 2218 238 2258 et
255 2215 388 2269 seq.).
411 2215 529 2268 Ergo
551 2224 646 2256 non
666 2212 756 2257 fuit
773 2213 1054 2258 conveniens
1071 2219 1123 2259 ut
1139 2226 1224 2271 per
1238 2214 1469 2260 Christum
1490 2214 1622 2260 fieret
1646 2214 1802 2271 aliqua
1824 2214 1999 2260 immu-

122 2275 231 2319 tatio
252 2274 374 2318 circa
394 2274 602 2319 ordinem
619 2274 880 2320 coelestium
906 2287 1169 2333 corporum.
1319 2274 1330 2276 ἡ

174 2339 216 2381 2.
240 2337 476 2392 Praeterea,
502 2336 760 2380 secundum
782 2341 961 2382 motum
978 2337 1237 2382 coelestium
1255 2349 1518 2395 corporum,
1540 2341 1804 2394 temporum
1830 2349 1998 2384 cursus

120 2396 436 2454 designantur,
456 2397 715 2443 seeundum
733 2398 848 2443 illud
867 2400 1044 2452 (Genes.
1063 2401 1198 2455 1‚14):
1214 2401 1355 2442 Fiant
1374 2399 1625 2442 luminaria
1647 2401 1696 2442 in
1710 2401 1999 2454 firmamento

119 2458 238 2516 coelz',
265 2462 308 2502 et
332 2460 422 2502 sint
441 2459 492 2502 in
515 2461 661 2515 siqua,
683 2463 729 2503 et
749 2463 971 2517 tempora,
996 2464 1040 2505 et
1062 2461 1175 2517 dies,
1196 2463 1240 2504 et
1256 2473 1413 2505 annos.
1436 2459 1508 2505 Sic
1529 2471 1640 2516 ergo
1656 2464 1836 2504 mutato
1855 2473 1999 2506 cursu

120 2519 377 2564 coelestium
393 2531 657 2577 corporum,
680 2524 888 2566 mutatur
907 2526 1169 2578 temporum
1187 2521 1420 2566 distinctio
1442 2527 1490 2566 et
1509 2521 1639 2567 ordo,
1662 2521 1750 2567 Sed
1769 2534 1864 2566 non
1885 2521 1999 2579 legi·

124 2585 196 2625 tur
208 2581 297 2626 1100
311 2592 415 2626 0850
435 2586 703 2639 perceptum
721 2582 780 2627 ab
799 2583 1062 2639 astrologis,
1083 2583 1162 2639 qui
1184 2584 1544 2640 contemplantur
1556 2584 1731 2639 sidera,
1748 2587 1794 2627 et
1815 2597 2000 2640 compu-

123 2645 225 2686 tant
239 2655 423 2698 menses,
437 2646 491 2687 ut
506 2642 676 2688 dicitnr
689 2645 789 2698 (isa.
805 2657 935 2701 xnvn,
955 2646 1043 2700 13).
1063 2646 1182 2702 Ergo
1198 2643 1381 2689 videtur
1401 2643 1527 2700 quod
1553 2656 1635 2700 per
1655 2644 1884 2689 Christum
1903 2657 1998 2689 non

121 2703 258 2749 fuerit
275 2702 430 2762 aliqua
446 2703 641 2748 mutatio
657 2703 782 2749 facta
801 2704 924 2750 circa
943 2717 1135 2750 cursum
1153 2704 1412 2750 coelestium
1430 2715 1694 2761 corporum.

175 2766 217 2809 3.
240 2766 475 2820 Praeterea,
495 2763 646 2821 magis
660 2766 954 2822 competebat
969 2766 1146 2811 Christo
1162 2771 1214 2810 ut
1235 2766 1407 2810 faceret
1423 2765 1647 2824 miracula
1667 2764 1836 2812 vivens
1852 2770 1899 2811 et
1915 2765 2001 2812 do-

122 2836 251 2880 00115,
269 2824 409 2882 quam
426 2825 630 2870 moriens
650 2841 662 2871 :
684 2831 785 2871 tum
802 2827 928 2884 quia,
948 2831 1002 2871 ut
1020 2826 1188 2872 dicitur
1209 2827 1282 2879 (ΙΙ.
1311 2824 1513 2870 Corinth.
1533 2825 1620 2870 ult.
1640 2827 1683 2879 4)
1703 2840 1718 2871 ι
1742 2828 2000 2882 Crucifixus

122 2889 188 2930 est
207 2899 266 2929 ex
280 2887 560 2942 infirmitate,
580 2887 661 2931 sed
675 2889 782 2931 vivit
804 2900 863 2931 ex
879 2890 1044 2932 virtute
1062 2890 1163 2943 Dei,
1180 2885 1437 2933 secundum
1454 2899 1600 2944 quam
1618 2886 1843 2932 miracula
1858 2887 1999 2933 facie-

121 2947 200 2993 bat
223 2963 234 2993 :
258 2952 359 2993 tum
380 2946 518 2992 etiam
535 2947 642 3004 quia
657 2949 760 3005 03118
774 2949 996 2995 miracula
1013 2950 1330 3004 confirmativa
1342 2953 1475 2994 erant
1491 2949 1719 2994 doctrInae
1732 2949 1897 3007 ipsius.
1913 2949 2000 2996 Sed

121 3008 171 3053 111
186 3008 279 3054 vita
299 3020 385 3055 sua
404 3020 499 3053 non
523 3007 691 3065 legitur
709 3008 915 3056 Christus
939 3010 1127 3068 aliquod
1144 3009 1417 3056 miraculum
1441 3010 1564 3056 circa
1580 3010 1785 3056 coelestia
1807 3022 1999 3069 corpora

121 3069 313 3128 fecisse3
337 3068 545 3127 quinimo
566 3069 806 3126 pharisaeis
826 3072 1092 3129 petentibus
1114 3072 1174 3117 ab
1195 3085 1251 3118 eo
1267 3072 1455 3128 signum
1473 3071 1532 3116 de
1553 3071 1690 3129 coelo,
1709 3071 1776 3116 eis
1799 3071 1911 3117 dare
1927 3084 1999 3117 re—

122 3132 240 3187 nuit,
262 3136 312 3178 ut
333 3131 531 3177 habetur
554 3132 723 3186 (Matth.
751 3146 807 3179 x11
835 3138 882 3180 et
909 3137 1008 3190 xv1).
1038 3137 1157 3191 Ergo
1182 3134 1362 3179 videtur
1382 3133 1507 3190 quod
1524 3147 1611 3180 nec
1631 3135 1681 3179 in
1703 3138 1852 3179 morte
1874 3133 1999 3179 circa

122 3193 325 3239 coelestia
345 3205 537 3252 corpora
556 3193 743 3251 aliquod
758 3195 1036 3240 miraculum
1055 3197 1207 3241 facere
1223 3195 1448 3251 debuerit,

178 3257 266 3302 Sed
287 3260 447 3300 contra
467 3259 539 3301 est
556 3256 680 3313 quod
701 3255 867 3301 dicitur
883 3258 1007 3311 (Luc.
1030 3260 1171 3312 xx111):
1194 3258 1397 3301 Tenebrae
1419 3259 1553 3312 factae
1580 3261 1685 3301 sunt
1705 3260 1753 3301 in
1772 3259 1952 3300 univers
1968 3270 1998 3300 a

123 3320 248 3362 terra
266 3331 400 3374 usque
415 3319 479 3363 ad
498 3318 660 3362 horam
678 3331 858 3375 nonam,
882 3321 926 3362 et
949 3319 1209 3363 obscuratus
1229 3322 1295 3363 est
1311 3318 1398 3363 sol.

164 3401 206 3442 Η)
224 3400 300 3434 Sive
322 3399 454 3442 quando
476 3411 562 3435 nova
574 3399 670 3434 stella
687 3400 723 3434 in
745 3404 817 3441 ejus
832 3400 1012 3436 nativitate
1027 3401 1198 3442 apparuit:
1228 3401 1295 3435 sive
1324 3400 1456 3442 quando
1484 3399 1631 3436 tenebrae
1657 3398 1752 3433 factae
1767 3402 1846 3431 sunt
1876 3397 1909 3430 in
1929 3400 1998 3436 ejus

123 3453 243 3484 morte.
