2170 3808
2011 0 2152 31 ΨΜ.

103 212 188 256 462
783 206 980 260 QUAEST.
1011 206 1094 260 LV,
1126 205 1243 248 ART.
1273 206 1308 249 1.

243 284 589 337 ARTICULUS
620 291 657 332 1.
688 313 745 321 -
772 302 908 333 ornum
938 299 1219 331 RESURRECTIO
1248 299 1410 332 cnms’n
1438 301 1640 332 nasutum*
1670 300 1842 333 oumnus

926 361 1213 393 immi-asum.

266 425 316 460 De
333 421 497 457 bisetium
511 431 626 464 supra,
639 420 756 462 quast.
771 426 889 460 xxxw,
905 421 968 454 art.
979 418 1002 453 2
1019 429 1112 460 corp.
1128 420 1163 453 et
1179 417 1301 459 opusc.
1319 425 1359 459 11,
1375 429 1448 460 cap.
1460 419 1538 462 236,
1558 421 1592 454 et
1608 419 1638 455 1.
1662 419 1741 454 Cor.
1756 426 1813 453 xv.

161 485 227 530 Ad
248 484 449 541 primum
470 480 539 528 sic
558 480 837 538 proceditur.
863 485 903 523 1.
928 479 1117 525 Videtur
1146 479 1273 537 qued
1300 482 1575 527 resurrectio
1594 480 1759 526 Christi
1780 478 1988 524 debuerit

104 546 326 593 omnibus
348 543 648 590 manifestari.
675 543 802 589 Sicut
823 543 948 588 enim
973 542 1160 600 publico
1189 546 1380 599 peccato
1404 543 1598 590 debetur
1619 556 1760 601 poena
1785 541 1988 599 publica,

107 608 364 653 secundum
384 607 498 652 illud
514 607 563 664 (1.
580 606 692 651 Tim.
713 619 757 663 v,
781 608 852 660 20)
877 623 886 647 ε
913 608 1154 649 Pei-cantes
1177 618 1333 648 coram
1353 606 1551 650 omnibus
1570 619 1727 663 arque,
1744 605 1808 650 ita
1825 602 1993 649 merito

105 669 292 727 publico
313 669 509 714 debetur
527 668 770 726 praemium
787 667 1042 724 publicum.
1070 666 1156 711 Sed
1176 684 1196 704 κ
1210 665 1397 711 claritas
1412 667 1763 714 resurrectionis
1781 670 1854 711 est
1873 677 1991 723 prae-

105 731 255 776 mium
278 731 554 776 humilitatis
571 729 820 788 passioniS,
842 735 936 774 »ut
960 728 1249 785 Augustinus
1268 727 1380 774 dicit
1397 731 1553 788 (super
1574 732 1704 775 Joan.
1736 732 1868 775 tract.
1889 730 1988 785 104,

106 792 229 838 circa
250 793 367 848 fin).
409 793 522 838 Cum
545 804 657 849 ergo
678 790 838 849 passio
861 789 1026 835 Christi
1053 790 1192 836 fuerit
1209 790 1429 836 omnibus
1449 791 1713 849 manifesta,
1733 803 1789 836 eo
1806 789 1991 846 publice

105 853 323 911 patiente,
346 854 530 900 videtur
561 853 686 910 qued
721 851 869 910 gloria
894 852 1250 897 resurrectionis
1279 851 1428 909 ipsius
1452 854 1671 899 omnibus
1703 850 1988 898 manifestari

106 914 336 961 debuerit.

162 980 205 1023 2.
224 981 466 1032 Praeterea,
487 976 609 1021 sicut
637 975 793 1033 passio
819 975 984 1021 Christi
1018 976 1262 1022 ordinatur
1294 976 1354 1022 ad
1384 981 1591 1022 nostram
1621 977 1836 1034 salutem,
1854 975 1919 1020 ita
1945 982 1993 1021 et

106 1039 210 1097 eJus
226 1039 520 1095 resurrectiO,
541 1039 802 1084 secundum
827 1038 941 1083 illud
965 1040 1110 1094 (Rom.
1134 1052 1194 1095 iv,
1216 1040 1287 1094 25)
1308 1053 1320 1082 ε
1346 1042 1606 1083 Resurrexit
1621 1043 1811 1097 propter
1819 1038 1994 1095 justifi-

107 1106 329 1146 cationem
353 1105 572 1146 nostram.
598 1101 684 1146 Sed
702 1100 814 1146 illud
836 1101 963 1158 quod
982 1100 1042 1147 ad
1069 1113 1367 1146 communem
1391 1100 1636 1146 utilitatem
1654 1101 1870 1158 pertinet,
1889 1111 1995 1144 om-

106 1163 248 1209 nibus
263 1164 400 1209 debet
418 1164 718 1208 manifestari.
737 1166 857 1220 Ergo
870 1163 1147 1208 resurrectio
1166 1163 1328 1208 Christi
1350 1162 1569 1208 omnibus
1592 1162 1752 1209 debuit
1771 1161 1994 1208 manifes-

106 1225 211 1284 tari,
232 1230 279 1271 et
298 1239 391 1271 non
417 1225 679 1283 specialiter
702 1225 999 1282 quibusdam.

162 1291 206 1333 3.
237 1291 475 1344 Praeterea,
502 1288 565 1332 illi
593 1287 767 1345 quibus
792 1288 1090 1332 manifestata
1118 1291 1190 1332 est
1216 1287 1494 1332 resurrectio
1510 1286 1692 1343 Christi,
1714 1282 1904 1332 fuerunt
1921 1298 1993 1332 re-

107 1350 407 1395 surrectionis
425 1355 590 1407 teste83
611 1350 737 1395 unde
753 1350 923 1395 dicitur
939 1352 1052 1404 (Act.
1073 1363 1136 1405 ιιι,
1156 1352 1227 1404 15)
1249 1364 1260 1394 z
1282 1353 1420 1407 Quem
1439 1354 1559 1392 Deus
1580 1351 1858 1393 suscitavit&
1872 1362 1997 1392 mor-

107 1414 216 1468 tuis,
238 1413 366 1468 quus
385 1426 464 1455 nos
480 1415 613 1456 testes
628 1424 797 1456 sumus.
818 1414 913 1456 Hoc
929 1415 1085 1456 autem
1105 1411 1421 1456 testimonium
1443 1410 1655 1456 ferebant
1670 1410 1855 1468 publice
1873 1422 1994 1467 prae-

106 1472 332 1530 dicand03
353 1473 478 1530 quod
501 1473 691 1530 quidem
714 1485 808 1517 non
828 1472 1075 1517 conveniat
1095 1472 1385 1527 mulieribus,
1410 1472 1670 1518 secundum
1687 1473 1803 1519 illud
1823 1475 1871 1528 (Ι.
1889 1475 1991 1518 Cor.

105 1549 192 1593 xtv,
210 1539 282 1590 34)
302 1537 543 1580 :Mulieres
560 1538 610 1580 in
625 1535 826 1578 ecclesiis
847 1538 1028 1579 taceant
1040 1549 1057 1590 ;
1079 1539 1126 1578 et
1148 1537 1196 1588 (1.
1217 1534 1411 1580 Timotb.
1433 1548 1480 1592 11,
1503 1537 1576 1590 12)
1599 1539 1798 1579 :Docere
1811 1535 1996 1579 mulieri

105 1610 195 1640 non
215 1600 443 1654 permitto.
467 1599 588 1652 Ergo
607 1596 789 1641 videtur
811 1596 938 1653 qued
955 1596 1341 1641 inconvenienter
1359 1596 1638 1642 resurrectio
1657 1596 1822 1642 Christi
1842 1596 1996 1642 mani-

105 1658 274 1703 festata
288 1658 426 1703 fuerit
449 1657 597 1715 prime
611 1657 901 1715 mulieribUS,
922 1658 1063 1715 quam
1081 1658 1300 1703 omnibus
1318 1658 1644 1703 communiter.

162 1721 251 1766 Sed
273 1725 434 1765 contra
450 1725 523 1766 est
543 1720 668 1778 quod
690 1720 859 1766 dicitur
879 1722 990 1775 (Act.
1022 1735 1064 1781 x,
1080 1723 1182 1776 40):
1208 1724 1348 1777 Quem
1370 1723 1429 1776 (1)
1453 1725 1576 1765 Deus
1602 1721 1839 1765 suscitavit
1857 1721 1999 1765 teriia

107 1782 198 1840 die,
217 1786 263 1827 et
279 1785 409 1828 dedit
424 1797 523 1827 eum
535 1785 827 1838 manifestum
845 1785 962 1841 fieri,
978 1797 1067 1827 non
1081 1786 1202 1827 omni
1209 1783 1400 1841 populo,
1416 1786 1497 1829 sed
1512 1784 1692 1828 testibus
1707 1783 1997 1841 praeordina-

109 1847 168 1888 tis
185 1846 217 1889 ὰ
237 1850 347 1890 Deo.

154 1913 445 1956 CONCLUSIO.
461 1937 510 1944 —
526 1914 631 1954 Ciun
650 1925 698 1955 ea
721 1925 813 1966 quae
837 1924 1099 1955 communem
1124 1913 1345 1955 hominum
1369 1914 1647 1966 cognitionem
1675 1912 1898 1964 excedunt,
1915 1923 1997 1955 me-

108 1967 320 2009 diantibus
343 1969 622 2022 superioribus
636 1998 648 2018 ‚
676 1968 729 2009 ad
753 1968 966 2010 inferiores
984 1968 1238 2022 perveniant,
1260 1969 1436 2020 gloriosa
1462 1968 1615 2010 Christi
1637 1968 1876 2010 resurrectio
1911 1978 1996 2008 non

108 2023 222 2064 omni
246 2024 396 2076 populo
418 2023 673 2064 manifestari
689 2023 854 2075 debuit,
881 2025 951 2065 sed
976 2024 1227 2077 quibusdam
1249 2024 1421 2065 testibus
1444 2024 1469 2065 a
1491 2025 1573 2065 Deo
1594 2023 1903 2076 praeordinatis,
1925 2033 1997 2076 per

108 2090 211 2132 quos
227 2080 488 2120 manifestata
509 2080 561 2120 ab
581 2079 678 2120 aliis
694 2079 938 2121 crederetur.

162 2148 435 2205 Respondeo
458 2149 708 2194 dicendum
730 2149 855 2206 qued
876 2161 1040 2195 eorum
1060 2161 1166 2205 quae
1186 2152 1537 2206 cognoscuntur
1556 2148 1772 2205 quaedam
1792 2159 1999 2205 cognos-

108 2215 280 2256 cuntur
314 2212 551 2255 communi
574 2212 680 2268 lege
712 2216 909 2269 naturae,
932 2211 1147 2269 quaedam
1174 2215 1331 2256 autem
1356 2215 1706 2268 cognoscuntur
1726 2222 1786 2256 ex
1806 2208 1996 2268 speciali

107 2285 304 2319 munere
322 2273 498 2329 gratiae,
529 2274 651 2319 sicut
685 2286 742 2320 ea
771 2287 876 2332 quae
906 2274 1129 2320 divinitus
1159 2273 1428 2319 revelantur
1449 2289 1462 2320 ε
1483 2286 1683 2331 quorum
1711 2271 1919 2331 quidem,
1943 2276 1997 2320 ut

107 2335 354 2394 Dionysius
377 2337 487 2381 dicit
504 2337 704 2391 (coelest.
725 2337 840 2382 hier.
862 2349 966 2394 cap.
989 2341 1033 2396 4,
1055 2338 1082 2381 a
1103 2336 1263 2394 med.),
1288 2354 1309 2375 α
1326 2336 1427 2382 haee
1445 2341 1519 2382 est
1532 2336 1609 2382 lex
1625 2335 1848 2382 divinitus
1867 2335 1996 2381 insti-

109 2402 224 2452 tuta,
243 2402 298 2442 ut
320 2398 347 2441 a
365 2399 456 2442 Deo
478 2398 741 2443 immediate
763 2399 1079 2456 superioribus
1098 2398 1375 2455 revelentur,
1392 2398 1565 2456 quibus
1581 2397 1894 2444 mediantibus
1912 2397 1997 2444 de-

108 2461 319 2506 ferantur
332 2459 391 2504 ad
404 2460 661 2517 inferiores,
681 2479 702 2500 »
724 2460 844 2506 sieut
857 2465 982 2517 patet
1000 2460 1046 2504 in
1067 2460 1358 2506 ordinatione
1371 2460 1629 2506 coelestium
1650 2460 1912 2517 spirituum.
1932 2461 1996 2505 Ea

110 2522 219 2567 vero
244 2534 350 2579 quae
384 2522 618 2578 pertinent
637 2522 697 2567 ad
717 2521 922 2566 futuram
951 2521 1163 2579 gloriam,
1189 2533 1484 2567 communem
1509 2521 1748 2566 bominum
1770 2520 1996 2579 cognitio·

111 2597 218 2630 nem
235 2583 481 2638 excedunt,
503 2584 762 2630 seeundum
785 2584 902 2630 illud
919 2587 1018 2637 (lsa.
1045 2598 1159 2642 inv,
1181 2586 1226 2640 4)
1245 2597 1260 2628 ε
1284 2585 1452 2629 Oculus
1475 2597 1564 2627 non
1578 2585 1714 2641 vidit,
1738 2587 1876 2640 Deus,
1900 2584 2000 2629 abs-

111 2661 194 2704 que
215 2651 276 2702 te,
294 2660 389 2704 quae
403 2651 687 2705 praepardsti
709 2649 1049 2705 expectantibus
1071 2652 1129 2692 te.
1148 2650 1203 2692 Et
1219 2647 1322 2692 idee
1337 2647 1603 2704 hujusmodi
1620 2646 1678 2691 ab
1693 2647 1882 2693 homine
1899 2659 1996 2693 non

110 2714 474 2767 cognoscuntur,
495 2709 585 2756 nisi
605 2710 827 2755 divinitus
843 2710 1060 2767 revelata,
1085 2710 1206 2755 sicut
1225 2709 1469 2766 Apostolus
1492 2708 1600 2755 dicit
1623 2711 1671 2763 (Ι.
1690 2711 1792 2755 Cor.
1813 2722 1860 2768 11,
1883 2711 1953 2764 10)
1979 2724 1992 2755 ε

110 2772 247 2816 Nobis
270 2772 485 2817 revelavit
514 2776 633 2817 Deus
655 2785 740 2830 per
764 2775 987 2829 Spiritum
1011 2786 1157 2817 suum.
1193 2771 1307 2825 Quia
1331 2771 1472 2828 igitur
1503 2771 1711 2817 Christus
1743 2771 1999 2819 resurrexit

111 2833 311 2890 gloriosa
349 2836 720 2893 resurrectione,
757 2834 861 2880 idee
897 2835 1000 2893 ejus
1035 2833 1311 2880 resurrectio
1345 2845 1440 2877 non
1480 2833 1608 2877 omni
1640 2832 1811 2890 populo
1846 2833 1997 2878 mani·

110 2896 275 2941 festata
296 2900 382 2953 est,
408 2896 490 2941 sed
511 2895 809 2954 quibusdam,
837 2907 1038 2954 quorum
1058 2895 1325 2941 testimonio
1347 2895 1605 2940 deferretur
1622 2894 1671 2939 in
1696 2894 1894 2939 aliorum
1911 2906 1993 2940 no-

111 2957 275 3003 titiam.

166 3019 232 3064 Ad
246 3023 448 3077 primum
468 3033 581 3078 ergo
600 3020 868 3078 dicendum,
890 3021 1016 3079 qued
1047 3019 1206 3079 passio
1238 3019 1404 3065 Christi
1429 3022 1614 3077 peracta
1643 3022 1716 3064 est
1736 3017 1785 3063 in
1802 3030 1994 3076 corpore

113 3081 265 3127 adhuc
278 3082 477 3128 habente
496 3087 710 3128 naturam
725 3083 1010 3141 passibilem,
1030 3095 1136 3141 quae
1152 3081 1387 3128 communi
1406 3081 1510 3139 lege
1528 3085 1636 3126 nota
1657 3085 1728 3126 est
1749 3079 1992 3127 omnibusz

113 3148 159 3188 et
171 3142 275 3188 idee
295 3144 448 3199 passio
466 3145 630 3190 Christi
644 3145 772 3190 omni
787 3145 958 3203 populo
981 3145 1244 3192 immediate
1261 3142 1548 3189 manifestari
1569 3142 1731 3200 potuit.
1748 3145 1995 3189 Resurrec-

113 3204 178 3250 tio
203 3209 359 3250 autem
391 3207 556 3252 Christi
573 3208 695 3253 facta
711 3212 783 3254 est
792 3221 879 3265 per
891 3208 1085 3265 qlorz‘am
1104 3209 1276 3263 PatriS,
1295 3209 1349 3250 ut
1365 3205 1610 3263 Apostolus
1631 3204 1740 3250 dicit
1755 3207 1894 3255 (Rom.
1914 3206 1992 3260 vl).

112 3269 166 3311 Et
182 3266 287 3312 idee
314 3267 578 3313 immediate
607 3269 900 3315 manifestata
922 3275 1006 3327 est,
1033 3282 1126 3314 non
1157 3267 1391 3320 omnibus,
1417 3266 1498 3312 sed
1529 3266 1836 3324 quibusdam3
1869 3263 1993 3322 quod

113 3334 268 3374 autem
291 3329 474 3387 publice
492 3331 795 3387 peccantibus
817 3344 956 3388 poena
977 3331 1161 3389 publica
1185 3329 1453 3387 imponitur,
1474 3328 1827 3384 intelligendum
1846 3331 1916 3372 est
1932 3325 1991 3373 de

153 3465 200 3507 ss)
213 3464 368 3507 Vulgata,
386 3466 494 3502 huno.

2134 2683 2146 2733 ‘³²
2130 2419 2164 2668 :b-‘1‘x2fi7331282-'*.2<2
2127 2397 2132 2402 Δ
2131 2358 2148 2374 'a
2132 2336 2135 2341 Α
2132 2266 2147 2304 Γ·-
