2170 3808
831 188 1031 241 QUAEST.
1063 188 1183 245 LXII,
1212 188 1331 233 ΛΒΤ.
1358 189 1391 232 Ι.
1973 187 2059 230 517

166 271 328 316 menta
345 268 545 313 instituit
565 271 671 325 post
693 268 857 314 Christi
877 269 1143 327 adventum,
1168 274 1214 315 et
1235 269 1326 314 alia
1353 273 1559 326 tempore
1572 267 1715 326 legis3
1736 267 1847 325 quia
1863 266 1941 311 illa
1958 267 2056 313 sue-

166 334 278 377 runt
295 342 503 386 congrua
521 330 680 388 gratiae
700 330 1069 390 praefigurandae,
1093 332 1195 377 haec
1213 336 1368 376 autem
1388 336 1499 377 sunt
1521 343 1729 389 congrua
1749 329 1911 387 gratiae
1930 341 2055 386 prae-

165 391 420 438 sentialiter
435 391 825 437 demonstrandae.

855 504 1159 569 QUAESTIO
1208 505 1364 558 LXII.

229 616 293 652 mi:
328 617 594 653 PRINCIPALI
622 617 834 654 EFFECTU
872 616 1312 666 SACRAMENTORUM,
1348 617 1429 660 QUl
1464 617 1550 652 EST
1581 616 1780 666 GRATlA,
1822 616 1869 652 IN
1901 615 1991 652 SEX

871 687 1127 723 ARTICULOS
1169 688 1337 724 DIVISA.

214 766 370 809 Deinde
395 766 738 809 considerandum
766 773 828 810 est
848 768 898 809 de
924 769 1066 809 effectu
1081 772 1449 817 sacramentorum3
1468 771 1506 808 et
1525 767 1658 818 primo
1682 766 1732 807 de
1749 768 1892 808 effectu
1910 778 2054 810 eorum

167 823 411 876 principali,
429 825 501 875 qui
521 827 581 864 est
601 825 752 875 gratia;
781 823 958 864 secundo
976 824 1024 864 de
1036 824 1177 864 effectu
1202 822 1456 872 secundario,
1479 823 1551 874 qui
1571 825 1630 862 cst
1648 822 1864 863 character.
1880 844 1927 851 —-
1939 823 2055 863 Circa

164 879 351 931 primum
374 883 619 931 quaeruntur
645 891 713 920 sex
739 892 750 920 :
778 885 814 919 1⁰
843 881 987 921 Utrum
1018 884 1270 920 sacramenta
1294 891 1408 918 novae
1439 879 1539 930 legis
1564 878 1649 919 sint
1677 878 1980 928 causagratiae.
2002 898 2052 907 ‹—

164 953 214 964 —
225 940 264 973 2ο
280 933 426 974 Utrum
441 935 572 984 gratia
590 934 895 974 sacramentalis
914 933 1073 986 aliquid
1092 933 1215 973 addat
1227 944 1348 984 super
1363 935 1538 983 gratiam
1551 932 1758 973 virtutum
1775 934 1816 971 et
1833 931 2050 973 donorum.

164 1009 214 1019 —
231 993 271 1028 3ο
288 988 435 1028 Utrum
454 992 708 1028 sacramenta
728 989 967 1030 contineant
986 989 1177 1040 gratiam.
1195 1011 1242 1018 —-
1260 993 1299 1028 4⁰
1322 987 1467 1027 Utrum
1488 989 1542 1027 sit
1556 991 1598 1027 in
1615 987 1672 1028 eis
1690 988 1831 1039 aliqua
1849 987 1982 1026 virtus
1999 985 2053 1026 ad

163 1042 413 1086 causandam
441 1045 632 1095 gratiam.
652 1067 697 1074 —
721 1051 759 1084 5⁰
780 1045 927 1085 Utrum
947 1044 1043 1085 talis
1063 1046 1194 1083 virtus
1216 1045 1259 1083 in
1295 1043 1560 1084 sacramentis
1585 1044 1791 1084 derivetur
1812 1044 1837 1084 a
1866 1042 2054 1094 passione

164 1099 332 1142 Christi.
349 1123 398 1129 —
422 1107 461 1139 6⁰
486 1101 633 1141 Utrum
651 1102 903 1140 sacramenta
917 1101 1063 1140 veteris
1080 1098 1184 1150 legis
1203 1099 1379 1150 gratiam
1399 1104 1625 1139 causarent.

355 1164 698 1206 ARTICULUS
723 1164 760 1206 1.
791 1186 847 1194 —
875 1175 1012 1207 ornum
1034 1174 1311 1205 sacnmnn‘ra
1345 1174 1439 1205 smr
1462 1174 1587 1205 musa
1608 1174 1765 1206 GnmAE
1787 1163 1863 1216 (1).

168 1230 217 1266 De
231 1230 285 1266 his
299 1231 400 1265 etiam
420 1231 521 1271 infra,
538 1234 604 1266 art.
617 1231 651 1272 6,
668 1233 703 1265 et
717 1234 834 1271 quoest·
853 1237 947 1270 mxlv,
966 1234 1031 1265 art.
1045 1229 1079 1270 ⁴,
1094 1232 1131 1264 et
1147 1229 1242 1264 Sent.
1262 1238 1316 1269 ul,
1333 1229 1478 1272 «lisam,
1495 1233 1562 1264 art.
1576 1230 1608 1269 ὅ,
1626 1233 1662 1264 et
1680 1237 1728 1271 lv,
1748 1229 1827 1264 dist.
1840 1230 1874 1271 ⁴,
1893 1234 2010 1272 quast.
2022 1238 2051 1272 1,

207 1283 242 1316 ct
255 1285 323 1315 nrt.
337 1280 370 1320 4,
393 1280 590 1321 (ιιιωςιίιιηο.
608 1287 635 1320 1,
651 1282 684 1312 et
697 1281 762 1312 art.
780 1278 813 1318 5,
829 1278 1026 1319 quaestiunc.
1043 1285 1068 1320 ι,
1083 1281 1119 1312 et
1133 1277 1232 1313 Gont.
1251 1280 1341 1317 gent.
1357 1277 1419 1312 lib.
1436 1285 1485 1318 lv.
1501 1289 1574 1319 cap.
1590 1278 1631 1312 57
1647 1281 1681 1311 et
1691 1277 1734 1312 74
1745 1277 1857 1319 princ.
1872 1282 1907 1313 ct
1917 1278 1966 1312 Dc
1980 1289 2053 1314 ver.

211 1330 330 1370 quast.
343 1334 453 1367 xxwl,
468 1330 534 1361 art.
549 1326 583 1368 4,
599 1329 635 1360 et
646 1324 800 1366 quodlib.
818 1333 882 1370 ιιι,
892 1330 961 1360 art.
975 1325 1031 1361 ⁴6.

220 1380 287 1426 Ad
309 1380 511 1437 primum
534 1379 603 1425 sic
625 1379 906 1436 proceditur.
931 1383 976 1426 1.
997 1379 1186 1426 Videtur
1207 1380 1330 1437 qued
1353 1384 1648 1426 sacramenta
1670 1392 1765 1424 non
1789 1379 1885 1425 sint
1911 1392 2054 1425 causa

167 1441 341 1500 gratiae.
361 1444 460 1488 Non
482 1442 607 1490 enim
630 1442 754 1488 idem
775 1442 961 1488 videtur
978 1454 1083 1488 esse
1103 1442 1293 1499 signum
1315 1447 1362 1487 et
1383 1454 1551 1499 causa,
1573 1441 1629 1488 eo
1646 1441 1771 1500 quod
1791 1441 1910 1487 ratio
1931 1442 2053 1499 signi

165 1505 350 1550 videtur
373 1505 526 1562 magis
556 1504 744 1550 effectui
766 1509 1043 1562 competere.
1075 1505 1163 1550 Sed
1191 1509 1539 1551 sacramentum
1561 1509 1633 1550 est
1655 1504 1844 1561 signum
1873 1505 2050 1561 gratiae.

165 1568 262 1612 Non
288 1566 431 1623 igitur
451 1571 523 1612 est
544 1579 687 1611 causa
705 1566 825 1623 eJ'uS.

220 1629 266 1673 2.
295 1630 537 1684 Praeterea,
559 1627 742 1672 nullum
761 1627 1001 1685 corporale
1022 1639 1160 1685 agere
1174 1631 1327 1685 potest
1344 1627 1391 1671 in
1408 1639 1507 1672 rem
1527 1626 1831 1684 spiritualem,
1851 1625 1908 1672 eo
1928 1626 2054 1684 quod

172 1708 192 1728 «
215 1701 363 1748 agens
382 1689 702 1735 honorabilius
720 1694 793 1736 est
813 1690 1042 1747 patiente,
1063 1708 1084 1729 »ι
1106 1694 1161 1735 ut
1178 1689 1466 1746 Augustinus
1487 1689 1601 1735 dicit
1621 1691 1783 1747 (Super
1810 1689 2051 1735 Genes.‘ad
2103 1739 2105 1745 ,

167 1752 255 1797 litt.
277 1752 357 1797 lib.
380 1765 454 1812 ιιι,
484 1765 588 1810 cap.
609 1755 682 1810 16,
712 1751 761 1796 in
783 1751 942 1808 med.).
976 1752 1064 1798 Sed
1080 1751 1346 1809 subjectum
1372 1751 1534 1808 gratiae
1562 1755 1635 1797 est
1663 1763 1799 1796 mens
1826 1751 2051 1809 hominiS,
2102 1780 2106 1788 ·

168 1826 274 1871 quae
297 1817 370 1860 est
389 1826 467 1860 res
485 1813 754 1872 spiritualis.
781 1815 879 1858 Non
902 1826 1016 1871 ergo
1040 1819 1332 1860 sacramenta
1352 1817 1551 1872 possunt
1572 1814 1766 1870 gratiam
1786 1825 1995 1859 causare.
2106 1817 2110 1851 ὲ

221 1877 266 1921 3.
290 1877 542 1932 Praeterea,
568 1875 683 1921 illud
709 1875 834 1933 quod
863 1880 936 1921 est
962 1876 1201 1933 proprium
1234 1876 1334 1933 Dei,
1366 1887 1462 1920 non
1492 1875 1631 1921 debet
1659 1875 1798 1920 alicui
1831 1880 2053 1922 creaturae
2110 1888 2111 1891 ’

167 1937 374 1983 attribui.
409 1938 498 1983 Sed
531 1949 726 1982 causare
746 1937 942 1994 gratiam
964 1942 1038 1983 est
1068 1938 1307 1996 proprium
1331 1937 1440 1994 Dei,
1475 1936 1736 1983 secundum
1772 1936 1890 1983 illud
1914 1936 2051 1993 (Psal.
2114 1965 2116 1968 .

167 2014 350 2056 Lxxxni,
374 2003 446 2057 12)
470 2015 481 2043 ε
507 2002 722 2045 Gratiam
749 2003 794 2044 et
813 2000 1010 2057 qlorz‘am
1041 2001 1177 2045 dabit
1208 2004 1443 2045 Dominus.
1474 2001 1585 2045 Cilm
1619 2012 1730 2058 ergo
1763 2004 2052 2047 sacramenta

167 2061 427 2108 consistant
455 2061 504 2106 in
528 2061 808 2119 quibusdam
829 2061 988 2107 verbis
1006 2066 1054 2107 et
1082 2062 1223 2108 rebus
1245 2063 1414 2108 creatis
1428 2096 1441 2119 ‚
1476 2074 1571 2106 non
1594 2061 1780 2107 videtur
1800 2062 1924 2119 quod
1946 2074 2051 2119 pos-

167 2123 262 2169 sint
282 2123 479 2181 gratiam
498 2135 707 2168 causare.

223 2186 311 2231 Sed
330 2189 490 2229 contra
512 2189 584 2230 est
612 2184 738 2241 quod
770 2184 1060 2243 Augustinus
1092 2184 1204 2230 dicit
1232 2186 1395 2241 (Super
1414 2186 1545 2229 Joan.
1568 2188 1703 2229 tract.
1736 2186 1792 2229 80
1823 2184 1852 2229 a
1879 2185 2021 2240 med.)
2037 2217 2052 2242 ‚

168 2246 294 2304 quod
317 2266 337 2285 ιι
363 2260 486 2304 aqua
506 2245 794 2303 baptismalis
812 2258 983 2304 corpus
1004 2246 1152 2303 tangit
1173 2251 1220 2291 et
1242 2259 1322 2292 cor
1341 2246 1507 2291 abluit.
1528 2264 1549 2286 ι»
1577 2246 1666 2292 Sed
1683 2258 1764 2291 cor
1792 2258 1886 2292 non
1904 2246 2053 2292 ablui-

170 2313 247 2353 tur
268 2307 357 2353 nisi
388 2321 472 2366 per
493 2309 707 2366 gratiam.
738 2311 856 2365 Ergo
878 2313 1041 2354 causat
1061 2309 1256 2365 gratiam
1274 2339 1288 2365 2
1317 2312 1365 2354 et
1388 2308 1489 2366 pari
1511 2308 1691 2354 ratione
1723 2308 1813 2352 alia
1839 2308 2053 2355 Ecclesiae

168 2374 476 2416 sacramenta.

215 2438 505 2480 CONCLUSIO.
520 2462 568 2468 -
582 2440 756 2480 Tametsi
770 2439 882 2480 solus
899 2440 1007 2479 Deus
1020 2438 1203 2479 effectiva
1221 2441 1260 2478 et
1276 2438 1513 2491 principalis
1529 2449 1651 2479 causa
1675 2439 1818 2488 gratiae
1832 2440 1902 2489 sit,
1918 2451 2049 2480 sacra-

166 2495 307 2534 menta
325 2495 464 2534 tamen
488 2504 604 2533 novae
626 2494 727 2544 legis
748 2497 917 2534 causant
937 2494 1073 2545 ipsam
1087 2504 1156 2546 per
1174 2493 1347 2533 modum
1368 2493 1648 2533 instrumenti.

222 2555 491 2612 Respondeo
513 2555 762 2602 dIcendum
785 2555 911 2613 quod
936 2568 1129 2602 necesse
1163 2560 1234 2601 est
1266 2556 1418 2600 dicere
1445 2558 1737 2600 sacramenta
1769 2567 1903 2600 novae
1938 2556 2054 2612 legis

168 2628 251 2674 per
268 2616 469 2675 aliquem
487 2619 679 2663 modum
696 2619 891 2675 gratiam
912 2630 1124 2664 causare.
1147 2617 1439 2663 Manifestum
1463 2621 1536 2662 est
1563 2616 1689 2662 enim
1708 2616 1834 2674 quod
1864 2629 1947 2674 per
1975 2631 2054 2662 sa-

170 2683 406 2724 cramenta
430 2683 563 2724 novae
585 2680 699 2738 legis
722 2682 860 2726 homo
884 2680 1062 2725 Christo
1086 2680 1431 2736 incorporatum
1460 2679 1582 2723 sicut
1609 2678 1668 2723 de
1690 2677 1922 2733 baptismo
1944 2678 2054 2724 dicit

171 2740 413 2796 Apostolus
436 2741 592 2794 (Galat.
618 2755 678 2797 ιιι,
701 2745 800 2797 27):
825 2746 1048 2798 Quotquot
1063 2745 1112 2785 in
1134 2741 1315 2786 Christo
1339 2742 1563 2798 baptizati
1582 2742 1702 2796 estis,
1728 2741 1959 2784 Christum
1981 2744 2054 2784 in-

172 2802 351 2847 duistis·
363 2803 462 2846 Non
479 2807 634 2847 autem
654 2803 855 2849 efficitur
873 2805 1012 2849 homo
1034 2804 1297 2849 membrum
1311 2803 1490 2858 Christi,
1507 2803 1596 2847 nisi
1613 2815 1695 2859 per
1712 2802 1923 2858 gratiam.
1944 2803 2056 2856 Qui-

173 2862 280 2907 dam
303 2866 459 2908 tamen
483 2864 644 2909 dicunt
664 2865 790 2922 quod
811 2878 905 2911 non
924 2866 1019 2912 sint
1041 2878 1183 2911 causa
1207 2865 1367 2922 gratiae
1386 2865 1561 2922 aliquid
1574 2864 1826 2921 operando,
1846 2864 1929 2910 sed
1944 2865 2053 2923 quia

170 2927 317 2982 Deus,
353 2926 659 2970 sacramentis
691 2926 934 2985 adhibitis,
958 2928 1007 2972 in
1031 2927 1188 2972 anima
1212 2928 1409 2984 gratiam
1445 2931 1663 2984 operatur
1684 2927 1773 2983 (2)3
1799 2930 1846 2970 et
1871 2931 2055 2984 ponunt

173 2986 436 3044 exemplum
458 2987 516 3032 de
534 2987 612 3031 illo
630 2987 710 3045 qui
728 2988 925 3035 afferens
943 2990 1184 3035 denarium
1206 2989 1494 3047 plumbeum,
1517 2988 1683 3045 accipit
1701 2991 1891 3033 centum
1911 2988 2053 3035 libras

173 3060 232 3094 ex
251 3050 376 3105 regis
398 3050 709 3107 ordinatione3
736 3063 831 3096 non
851 3052 977 3109 quod
998 3053 1219 3098 denarius
1240 3053 1318 3096 illc
1343 3051 1515 3108 aliquid
1547 3055 1763 3108 operetur
1789 3051 1849 3097 ad
1876 3051 2051 3096 haben·-

214 3182 259 3224 (4)
285 3181 447 3217 Doctrina
474 3183 575 3223 hujus
596 3183 730 3218 articuli
762 3183 956 3219 adversatur
987 3186 1071 3220 soci·
1195 3186 1240 3227 (2)
1261 3185 1311 3219 Ita
1329 3184 1481 3219 sentiunt
1506 3185 1561 3226 qui
1583 3184 1704 3218 docent
1729 3185 1816 3226 quod
1842 3187 2049 3220 sacramenta

173 3229 284 3266 nianis
298 3235 333 3265 et
347 3231 566 3270 anabaptistis
585 3232 640 3273 qui
658 3231 786 3266 nullam
804 3233 839 3266 in
852 3236 1070 3269 sacramentis
1153 3233 1294 3274 gratiam
1318 3238 1456 3267 causant
1481 3245 1548 3267 nou
1571 3233 1724 3274 physice,
1744 3233 1802 3267 sed
1829 3233 1961 3267 tantum
1981 3244 2051 3266 mo·

172 3277 335 3314 virtutem
352 3290 410 3314 seu
421 3279 604 3315 efficaciam
615 3284 811 3322 agnoscunt,
826 3281 884 3315 sed
894 3293 932 3317 ea
944 3282 1070 3331 habent
1153 3281 1284 3321 militer,
1302 3286 1338 3314 ut
1353 3282 1472 3315 Scotus
1488 3286 1522 3313 ct
1546 3283 1699 3322 scotistoe,
1716 3281 1886 3323 vasquez,
1910 3279 2056 3319 Delugo.

171 3337 235 3368 pro
245 3326 344 3360 nudis
359 3330 391 3361 ct
399 3327 573 3362 sterilibus
584 3327 687 3368 signis
699 3332 842 3362 externae
853 3328 1070 3368 professionis
1154 3328 1314 3369 Becunus,
1335 3328 1518 3371 'rom-nen,
1534 3329 1551 3363 J
1555 3330 1720 3366 uveninus
1734 3334 1768 3364 et
1780 3328 1881 3364 multi
1899 3326 1968 3362 alii.

173 3372 262 3456 {dle}
273 3374 464 3409 christianae
482 3380 518 3410 et
541 3374 926 3411 distinctionistidelium
938 3378 978 3413 ab
994 3378 1069 3412 infi-

195 3433 214 3456 e
229 3435 237 3455 l
265 3434 314 3456 us.
