2170 3808
236 288 265 331 6
844 280 1324 336 QUAEST.1,ART.11
1349 281 1415 323 ΕΤ
1443 275 1511 321 111.

291 369 357 414 Ad
375 373 577 426 primum
598 380 708 439 ergo
731 366 995 422 dicendum,
1018 364 1141 422 quod
1157 362 1272 408 ratio
1300 363 1378 407 illa
1410 361 1617 432 procedit
1634 360 1893 405 secundum
1911 362 2108 418 primun.

238 430 426 477 modum
447 429 712 486 necessarii,
736 429 837 473 sine
858 440 952 485 quo
969 426 1030 471 ad
1050 427 1190 470 finem
1210 423 1441 481 perveniri
1465 435 1559 467 non
1581 427 1748 480 potest.

290 492 358 536 Ad
386 493 630 536 secundum
652 491 932 546 dicendum,
956 487 1082 546 quod
1106 487 1261 543 aliqua
1292 485 1543 531 satisfactio
1574 490 1726 542 potest
1748 484 1837 529 dici
1871 484 2102 542 duplicitei

237 553 507 599 sufficiens:
529 566 624 599 uno
647 553 785 598 modo
804 551 1022 609 perfecte,
1042 550 1151 607 quia
1172 553 1244 595 est
1270 549 1502 604 condigna
1521 559 1603 604 per
1625 547 1875 603 quamdam
1894 547 2112 605 adaequa-

236 615 405 660 tionem
431 616 487 661 ad
513 615 986 672 recompensationem
1009 612 1156 669 culpae
1175 611 1449 666 commissae3
1471 615 1515 654 et
1543 609 1610 654 sic
1630 610 1831 654 hominis
1860 610 1961 667 puri
1981 612 2112 658 satis-

233 676 370 721 factio
394 679 631 722 sufficiens
649 690 754 723 esse
776 689 869 721 non
891 675 1039 732 potuit
1052 687 1136 730 pro
1154 679 1359 745 peccato-3
1377 678 1476 717 tum
1490 671 1599 728 quia
1618 677 1711 716 tota
1726 673 1930 716 humana
1949 679 2110 720 natura

232 743 332 784 erat
359 753 441 796 per
473 744 715 796 peccatum
733 743 966 810 corrupta,
989 749 1076 781 nec
1096 737 1272 781 bonum
1292 735 1490 792 aiicujus
1510 746 1739 791 personae,
1763 734 1837 779 vel
1855 736 1995 780 etiam
2013 737 2109 794 plu·

231 800 369 855 rium,
395 806 572 858 poterat
594 814 678 858 per
695 800 1075 858 aequiparandam
1108 798 1249 843 totius
1279 803 1455 842 naturae
1482 796 1812 842 detrimentum
1839 810 2107 856 recompen—

230 874 362 917 sare,
350 878 360 887 ·
399 869 493 908 tum
534 863 671 907 etiam
712 863 822 919 quia
859 864 1102 917 peccatum
1142 863 1302 903 contra
1338 862 1482 903 Deum
1523 858 1825 903 commissum
1859 861 2107 915 quamdam

231 925 502 970 infinitatem
531 925 670 970 habet
695 936 754 969 ex
779 924 1001 968 infinitate
1029 922 1199 966 divinae
1221 919 1515 978 majestatis:
1540 920 1670 964 tanto
1690 920 1815 965 euim
1839 921 2020 967 oflensa
2040 933 2111 969 est

230 986 430 1044 gravior,
464 985 638 1042 quanto
668 985 818 1041 maj0r
851 990 922 1029 est
952 984 1030 1028 ille
1063 984 1112 1027 in
1142 995 1283 1040 quem
1315 980 1614 1038 delinquitur.
1651 982 1779 1027 Unde
1816 983 2019 1039 oportuit
2051 986 2107 1030 ad

229 1048 507 1104 condignam
531 1048 889 1092 satisfactionem
911 1051 967 1091 ut
991 1053 1124 1090 actus
1147 1044 1474 1090 satisfacientis
1503 1043 1694 1089 haberet
1724 1045 1979 1090 efficaciam
2008 1046 2107 1092 infi-

228 1109 390 1165 nitam,
425 1114 584 1166 utpote
613 1109 690 1154 Dei
721 1114 768 1154 et
792 1109 991 1153 hominis
1018 1109 1240 1153 existens.
1272 1107 1370 1152 Alio
1390 1107 1530 1150 modo
1559 1111 1712 1163 potest
1739 1107 1829 1151 dici
1857 1108 2108 1155 satisfactio

226 1170 427 1217 hominis
448 1184 551 1216 esse
577 1172 813 1216 sufficiens
835 1171 1120 1229 imperfecte,
1141 1170 1316 1215 scilicet
1335 1168 1593 1215 secundum
1613 1170 1982 1226 acceptationem
2005 1172 2108 1229 ejus

226 1233 306 1288 qui
329 1240 399 1277 est
426 1236 482 1277 ea
509 1237 773 1288 contentuS,
804 1232 1021 1289 quamvis
1049 1244 1142 1275 non
1166 1232 1227 1277 sit
1253 1231 1504 1287 condigna,
1527 1234 1574 1275 et
1594 1231 1682 1275 hoc
1702 1231 1841 1276 modo
1861 1232 2108 1279 satisfactio

226 1296 329 1350 puri
350 1296 551 1340 hominis
565 1300 635 1340 est
650 1294 901 1339 sufficiens.
924 1297 976 1338 Et
993 1294 1102 1351 quia
1117 1306 1255 1339 omne
1267 1294 1586 1350 imperfectum
1600 1295 1920 1351 praesupponit
1934 1295 2107 1353 aliquid

223 1356 494 1413 perfectum,
515 1359 542 1400 a
555 1370 648 1413 quo
662 1361 964 1409 sustentetur,
987 1356 1097 1400 inde
1110 1361 1183 1401 est
1202 1357 1330 1413 quod
1346 1355 1499 1400 omnis
1515 1355 1620 1412 puri
1638 1356 1841 1401 hominis
1855 1357 2108 1403 satisfactio

221 1418 478 1464 efficaciam
495 1419 634 1462 hahet
656 1418 682 1461 a
702 1417 1015 1462 satisfactione
1035 1417 1214 1462 Christi.

276 1481 344 1525 Ad
366 1483 549 1524 tertium
573 1481 836 1536 dicendum,
854 1479 977 1536 quod
991 1483 1112 1524 Deus
1126 1479 1408 1524 assumendo
1428 1492 1635 1536 carnem,
1660 1493 1795 1525 suam
1816 1449 2106 1539 majestatem

220 1554 314 1587 non
336 1541 529 1597 minuit3
551 1546 597 1585 et
624 1554 705 1598 per
730 1553 1024 1597 consequens
1051 1554 1143 1585 non
1167 1541 1395 1586 minuitur
1417 1541 1534 1586 ratio
1556 1543 1828 1588 reverentiae
1850 1543 1947 1588 ad
1936 1557 2106 1602 ipsum,

219 1614 325 1659 quae
347 1608 544 1659 augetur
564 1615 646 1659 per
669 1607 972 1658 augmentum
995 1603 1272 1659 cognitionis
1292 1603 1454 1660 ipsius.
1468 1606 1534 1648 Ex
1553 1604 1641 1648 hoc
1656 1610 1812 1649 autem
1835 1605 1961 1661 quod
1975 1605 2107 1651 nobis

219 1666 590 1721 appropinquare
613 1665 760 1709 voluit
783 1677 865 1721 per
885 1665 1040 1710 carnis
1060 1666 1450 1722 assumptionem,
1470 1666 1622 1723 magis
1645 1679 1731 1711 nos
1758 1667 1814 1712 ad
1833 1680 1884 1712 se
1909 1679 2105 1725 cognos-

218 1727 418 1771 cendum
440 1727 642 1772 attraxit.

217 1790 562 1833 ARTICULUS
582 1792 876 1833 111.—urr.1m
898 1802 1061 1832 smouo
1080 1802 1160 1833 non
1183 1803 1425 1846 mcctssm,
1441 1803 1544 1834 naus
1564 1803 1821 1835 immaurus
1842 1805 2012 1836 ruissm·
2031 1795 2106 1847 (1).

216 1857 268 1893 De
282 1857 337 1893 his
349 1859 453 1893 etiam
472 1859 566 1893 Sent.
584 1866 640 1899 m,
659 1857 738 1893 dist.
752 1857 786 1891 t.
798 1861 915 1898 quaest.
935 1866 961 1898 1,
979 1862 1044 1892 art.
1060 1859 1093 1899 5,
1114 1862 1148 1892 et
1170 1866 1205 1892 lv
1219 1884 1229 1899 ,
1247 1858 1324 1893 dist.
1340 1860 1402 1899 ⁴5,
1423 1864 1539 1900 quast.
1558 1867 1583 1901 ι,
1599 1863 1664 1893 art.
1678 1859 1712 1899 2,
1735 1863 1854 1900 quaest.
1869 1868 1883 1894 1
1898 1859 1942 1895 ad
1953 1859 1990 1903 2,
2003 1865 2039 1896 et
2060 1862 2109 1899 De

754 1918 823 1940 ver.
842 1911 958 1947 quaest.
976 1914 1071 1946 xxm,
1088 1911 1156 1941 art.
1176 1907 1197 1941 a
1216 1907 1258 1941 ad
1278 1908 1311 1948 5,
1336 1912 1371 1942 et
1386 1908 1414 1942 Ι.
1431 1908 1521 1941 Tim.
1539 1916 1563 1941 ι.

269 1960 336 2005 Ad
355 1961 542 2005 tertium
557 1960 625 2005 sic
642 1959 921 2017 proceditur.
947 1964 967 2005 1
979 1996 989 2004 .
1014 1961 1201 2005 Videtur
1223 1961 1349 2018 qucd
1370 1961 1409 2006 si
1430 1961 1570 2005 homo
1586 1974 1679 2006 non
1698 1967 1952 2020 peccasset,
1973 1965 2107 2013 nihil,-

213 2022 399 2067 ominus
433 2025 555 2067 Deus
586 2022 853 2066 incarnatus
881 2022 1060 2067 fuisset.
1094 2025 1306 2068 Manente
1338 2022 1462 2068 enim
1496 2025 1654 2079 causa,
1705 2029 1863 2068 manet
1895 2025 2105 2072 effectus

211 2084 316 2140 Sed,
352 2085 475 2128 sicut
498 2085 784 2139 Augustinus
818 2084 927 2129 dicit
956 2087 1034 2139 (De
1064 2085 1185 2128 Trin.
1225 2085 1307 2129 lib.
1337 2098 1429 2141 xm,
1460 2097 1563 2141 cap.
1595 2088 1667 2139 17,
1689 2084 1737 2127 in
1758 2085 1944 2143 princ.),
1972 2105 1994 2126 α
2017 2088 2105 2134 alia

214 2147 362 2192 multa
383 2151 494 2191 sunt
518 2147 765 2202 cogitanda
784 2147 832 2190 in
851 2147 1015 2191 Christi
1031 2147 1364 2201 incarnatIOne,
1387 2151 1556 2204 praeter
1580 2146 1919 2193 absolutionem
1946 2148 1974 2193 a
1996 2163 2105 2207 pec-

212 2214 332 2265 cato,
351 2209 409 2253 de
428 2207 600 2264 quibus
635 2208 811 2254 dictum
831 2213 902 2253 est
924 2211 1026 2263 (art.
1047 2215 1224 2265 praec.).
1244 2211 1361 2264 Ergo
1377 2207 1556 2252 etiamsi
1572 2209 1711 2252 homo
1735 2221 1829 2252 non
1847 2217 2103 2270 peccasset,

210 2272 333 2315 Deus
353 2270 626 2314 incarnatus
643 2270 822 2314 fuisset.

265 2334 310 2376 2.
346 2335 585 2389 Praeterea,
622 2331 681 2375 ad
714 2331 1099 2387 omnipotentiam
1123 2331 1292 2376 divinae
1323 2331 1510 2376 virtutis
1538 2331 1740 2388 pertinet
1770 2338 1824 2378 ut
1852 2346 1992 2390 opera
2019 2348 2104 2381 sua

209 2394 432 2452 perficiat,
455 2398 500 2437 et
522 2405 574 2437 se
592 2393 858 2436 manifestet
877 2405 959 2448 per
978 2394 1179 2450 aliquem
1203 2392 1435 2438 infinitum
1465 2393 1698 2438 effectum.
1726 2394 1814 2439 Sed
1838 2396 1966 2440 nulla
1987 2410 2103 2454 pura

210 2461 421 2502 creatura
444 2459 594 2511 potest
611 2454 702 2499 dici
723 2454 934 2498 infinitus
955 2455 1165 2511 effectus,
1187 2455 1297 2500 cum
1318 2455 1379 2499 sit
1395 2455 1525 2499 finita
1546 2467 1630 2511 per
1652 2468 1784 2499 suam
1812 2459 2066 2504 essentiam
2089 2475 2100 2504 ε

209 2516 256 2561 in
289 2517 390 2562 solo
420 2521 576 2560 autem
604 2528 743 2572 opere
769 2517 1104 2562 incarnationis
1124 2517 1308 2562 videtur
1324 2515 1557 2573 praecipue
1587 2517 1872 2563 manifestari
1895 2519 2103 2567 infinitus

208 2578 404 2624 effectus
423 2578 593 2622 divinae
616 2579 849 2634 potentiae,
877 2591 958 2635 per
989 2591 1130 2636 quam
1157 2579 1202 2623 in
1228 2579 1465 2624 infinitum
1488 2579 1710 2624 distantia
1731 2581 2098 2639 conjunguntur,

208 2640 489 2697 inquantum
508 2640 680 2683 sactum
704 2645 775 2684 est
793 2640 917 2697 quod
931 2641 1069 2685 homo
1090 2647 1213 2686 esset
1235 2644 1356 2685 Deus
1373 2653 1383 2684 ε
1403 2641 1451 2685 in
1471 2654 1564 2698 quo
1583 2642 1721 2686 etiam
1740 2654 1881 2698 opere
1902 2645 2102 2691 maxime

206 2701 391 2746 videtur
413 2701 568 2772 perfici
589 2701 861 2747 universum
865 2715 970 2759 ‚per
988 2703 1075 2747 hoc
1099 2703 1224 2760 quod
1242 2703 1405 2747 ultima
1421 2709 1634 2749 creatura
1657 2707 1700 2758 (2
1702 2708 1733 2762 ),
1756 2705 1931 2751 scilicet
1945 2707 2098 2767 hom0,

207 2763 359 2820 primo
400 2763 628 2820 principio
651 2764 968 2821 conJ'ungitur,
998 2765 1174 2810 scilicet
1201 2770 1311 2811 De0.
1334 2768 1453 2822 Ergo
1486 2766 1667 2810 etiamsi
1687 2767 1827 2811 homo
1862 2779 1960 2812 non
1990 2781 2099 2826 pec-

206 2829 374 2881 casset,
398 2828 521 2870 Deus
537 2825 809 2871 incarnatus
829 2826 1008 2871 fuisset.

262 2889 304 2932 3.
324 2889 563 2938 Praeterea
584 2888 790 2932 humana
812 2896 979 2932 natura
1000 2901 1081 2945 per
1102 2894 1347 2946 peccatum
1361 2902 1455 2934 non
1473 2895 1542 2935 est
1559 2890 1682 2935 facta
1694 2889 1909 2947 capacior
1922 2891 2098 2948 gratiae.

206 2948 296 2992 Sed
310 2954 413 3005 post
425 2954 666 3005 peccatum
683 2962 829 3007 capax
842 2959 911 2995 est
922 2951 1081 3006 gratiae
1096 2951 1299 3007 unionis,
1316 2965 1420 3009 quae
1441 2959 1513 2997 est
1524 2953 1728 2997 maxima
1751 2952 1918 3009 gratia.
1930 2953 2102 3010 Ergosi

204 3009 345 3055 homo
375 3023 467 3054 non
504 3017 760 3068 peccasset,
795 3013 998 3056 humana
1030 3020 1194 3058 natura
1220 3014 1363 3072 hujus
1401 3015 1561 3070 gratiae
1603 3026 1753 3072 capax
1792 3014 1981 3071 fuissem
2015 3028 2102 3062 nec

204 3073 326 3117 Deus
345 3072 661 3117 subtraxisset
676 3075 893 3118 humanae
914 3079 1093 3119 naturae
1116 3075 1293 3120 bonum
1315 3076 1451 3134 cujus
1470 3088 1615 3133 capax
1636 3081 1748 3121 erat.
1770 3079 1891 3133 Eigo
1906 3077 1946 3121 si
1961 3077 2101 3123 homo

203 3143 302 3178 non
315 3139 573 3190 peccasset,
591 3137 712 3179 Deus
731 3135 1002 3181 incarnatus
1021 3137 1202 3182 fuisset.

257 3196 915 3252 4.Praete1ea,praedest1nat10
929 3199 1005 3243 Dei
1019 3204 1089 3244 est
1101 3204 1289 3244 aeterna.
1302 3199 1564 3244 Seddicitur
1577 3202 1724 3254 (Rom.
1739 3213 1753 3242 1
1758 3201 1817 3256 4)
1829 3198 1886 3244 de
1899 3199 2100 3246 Christo.

204 3259 291 3313 Qui
308 3259 589 3313 praedestina
596 3261 666 3301 tus
679 3263 743 3302 est
755 3261 905 3303 Filius
926 3265 1036 3305 Dei
1020 3276 1067 3304 m
1078 3265 1256 3307 virtute.
1273 3264 1391 3322 Ergo
1408 3263 1549 3307 etiam
1560 3266 1667 3305 ante
1680 3266 1926 3317 peccatum
1937 3274 2101 3307 necesm

203 3318 378 3363 sarium
401 3323 499 3363 ciat
512 3319 676 3364 Filium
687 3320 1022 3379 Deiincarnari,
1035 3324 1095 3369 ad
1111 3324 1200 3369 hoc
1211 3324 1336 3381 quod
1355 3324 1432 3369 Dei
1446 3323 1790 3381 praedestinatio
1808 3323 2097 3379 Implerctur.

242 3426 286 3468 (i)
311 3427 421 3469 Scrip
425 3427 496 3463 uris
521 3434 554 3463 ot
580 3428 738 3464 Patribus
764 3428 987 3467 conformiter
1012 3431 1110 3469 docet
1230 3433 1274 3474 (2)
1291 3433 1344 3467 Ita
1360 3431 1487 3466 dicitur
1502 3430 1581 3473 quia
1605 3433 1678 3472 post
1700 3431 1766 3466 alia
1783 3431 1897 3465 omnia
1914 3424 2100 3465 creatidnis

201 3472 239 3509 S.
265 3474 389 3508 Doctor
415 3476 504 3517 quod
532 3476 560 3510 si
591 3477 691 3511 homo
717 3488 785 3511 non
813 3482 992 3520 peccasset.
1023 3480 1112 3516 Neue
1190 3492 1292 3522 opera
1310 3485 1401 3514 sexto
1417 3479 1472 3513 die
1489 3478 1676 3521 productus
1697 3483 1746 3513 est
1764 3479 1880 3521 homo,
1899 3482 1937 3513 ut
1958 3478 2101 3514 ultimus

207 3519 404 3558 incarnatus
423 3535 490 3558 non
505 3522 633 3560 suisset
1192 3528 1255 3563 Dei
1271 3527 1423 3563 effectus.
