2170 3808
2045 15 2047 17 .
2059 0 2084 17 ’τί

2014 38 2016 42 ,
2038 31 2039 35 ’
2096 26 2121 57 -ἈΔ

2099 74 2103 79 ,
2119 68 2132 78 2.
2138 55 2149 82 ,”

2123 105 2127 107 ·
2146 96 2170 118 Q:

2163 198 2170 219 l

196 321 282 364 150
772 317 972 369 QUAEST.
1001 317 1107 369 XV1,
1132 315 1252 358 ΛΒΤ.
1282 316 1335 358 111
1367 316 1428 358 ET
1456 319 1522 361 lv.

197 405 399 455 aetern03
424 403 588 455 postea
610 402 768 443 autem
800 411 856 442 ex
878 402 1087 454 tempore
1109 409 1194 454 per
1214 398 1580 444 incarnationem
1613 398 1789 443 factum
1821 402 1895 441 est
1918 409 2088 454 suppo-

197 462 338 506 situm
360 461 578 505 humanae
608 466 805 505 naturae.
826 463 879 505 Et
909 460 995 505 hac
1018 460 1198 505 ratione
1220 460 1389 505 dicitur
1415 461 1744 515 humanatum,·
1772 471 1865 503 non
1886 458 1996 515 quia
2017 470 2090 503 as·

196 522 447 580 sumpserit
479 522 732 578 hominem,
758 522 841 568 sed
867 522 979 580 quia
1000 523 1254 579 assumpsit
1273 523 1527 567 humanam
1551 528 1782 567 naturam.
1812 522 1910 565 Non
1932 523 2088 565 autem
2138 521 2159 573 ἶ]

196 584 264 629 sic
281 591 352 629 est
367 585 394 628 e
415 597 662 640 converso,
683 585 805 642 qued
823 585 1118 642 suppositum
1135 585 1354 629 humanae
1372 591 1550 630 nau-irae
1564 582 1870 641 assumpserit
1885 581 2088 628 divinam
2130 588 2161 624 ὲ·

196 650 409 690 naturam
429 662 439 690 :
466 647 594 691 unde
615 659 709 690 non
729 652 884 704 potest
904 646 994 691 dici
1018 646 1157 690 horno
1179 648 1422 701 deificatus
1437 646 1512 691 vel
1530 647 1798 691 dominicum
2100 658 2104 663 ·
2128 619 2160 716 Ξ

249 708 315 753 Ad
339 713 522 752 tertium
544 709 822 763 dicendum,
852 708 977 765 >quod
1010 708 1099 753 hoc
1133 720 1304 753 nomen
1339 708 1543 753 divinum
1573 707 1818 754 consuevit
1851 705 2089 764 praedicati

196 769 335 814 etiam
358 771 416 815 de
433 771 505 815 his
524 772 581 815 de
607 770 779 827 quibus
800 770 1080 827 praedIcatur
1103 770 1412 823 essentialiter
1425 771 1512 816 hoc
1533 783 1703 817 nomen
1722 775 1842 812 Deus
1856 783 1873 809 .·
1893 766 2091 813 dicimus

196 832 317 876 enim
336 833 459 889 qucd
481 833 638 877 divina
659 832 862 876 essentia
882 836 953 877 est
972 836 1094 877 Deus
1108 832 1289 876 ratione
1311 831 1579 889 identitatis,
1593 838 1641 878 et
1656 831 1782 890 qued
1802 829 2006 876 essentia
2019 834 2092 874 est
2123 835 2135 854 ³
2148 839 2162 883 J

196 893 288 949 Dei.⁴
314 894 412 939 sive
435 895 611 950 divina,
640 899 829 952 propter
849 894 1089 939 diversum
1116 895 1306 939 modum
1328 893 1649 950 significandi;
1670 899 1718 940 et
1739 892 1940 937 Verbum
1963 889 2091 935 divi·
2154 904 2166 914 =·

196 963 326 1011 num,
347 957 455 1000 cum
483 961 638 1001 tamen
668 956 866 1001 Verbum
900 956 959 1001 sit
991 961 1129 1002 Deus.
1160 959 1212 1000 Et
1245 957 1457 1002 similiter
1476 956 1677 1002 dicimus
1698 966 1949 1014 personam
1970 952 2092 998 divi-
2149 991 2153 997 .

194 1019 456 1073 ηειῐῑι,εῑρυῑ
478 1026 524 1064 et
543 1031 788 1075 personam
826 1020 1045 1074 Platonis,
1072 1026 1259 1077 propter
1289 1019 1528 1064 diversum
1563 1019 1754 1064 mod-um
1778 1014 2089 1074 significandi·
2137 1018 2161 1076 J,

194 1079 280 1123 Sed
296 1080 541 1123 dominicus
561 1094 653 1125 non
668 1082 837 1126 dicitur
855 1082 913 1127 de
936 1083 1007 1127 his
1025 1082 1081 1127 de
1104 1082 1276 1139 quibus
1292 1082 1510 1125 Dominus
1525 1081 1832 1138 praedicatur:
1850 1091 1943 1124 non
1965 1075 2091 1123 enim
2154 1094 2165 1119 2³

192 1143 435 1186 consuevit
458 1142 545 1187 dici
578 1144 703 1200 quod
742 1144 911 1200 aliquis
944 1145 1082 1188 homo
1117 1144 1196 1201 qui
1235 1150 1307 1189 est
1344 1143 1588 1199 dominus,
1610 1143 1670 1187 sit
1701 1143 1984 1195 dominicus-,-
2007 1138 2090 1184 sed

191 1201 322 1264 illud,
348 1205 471 1261 quod
497 1206 899 1263 qualitercumque
921 1212 992 1251 est
1024 1206 1231 1264 Domini,
1263 1207 1541 1250 dominicum
1569 1205 1767 1260 dicitur3
1789 1203 1912 1248 sicut
1943 1200 2091 1247 domi·

193 1263 298 1308 nica
328 1266 569 1323 voluntas,
600 1268 675 1312 vel
710 1268 945 1313 dominica
981 1279 1180 1325 manus,
1215 1268 1288 1313 vel
1313 1267 1547 1312 dominica
1569 1266 1740 1324 passio.
1778 1268 1831 1310 Et
1851 1265 1956 1310 ideo
1990 1262 2091 1320 ipse
2152 1278 2166 1317 ’;.

192 1327 332 1374 homo
359 1332 582 1390 Christus,
604 1332 684 1389 qui
714 1336 786 1378 est
818 1332 1056 1388 Dominus,
1079 1345 1173 1377 non
1204 1337 1357 1389 potest
1386 1331 1478 1377 dici
1511 1332 1797 1382 dominicum
1819 1328 1902 1375 sed
1937 1332 2092 1385 potest
2148 1326 2170 1371 ῐῖ’·’

194 1402 301 1440 caro
339 1392 442 1450 ejus
476 1393 570 1438 dici
603 1407 712 1438 caro
742 1395 988 1453 dominica,
1007 1398 1059 1439 et
1099 1395 1255 1451 passio
1291 1395 1393 1451 ejiis
1433 1398 1587 1451 potest
1621 1392 1711 1438 dici
1747 1391 1904 1449 passio
1940 1390 2092 1434 domi-
2142 1395 2146 1401 ’

192 1455 314 1496 nica.
2087 1465 2090 1468 ’
2147 1454 2166 1483 ·³

247 1525 591 1570 ARTICULUS
617 1529 699 1571 IV.
742 1552 790 1558 —-
826 1541 960 1571 urium
999 1540 1051 1571 ΕΑ
1091 1539 1183 1577 Qua:
1224 1539 1481 1571 conveniam·
1519 1539 1630 1571 rimo
1659 1536 1828 1570 nonnius
1867 1533 2036 1568 possm

598 1601 828 1633 rnazchm
856 1603 910 1633 m:
935 1602 1050 1633 ‘rmo
1086 1602 1170 1643 nm,
1204 1602 1260 1633 ἰι-ι·
1291 1593 1318 1634 ὲ
1352 1601 1568 1633 converso
1603 1590 1679 1643 (⁴1).

248 1654 315 1699 Ad
337 1660 557 1712 quartum
582 1658 650 1701 sic
678 1658 958 1714 proceditur.
985 1661 1027 1703 ³1.
1054 1658 1241 1703 Videtur
1274 1658 1398 1716 qued
1424 1671 1480 1704 ea
1502 1670 1608 1716 quae
1629 1661 1741 1702 sunt
1767 1655 1987 1700 humanae
2002 1664 2091 1698 na·
2145 1682 2151 1717 ².

193 1718 309 1760 turae
329 1729 421 1761 non
445 1718 626 1774 possint
646 1719 733 1764 dici
755 1719 813 1764 de
827 1723 934 1764 Deo.
950 1719 1240 1777 Impossibile
1259 1720 1382 1764 enim
1403 1725 1475 1764 est
1493 1719 1706 1776 opposita
1723 1718 1783 1763 de
1792 1717 1953 1762 eodem
1972 1727 2090 1772 prae-

193 1777 351 1823 dicari.
379 1781 466 1824 Sed
485 1793 540 1824 ea
572 1793 677 1838 quae
709 1787 822 1827 sunt
850 1783 1068 1827 humanae
1095 1788 1294 1837 naturas,
1325 1788 1437 1827 sunt
1465 1781 1696 1827 contraria
1725 1780 1798 1825 his
1836 1790 1943 1837 quae
1978 1781 2090 1823 sunt

192 1840 380 1896 propria
406 1841 499 1886 Dei.
526 1845 646 1887 Deus
673 1844 799 1888 enim
832 1849 903 1889 est
924 1844 1176 1901 increatus,
1196 1843 1502 1889 immutabilis
1521 1848 1567 1888 et
1589 1848 1822 1897 aeternusg
1843 1841 1903 1886 ad
1919 1840 2090 1885 huma·
2143 1893 2147 1897 ⁹

193 1914 301 1946 nam
325 1915 383 1955 au
392 1912 480 1948 tem
498 1910 712 1950 naturam
732 1907 932 1963 pertinet
945 1912 999 1951 ut
1013 1907 1073 1951 sit
1087 1911 1257 1965 creata,
1274 1906 1542 1964 temporalis
1560 1910 1609 1950 et
1627 1903 1880 1951 mutabilis.
1896 1904 2016 1959 Ergo
2034 1914 2090 1948 ea
2144 1912 2149 1914 ·

199 1975 305 2020 quae
323 1971 435 2009 sunt
456 1966 674 2012 humanae
690 1972 868 2013 naturae
888 1981 983 2013 non
999 1973 1199 2027 possunt
1215 1968 1304 2014 diei
1325 1970 1382 2014 de
1396 1971 1504 2014 Dec.

248 2028 290 2070 2.
314 2029 555 2086 Praeterea,
580 2030 834 2076 attribuere
856 2034 948 2076 Deo
963 2044 1018 2077 ea
1033 2045 1137 2088 quae
1158 2031 1215 2077 ad
1237 2031 1468 2077 defectum
1487 2030 1740 2088 pertinent,
1753 2027 1938 2073 videtur
1958 2025 2091 2071 dero—
2144 2048 2154 2096 3

193 2099 303 2144 gare
324 2090 481 2134 divino
501 2092 681 2149 honori,
697 2099 744 2138 et
761 2093 819 2138 ad
837 2092 1171 2151 blasphemiam
1188 2095 1436 2151 pertinere.
1458 2093 1544 2138 Sed
1558 2105 1614 2137 ea
1628 2103 1733 2148 quae
1749 2096 1860 2135 sunt
1871 2091 2089 2134 humanae
2148 2101 2170 2151 3,-

194 2156 387 2211 naturae,
412 2153 642 2199 defectum
657 2156 911 2212 quemdam
926 2157 1185 2213 continent,
1204 2157 1325 2201 sicut
1345 2156 1458 2213 pati,
1475 2154 1611 2207 mori.‚
1630 2157 1678 2198 et
1695 2153 1784 2198 alia
1802 2150 2086 2209 huJusmodi.
2147 2154 2170 2206 315¹,

192 2215 310 2319 {rgo
328 2215 511 2260 videtur
530 2217 656 2274 qudd
683 2218 813 2263 nullo
838 2218 978 2263 modo
1002 2232 1057 2264 ea
1078 2232 1185 2277 quae
1201 2223 1316 2263 sunt
1335 2219 1555 2264 humanae
1579 2221 1761 2261 naturae
1783 2215 1969 2273 possint
1995 2213 2086 2259 dici
2154 2215 2162 2254 ὲ

228 2287 253 2319 e
284 2279 393 2320 Deo.
2159 2307 2164 2314 .1

248 2340 290 2380 3.
317 2340 558 2397 Praeterea,
572 2341 749 2387 assumi
759 2342 985 2388 convenit
999 2343 1218 2388 humanae
1241 2347 1444 2397 naturae3
1466 2355 1563 2387 non
1583 2346 1737 2386 autem
1755 2339 1846 2384 hoc
1867 2337 2086 2384 convenit
2155 2347 2170 2386 2--1

192 2401 300 2444 Deo.
321 2403 417 2444 Non
435 2414 547 2457 ergo
565 2416 620 2447 ea
640 2416 745 2460 quae
763 2410 876 2448 sunt
892 2406 1110 2450 humanae
1130 2410 1326 2463 naturae,
1341 2405 1399 2450 de
1421 2407 1514 2450 Deo
1535 2404 1625 2450 dici
1649 2405 1863 2460 possunt.

249 2462 336 2507 Sed
368 2469 529 2508 contra
555 2470 624 2510 est
646 2466 772 2523 quod
795 2471 1114 2512 Damascenus
1139 2467 1249 2512 dicit
1275 2468 1417 2522 (Orth.
1442 2467 1523 2512 fid.
1548 2466 1631 2512 lib.
1666 2479 1731 2524 iu,
1765 2476 1868 2521 cap.
1898 2466 1926 2508 ὅ
1956 2467 2007 2508 et
2038 2465 2084 2519 6,
2159 2475 2168 2515 23

192 2525 238 2571 in
271 2524 428 2583 med),
452 2527 575 2583 qued
596 2546 621 2566 α
642 2530 763 2574 Deus
784 2531 992 2587 suscepit
1021 2543 1076 2575 ea
1106 2542 1210 2587 quae
1233 2534 1344 2576 sunt
1372 2530 1527 2575 carnis
1550 2530 1786 2585 idiomata,
1807 2526 1855 2571 id
1884 2530 1954 2571 est
1974 2538 2084 2582 pro·
2154 2525 2165 2585 'b

192 2586 412 2643 prietates
428 2622 442 2646 ,
481 2589 595 2634 dum
627 2591 752 2636 Deus
786 2591 1020 2650 passibilis
1058 2592 1325 2637 nominatur
1346 2625 1359 2649 ‚
1399 2597 1447 2638 et
1481 2595 1602 2637 Deus
1643 2590 1802 2647 gloriae
1829 2588 2082 2634 crucifixus

191 2653 279 2695 est.
298 2669 318 2690 ι»
830 2693 833 2696 ,

239 2720 529 2763 CONCLUSIO.
551 2746 602 2753 -
626 2724 730 2764 cum
747 2737 846 2775 una,
868 2724 1089 2778 eademque
1108 2724 1356 2777 hypostasis,
1378 2724 1591 2775 utriusque
1620 2725 1778 2762 naturae
1798 2719 1966 2760 nomine
1986 2731 2084 2772 sup·

191 2781 383 2827 ponatur,
400 2779 662 2830 perspicuum
679 2785 739 2822 est
756 2793 823 2830 ea,
842 2793 934 2834 quae
962 2785 1060 2821 sunt
1078 2780 1236 2821 divinae
1260 2783 1421 2820 naturae
1437 2811 1448 2829 ,
1474 2780 1524 2820 de
1553 2779 1722 2819 homine
1746 2775 1827 2817 dici
1849 2788 1964 2828 posse
1993 2779 2086 2817 tan-

191 2843 314 2883 quam
334 2832 383 2872 de
405 2834 614 2886 hypostasi
632 2836 785 2876 divinae
807 2841 987 2886 naturae3
1010 2839 1052 2876 et
1071 2848 1162 2888 quae
1181 2836 1375 2875 humanae
1398 2839 1555 2875 naturae
1573 2838 1693 2883 sunt,
1711 2832 1761 2873 de
1787 2834 1868 2872 Deo
1885 2835 2084 2884 tanquam
2162 2882 2165 2884 v

191 2886 385 2928 humanae
405 2894 561 2931 naturae
580 2890 804 2942 hypostasi.

210 2964 212 2968 ’
247 2953 519 3009 Respondeo
538 2953 788 2999 dicendum
812 2954 937 3011 quod
960 2954 1086 2999 circa
1103 2954 1225 2999 hanc
1243 2954 1568 3011 quaestionem,
1595 2952 1840 2998 diversitas
1858 2951 1945 2997 fuit
1966 2951 2085 2996 inter

187 3015 484 3059 Nestorianos
503 3019 549 3060 et
567 3016 835 3062 catholicos.
851 3017 1112 3062 Nestoriani
1139 3016 1277 3062 enim'
1294 3029 1436 3061 voces
1461 3029 1567 3074 quae
1592 3016 1812 3062 dicuntur
1834 3014 1893 3060 de
1907 3013 2083 3059 Christo

190 3076 396 3122 dividere
416 3078 633 3123 volebant
651 3079 741 3123 hoc
762 3078 920 3135 m0d0,
935 3084 990 3124 ut
1011 3091 1066 3124 ea
1093 3091 1198 3135 quae
1226 3079 1463 3137 pertinent
1495 3079 1552 3123 ad
1574 3079 1825 3123 humanam
1847 3081 2079 3134 naturam,

190 3139 456 3186 dicerentur
476 3139 532 3183 de
554 3143 670 3196 De03
693 3153 781 3185 nec
813 3153 867 3186 ea
888 3153 995 3198 quae
1023 3142 1257 3197 pertinent
1278 3141 1337 3185 ad
1361 3141 1566 3186 divinam
1590 3145 1822 3197 naturam,
1847 3151 1941 3183 non
1956 3139 2084 3184 dice·

190 3206 351 3246 rentur
366 3201 423 3246 de
436 3202 638 3246 homine.
654 3202 783 3247 Unde
791 3204 1030 3248 Nestorius
1042 3204 1158 3249 dixit
1173 3219 1185 3249 ι
1206 3220 1226 3241 α
1247 3203 1288 3247 Si
1307 3204 1415 3260 quis
1423 3204 1500 3248 Dei
1514 3202 1662 3247 Verbo
1676 3206 1824 3247 tentat
1838 3201 2082 3259 passiones

191 3263 409 3315 tribuere,
425 3265 671 3308 anathema
686 3265 794 3309 sit.»
817 3265 859 3309 Si
881 3279 973 3323 qua
994 3267 1103 3311 vero
1119 3267 1310 3311 nomina
1319 3271 1549 3324 suntquae
1560 3265 1790 3322 pertinere
1803 3268 2006 3321 possunt
2020 3262 2082 3309 ad

190 3331 435 3382 utramque
457 3330 686 3382 naturam,
703 3327 761 3371 de
785 3327 955 3372 talibus
971 3329 1286 3385 praedicabant
1300 3341 1354 3372 ea
1373 3340 1477 3385 quae
1496 3332 1606 3372 sunt
1626 3327 1868 3383 utriusque
1885 3330 2079 3382 naturae,

190 3388 312 3433 sicut
330 3389 417 3432 hoc
447 3399 618 3432 nomen
643 3389 853 3433 Christus
873 3390 949 3434 vel
968 3394 1201 3435 Dominus.
1238 3391 1365 3435 Unde
1388 3389 1706 3435 concedebant
1723 3390 1954 3433 Christum
1976 3398 2081 3432 esse

230 3528 271 3569 (i)
291 3526 562 3562 communicatio
586 3526 787 3561 idiomatum
803 3527 844 3562 de
861 3538 926 3569 qua
938 3528 993 3562 hic
1003 3539 1085 3569 pro-
1170 3540 1245 3563 ean.
1259 3529 1273 3563 4
1291 3543 1300 3571 ;
1314 3528 1464 3571 itemque
1480 3541 1517 3564 ex
1532 3540 1624 3564 conc.
1644 3529 1799 3564 Lateran.
1812 3527 1873 3564 snb
1886 3525 2035 3563 Martino
2061 3523 2078 3560 J
2143 3524 2154 3528 “

188 3576 263 3620 price
281 3576 390 3616 agitur
409 3579 456 3609 est
471 3574 511 3609 de
531 3574 607 3615 fide,
629 3581 665 3609 ut
679 3580 770 3617 patet
794 3587 831 3610 ex
846 3587 940 3612 eone.
965 3576 1086 3618 Ephes.
1172 3576 1350 3612 consultat.
1366 3579 1398 3620 5,
1415 3578 1488 3619 c.6‚
1503 3581 1536 3613 et
1553 3589 1592 3612 ex
1604 3589 1676 3619 syn.
1692 3585 1741 3618 vl,
1755 3580 1819 3612 acta
1834 3577 1871 3612 Η
1884 3580 1923 3611 ct
1936 3576 1991 3611 48.
