2170 3808
0 8 10 34 s
49 0 320 42 ib·³÷f?r34÷‡‹÷''z²ll³'2›
387 0 804 43 ᾕῑςῖῑτῢῑῒῖπντΐὶῑὲῡψ
973 0 978 27 1
1054 2 1083 7 .,

92 42 113 55 0.
203 45 213 57 ¹¹

1022 219 1191 257 mnnx.
1218 206 1222 211 '
1951 222 2055 263 xxv

385 331 441 363 m:
465 331 642 362 vlsxom:
670 330 827 361 mvmAE
855 329 1068 424 EsanTQIAE
1091 330 1174 413 Ρῗιι
1198 329 1552 413 οὲΗΡΑΙιΑΉοΝΕΜ
1574 331 1628 361 An
1655 330 1829 363 manos.

1027 386 1107 414 uaes
1126 376 1164 413 io
1190 378 1212 416 9
1243 405 1253 415 .

154 457 283 496 Utrum
303 454 511 494 intellectus
531 454 711 492 humanus
732 453 852 503 possit
904 452 1068 492 ervenire
1091 452 1136 491 ad
1157 452 1350 507 videndum
1372 455 1485 492 Deum
1508 464 1574 503 per
1594 455 1802 495 essentiam.

203 526 250 534 —-
300 503 415 543 sancti
459 505 517 541 ost
539 501 839 541 resurrectionem
895 511 977 540 eum
997 499 1113 539 oculis
1135 501 1383 548 corporalibus
1403 502 1592 541 videbunt.

203 574 250 582 —
300 551 416 592 sancti
469 560 550 589 eum
575 550 755 597 videntes,
784 548 905 588 omnia
926 548 1074 588 videant
1098 559 1179 598 quae
1199 549 1294 588 Deus
1314 549 1426 587 videt.

320 647 376 679 mr
402 647 655 679 sancromm
681 646 975 684 nsxrnumrm,
1001 647 1052 676 m·
1073 645 1218 676 nomm
1240 646 1541 678 mnsmmnus.
1569 660 1616 668 —
1636 641 1805 688 Quaestio
1827 644 1888 683 93.

153 715 283 756 utram
301 714 490 755 beatitudo
512 714 726 753 Sanctorum
749 713 798 752 sit
818 712 934 762 major
954 713 1075 750 futura
1093 715 1178 762 post
1196 712 1374 762 judicium
1397 713 1504 762 quam
1523 716 1620 754 ante.

201 785 250 794 --
299 763 534 803 beatitudinis
557 763 687 811 gradus
712 761 917 800 mansiones
943 760 1015 799 dici
1038 761 1207 799 debeant.
1553 809 1561 818 ·
1622 810 1630 818 ·

201 832 250 841 —-
301 811 454 851 diversae
475 811 682 850 mansiones
705 810 972 859 distinguantur
993 819 1106 858 penes
1127 809 1291 848 diversos
1313 809 1443 858 gradus
1463 810 1666 850 charitatis.

324 910 380 940 nn
402 909 518 940 nono
546 909 632 944 Quo
656 909 804 939 smum
829 909 879 938 sn
901 907 1125 938 HABERENT
1151 907 1264 938 ERGA
1289 908 1530 939 DAMNATos.
1558 922 1605 930 --
1632 901 1803 949 Quaestio
1823 902 1887 944 94.

154 977 282 1018 Utrum
300 976 400 1016 beati
422 976 487 1025 qui
508 979 613 1015 erunt
634 976 673 1013 in
696 975 826 1025 patria,
853 975 1026 1013 videbunt
1050 985 1176 1024 poenas
1202 976 1463 1015 damnatorum.

202 1047 250 1054 —
299 1025 397 1064 beati
420 1025 686 1074 compatiantur
703 1023 861 1063 miseriis
885 1024 1147 1062 damnatorum.

200 1094 249 1102 —
299 1074 468 1113 laetentur
489 1074 534 1112 de
556 1073 674 1122 poenis
695 1072 904 1121 impiorum.

664 1171 719 1201 nn
747 1170 929 1202 nonnus
956 1168 1198 1200 nnn-tonum.
1223 1181 1270 1190 —
1295 1162 1466 1209 Quaestio
1487 1165 1550 1203 95.

154 1240 280 1282 Utrum
327 1241 478 1280 onendae
498 1239 572 1279 sint
597 1239 645 1279 ali
672 1249 726 1277 uae
748 1239 850 1277 dotes
872 1239 911 1276 in
931 1237 1139 1277 hominibus
1158 1238 1289 1278 beatis.

202 1310 249 1317 -
324 1300 365 1329 os
386 1288 436 1327 sit
459 1288 555 1327 idem
577 1299 647 1336 quo
694 1287 893 1326 beatitudo.

200 1357 249 1367 —
299 1339 481 1386 competat
503 1337 646 1376 Christo
669 1336 803 1374 habere
828 1336 947 1374 dotes.

200 1407 249 1414 —
297 1386 425 1435 Angeli
446 1386 603 1423 habeant
624 1385 741 1422 dotes.
928 1432 936 1440 η

200 1455 249 1462 -
298 1434 557 1473 convenienter
576 1435 758 1482 ponantur
782 1435 857 1471 tres
879 1442 1006 1471 animae
1028 1432 1147 1473 dotes.

779 1533 835 1562 ΒΕ
854 1533 1078 1563 ΑΠΒΕοιιε.
1101 1545 1150 1553 -
1172 1525 1342 1572 Quaestio
1366 1529 1430 1567 96.

151 1601 277 1642 Utrum
297 1601 443 1640 aureola
465 1601 513 1640 sit
538 1601 632 1640 aliud
657 1602 677 1640 a
700 1601 848 1650 praemio
871 1600 1057 1639 essentiali
1080 1601 1177 1649 quod
1201 1611 1310 1641 aurea
1331 1603 1475 1643 dicitur.

298 1650 444 1688 aureola
465 1649 605 1688 differat
627 1650 647 1688 a
670 1650 803 1688 fructu.

297 1698 436 1737 fructus
454 1698 626 1736 debeatur
651 1699 719 1737 soli
736 1698 862 1737 virtuti
883 1698 1128 1738 continentiae.
1313 1749 1321 1756 ι

299 1747 556 1785 convenienter
575 1748 804 1795 assignentur
825 1750 902 1788 tres
923 1746 1063 1786 fructus
1083 1748 1200 1787 tribus
1223 1751 1459 1790 continentiae
1479 1753 1656 1801 partibus.

299 1795 445 1833 aureola
467 1794 690 1842 Virginibus.

346 1862 394 1870 -
467 1843 697 1891 Martyribus.

347 1910 395 1918 —
467 1891 695 1930 Ductoribus.

346 1958 394 1966 —
469 1938 627 1976 Christo.

345 2005 393 2013 —
466 1985 628 2033 Angelis.

345 2053 394 2060 —
468 2033 577 2072 etiam
600 2035 755 2083 corpori.

296 2081 556 2136 convenienter
575 2084 805 2132 assignentur
827 2086 903 2123 tres
924 2086 1079 2125 anreolae
1100 2087 1296 2137 virginum,
1320 2093 1359 2128 et
1379 2094 1591 2142 martyrum,
1613 2098 1652 2133 et
1675 2094 1964 2144 praedicatorum.

297 2130 442 2167 aureola
464 2129 645 2177 virginum
671 2132 720 2169 sit
741 2132 931 2180 potissima
952 2134 1047 2172 inter
1067 2135 1170 2174 alias.

294 2186 388 2216 unus
413 2177 486 2216 alio
509 2179 692 2217 aureolam
715 2181 950 2219 excellentius
970 2182 1116 2221 habeat.

656 2278 711 2307 nu
737 2278 862 2308 POENA
887 2280 1196 2312 DAMNATORUM.
1221 2296 1269 2302 ——
1292 2275 1463 2322 Quaestio
1481 2279 1544 2318 97.

150 2343 276 2383 Utrum
295 2343 453 2382 damnati
475 2343 514 2381 in
535 2335 680 2385 i'nferno
704 2346 781 2385 sola
802 2346 912 2395 poena
933 2347 1029 2396 ignis
1051 2349 1295 2398 assignantur.

197 2413 244 2419 —
292 2392 425 2431 vermis
451 2392 698 2431 damnatorum
725 2395 772 2432 sit
793 2396 1007 2443 corporalis.

295 2439 455 2479 damnati
478 2440 551 2478 sint
572 2441 610 2478 in
627 2442 785 2480 tenebris
809 2444 1076 2493 corporalibus.

292 2488 388 2538 ignis
410 2489 543 2527 inferni
569 2489 617 2528 sit
637 2491 852 2539 corporalis.

439 2558 486 2565 —
641 2538 965 2626 ejiisdemaspeciei
988 2552 1068 2580 cum
1090 2543 1176 2592 igne
1198 2546 1338 2582 nostro.

439 2606 488 2613 —
644 2598 685 2625 su
731 2590 802 2626 terr
829 2616 839 2626 .

403 2684 458 2714 m:
483 2684 746 2725 vomitum,
777 2687 828 2716 ΕΤ
853 2688 1115 2720 inmunem
1139 2689 1445 2723 DAMNATORUE.
1469 2705 1516 2713 —
1541 2686 1711 2733 Quaestio
1734 2690 1794 2729 98.

146 2748 271 2788 Utrum
291 2751 410 2790 omnis
430 2751 598 2791 voluntas
625 2753 877 2792 damnatorum
899 2754 947 2793 sit
972 2756 1078 2794 mala.

193 2818 241 2825 —
293 2798 451 2837 damnati
474 2801 676 2850 poeniteant
704 2802 748 2840 de
772 2803 866 2840 malo
890 2804 986 2851 quod
1013 2804 1189 2843 fecerunt.

474 2848 573 2886 recta
596 2850 735 2888 ratione
761 2851 898 2889 vellent
918 2862 990 2889 non
1013 2863 1107 2891 esse.

468 2896 606 2934 vellent
632 2907 712 2936 esse
739 2898 777 2935 in
799 2899 942 2938 inferno
965 2900 1055 2938 alios
1079 2901 1281 2942 damnatos.

473 2943 558 2982 odio
578 2945 736 2984 habeant
756 2947 882 2984 Deum.

475 2991 737 3031 demereantur.

471 3040 971 3138 {flzsuigrtidloticggffitiffiugtuffi}
988 3046 1125 3133 l1⁵]n0hoc
1147 3049 1280 3089 mundo
1303 3050 1523 3091 habuerunt.

758 3103 769 3128 1
1018 3105 1036 3132 e
1065 3124 1075 3133 .

475 3134 626 3182 gloriam
648 3136 835 3177 beatorum
857 3141 1019 3180 videant.

395 3231 451 3262 nn·
470 3232 770 3264 msssmconmA
791 3237 863 3266 Dm
890 3239 1104 3271 nnspuc‘ru
1131 3242 1433 3275 DAMNATORUM.
1455 3257 1505 3268 —-
1528 3239 1697 3287 Quaestz’o
1724 3244 1788 3282 99.
1843 3268 1845 3270 -

140 3294 265 3335 Utrum
284 3307 330 3336 ex
351 3298 472 3338 divina
495 3300 639 3349 justitia
662 3302 837 3342 inferatur
858 3316 966 3353 poena
989 3310 1122 3346 aeterna
1144 3312 1344 3357 peccatori.

187 3363 235 3373 ——
284 3355 357 3430 Her·
372 3346 835 3405 divinam-misericordiam
859 3355 976 3393 omnis
1002 3366 1109 3403 poena
1132 3360 1345 3398 terminetur
1368 3365 1442 3399 tam
1465 3363 1653 3402 hominum
1676 3377 1782 3414 quam
1803 3367 2017 3408 daemonum.

186 3411 235 3422 -
310 3403 407 3432 ivma
429 3398 675 3436 mlserlcordla
700 3400 858 3447 patiatur
880 3402 1046 3441 homines
1070 3404 1107 3441 in
1131 3409 1303 3445 aeternum
1327 3410 1461 3457 puniri.

186 3460 234 3469 —
283 3451 391 3490 poena
416 3443 704 3500 Cbristianorum
729 3447 975 3487 damnatorum
1001 3461 1065 3499 per
1091 3452 1247 3492 divinam
1271 3457 1557 3498 misericordiam
1581 3462 1810 3501 terminetur.

185 3506 233 3517 —
284 3498 410 3530 omnes
432 3491 487 3530 1111
509 3503 572 3542 qui
596 3504 670 3533 non
692 3499 886 3544 operantur
908 3498 1165 3541 misericordiae
1189 3513 1313 3552 opera,
1338 3507 1537 3554 punientur
1562 3510 1797 3549 aeternaliter.
