2170 3808
843 158 1040 212 QUAEST.
1070 157 1215 215 XLIV,
1242 157 1363 201 ΛΒΤ.
1383 155 1438 200 11.
2001 155 2086 198 365

195 245 309 291 luna
346 244 397 289 in
428 240 716 300 oppositione
737 239 796 284 ad
817 238 983 294 solem,
1020 236 1362 296 quintadecima
1396 235 1618 293 existens,
1654 233 1764 291 quia
1784 238 1886 281 erat
1910 233 2085 278 Pascha

194 305 473 352 Judaeorum.
494 301 624 347 Unde
646 301 787 346 dicit:
810 302 939 345 «Non
958 299 1083 344 enim
1100 303 1201 344 erat
1219 297 1563 357 conjunctionis
1581 301 1813 354 tempus»
1837 319 1889 327 —
1912 296 2086 340 Secun-

197 367 311 414 dum
330 364 607 412 miraculum
627 366 701 408 est
721 361 847 419 quod
866 362 974 407 cum
995 360 1118 406 circa
1146 360 1310 405 horam
1331 364 1512 404 sextam
1548 361 1606 412 (1)
1628 358 1742 403 luna
1776 355 1878 401 visa
1915 355 2082 401 fuisset

198 428 338 474 simul
348 439 456 474 cum
473 425 571 471 sole
582 424 631 468 in
646 423 802 469 medio
811 423 935 480 coeli,
951 423 1000 467 in
1011 421 1220 479 vesperis
1227 420 1442 479 apparuit
1450 420 1664 474 suoloco,
1678 419 1726 466 id
1743 422 1831 477 est,
1846 417 1896 462 in
1907 417 2083 463 oriente

197 490 406 548 opposita
426 487 529 535 soli.
549 486 679 531 Unde
695 485 808 531 dicit
831 500 847 530 ι
870 503 891 523 ιι
906 484 1106 529 Rursum
1119 484 1271 540 ipsam
1288 481 1509 537 vidimus,
1528 481 1704 527 scilicet
1718 480 1898 537 lunam,
1911 479 1940 523 a
1958 491 2083 524 nona

195 551 310 597 hora
325 553 400 608 (2),
419 550 470 595 in
485 561 578 607 qua
599 547 774 593 scilicet
787 546 983 593 recessit
995 545 1025 590 a
1046 545 1143 591 sole
1162 543 1458 591 cessantibus
1480 543 1702 598 tenebriS,
1722 554 1874 600 usque
1893 541 1954 587 ad
1970 553 2084 587 ves-

197 624 356 671 peram
377 609 789 669 supernaturaliter
808 608 1106 654 constitutam
1122 607 1183 652 ad
1203 606 1480 653 diametrum
1497 605 1626 661 solis,
1645 624 1666 643 ·ι»
1683 604 1730 649 111
1750 609 1822 649 est
1841 607 1895 648 ut
1911 602 2085 648 diame-

196 674 372 726 traliter
391 678 515 720 esset
535 671 623 718 soli
637 671 848 729 opposita
862 671 939 726 (3).
962 672 1017 715 Et
1037 669 1105 715 sic
1118 674 1246 726 patet
1257 668 1383 726 quod
1398 679 1492 712 non
1509 672 1583 712 est
1601 666 1816 711 turbatus
1829 669 2084 711 consuetus

196 738 456 794 temporum
494 746 679 791 cursuS,
700 733 811 791 quia
829 732 986 778 divina
1006 731 1174 777 virtute
1191 730 1365 776 factum
1379 734 1451 775 est
1470 732 1518 775 et
1536 728 1660 786 quod
1679 728 1739 773 ad
1757 728 1902 773 solem
1920 738 2084 784 super-

195 797 466 843 naturaliter
480 796 719 841 accederet
739 801 907 852 praeter
915 799 1102 851 tempus
1114 792 1340 850 debitum,
1359 795 1407 837 et
1417 790 1542 848 quod
1554 791 1583 834 a
1603 790 1701 835 sole
1718 789 1998 835 recedens-in
2009 788 2084 834 lo-

196 870 304 904 cum
317 859 555 917 proprium
568 857 886 903 restitueretur
898 861 1104 912 tempore
1118 854 1289 901 debito,
1304 853 1567 899 —Tertium
1583 851 1862 898 miraculum
1872 849 2083 908 estquod

197 919 421 966 naturalis
442 919 629 977 eclipsis
648 930 834 976 semper
863 917 1027 974 incipit
1044 916 1102 962 ab
1139 915 1412 962 occidentali
1447 920 1580 972 parte
1618 913 1749 968 50115,
1784 917 1832 958 et
1871 911 2085 970 pervenit

197 994 347 1040 usque
367 983 428 1027 ad
448 981 722 1027 orientalem
742 995 756 1025 ε
775 984 824 1026 et
835 980 924 1025 hoc
937 979 1059 1037 ideo,
1082 978 1192 1035 quia
1211 978 1326 1022 luna
1344 977 1607 1022 secundum
1627 975 1867 1033 proprium
1885 979 2081 1031 motum,

198 1055 291 1101 quo
311 1048 523 1090 movetur
556 1042 616 1088 ab
651 1042 891 1088 occidente
912 1042 960 1086 in
981 1041 1226 1096 orientem,
1250 1047 1322 1084 est
1350 1039 1552 1084 velocior
1574 1039 1672 1084 sole
1703 1038 1752 1083 in
1788 1050 1875 1083 suo
1897 1036 2083 1094 proprio

198 1110 351 1150 motu:
367 1106 527 1151 etideo
545 1105 659 1150 luna
669 1105 730 1149 ab
742 1103 982 1150 occidente
998 1102 1193 1147 veniens
1210 1101 1394 1158 attingit
1412 1100 1577 1156 solem,
1589 1105 1635 1146 et
1651 1099 2081 1157 pertransitipsum‚

199 1167 260 1213 ad
276 1167 499 1213 orientem
517 1167 732 1213 tendens.
756 1166 845 1212 Sed
865 1171 979 1211 tunc
999 1164 1111 1209 luna
1132 1164 1230 1221 jam
1251 1163 1610 1220 pertransiverat
1629 1163 1793 1216 solem,
1815 1166 1864 1207 et
1882 1160 2086 1207 distabat

199 1228 258 1272 ab
279 1241 334 1274 eo
353 1229 487 1287 quasi
504 1240 587 1286 per
607 1226 896 1273 medietatem
917 1224 1095 1282 circuli,
1114 1225 1162 1268 in
1180 1224 1469 1281 oppositione
1487 1224 1715 1277 existens3
1735 1222 1861 1268 unde
1881 1223 2085 1279 oportuit

198 1290 322 1345 quod
334 1293 642 1335 reverteretur
661 1288 721 1333 ad
740 1286 965 1333 orientem
984 1287 1151 1332 versus
1168 1286 1331 1342 solem,
1355 1293 1400 1330 et
1418 1284 1667 1342 attingeret
1683 1286 1839 1342 ipsum
1858 1284 2009 1341 primo
2023 1295 2084 1329 ex

197 1355 326 1407 parte
336 1350 564 1407 orientali,
574 1349 831 1407 procedens
848 1352 1014 1395 versus
1027 1349 1332 1393 occidentem.
1351 1347 1501 1393 Ethoc
1518 1347 1730 1405 estquod
1746 1346 1878 1392 dicit:
1903 1345 2084 1403 «Eclip-

196 1412 285 1456 sim
303 1412 444 1457 etiam
463 1412 614 1470 ipsam
638 1424 698 1457 ex
727 1412 906 1457 oriente
925 1411 1129 1456 vidimus
1150 1410 1429 1465 inchoatam,
1452 1416 1499 1454 et
1518 1422 1670 1467 usque
1689 1408 1750 1454 ad
1767 1408 1966 1453 solarem
1986 1412 2084 1452 ter-

197 1473 378 1519 minum
400 1476 459 1529 (4)
480 1474 743 1519 venientem
779 1473 906 1530 (quIa
944 1478 1092 1518 totum
1127 1472 1273 1517 solem
1304 1471 1577 1528 eclipsavit),
1617 1476 1780 1528 postea
1813 1469 2084 1526 regredien-

199 1540 309 1580 tem.
321 1554 344 1576 »
369 1560 425 1569 —
446 1537 669 1590 Quartum
686 1535 962 1581 miraculum
975 1534 1080 1591 fuit,
1099 1535 1224 1592 quod
1242 1534 1291 1579 in
1309 1534 1507 1578 naturali
1525 1533 1686 1590 eclipsi
1701 1546 1762 1578 ex
1774 1532 2085 1589 eademparte

198 1596 357 1654 incipit
394 1597 466 1642 sol
498 1597 628 1654 prius
646 1610 936 1655 reapparere,
956 1609 1016 1642 ex
1044 1609 1138 1654 qua
1165 1602 1293 1652 parte
1309 1596 1503 1652 incoepit
1522 1595 1652 1651 prius
1690 1594 1947 1650 obscurari,
1972 1594 2084 1651 quia

199 1657 374 1703 scilicet
390 1658 503 1703 luna
525 1671 583 1704 se,
601 1659 684 1704 soli
705 1658 975 1715 subjiciens,
1000 1658 1199 1703 naturali
1226 1670 1315 1702 suo
1331 1665 1460 1702 motu
1483 1657 1630 1702 solem
1652 1655 1900 1712 pertransit
1916 1656 2084 1701 versus

199 1719 439 1776 orientem,
463 1724 510 1765 et
539 1720 605 1764 ita
623 1726 800 1777 partem
831 1719 1168 1765 occidentalem
1197 1718 1324 1774 50115,
1345 1731 1488 1775 quam
1516 1717 1667 1775 primo
1687 1721 1902 1774 occupat,
1931 1717 2083 1773 primo

200 1779 338 1826 etiam
353 1781 645 1839 derelinquit.
666 1782 754 1827 Sed
770 1787 884 1827 tunc
899 1782 1013 1827 luna
1032 1782 1310 1827 miraculose
1329 1784 1387 1835 (5)
1411 1780 1471 1826 ab
1488 1781 1667 1825 oriente
1683 1780 1848 1825 versus
1863 1779 2085 1824 occiden-

199 1847 292 1887 tem
309 1842 510 1900 rediens,
548 1855 643 1888 non
661 1843 963 1900 pertransivit
984 1843 1146 1896 solem,
1167 1848 1219 1887 ut
1235 1848 1360 1888 esset
1380 1854 1436 1887 eo
1455 1841 1807 1897 occidentalior3
1844 1839 1925 1885 sed
1955 1844 2085 1898 post-

199 1914 340 1960 quam
362 1904 649 1961 pervenitad
671 1905 920 1950 terminum
941 1903 1070 1961 solis,
1091 1916 1276 1949 reversa
1294 1910 1366 1949 est
1380 1903 1546 1948 versus
1566 1903 1787 1947 orientem
1800 1916 1812 1955 ;
1827 1906 1875 1946 et
1892 1901 1957 1946 ita
1976 1914 2086 1958 par-

199 1969 293 2009 tem
312 1965 442 2024 solis,
472 1978 613 2022 quam
631 1965 794 2011 ultimo
817 1966 1076 2023 occupavit,
1099 1965 1250 2023 primo
1267 1967 1406 2011 etiam
1443 1964 1707 2022 dereliquit,
1727 1969 1776 2009 et
1792 1964 1860 2008 sic
1877 1975 1936 2008 ex
1953 1968 2086 2021 parte

199 2027 408 2072 orientali
422 2028 636 2072 inchoata
653 2028 739 2073 fuit
750 2027 950 2085 eclipsis,
963 2028 1046 2074 sed
1061 2028 1110 2072 in
1121 2033 1253 2086 parte
1264 2027 1536 2073 occidentali
1549 2027 1679 2083 prius
1692 2025 1885 2082 incoepit
1895 2025 2085 2072 claritas

197 2100 435 2146 apparere.
459 2092 512 2134 Et
525 2091 613 2135 hoc
631 2094 703 2135 est
722 2090 849 2147 quod
867 2089 978 2136 dicit
999 2105 1012 2133 z
1032 2092 1116 2135 «Et
1131 2094 1295 2135 rursus
1309 2090 1513 2135 vidimus
1534 2101 1630 2133 non
1648 2101 1708 2133 ex
1728 2088 1908 2144 eodem,
1928 2088 1978 2133 id
1991 2092 2081 2145 est,

200 2161 295 2194 non
315 2162 374 2195 ex
393 2151 557 2196 eadem
574 2155 706 2208 parte
726 2151 854 2210 soliS,
870 2156 917 2197 et
931 2151 1179 2208 defectum,
1200 2157 1247 2196 et
1266 2151 1588 2215 purgationem
1604 2151 1680 2206 (6),
1698 2150 1782 2195 sed
1800 2150 1828 2194 e
1857 2161 2083 2195 converso

199 2211 460 2257 secundum
480 2212 757 2258 diametrum
774 2213 960 2258 factam.
976 2212 1276 2266 »-Quin'tu1n
1289 2212 1565 2257 miraculum
1583 2211 1710 2256 addit
1730 2208 2085 2268 chrysostomus

199 2270 362 2329 (Super
381 2274 531 2319 Matth.
551 2275 676 2319 hom.
693 2288 861 2331 Lxxx1x,
875 2278 1041 2332 parum
1063 2275 1092 2319 a
1114 2275 1297 2331 princ.),
1318 2275 1478 2320 dicens
1494 2273 1620 2331 quod
1638 2291 1659 2311 «
1670 2272 1818 2317 tribus
1831 2272 1956 2318 horis
1968 2277 2084 2318 tunc

201 2333 402 2380 tenebrae
419 2343 788 2394 permanserunt,
809 2336 917 2381 cum
952 2335 1138 2393 eclipsis
1160 2336 1272 2380 solis
1290 2336 1339 2379 in
1374 2338 1611 2379 momento
1631 2338 1919 2390 pertranseat
1942 2349 1954 2379 ε
1984 2346 2082 2379 11011

200 2396 325 2440 0111111
335 2396 474 2442 habet
483 2409 678 2451 moram,
692 2405 746 2444 ut
760 2397 914 2443 sciunt
930 2399 996 2443 illi
1011 2397 1091 2455 qui
1103 2398 1531 2442 consideraverunt.
1541 2412 1567 2439 ιι
1589 2396 1719 2441 Unde
1734 2395 1871 2440 datur
1887 2396 2082 2452 intelligi

196 2456 323 2514 quod
341 2457 452 2502 luna
473 2459 700 2515 quieverit
718 2460 809 2504 sub
826 2460 941 2505 sole.
959 2461 1053 2504 Nisi
1075 2459 1191 2504 forte
1208 2459 1407 2504 velimus
1421 2459 1576 2504 dicere
1596 2456 1723 2514 quod
1744 2462 1929 2513 tempus
1950 2462 2084 2503 tene-

200 2518 389 2564 brarum
404 2526 695 2578 computetur
709 2521 768 2566 ab
784 2521 973 2566 instanti
994 2534 1088 2579 quo
1102 2521 1173 2567 sol
1190 2521 1381 2578 incoepit
1394 2519 1631 2566 obscurari
1650 2531 1801 2576 usque
1821 2519 1881 2564 ad
1900 2519 2083 2565 instans

199 2579 250 2625 in
268 2592 361 2637 quo
374 2581 572 2627 totaliter
591 2582 679 2627 suit
699 2590 991 2640 repurgatus.
1017 2583 1104 2628 Sed
1127 2583 1249 2628 sicut
1266 2584 1489 2638 Origenes
1510 2581 1623 2627 dicit
1643 2583 1807 2637 (Super
1819 2580 1971 2625 Matth.
1988 2580 2078 2626 loc.

202 2653 306 2699 sup.
329 2643 441 2698 cit.),
479 2643 740 2699 «adversus
760 2646 849 2690 1100
878 2645 959 2689 filii
981 2645 1138 2690 saeculi
1159 2645 1300 2702 hujus
1319 2645 1482 2690 dicunt
1512 2657 1526 2687 :
1546 2642 1784 2697 Quomodo
1801 2643 1891 2687 hoc
1906 2642 2082 2687 factum

201 2707 296 2748 tam
317 2704 525 2749 mirabile
542 2717 678 2750 nemo
690 2708 949 2751 Graecorum
969 2710 1051 2751 aut
1071 2706 1373 2751 barbarorum
1388 2704 1597 2760 scripsit?
1609 2723 1629 2742 »ι
1643 2706 1694 2748 Et
1710 2703 1822 2749 dicit
1843 2702 1970 2761 quod
1981 2703 2082 2761 qui-

203 2764 326 2823 dam,
346 2766 535 2811 nomine
551 2767 753 2824 Phlegon
773 2770 848 2823 (7),
867 2769 915 2812 in
931 2767 1170 2814 Chronicis
1203 2766 1301 2812 suis
1322 2767 1523 2824 scripsit,
1541 2766 1631 2810 hoc
1652 2765 1700 2809 in
1717 2764 1980 2823 principatu
2006 2765 2081 2810 Ti-

248 2909 293 2952 (1)
308 2908 350 2944 Id
363 2913 413 2943 est
426 2909 614 2944 meridiem.
1177 2909 1338 2950 Theologi
1357 2915 1391 2943 et
1416 2908 1592 2943 Madalcna
1615 2921 1624 2942 2
1650 2909 1777 2950 ubique
1801 2910 1954 2945 eamdem
1977 2910 2079 2947 inve-

248 2958 289 3000 (2)
309 2958 376 2991 Aut
393 2956 491 2989 tertia
503 2956 585 2991 hora
605 2963 678 2998 post
695 2959 886 2995 meridiem.
1178 2959 1303 2999 nimus,
1329 2959 1354 2992 si
1374 2957 1578 2992 articulos&
1605 2956 1640 2991 111
1662 2957 1744 2992 edit.
1761 2958 1854 2993 Rom.
1874 2971 1936 3000 pro
1960 2961 2079 2995 mira-

244 3006 284 3047 (5³
313 3003 445 3038 Dicitur
470 3003 676 3039 diametralis
701 3006 865 3047 oppositio
880 3009 946 3048 qua
970 3007 1097 3043 directe
1180 3005 1416 3047 culosemuod
1444 3004 1527 3038 edit.
1555 3004 1693 3047 habent,
1718 3010 1752 3040 et
1776 3005 1812 3041 111
1838 3006 1970 3049 Alcan„
1999 3007 2075 3042 cod.

205 3051 335 3094 aliquid
354 3063 460 3085 unum
476 3051 656 3091 opponitur
677 3052 787 3088 alteri.
1180 3054 1287 3089 deest)
1305 3053 1460 3093 excipias.

245 3100 289 3142 (4)
304 3099 367 3134 Vel
386 3110 490 3140 usque
508 3098 550 3132 ad
567 3099 708 3133 solarem
728 3101 995 3146 extremitatem3
1008 3101 1098 3142 quod
1221 3102 1266 3143 (6)
1283 3101 1380 3144 Quod
1402 3101 1607 3141 interpretes
1631 3102 1835 3138 recentiores
1857 3102 2079 3139 reddiderunt

206 3146 298 3182 idem
324 3150 376 3182 est
407 3157 445 3181 ac
479 3158 594 3181 versus
625 3146 851 3189 occidentem,
876 3150 956 3190 quia
980 3148 1028 3184 ibi
1050 3155 1100 3183 est
1180 3160 1249 3193 per
1263 3159 1455 3183 occursum
1473 3153 1506 3183 et
1522 3157 1723 3183 recursum.

207 3194 398 3230 extremitas
421 3194 457 3228 in
485 3206 550 3235 qua
573 3194 653 3228 50115
678 3194 734 3229 lux
755 3196 960 3230 terminatur
988 3209 997 3229 :
1020 3195 1099 3230 hinc
1223 3197 1266 3238 (7)
1284 3197 1331 3229 De
1343 3195 1404 3230 hac
1419 3195 1532 3236 eclipsi
1549 3207 1621 3236 quae
1636 3196 1670 3229 in
1688 3196 1837 3237 passione
1852 3196 1989 3231 Domini
2004 3210 2079 3233 con·

206 3243 308 3283 porro
330 3241 439 3276 dictus
455 3241 587 3283 (Ezech.
610 3251 688 3284 ΧΠ,
703 3242 735 3283 7)
749 3245 922 3278 terminus
938 3244 1100 3278 occiden-
1184 3244 1261 3285 tigit
1286 3243 1400 3278 confer
1418 3243 1507 3284 quod
1529 3243 1657 3278 dictum
1676 3251 1724 3279 ost
1746 3247 1761 3278 Ξι
1788 3245 1957 3280 Bossuetio
1982 3246 2079 3287 (Dis-

208 3290 296 3325 talis
317 3301 377 3330 per
400 3290 590 3331 oppositum
614 3290 655 3324 ad
684 3291 870 3326 terminum
898 3292 1097 3327 orientalem
1180 3301 1290 3327 cours
1305 3302 1371 3326 sur
1390 3292 1569 3326 l’histoire
1583 3293 1816 3334 universalia,
1834 3304 1906 3334 pag.
1922 3294 1976 3334 99,
1993 3294 2075 3331 fidit.

201 3336 294 3370 »1111110
314 3335 446 3377 incipit.
1181 3340 1223 3374 de
1236 3339 1439 3374 Χῖα-55111051.

246 3383 292 3424 (5)
306 3384 458 3421 llius-vnum
474 3384 530 3419 hic
540 3384 723 3420 lectionum
737 3387 933 3420 varietatem
949 3387 1096 3421 innuunt
