2170 3808
185 257 269 300 598
801 254 1000 306 QUAEST.
1032 251 1214 306 LXVIII,
1244 251 1363 294 ΛΒΤ.
1392 252 1464 295 ῙΧ.

187 349 244 384 eo
264 337 389 383 enim
412 337 494 394 qui
515 335 794 392 baptizatur,
818 333 1070 391 requiritur
1095 332 1292 377 intentio
1320 333 1606 390 suscipiendi
1637 338 1982 378 sacramentum
1997 366 2011 388 ,
2034 338 2086 379 ut
2143 341 2170 386 μ’

186 410 332 457 supra
351 399 526 443 dictum
549 401 621 441 est
638 398 743 451 (art.
765 399 791 440 7
814 395 914 453 huj.
932 397 1045 452 qu.).
1071 393 1346 451 Hujusmodi
1363 400 1519 439 autem
1537 394 1845 440 intentionem
1867 407 1959 438 non
1980 407 2085 451 pos—
2147 414 2170 436 μ

188 466 300 506 sunt
323 458 455 517 pueri
477 458 678 514 habere,
708 457 817 503 cum
841 469 938 502 non
967 455 1172 501 habeant
1192 467 1332 500 usum
1366 455 1500 501 liberi
1528 456 1724 502 arbitrii.
1757 459 1877 514 Ergo
1906 456 2085 504 videtur

187 521 313 580 quod
336 534 427 565 non
454 521 635 577 possint
661 519 900 577 suscipere
924 522 1272 564 sacramentum
1295 518 1530 575 baptismi.

242 586 286 628 2.
318 585 562 637 Praeterea,
583 583 847 640 baptismus
866 586 938 627 est
959 578 1068 627 fidei
1092 586 1440 626 sacramentum
1456 617 1468 635 ‚
1492 586 1546 627 ut
1568 594 1711 640 supra
1737 580 1913 626 dictum
1931 584 2003 625 est
2026 582 2088 634 (1)

187 649 284 703 (qu.
309 659 403 701 mxv,
428 650 516 690 art.
545 649 605 699 1).
627 645 715 690 Sed
729 644 863 703 pueri
886 656 983 689 non
1003 643 1178 688 habent
1196 643 1355 699 fidem,
1375 655 1483 700 quae
1501 644 1711 689 consistit
1731 643 1779 687 in
1798 642 2086 688 credentium

186 707 443 762 voluntate,
466 711 519 751 ut
543 707 833 763 Augustinus
851 705 964 751 dicit
987 708 1148 762 (super
1168 707 1302 749 Joan.
1329 710 1460 749 tract.
1484 708 1558 762 26,
1584 707 1795 763 aliquant
1816 704 1843 749 a
1864 704 2013 761 princ.
2048 716 2091 752 et
2139 718 2170 765 ji·

187 767 267 813 lib.
294 772 355 813 De
376 769 596 825 praedest.
617 772 769 814 sanct.
797 780 901 824 cap.
925 770 954 813 5
974 767 1024 811 in
1043 768 1162 821 fin.).
1187 770 1279 812 Nec
1308 767 1448 812 etiam
1469 773 1622 825 potes-t
1643 767 1735 813 dici
1754 766 1880 825 qued
1908 767 2092 811 salven-

188 835 266 876 tur
286 831 334 875 in
358 832 448 876 fide
471 837 750 889 parentum3
771 831 883 889 quia
904 829 1189 888 quandoque
1214 834 1432 886 parentes
1451 834 1563 875 sunt
1584 829 1812 885 infideleS‚
1836 833 1883 874 et
1904 827 1972 873 sic
1989 840 2086 874 ma·
2163 844 2170 854 ·

187 893 259 950 gis
286 906 371 951 per
393 906 557 938 eorum
588 893 912 939 infidelitatem
943 892 1297 937 damnarentur.
1324 895 1444 948 Ergo
1465 891 1648 937 videtur
1680 892 1806 951 quod
1835 890 1969 950 pueri
1992 902 2086 936 non

220 955 368 1000 ossint
387 955 442 999 ba
484 955 626 999 tizari.
2139 971 2161 994 .-

186 966 218 1012 Ρ
242 1019 285 1063 3.
318 968 545 1062 Praeteliea
563 1020 610 1072 (Ι.
634 1015 755 1062 Petri
780 1030 842 1074 111,
865 1019 952 1077 21),
975 1016 1146 1062 dicitur
1162 1015 1292 1074 quod
1314 1016 1517 1059 homines
1539 1016 1689 1060 salvos
1706 1018 1821 1071 facit
1843 1016 2088 1072 baptisma,
2143 1018 2147 1023 ’

186 1092 277 1123 mm
299 1084 455 1124 carnis
476 1082 698 1137 depositio
720 1081 945 1131 sordium-t,
969 1080 1050 1122 sed
1071 1082 1355 1123 conscientiae
1386 1079 1511 1123 bonae
1530 1081 1828 1136 interroqatio
1855 1080 1906 1120 in
1927 1082 2087 1123 Deum.
2143 1102 2168 1124 μ

187 1142 274 1187 Sed
307 1142 439 1197 pueri
465 1155 618 1199 neque
646 1141 982 1187 conscientiam
1015 1141 1190 1186 habent
1220 1142 1394 1185 bonam
1418 1141 1496 1186 vel
1517 1140 1708 1197 malam,
1742 1143 1850 1185 oiim
1881 1151 1974 1183 non
2004 1139 2092 1184 ha·
2116 1148 2120 1150 ·
2142 1140 2167 1192 -ῑ,

185 1203 326 1250 beant
348 1217 486 1249 usum
510 1204 704 1249 rationis
722 1239 736 1261 ‚
771 1217 925 1262 neque
950 1205 1089 1249 etiam
1115 1205 1453 1249 convenienter
1476 1203 1565 1262 ipsi
1589 1205 1953 1260 interrogantur,
1980 1205 2089 1247 cum
2140 1214 2145 1262 j

186 1278 281 1311 non
306 1266 586 1325 intelligant.
607 1269 706 1311 Non
726 1279 838 1323 ergo
858 1267 989 1324 pueri
1019 1266 1191 1311 debent
1210 1266 1450 1324 baptizari.
2145 1266 2164 1323 'J

244 1328 333 1373 Sed
354 1333 517 1372 contra
539 1333 611 1373 est
631 1327 756 1385 quod
779 1328 1031 1387 Dionysius
1054 1327 1166 1372 dicit
1184 1329 1374 1382 (Ec-cles.
1395 1327 1624 1373 hierarch.
1643 1339 1746 1384 cap.
1770 1326 1952 1382 ultimo,
1964 1337 2088 1371 vers.
2142 1354 2166 1381 ,5

186 1390 288 1445 fin.)
311 1405 322 1433 ε
353 1409 372 1427 «
396 1391 547 1435 Divini
570 1390 720 1435 nostri
737 1390 899 1448 duces,
933 1390 1113 1435 scilicet
1132 1391 1356 1450 apostoli,
1388 1390 1706 1447 probaverunt
1726 1390 1931 1434 infantes
1948 1387 2089 1446 recipi
2146 1443 2148 1446 Ι

187 1452 248 1499 ad
269 1452 574 1510 baptismum.
597 1471 617 1493 »
2155 1452 2160 1458 ’·

237 1521 532 1563 CONCLUSIO.
558 1544 607 1549 —-
631 1521 752 1560 Pueri
771 1519 1012 1570 baptizandi
1037 1525 1152 1569 sunt,
1168 1521 1264 1561 cum
1292 1522 1378 1561 sint
1397 1521 1591 1572 originali
1612 1525 1773 1572 peceato
1790 1519 1974 1570 obnoxii,
1987 1524 2028 1560 et
2043 1522 2091 1560 ut

187 1578 212 1617 a
229 1578 408 1629 pueritia
428 1578 473 1616 in
491 1576 688 1626 religione
703 1576 929 1616 christiana
943 1574 1117 1616 enutriti
1139 1576 1304 1617 firmius
1326 1576 1372 1616 in
1386 1588 1434 1617 ea
1449 1580 1716 1628 perseverent.

243 1639 518 1697 Respondeo
541 1638 796 1684 dicendum
820 1637 963 1695 quod,
989 1638 1112 1683 sicut
1142 1639 1391 1696 Apostolus
1425 1639 1537 1685 dicit
1556 1641 1704 1694 (Rom.
1724 1651 1768 1694 v,
1787 1640 1877 1695 17),
1897 1640 1939 1681 si
1958 1640 2093 1683 unius
2146 1660 2168 1676 z

191 1702 359 1747 delicto
381 1716 504 1745 mors
525 1704 739 1757 reqnavz‘t
760 1714 844 1758 per
862 1714 1019 1758 unum,
1040 1701 1217 1747 scilicet
1243 1714 1327 1758 per
1348 1702 1511 1759 Adam,
1533 1702 1677 1746 multo
1694 1705 1840 1758 maqis
1860 1701 2094 1744 abundan-

188 1769 302 1808 tiam
323 1768 486 1821 qratiae
503 1798 515 1819 ‚
552 1768 596 1807 et
620 1764 882 1806 donationis
896 1797 909 1820 ,
941 1767 984 1808 et
994 1765 1191 1819 justitiae
1220 1766 1490 1822 accipientes
1507 1798 1521 1821 ,
1557 1767 1605 1807 in
1625 1767 1719 1807 vita
1739 1764 1993 1819 reqnabzmt
2009 1775 2094 1820 per
2146 1778 2159 1786 ²

186 1840 326 1870 urium
353 1830 507 1869 Jesum
532 1827 785 1869 Christum.
809 1825 941 1870 Pueri
970 1832 1128 1870 autem
1151 1839 1210 1871 ex
1245 1832 1438 1883 peccato
1469 1826 1577 1872 Adae
1601 1830 1846 1883 peccatum
1867 1824 2096 1881 originale
2148 1871 2154 1879 ,⁷

188 1888 501 1944 contrahunt3
533 1887 661 1945 quod
689 1892 818 1945 patet
847 1901 906 1933 ex
937 1888 1026 1932 hoc
1055 1888 1182 1946 quod
1209 1894 1322 1934 sunt
1352 1889 1619 1934 mortalitati
1649 1888 1866 1946 subjecti,
1888 1900 1995 1944 quae
2011 1899 2094 1944 per

180 1957 433 2011 peccatum
455 1951 592 2008 primi
612 1951 815 1996 hominis
842 1952 889 1996 in
920 1963 1087 1997 omnes
1117 1953 1394 2009 pertransit,
1427 1958 1481 1997 ut
1500 1952 1750 2010 Apostolus
1769 1952 1943 1998 ibidem
1963 1951 2090 1997 dicit.
2147 1948 2152 1975 ἶ

189 2014 319 2059 Unde
335 2014 482 2058 multo
497 2013 649 2070 magis
661 2013 794 2070 pueri
812 2019 1013 2071 possunt
1024 2026 1108 2071 per
1125 2015 1356 2060 Christum
1372 2015 1566 2071 gratiam
1584 2014 1811 2070 accipere,
1825 2018 1880 2058 ut
1893 2017 2095 2070 regnent
2133 2068 2136 2070 μ

189 2077 237 2120 in
255 2076 353 2120 vita
370 2080 561 2120 aeterna.
585 2079 687 2132 lpse
706 2080 865 2121 autem
885 2077 1108 2122 Dominus
1128 2077 1239 2122 dicit
1261 2080 1407 2130 (Jean.
1431 2091 1492 2132 ιιιἸ
1517 2080 1578 2133 5),
1599 2076 1724 2134 quod
1741 2079 1830 2119 nisi
1850 2078 1946 2132 quis
1963 2089 2096 2120 rena-

187 2142 259 2181 tus
278 2140 419 2191 suerit
439 2151 497 2181 ex
528 2152 651 2194 aqua
687 2141 730 2181 et
765 2141 943 2195 Spiritu
977 2144 1163 2196 sancto,
1193 2154 1284 2183 non
1311 2145 1458 2198 potest
1490 2142 1683 2183 introire
1707 2142 1754 2182 in
1777 2152 1964 2196 reqnum
1993 2141 2092 2184 Dei.

188 2201 317 2245 Unde
342 2200 660 2245 necessarium
680 2200 770 2245 fuit
794 2214 967 2258 pueros
986 2201 1207 2259 baptizari
1222 2236 1234 2258 7
1261 2207 1313 2246 ut
1332 2203 1453 2246 sicut
1474 2214 1558 2259 per
1579 2202 1724 2246 Adam
1746 2200 2094 2247 damnationem

190 2263 489 2307 incurrerunt
506 2262 762 2318 nascendO,
780 2262 843 2306 ita
862 2275 947 2320 per
965 2264 1195 2308 Christum
1209 2265 1407 2309 salutem
1420 2269 1769 2321 consequantur
1782 2264 2092 2310 renascendo.
2140 2259 2166 2324 Τιῑῗ

188 2349 243 2355 -
261 2324 364 2367 Fuit
382 2324 523 2368 etiam
543 2325 832 2369 conveniens
850 2337 1021 2381 pueros
1046 2325 1285 2383 baptizari,
1313 2331 1362 2371 ut
1383 2326 1410 2370 a
1427 2326 1626 2384 pueritia
1645 2325 1805 2370 nutriti
1831 2325 1879 2369 in
1894 2325 1967 2370 his
1989 2337 2095 2384 quae

189 2391 301 2431 sunt
317 2386 585 2430 christianae
603 2387 724 2442 vitae,
743 2387 923 2432 firmius
941 2388 990 2432 in
1006 2401 1063 2434 ea
1077 2393 1396 2446 perseverent,
1412 2389 1676 2434 secundum
1690 2388 1804 2433 illud
1823 2390 1971 2441 (Prov.
1989 2401 2091 2443 xxn,

188 2450 232 2502 6)
250 2460 262 2490 ε
283 2448 559 2491 Adolescens
578 2450 717 2504 juxta
732 2451 854 2492 viam
870 2463 1021 2507 suam,
1041 2453 1181 2494 etiam
1196 2452 1298 2495 ciam
1319 2455 1544 2506 senuerit,
1572 2463 1662 2494 non
1679 2450 1859 2494 recedet
1877 2450 1934 2493 ab
1950 2463 2020 2493 ea.
2042 2451 2094 2494 Et
2128 2490 2147 2499 ,.

190 2510 311 2554 hanc
355 2509 584 2554 rationem
622 2509 834 2567 assignat
869 2511 1122 2569 Dionysius
1158 2513 1350 2568 (Eccles
1392 2512 1623 2557 hierarch.
1662 2523 1766 2569 cap.
1811 2510 1899 2555 ult.
1916 2544 1930 2567 ‚
1968 2523 2092 2556 vers.
2136 2528 2138 2532 ’

188 2571 290 2623 fin.)
308 2573 383 2626 (2).
1813 2600 1817 2604 -

243 2634 312 2679 Ad
330 2638 529 2691 primum.
559 2646 673 2690 ergo
696 2634 976 2695 dicendum,
1009 2635 1137 2693 quod
1166 2635 1460 2692 regeneratio
1490 2634 1773 2693 spiritualis,
1794 2647 1902 2691 quae
1930 2634 1983 2680 fit
2011 2646 2095 2693 per
2142 2671 2163 2690 s,

188 2695 491 2753 baptismum,
512 2700 584 2741 est
602 2696 950 2754 quodammodo
979 2697 1147 2743 similis
1173 2698 1401 2743 nativitati
1430 2697 1636 2753 carnali,
1667 2698 1897 2754 quantum
1924 2697 1985 2743 ad
2006 2698 2094 2744 hoe
2127 2696 2149 2751 ζ·

190 2758 316 2815 quod
337 2757 458 2803 sicut
486 2758 620 2815 pueri
652 2758 698 2802 in
728 2759 955 2803 maternis
973 2760 1118 2805 uteris
1136 2759 1377 2804 constituti
1405 2772 1500 2804 non
1524 2773 1608 2817 per
1639 2760 1819 2816 seipsos
1839 2760 2094 2805 nutrimen·

189 2825 290 2866 tum
310 2820 561 2880 accipiunt,
596 2821 681 2867 sed
712 2833 770 2866 ex
804 2823 1089 2868 nutrimento
1121 2823 1285 2868 matris
1316 2827 1667 2878 sustentantur,
1701 2822 1764 2867 ita
1786 2822 1928 2867 etiam
1961 2821 2091 2879 pueri
2127 2818 2168 2883 ἓξ-ῑιῗ

190 2884 402 2929 nondum
417 2882 642 2928 habentes
660 2896 803 2930 usum
819 2884 1031 2943 rationis,
1051 2885 1187 2943 quasi
1205 2885 1254 2930 iu
1270 2889 1406 2930 utero
1422 2886 1584 2930 matris
1603 2883 1822 2930 Ecclesiae
1834 2883 2090 2941 constituti,
2130 2886 2154 2943 ‘J

192 2958 286 2991 non
309 2957 394 3003 per
413 2945 611 3002 seipSOS‚
628 2945 713 2991 sed
731 2958 813 3003 per
832 2951 990 2992 actum
1005 2947 1226 2994 Ecclesiae
1245 2947 1446 2993 salutem
1466 2947 1747 3004 suscipiunt.
1770 2946 1894 2991 Unde
1911 2949 2092 3004 Augus-
2139 2958 2166 3001 μη·

191 3122 226 3155 et
255 3118 480 3160 anabaptistas
506 3130 630 3160 paucos
664 3130 735 3155 esse
762 3119 986 3162 baptizandos
1007 3124 1103 3162 iuxta
1228 3121 1274 3164 (i)
1302 3121 1477 3156 Nimirum
1511 3120 1570 3156 ubi
1592 3120 1682 3163 fidei
1712 3120 1991 3156 sacramentum
2024 3117 2090 3155 diei
2133 3110 2170 3157 Γ

191 3165 279 3200 illud
295 3177 390 3201 cone.
410 3166 505 3200 Trid.
533 3169 623 3208 (sess.
640 3175 704 3208 vn.
730 3179 805 3203 can.
833 3169 887 3208 45)
917 3181 927 3202 ι
947 3168 994 3203 Si
1016 3170 1101 3211 quis
1187 3174 1337 3212 notatur,
1353 3169 1432 3211 quia
1451 3174 1504 3205 est
1519 3169 1686 3212 quoedam
1700 3168 1920 3212 protestatio
1936 3166 2033 3210 fidei.
2131 3163 2158 3214 ᾖ,

191 3214 335 3249 dixeril
360 3215 554 3257 parvum&
580 3215 622 3250 θὸ
651 3216 749 3258 qued
778 3220 902 3251 actum
926 3216 1103 3252 credendi
1226 3219 1270 3262 (2)
1294 3218 1466 3253 Constanti
1493 3217 1650 3252 Ecclesiae
1670 3215 1854 3251 traditione
1878 3215 2090 3252 observatum
2132 3215 2170 3246 ³3³.

191 3272 268 3297 non
295 3261 426 3295 habent
453 3267 619 3304 suscepto
635 3263 836 3306 baptismo,
852 3264 952 3298 inter
974 3264 1102 3306 fideles
1186 3272 1238 3302 est
1262 3271 1301 3302 ut
1319 3267 1453 3308 parvuli
1479 3265 1708 3307 baptizentur,
1735 3264 1825 3306 quod
1841 3266 1935 3306 patet
1955 3275 1994 3298 ex
2017 3262 2107 3298 Clea>
2125 3257 2170 3299 ἦκ’.

193 3310 459 3353 computandos
482 3320 559 3344 non
585 3320 672 3351 esse,
704 3322 746 3346 ac
768 3315 993 3355 propterea,
1019 3313 1101 3346 cem
1185 3320 1292 3350 ment.
1308 3316 1420 3357 (Rom.
1440 3314 1502 3349 lib.
1520 3315 1706 3356 v1)‚const.
1728 3319 1767 3351 (c.
1783 3313 1850 3352 Τό),
1868 3310 2088 3352 01·ig.(Rom.

193 3358 242 3393 ad
257 3369 372 3394 annos
382 3358 620 3393 discretionis
630 3361 965 3402 pervenerint,esse
975 3360 1101 3404 rebap-
1186 3372 1262 3405 vm,
1290 3363 1326 3397 in
1349 3364 1428 3398 Lev.
1460 3361 1569 3403 cm),
1601 3362 1741 3401 August.
1757 3360 1819 3404 (De
1838 3359 1933 3401 bapt.
1955 3358 2016 3393 lib.
2039 3365 2087 3399 lv,
2131 3354 2144 3378 ἴ

193 3406 364 3441 cizandos
381 3432 391 3446 .
414 3409 480 3440 aut
502 3409 685 3448 proestare
709 3409 832 3441 omitti
855 3418 984 3442 eorum
1012 3408 1100 3452 bap·
1187 3424 1217 3447 ο,
1236 3412 1303 3453 24),
1318 3412 1461 3446 Hieron.
1482 3410 1529 3452 (in
1548 3409 1617 3444 fine
1636 3408 1696 3443 lib.
1712 3412 1883 3443 incontra
1899 3405 2087 3448 pelagiano·
2162 3406 2165 3411 ’

192 3454 314 3493 Cinna.
328 3454 437 3497 ‘1³³5‘m
454 3464 527 3494 »⁰⁰³1
543 3464 619 3488 ’ἢθη
634 3458 719 3489 “clu
728 3457 886 3498 PT⁰P⁷¹i⁰
899 3456 1100 3497 credente&
1187 3472 1227 3496 ex
1241 3460 1361 3496 concil.
1379 3458 1521 3496 Milevit.
1537 3469 1611 3493 can.
1621 3457 1667 3499 2),
1684 3456 1783 3492 etsie
1795 3456 1966 3498 deinceps.

192 3501 383 3538 buvlizari
397 3502 440 3538 in
448 3502 530 3537 sela
544 3502 616 3544 fide
632 3502 818 3546 Ecclesioe3
831 3503 1027 3538 anathema
1037 3506 1099 3539 sit.
