<?xml version="1.0" encoding="UTF-8"?>
<!DOCTYPE html PUBLIC "-//W3C//DTD XHTML 1.0 Transitional//EN"
    "http://www.w3.org/TR/xhtml1/DTD/xhtml1-transitional.dtd">
<html xmlns="http://www.w3.org/1999/xhtml" xml:lang="en" lang="en">
 <head>
  <title>
</title>
<meta http-equiv="Content-Type" content="text/html;charset=utf-8" />
  <meta name='ocr-system' content='tesseract 3.04.00' />
  <meta name='ocr-capabilities' content='ocr_page ocr_carea ocr_par ocr_line ocrx_word'/>
</head>
<body>
  <div class='ocr_page' id='page_1' title='image "./summatheologica06thomuoft_0176.png"; bbox 0 0 2170 3808; ppageno 0'>
   <div class='ocr_carea' id='block_1_1' title="bbox 163 363 1397 417">
    <p class='ocr_par' dir='ltr' id='par_1_1' title="bbox 163 363 1397 417">
     <span class='ocr_line' id='line_1_1' title="bbox 163 363 1397 417; baseline -0.004 -5"><span class='ocrx_word' id='word_1_1' title='bbox 163 368 247 412; x_wconf 79' lang='lat'>140</span> <span class='ocrx_word' id='word_1_2' title='bbox 833 364 1033 416; x_wconf 81' lang='lat' dir='ltr'>QuAEsr.</span> <span class='ocrx_word' id='word_1_3' title='bbox 1063 364 1149 417; x_wconf 85' lang='lat' dir='ltr'>xv,</span> <span class='ocrx_word' id='word_1_4' title='bbox 1180 364 1299 406; x_wconf 84' lang='lat' dir='ltr'>ART.</span> <span class='ocrx_word' id='word_1_5' title='bbox 1329 363 1397 407; x_wconf 89' lang='lat' dir='ltr'>v1.</span> 
     </span>
    </p>
   </div>
   <div class='ocr_carea' id='block_1_2' title="bbox 165 443 2068 1426">
    <p class='ocr_par' dir='ltr' id='par_1_2' title="bbox 165 443 2068 1426">
     <span class='ocr_line' id='line_1_2' title="bbox 166 443 2066 502; baseline -0.003 -10"><span class='ocrx_word' id='word_1_6' title='bbox 166 446 336 493; x_wconf 82' lang='lat' dir='ltr'>divinae</span> <span class='ocrx_word' id='word_1_7' title='bbox 351 444 758 502; x_wconf 82' lang='lat' dir='ltr'>contemplationis</span> <span class='ocrx_word' id='word_1_8' title='bbox 776 444 841 489; x_wconf 88' lang='lat' dir='ltr'>ita</span> <span class='ocrx_word' id='word_1_9' title='bbox 858 458 942 501; x_wconf 90' lang='lat' dir='ltr'>per</span> <span class='ocrx_word' id='word_1_10' title='bbox 960 445 1354 501; x_wconf 81' lang='lat' dir='ltr'>dispensationem</span> <span class='ocrx_word' id='word_1_11' title='bbox 1378 444 1547 490; x_wconf 85' lang='lat' dir='ltr'>divinae</span> <span class='ocrx_word' id='word_1_12' title='bbox 1566 445 1754 490; x_wconf 86' lang='lat' dir='ltr'>virtutis</span> <span class='ocrx_word' id='word_1_13' title='bbox 1770 443 2066 491; x_wconf 78' lang='lat' dir='ltr'>retinebatur</span> 
     </span>
     <span class='ocr_line' id='line_1_3' title="bbox 167 506 2066 564; baseline -0.002 -11"><span class='ocrx_word' id='word_1_14' title='bbox 167 508 215 553; x_wconf 89' lang='lat' dir='ltr'>in</span> <span class='ocrx_word' id='word_1_15' title='bbox 236 512 393 552; x_wconf 90' lang='lat' dir='ltr'>mente</span> <span class='ocrx_word' id='word_1_16' title='bbox 421 507 610 564; x_wconf 75' lang='lat' dir='ltr'>Christi,</span> <span class='ocrx_word' id='word_1_17' title='bbox 640 506 763 564; x_wconf 81' lang='lat' dir='ltr'>quod</span> <span class='ocrx_word' id='word_1_18' title='bbox 793 519 888 552; x_wconf 89' lang='lat' dir='ltr'>non</span> <span class='ocrx_word' id='word_1_19' title='bbox 919 506 1216 552; x_wconf 83' lang='lat' dir='ltr'>derivabatur</span> <span class='ocrx_word' id='word_1_20' title='bbox 1239 506 1299 551; x_wconf 90' lang='lat' dir='ltr'>ad</span> <span class='ocrx_word' id='word_1_21' title='bbox 1330 506 1454 550; x_wconf 87' lang='lat' dir='ltr'>vires</span> <span class='ocrx_word' id='word_1_22' title='bbox 1487 507 1764 564; x_wconf 87' lang='lat' dir='ltr'>sensitivas,</span> <span class='ocrx_word' id='word_1_23' title='bbox 1794 511 1848 551; x_wconf 90' lang='lat' dir='ltr'>ut</span> <span class='ocrx_word' id='word_1_24' title='bbox 1870 519 1955 563; x_wconf 89' lang='lat' dir='ltr'>per</span> <span class='ocrx_word' id='word_1_25' title='bbox 1978 506 2066 550; x_wconf 92' lang='lat' dir='ltr'>hoc</span> 
     </span>
     <span class='ocr_line' id='line_1_4' title="bbox 165 566 2066 624; baseline -0.001 -10"><span class='ocrx_word' id='word_1_26' title='bbox 165 569 299 614; x_wconf 90' lang='lat' dir='ltr'>dolor</span> <span class='ocrx_word' id='word_1_27' title='bbox 327 568 562 613; x_wconf 90' lang='lat' dir='ltr'>sensibilis</span> <span class='ocrx_word' id='word_1_28' title='bbox 583 568 922 613; x_wconf 81' lang='lat' dir='ltr'>excluderetur.</span> <span class='ocrx_word' id='word_1_29' title='bbox 947 568 1071 611; x_wconf 89' lang='lat' dir='ltr'>Sicut</span> <span class='ocrx_word' id='word_1_30' title='bbox 1101 572 1255 612; x_wconf 88' lang='lat' dir='ltr'>autem</span> <span class='ocrx_word' id='word_1_31' title='bbox 1280 566 1412 612; x_wconf 87' lang='lat' dir='ltr'>dolor</span> <span class='ocrx_word' id='word_1_32' title='bbox 1434 567 1669 612; x_wconf 84' lang='lat' dir='ltr'>sensibilis</span> <span class='ocrx_word' id='word_1_33' title='bbox 1692 567 1829 613; x_wconf 88' lang='lat' dir='ltr'>estin</span> <span class='ocrx_word' id='word_1_34' title='bbox 1857 567 2066 624; x_wconf 86' lang='lat' dir='ltr'>appetitu</span> 
     </span>
     <span class='ocr_line' id='line_1_5' title="bbox 167 629 2064 685; baseline -0.001 -10"><span class='ocrx_word' id='word_1_35' title='bbox 167 631 409 685; x_wconf 86' lang='lat' dir='ltr'>sensitivo,</span> <span class='ocrx_word' id='word_1_36' title='bbox 428 631 491 674; x_wconf 88' lang='lat' dir='ltr'>ita</span> <span class='ocrx_word' id='word_1_37' title='bbox 511 637 556 675; x_wconf 86' lang='lat' dir='ltr'>et</span> <span class='ocrx_word' id='word_1_38' title='bbox 575 631 774 675; x_wconf 78' lang='lat' dir='ltr'>tristitia.</span> <span class='ocrx_word' id='word_1_39' title='bbox 795 630 879 675; x_wconf 89' lang='lat' dir='ltr'>Sed</span> <span class='ocrx_word' id='word_1_40' title='bbox 896 637 967 675; x_wconf 85' lang='lat' dir='ltr'>est</span> <span class='ocrx_word' id='word_1_41' title='bbox 983 629 1240 674; x_wconf 83' lang='lat' dir='ltr'>differentia</span> <span class='ocrx_word' id='word_1_42' title='bbox 1259 629 1517 674; x_wconf 79' lang='lat' dir='ltr'>secundum</span> <span class='ocrx_word' id='word_1_43' title='bbox 1537 630 1765 674; x_wconf 86' lang='lat' dir='ltr'>motivum</span> <span class='ocrx_word' id='word_1_44' title='bbox 1787 630 1887 674; x_wconf 88' lang='lat' dir='ltr'>sive</span> <span class='ocrx_word' id='word_1_45' title='bbox 1910 629 2064 684; x_wconf 86' lang='lat' dir='ltr'>objec-</span> 
     </span>
     <span class='ocr_line' id='line_1_6' title="bbox 167 690 2062 749; baseline -0.002 -13"><span class='ocrx_word' id='word_1_46' title='bbox 167 697 268 737; x_wconf 90' lang='lat' dir='ltr'>tum</span> <span class='ocrx_word' id='word_1_47' title='bbox 291 706 302 736; x_wconf 89' lang='lat'>:</span> <span class='ocrx_word' id='word_1_48' title='bbox 330 705 437 736; x_wconf 85' lang='lat' dir='ltr'>nam</span> <span class='ocrx_word' id='word_1_49' title='bbox 460 693 694 749; x_wconf 79' lang='lat' dir='ltr'>obJectnm</span> <span class='ocrx_word' id='word_1_50' title='bbox 721 698 767 736; x_wconf 87' lang='lat' dir='ltr'>et</span> <span class='ocrx_word' id='word_1_51' title='bbox 794 691 1025 736; x_wconf 87' lang='lat' dir='ltr'>motivum</span> <span class='ocrx_word' id='word_1_52' title='bbox 1049 690 1223 735; x_wconf 89' lang='lat' dir='ltr'>doloris</span> <span class='ocrx_word' id='word_1_53' title='bbox 1243 695 1314 735; x_wconf 90' lang='lat' dir='ltr'>est</span> <span class='ocrx_word' id='word_1_54' title='bbox 1335 690 1464 735; x_wconf 85' lang='lat' dir='ltr'>laesio</span> <span class='ocrx_word' id='word_1_55' title='bbox 1493 702 1637 736; x_wconf 89' lang='lat' dir='ltr'>sensu</span> <span class='ocrx_word' id='word_1_56' title='bbox 1661 695 1812 735; x_wconf 77' lang='lat' dir='ltr'>tactus</span> <span class='ocrx_word' id='word_1_57' title='bbox 1831 697 2062 747; x_wconf 82' lang='lat' dir='ltr'>percepta,</span> 
     </span>
     <span class='ocr_line' id='line_1_7' title="bbox 169 751 2064 811; baseline -0.002 -12"><span class='ocrx_word' id='word_1_58' title='bbox 169 753 291 799; x_wconf 82' lang='lat' dir='ltr'>sicut</span> <span class='ocrx_word' id='word_1_59' title='bbox 313 758 422 799; x_wconf 82' lang='lat' dir='ltr'>cum</span> <span class='ocrx_word' id='word_1_60' title='bbox 444 754 613 811; x_wconf 89' lang='lat' dir='ltr'>aliquis</span> <span class='ocrx_word' id='word_1_61' title='bbox 636 753 909 798; x_wconf 79' lang='lat' dir='ltr'>vulneratur</span> <span class='ocrx_word' id='word_1_62' title='bbox 930 767 941 794; x_wconf 74' lang='grc' dir='ltr'>ε</span> <span class='ocrx_word' id='word_1_63' title='bbox 965 751 1202 809; x_wconf 77' lang='lat' dir='ltr'>obJectum</span> <span class='ocrx_word' id='word_1_64' title='bbox 1229 757 1384 797; x_wconf 88' lang='lat' dir='ltr'>autem</span> <span class='ocrx_word' id='word_1_65' title='bbox 1401 785 1414 808; x_wconf 89' lang='lat'>,</span> <span class='ocrx_word' id='word_1_66' title='bbox 1449 757 1496 797; x_wconf 89' lang='lat' dir='ltr'>et</span> <span class='ocrx_word' id='word_1_67' title='bbox 1522 753 1748 798; x_wconf 82' lang='lat' dir='ltr'>motivum</span> <span class='ocrx_word' id='word_1_68' title='bbox 1773 752 1972 796; x_wconf 84' lang='lat' dir='ltr'>tristitiae</span> <span class='ocrx_word' id='word_1_69' title='bbox 1995 756 2064 796; x_wconf 84' lang='lat' dir='ltr'>est</span> 
     </span>
     <span class='ocr_line' id='line_1_8' title="bbox 170 812 2065 872; baseline -0.002 -12"><span class='ocrx_word' id='word_1_70' title='bbox 170 816 410 872; x_wconf 85' lang='lat' dir='ltr'>nocivum,</span> <span class='ocrx_word' id='word_1_71' title='bbox 437 828 522 859; x_wconf 92' lang='lat' dir='ltr'>seu</span> <span class='ocrx_word' id='word_1_72' title='bbox 549 814 724 859; x_wconf 89' lang='lat' dir='ltr'>malum</span> <span class='ocrx_word' id='word_1_73' title='bbox 756 813 951 858; x_wconf 80' lang='lat' dir='ltr'>interius</span> <span class='ocrx_word' id='word_1_74' title='bbox 970 814 1315 871; x_wconf 85' lang='lat' dir='ltr'>apprehensum</span> <span class='ocrx_word' id='word_1_75' title='bbox 1341 812 1440 858; x_wconf 88' lang='lat' dir='ltr'>sive</span> <span class='ocrx_word' id='word_1_76' title='bbox 1462 826 1546 871; x_wconf 91' lang='lat' dir='ltr'>per</span> <span class='ocrx_word' id='word_1_77' title='bbox 1575 814 1818 871; x_wconf 87' lang='lat' dir='ltr'>rationem,</span> <span class='ocrx_word' id='word_1_78' title='bbox 1853 814 1953 858; x_wconf 84' lang='lat' dir='ltr'>sive</span> <span class='ocrx_word' id='word_1_79' title='bbox 1981 824 2065 870; x_wconf 89' lang='lat' dir='ltr'>per</span> 
     </span>
     <span class='ocr_line' id='line_1_9' title="bbox 169 874 2062 933; baseline -0.002 -11"><span class='ocrx_word' id='word_1_80' title='bbox 169 877 572 933; x_wconf 82' lang='lat' dir='ltr'>imaginationem,</span> <span class='ocrx_word' id='word_1_81' title='bbox 595 876 714 920; x_wconf 90' lang='lat' dir='ltr'>utin</span> <span class='ocrx_word' id='word_1_82' title='bbox 736 876 943 921; x_wconf 85' lang='lat' dir='ltr'>secunda</span> <span class='ocrx_word' id='word_1_83' title='bbox 966 881 1096 932; x_wconf 89' lang='lat' dir='ltr'>parte</span> <span class='ocrx_word' id='word_1_84' title='bbox 1117 874 1324 920; x_wconf 88' lang='lat' dir='ltr'>habitum</span> <span class='ocrx_word' id='word_1_85' title='bbox 1342 880 1416 920; x_wconf 89' lang='lat' dir='ltr'>est</span> <span class='ocrx_word' id='word_1_86' title='bbox 1427 876 1463 931; x_wconf 88' lang='lat'>(1</span> <span class='ocrx_word' id='word_1_87' title='bbox 1487 878 1532 932; x_wconf 67' lang='grc' dir='ltr'>Ξ,</span> <span class='ocrx_word' id='word_1_88' title='bbox 1551 881 1718 932; x_wconf 88' lang='lat' dir='ltr'>quaest.</span> <span class='ocrx_word' id='word_1_89' title='bbox 1733 889 1880 931; x_wconf 81' lang='lat' dir='ltr'>xxxin,</span> <span class='ocrx_word' id='word_1_90' title='bbox 1897 878 1984 919; x_wconf 88' lang='lat' dir='ltr'>art.</span> <span class='ocrx_word' id='word_1_91' title='bbox 2002 875 2062 930; x_wconf 77' lang='lat'>2),</span> 
     </span>
     <span class='ocr_line' id='line_1_10' title="bbox 167 937 2067 995; baseline -0.002 -11"><span class='ocrx_word' id='word_1_92' title='bbox 167 939 291 984; x_wconf 86' lang='lat' dir='ltr'>sicut</span> <span class='ocrx_word' id='word_1_93' title='bbox 313 940 419 984; x_wconf 78' lang='lat' dir='ltr'>cum</span> <span class='ocrx_word' id='word_1_94' title='bbox 440 938 609 995; x_wconf 86' lang='lat' dir='ltr'>aliquis</span> <span class='ocrx_word' id='word_1_95' title='bbox 632 938 843 983; x_wconf 81' lang='lat' dir='ltr'>tristatur</span> <span class='ocrx_word' id='word_1_96' title='bbox 866 938 924 983; x_wconf 92' lang='lat' dir='ltr'>de</span> <span class='ocrx_word' id='word_1_97' title='bbox 946 938 1197 982; x_wconf 91' lang='lat' dir='ltr'>amissione</span> <span class='ocrx_word' id='word_1_98' title='bbox 1217 938 1380 994; x_wconf 85' lang='lat' dir='ltr'>gratiae</span> <span class='ocrx_word' id='word_1_99' title='bbox 1399 937 1473 983; x_wconf 86' lang='lat' dir='ltr'>vel</span> <span class='ocrx_word' id='word_1_100' title='bbox 1495 938 1719 994; x_wconf 68' lang='lat' dir='ltr'>pecuniae.</span> <span class='ocrx_word' id='word_1_101' title='bbox 1742 938 1894 982; x_wconf 89' lang='lat' dir='ltr'>Potuit</span> <span class='ocrx_word' id='word_1_102' title='bbox 1909 941 2067 981; x_wconf 87' lang='lat' dir='ltr'>autem</span> 
     </span>
     <span class='ocr_line' id='line_1_11' title="bbox 167 998 2068 1056; baseline -0.001 -12"><span class='ocrx_word' id='word_1_103' title='bbox 167 1001 324 1044; x_wconf 89' lang='lat' dir='ltr'>anima</span> <span class='ocrx_word' id='word_1_104' title='bbox 345 1000 510 1045; x_wconf 90' lang='lat' dir='ltr'>Christi</span> <span class='ocrx_word' id='word_1_105' title='bbox 533 1000 727 1045; x_wconf 79' lang='lat' dir='ltr'>interius</span> <span class='ocrx_word' id='word_1_106' title='bbox 753 999 1102 1056; x_wconf 87' lang='lat' dir='ltr'>apprehendere</span> <span class='ocrx_word' id='word_1_107' title='bbox 1135 998 1310 1056; x_wconf 91' lang='lat' dir='ltr'>aliquid</span> <span class='ocrx_word' id='word_1_108' title='bbox 1337 1003 1391 1044; x_wconf 91' lang='lat' dir='ltr'>ut</span> <span class='ocrx_word' id='word_1_109' title='bbox 1424 999 1643 1044; x_wconf 85' lang='lat' dir='ltr'>nocivum</span> <span class='ocrx_word' id='word_1_110' title='bbox 1671 1004 1718 1044; x_wconf 87' lang='lat' dir='ltr'>et</span> <span class='ocrx_word' id='word_1_111' title='bbox 1746 998 1976 1056; x_wconf 77' lang='lat' dir='ltr'>quantum</span> <span class='ocrx_word' id='word_1_112' title='bbox 2006 998 2068 1043; x_wconf 81' lang='lat' dir='ltr'>ad</span> 
     </span>
     <span class='ocr_line' id='line_1_12' title="bbox 171 1059 2067 1119; baseline -0.002 -12"><span class='ocrx_word' id='word_1_113' title='bbox 171 1074 238 1119; x_wconf 89' lang='lat' dir='ltr'>se,</span> <span class='ocrx_word' id='word_1_114' title='bbox 266 1062 389 1106; x_wconf 90' lang='lat' dir='ltr'>sicut</span> <span class='ocrx_word' id='word_1_115' title='bbox 417 1062 574 1119; x_wconf 84' lang='lat' dir='ltr'>passio</span> <span class='ocrx_word' id='word_1_116' title='bbox 596 1065 644 1106; x_wconf 89' lang='lat' dir='ltr'>et</span> <span class='ocrx_word' id='word_1_117' title='bbox 676 1073 803 1105; x_wconf 90' lang='lat' dir='ltr'>mors</span> <span class='ocrx_word' id='word_1_118' title='bbox 829 1061 933 1117; x_wconf 90' lang='lat' dir='ltr'>ejus</span> <span class='ocrx_word' id='word_1_119' title='bbox 963 1060 1073 1116; x_wconf 89' lang='lat' dir='ltr'>fuit,</span> <span class='ocrx_word' id='word_1_120' title='bbox 1096 1066 1144 1105; x_wconf 90' lang='lat' dir='ltr'>et</span> <span class='ocrx_word' id='word_1_121' title='bbox 1165 1063 1395 1117; x_wconf 80' lang='lat' dir='ltr'>quantum</span> <span class='ocrx_word' id='word_1_122' title='bbox 1425 1059 1484 1105; x_wconf 81' lang='lat' dir='ltr'>ad</span> <span class='ocrx_word' id='word_1_123' title='bbox 1513 1059 1645 1116; x_wconf 89' lang='lat' dir='ltr'>alios,</span> <span class='ocrx_word' id='word_1_124' title='bbox 1678 1060 1801 1104; x_wconf 89' lang='lat' dir='ltr'>sicut</span> <span class='ocrx_word' id='word_1_125' title='bbox 1821 1063 2067 1117; x_wconf 89' lang='lat' dir='ltr'>peccatum</span> 
     </span>
     <span class='ocr_line' id='line_1_13' title="bbox 169 1121 2065 1180; baseline -0.002 -12"><span class='ocrx_word' id='word_1_126' title='bbox 169 1123 522 1180; x_wconf 86' lang='lat' dir='ltr'>discipulorum,</span> <span class='ocrx_word' id='word_1_127' title='bbox 554 1123 629 1168; x_wconf 85' lang='lat' dir='ltr'>vel</span> <span class='ocrx_word' id='word_1_128' title='bbox 647 1123 788 1168; x_wconf 90' lang='lat' dir='ltr'>etiam</span> <span class='ocrx_word' id='word_1_129' title='bbox 820 1122 1086 1167; x_wconf 86' lang='lat' dir='ltr'>Judaeorum</span> <span class='ocrx_word' id='word_1_130' title='bbox 1118 1122 1428 1168; x_wconf 89' lang='lat' dir='ltr'>occidentium</span> <span class='ocrx_word' id='word_1_131' title='bbox 1461 1121 1631 1180; x_wconf 90' lang='lat' dir='ltr'>ipsum.</span> <span class='ocrx_word' id='word_1_132' title='bbox 1665 1124 1719 1166; x_wconf 90' lang='lat' dir='ltr'>Et</span> <span class='ocrx_word' id='word_1_133' title='bbox 1744 1122 1847 1167; x_wconf 89' lang='lat' dir='ltr'>ideo</span> <span class='ocrx_word' id='word_1_134' title='bbox 1872 1122 1997 1166; x_wconf 88' lang='lat' dir='ltr'>sicut</span> <span class='ocrx_word' id='word_1_135' title='bbox 2016 1121 2065 1165; x_wconf 90' lang='lat' dir='ltr'>in</span> 
     </span>
     <span class='ocr_line' id='line_1_14' title="bbox 171 1183 2067 1242; baseline -0.002 -12"><span class='ocrx_word' id='word_1_136' title='bbox 171 1185 351 1230; x_wconf 83' lang='lat' dir='ltr'>Christo</span> <span class='ocrx_word' id='word_1_137' title='bbox 376 1186 521 1242; x_wconf 81' lang='lat' dir='ltr'>potuit</span> <span class='ocrx_word' id='word_1_138' title='bbox 536 1198 641 1231; x_wconf 90' lang='lat' dir='ltr'>esse</span> <span class='ocrx_word' id='word_1_139' title='bbox 659 1197 802 1231; x_wconf 87' lang='lat' dir='ltr'>verus</span> <span class='ocrx_word' id='word_1_140' title='bbox 824 1185 974 1240; x_wconf 90' lang='lat' dir='ltr'>dolor,</span> <span class='ocrx_word' id='word_1_141' title='bbox 993 1185 1058 1229; x_wconf 89' lang='lat' dir='ltr'>ita</span> <span class='ocrx_word' id='word_1_142' title='bbox 1080 1184 1232 1241; x_wconf 90' lang='lat' dir='ltr'>potuit</span> <span class='ocrx_word' id='word_1_143' title='bbox 1250 1184 1296 1229; x_wconf 92' lang='lat' dir='ltr'>in</span> <span class='ocrx_word' id='word_1_144' title='bbox 1318 1196 1374 1229; x_wconf 91' lang='lat' dir='ltr'>eo</span> <span class='ocrx_word' id='word_1_145' title='bbox 1396 1196 1501 1229; x_wconf 90' lang='lat' dir='ltr'>esse</span> <span class='ocrx_word' id='word_1_146' title='bbox 1522 1196 1632 1229; x_wconf 87' lang='lat' dir='ltr'>vera</span> <span class='ocrx_word' id='word_1_147' title='bbox 1650 1184 1861 1240; x_wconf 77' lang='lat' dir='ltr'>tristitia3</span> <span class='ocrx_word' id='word_1_148' title='bbox 1888 1183 1979 1228; x_wconf 89' lang='lat' dir='ltr'>alio</span> <span class='ocrx_word' id='word_1_149' title='bbox 2000 1187 2067 1228; x_wconf 89' lang='lat' dir='ltr'>ta-</span> 
     </span>
     <span class='ocr_line' id='line_1_15' title="bbox 170 1246 2067 1304; baseline -0.001 -13"><span class='ocrx_word' id='word_1_150' title='bbox 170 1258 277 1291; x_wconf 87' lang='lat' dir='ltr'>men</span> <span class='ocrx_word' id='word_1_151' title='bbox 303 1248 443 1292; x_wconf 92' lang='lat' dir='ltr'>modo</span> <span class='ocrx_word' id='word_1_152' title='bbox 472 1249 615 1304; x_wconf 79' lang='lat' dir='ltr'>quam</span> <span class='ocrx_word' id='word_1_153' title='bbox 643 1248 691 1293; x_wconf 91' lang='lat' dir='ltr'>in</span> <span class='ocrx_word' id='word_1_154' title='bbox 718 1247 870 1304; x_wconf 88' lang='lat' dir='ltr'>nobis,</span> <span class='ocrx_word' id='word_1_155' title='bbox 905 1247 1163 1292; x_wconf 84' lang='lat' dir='ltr'>secundum</span> <span class='ocrx_word' id='word_1_156' title='bbox 1190 1247 1268 1291; x_wconf 91' lang='lat' dir='ltr'>illa</span> <span class='ocrx_word' id='word_1_157' title='bbox 1292 1246 1380 1291; x_wconf 84' lang='lat' dir='ltr'>tria</span> <span class='ocrx_word' id='word_1_158' title='bbox 1406 1259 1510 1303; x_wconf 85' lang='lat' dir='ltr'>quae</span> <span class='ocrx_word' id='word_1_159' title='bbox 1532 1259 1675 1303; x_wconf 85' lang='lat' dir='ltr'>supra</span> <span class='ocrx_word' id='word_1_160' title='bbox 1693 1247 1932 1302; x_wconf 86' lang='lat' dir='ltr'>assignata</span> <span class='ocrx_word' id='word_1_161' title='bbox 1954 1249 2067 1291; x_wconf 91' lang='lat' dir='ltr'>sunt</span> 
     </span>
     <span class='ocr_line' id='line_1_16' title="bbox 170 1307 2066 1367; baseline -0.001 -15"><span class='ocrx_word' id='word_1_162' title='bbox 170 1310 273 1363; x_wconf 88' lang='lat' dir='ltr'>(art.</span> <span class='ocrx_word' id='word_1_163' title='bbox 297 1314 324 1354; x_wconf 77' lang='lat'>4</span> <span class='ocrx_word' id='word_1_164' title='bbox 351 1310 449 1366; x_wconf 84' lang='lat' dir='ltr'>huj.</span> <span class='ocrx_word' id='word_1_165' title='bbox 474 1314 660 1367; x_wconf 85' lang='lat' dir='ltr'>quaest.)</span> <span class='ocrx_word' id='word_1_166' title='bbox 680 1313 788 1355; x_wconf 81' lang='lat' dir='ltr'>cum</span> <span class='ocrx_word' id='word_1_167' title='bbox 807 1309 1118 1354; x_wconf 89' lang='lat' dir='ltr'>communiter</span> <span class='ocrx_word' id='word_1_168' title='bbox 1135 1310 1193 1354; x_wconf 91' lang='lat' dir='ltr'>de</span> <span class='ocrx_word' id='word_1_169' title='bbox 1215 1309 1516 1366; x_wconf 86' lang='lat' dir='ltr'>passionibus</span> <span class='ocrx_word' id='word_1_170' title='bbox 1538 1309 1707 1353; x_wconf 82' lang='lat' dir='ltr'>animae</span> <span class='ocrx_word' id='word_1_171' title='bbox 1724 1307 1889 1353; x_wconf 86' lang='lat' dir='ltr'>Christi</span> <span class='ocrx_word' id='word_1_172' title='bbox 1906 1307 2066 1364; x_wconf 89' lang='lat' dir='ltr'>loque-</span> 
     </span>
     <span class='ocr_line' id='line_1_17' title="bbox 167 1374 427 1426; baseline 0.004 -12"><span class='ocrx_word' id='word_1_173' title='bbox 167 1382 328 1415; x_wconf 85' lang='lat' dir='ltr'>remur</span> <span class='ocrx_word' id='word_1_174' title='bbox 349 1374 427 1426; x_wconf 74' lang='lat'>(1).</span> 
     </span>
    </p>
   </div>
   <div class='ocr_carea' id='block_1_3' title="bbox 222 1431 2134 1493">
    <p class='ocr_par' dir='ltr' id='par_1_3' title="bbox 222 1431 2134 1493">
     <span class='ocr_line' id='line_1_18' title="bbox 222 1431 2134 1493; baseline -0.001 -16"><span class='ocrx_word' id='word_1_175' title='bbox 222 1433 291 1479; x_wconf 87' lang='lat' dir='ltr'>Ad</span> <span class='ocrx_word' id='word_1_176' title='bbox 309 1438 509 1491; x_wconf 80' lang='lat' dir='ltr'>primum</span> <span class='ocrx_word' id='word_1_177' title='bbox 538 1445 652 1489; x_wconf 87' lang='lat' dir='ltr'>ergo</span> <span class='ocrx_word' id='word_1_178' title='bbox 673 1433 924 1479; x_wconf 89' lang='lat' dir='ltr'>dicendum</span> <span class='ocrx_word' id='word_1_179' title='bbox 939 1432 1099 1493; x_wconf 77' lang='lat' dir='ltr'>,quod</span> <span class='ocrx_word' id='word_1_180' title='bbox 1133 1433 1320 1478; x_wconf 87' lang='lat' dir='ltr'>tristitia</span> <span class='ocrx_word' id='word_1_181' title='bbox 1343 1436 1609 1478; x_wconf 88' lang='lat' dir='ltr'>removetur</span> <span class='ocrx_word' id='word_1_182' title='bbox 1639 1445 1668 1476; x_wconf 85' lang='lat' dir='ltr'>a</span> <span class='ocrx_word' id='word_1_183' title='bbox 1698 1431 1878 1477; x_wconf 91' lang='lat' dir='ltr'>Ch1isto</span> <span class='ocrx_word' id='word_1_184' title='bbox 1903 1443 2067 1477; x_wconf 88' lang='lat' dir='ltr'>secun·</span> <span class='ocrx_word' id='word_1_185' title='bbox 2125 1443 2134 1459; x_wconf 86' lang='lat'><strong>·</strong></span> 
     </span>
    </p>
   </div>
   <div class='ocr_carea' id='block_1_4' title="bbox 168 1492 2072 3474">
    <p class='ocr_par' dir='ltr' id='par_1_4' title="bbox 168 1492 2066 1735">
     <span class='ocr_line' id='line_1_19' title="bbox 168 1492 2066 1553; baseline -0.001 -14"><span class='ocrx_word' id='word_1_186' title='bbox 168 1493 280 1539; x_wconf 80' lang='lat' dir='ltr'>dum</span> <span class='ocrx_word' id='word_1_187' title='bbox 306 1496 572 1552; x_wconf 88' lang='lat' dir='ltr'>passionem</span> <span class='ocrx_word' id='word_1_188' title='bbox 593 1508 674 1553; x_wconf 91' lang='grc' dir='ltr'>ρει</span> <span class='ocrx_word' id='word_1_189' title='bbox 677 1495 875 1540; x_wconf 83' lang='lat' dir='ltr'>sectam:</span> <span class='ocrx_word' id='word_1_190' title='bbox 897 1495 987 1540; x_wconf 88' lang='lat' dir='ltr'>fuit</span> <span class='ocrx_word' id='word_1_191' title='bbox 1008 1500 1162 1540; x_wconf 89' lang='lat' dir='ltr'>tamen</span> <span class='ocrx_word' id='word_1_192' title='bbox 1180 1494 1230 1539; x_wconf 90' lang='lat' dir='ltr'>in</span> <span class='ocrx_word' id='word_1_193' title='bbox 1250 1506 1307 1540; x_wconf 91' lang='lat' dir='ltr'>eo</span> <span class='ocrx_word' id='word_1_194' title='bbox 1329 1495 1507 1539; x_wconf 88' lang='lat' dir='ltr'>initiata</span> <span class='ocrx_word' id='word_1_195' title='bbox 1525 1493 1785 1540; x_wconf 82' lang='grc' dir='ltr'>εεειιιιᾶιιιιι</span> <span class='ocrx_word' id='word_1_196' title='bbox 1803 1492 2066 1551; x_wconf 87' lang='lat' dir='ltr'>propassio·</span> 
     </span>
     <span class='ocr_line' id='line_1_20' title="bbox 169 1557 2063 1628; baseline -0.001 -28"><span class='ocrx_word' id='word_1_197' title='bbox 169 1568 294 1602; x_wconf 89' lang='lat' dir='ltr'>nem.</span> <span class='ocrx_word' id='word_1_198' title='bbox 331 1558 459 1603; x_wconf 85' lang='lat' dir='ltr'>Unde</span> <span class='ocrx_word' id='word_1_199' title='bbox 490 1557 659 1603; x_wconf 85' lang='lat' dir='ltr'>dicitur</span> <span class='ocrx_word' id='word_1_200' title='bbox 682 1558 998 1614; x_wconf 79' lang='lat' dir='ltr'>(Matth.xxV1,</span> <span class='ocrx_word' id='word_1_201' title='bbox 1034 1561 1140 1628; x_wconf 76' lang='lat'>37):</span> <span class='ocrx_word' id='word_1_202' title='bbox 1167 1560 1312 1614; x_wconf 75' lang='lat' dir='ltr'>Coepit</span> <span class='ocrx_word' id='word_1_203' title='bbox 1335 1560 1632 1614; x_wconf 78' lang='lat' dir='ltr'>contristari,</span> <span class='ocrx_word' id='word_1_204' title='bbox 1661 1560 1704 1600; x_wconf 77' lang='lat' dir='ltr'>et</span> <span class='ocrx_word' id='word_1_205' title='bbox 1737 1559 1933 1600; x_wconf 80' lang='lat' dir='ltr'>moestus</span> <span class='ocrx_word' id='word_1_206' title='bbox 1952 1569 2063 1601; x_wconf 85' lang='lat' dir='ltr'>esse.</span> 
     </span>
     <span class='ocr_line' id='line_1_21' title="bbox 173 1618 2066 1676; baseline 0.001 -16"><span class='ocrx_word' id='word_1_207' title='bbox 173 1635 194 1655; x_wconf 72' lang='grc' dir='ltr'>α</span> <span class='ocrx_word' id='word_1_208' title='bbox 219 1618 352 1664; x_wconf 82' lang='lat' dir='ltr'>Aliud</span> <span class='ocrx_word' id='word_1_209' title='bbox 371 1619 496 1664; x_wconf 90' lang='lat' dir='ltr'>enim</span> <span class='ocrx_word' id='word_1_210' title='bbox 520 1623 593 1664; x_wconf 91' lang='lat' dir='ltr'>est</span> <span class='ocrx_word' id='word_1_211' title='bbox 622 1618 900 1675; x_wconf 89' lang='lat' dir='ltr'>contristari,</span> <span class='ocrx_word' id='word_1_212' title='bbox 933 1618 1094 1664; x_wconf 90' lang='lat' dir='ltr'>aliud</span> <span class='ocrx_word' id='word_1_213' title='bbox 1082 1618 1287 1676; x_wconf 79' lang='lat' dir='ltr'>incipere</span> <span class='ocrx_word' id='word_1_214' title='bbox 1308 1618 1584 1676; x_wconf 87' lang='lat' dir='ltr'>contristari,</span> <span class='ocrx_word' id='word_1_215' title='bbox 1617 1637 1639 1658; x_wconf 66' lang='grc' dir='ltr'>ι»</span> <span class='ocrx_word' id='word_1_216' title='bbox 1666 1622 1720 1663; x_wconf 88' lang='grc' dir='ltr'>ιιι</span> <span class='ocrx_word' id='word_1_217' title='bbox 1750 1619 2066 1676; x_wconf 89' lang='lat' dir='ltr'>Hieronymus</span> 
     </span>
     <span class='ocr_line' id='line_1_22' title="bbox 170 1678 574 1735; baseline 0.005 -12"><span class='ocrx_word' id='word_1_218' title='bbox 170 1678 344 1725; x_wconf 90' lang='lat' dir='ltr'>ibidem</span> <span class='ocrx_word' id='word_1_219' title='bbox 368 1681 480 1725; x_wconf 89' lang='lat' dir='ltr'>dicit</span> <span class='ocrx_word' id='word_1_220' title='bbox 497 1682 574 1735; x_wconf 72' lang='lat'>(2).</span> 
     </span>
    </p>

    <p class='ocr_par' dir='ltr' id='par_1_5' title="bbox 170 1741 2072 2919">
     <span class='ocr_line' id='line_1_23' title="bbox 224 1741 2064 1800; baseline -0.001 -13"><span class='ocrx_word' id='word_1_221' title='bbox 224 1743 293 1788; x_wconf 89' lang='lat' dir='ltr'>Ad</span> <span class='ocrx_word' id='word_1_222' title='bbox 324 1745 570 1787; x_wconf 81' lang='lat' dir='ltr'>secundum</span> <span class='ocrx_word' id='word_1_223' title='bbox 590 1742 857 1798; x_wconf 87' lang='lat' dir='ltr'>dicendum,</span> <span class='ocrx_word' id='word_1_224' title='bbox 882 1742 1023 1800; x_wconf 83' lang='lat' dir='ltr'>quod,</span> <span class='ocrx_word' id='word_1_225' title='bbox 1050 1743 1172 1788; x_wconf 88' lang='lat' dir='ltr'>sicut</span> <span class='ocrx_word' id='word_1_226' title='bbox 1200 1743 1490 1800; x_wconf 80' lang='lat' dir='ltr'>Augustinus</span> <span class='ocrx_word' id='word_1_227' title='bbox 1511 1743 1624 1788; x_wconf 88' lang='lat' dir='ltr'>dicit</span> <span class='ocrx_word' id='word_1_228' title='bbox 1645 1745 1724 1796; x_wconf 88' lang='lat' dir='ltr'>(De</span> <span class='ocrx_word' id='word_1_229' title='bbox 1748 1742 1838 1786; x_wconf 84' lang='lat' dir='ltr'>civ.</span> <span class='ocrx_word' id='word_1_230' title='bbox 1862 1741 1958 1796; x_wconf 90' lang='lat' dir='ltr'>Dei,</span> <span class='ocrx_word' id='word_1_231' title='bbox 1985 1741 2064 1786; x_wconf 93' lang='lat' dir='ltr'>lib.</span> 
     </span>
     <span class='ocr_line' id='line_1_24' title="bbox 175 1803 2065 1863; baseline 0 -17"><span class='ocrx_word' id='word_1_232' title='bbox 175 1817 265 1860; x_wconf 85' lang='lat' dir='ltr'>x1v,</span> <span class='ocrx_word' id='word_1_233' title='bbox 291 1817 392 1861; x_wconf 87' lang='lat' dir='ltr'>cap.</span> <span class='ocrx_word' id='word_1_234' title='bbox 418 1807 462 1861; x_wconf 90' lang='lat'>8,</span> <span class='ocrx_word' id='word_1_235' title='bbox 487 1804 534 1848; x_wconf 92' lang='lat' dir='ltr'>in</span> <span class='ocrx_word' id='word_1_236' title='bbox 559 1804 747 1863; x_wconf 89' lang='lat' dir='ltr'>princ.),</span> <span class='ocrx_word' id='word_1_237' title='bbox 774 1817 860 1862; x_wconf 91' lang='lat' dir='ltr'>pro</span> <span class='ocrx_word' id='word_1_238' title='bbox 890 1803 1043 1848; x_wconf 86' lang='lat' dir='ltr'>tribus</span> <span class='ocrx_word' id='word_1_239' title='bbox 1078 1803 1509 1861; x_wconf 87' lang='lat' dir='ltr'>perturbationibus</span> <span class='ocrx_word' id='word_1_240' title='bbox 1526 1837 1539 1861; x_wconf 87' lang='lat'>,</span> <span class='ocrx_word' id='word_1_241' title='bbox 1573 1804 1749 1849; x_wconf 90' lang='lat' dir='ltr'>scilicet</span> <span class='ocrx_word' id='word_1_242' title='bbox 1782 1803 2035 1860; x_wconf 86' lang='lat' dir='ltr'>cupiditate</span> <span class='ocrx_word' id='word_1_243' title='bbox 2050 1834 2065 1860; x_wconf 93' lang='lat'>,</span> 
     </span>
     <span class='ocr_line' id='line_1_25' title="bbox 171 1863 2069 1924; baseline 0 -15"><span class='ocrx_word' id='word_1_244' title='bbox 171 1863 348 1921; x_wconf 77' lang='lat' dir='ltr'>laetitia,</span> <span class='ocrx_word' id='word_1_245' title='bbox 373 1871 419 1911; x_wconf 90' lang='lat' dir='ltr'>et</span> <span class='ocrx_word' id='word_1_246' title='bbox 440 1866 623 1923; x_wconf 90' lang='lat' dir='ltr'>timore,</span> <span class='ocrx_word' id='word_1_247' title='bbox 642 1866 777 1911; x_wconf 90' lang='lat' dir='ltr'>Stoici</span> <span class='ocrx_word' id='word_1_248' title='bbox 794 1871 888 1911; x_wconf 88' lang='lat' dir='ltr'>tres</span> <span class='ocrx_word' id='word_1_249' title='bbox 905 1867 1114 1923; x_wconf 72' lang='grc' dir='ltr'>εὐπαθείας,</span> <span class='ocrx_word' id='word_1_250' title='bbox 1132 1866 1179 1912; x_wconf 92' lang='lat' dir='ltr'>id</span> <span class='ocrx_word' id='word_1_251' title='bbox 1200 1871 1287 1922; x_wconf 89' lang='lat' dir='ltr'>est,</span> <span class='ocrx_word' id='word_1_252' title='bbox 1309 1867 1458 1911; x_wconf 90' lang='lat' dir='ltr'>bonas</span> <span class='ocrx_word' id='word_1_253' title='bbox 1480 1867 1740 1924; x_wconf 71' lang='lat' dir='ltr'>passiones,</span> <span class='ocrx_word' id='word_1_254' title='bbox 1753 1867 1802 1911; x_wconf 91' lang='lat' dir='ltr'>in</span> <span class='ocrx_word' id='word_1_255' title='bbox 1820 1865 1977 1911; x_wconf 89' lang='lat' dir='ltr'>animo</span> <span class='ocrx_word' id='word_1_256' title='bbox 1995 1877 2069 1910; x_wconf 86' lang='lat' dir='ltr'>sa-</span> 
     </span>
     <span class='ocr_line' id='line_1_26' title="bbox 171 1926 2066 1987; baseline 0.001 -18"><span class='ocrx_word' id='word_1_257' title='bbox 171 1926 343 1983; x_wconf 87' lang='lat' dir='ltr'>pientis</span> <span class='ocrx_word' id='word_1_258' title='bbox 359 1932 617 1985; x_wconf 90' lang='lat' dir='ltr'>posuerunt</span> <span class='ocrx_word' id='word_1_259' title='bbox 640 1942 650 1970; x_wconf 91' lang='lat'><strong>:</strong></span> <span class='ocrx_word' id='word_1_260' title='bbox 668 1927 846 1973; x_wconf 89' lang='lat' dir='ltr'>scilicet</span> <span class='ocrx_word' id='word_1_261' title='bbox 864 1940 950 1985; x_wconf 91' lang='lat' dir='ltr'>pro</span> <span class='ocrx_word' id='word_1_262' title='bbox 963 1928 1216 1984; x_wconf 83' lang='lat' dir='ltr'>cupiditate</span> <span class='ocrx_word' id='word_1_263' title='bbox 1233 1928 1536 1987; x_wconf 86' lang='lat' dir='ltr'>voluntatem,</span> <span class='ocrx_word' id='word_1_264' title='bbox 1555 1942 1640 1985; x_wconf 89' lang='lat' dir='ltr'>pro</span> <span class='ocrx_word' id='word_1_265' title='bbox 1659 1927 1816 1973; x_wconf 88' lang='lat' dir='ltr'>laetitia</span> <span class='ocrx_word' id='word_1_266' title='bbox 1829 1926 2066 1985; x_wconf 84' lang='lat' dir='ltr'>gaudium,</span> 
     </span>
     <span class='ocr_line' id='line_1_27' title="bbox 170 1990 2069 2048; baseline 0 -15"><span class='ocrx_word' id='word_1_267' title='bbox 170 2001 257 2045; x_wconf 91' lang='lat' dir='ltr'>pro</span> <span class='ocrx_word' id='word_1_268' title='bbox 285 1996 413 2035; x_wconf 89' lang='lat' dir='ltr'>metu</span> <span class='ocrx_word' id='word_1_269' title='bbox 443 1991 725 2035; x_wconf 87' lang='lat' dir='ltr'>cautionem.</span> <span class='ocrx_word' id='word_1_270' title='bbox 753 1990 839 2035; x_wconf 90' lang='lat' dir='ltr'>Sed</span> <span class='ocrx_word' id='word_1_271' title='bbox 872 2003 957 2048; x_wconf 90' lang='lat' dir='ltr'>pro</span> <span class='ocrx_word' id='word_1_272' title='bbox 986 1990 1169 2035; x_wconf 87' lang='lat' dir='ltr'>tristitia</span> <span class='ocrx_word' id='word_1_273' title='bbox 1197 1996 1493 2048; x_wconf 84' lang='lat' dir='ltr'>negaverunt</span> <span class='ocrx_word' id='word_1_274' title='bbox 1524 1991 1700 2048; x_wconf 88' lang='lat' dir='ltr'>aliquid</span> <span class='ocrx_word' id='word_1_275' title='bbox 1726 2002 1864 2047; x_wconf 89' lang='lat' dir='ltr'>posse</span> <span class='ocrx_word' id='word_1_276' title='bbox 1891 2002 1996 2035; x_wconf 90' lang='lat' dir='ltr'>esse</span> <span class='ocrx_word' id='word_1_277' title='bbox 2021 1990 2069 2033; x_wconf 90' lang='lat' dir='ltr'>in</span> 
     </span>
     <span class='ocr_line' id='line_1_28' title="bbox 172 2051 2067 2110; baseline 0.001 -15"><span class='ocrx_word' id='word_1_278' title='bbox 172 2051 328 2096; x_wconf 90' lang='lat' dir='ltr'>animo</span> <span class='ocrx_word' id='word_1_279' title='bbox 347 2052 601 2109; x_wconf 68' lang='lat' dir='ltr'>sapientis,</span> <span class='ocrx_word' id='word_1_280' title='bbox 624 2053 734 2109; x_wconf 91' lang='lat' dir='ltr'>quia</span> <span class='ocrx_word' id='word_1_281' title='bbox 754 2052 938 2097; x_wconf 87' lang='lat' dir='ltr'>tristitia</span> <span class='ocrx_word' id='word_1_282' title='bbox 958 2052 1016 2098; x_wconf 93' lang='lat' dir='ltr'>de</span> <span class='ocrx_word' id='word_1_283' title='bbox 1035 2052 1159 2096; x_wconf 90' lang='lat' dir='ltr'>malo</span> <span class='ocrx_word' id='word_1_284' title='bbox 1180 2057 1252 2097; x_wconf 92' lang='lat' dir='ltr'>est</span> <span class='ocrx_word' id='word_1_285' title='bbox 1281 2053 1408 2110; x_wconf 90' lang='lat' dir='ltr'>quod</span> <span class='ocrx_word' id='word_1_286' title='bbox 1423 2053 1522 2110; x_wconf 86' lang='lat' dir='ltr'>jam</span> <span class='ocrx_word' id='word_1_287' title='bbox 1543 2052 1712 2098; x_wconf 89' lang='lat' dir='ltr'>accidit</span> <span class='ocrx_word' id='word_1_288' title='bbox 1735 2068 1746 2095; x_wconf 72' lang='grc' dir='ltr'>ε</span> <span class='ocrx_word' id='word_1_289' title='bbox 1776 2052 1958 2096; x_wconf 88' lang='lat' dir='ltr'>nullum</span> <span class='ocrx_word' id='word_1_290' title='bbox 1989 2065 2067 2096; x_wconf 90' lang='lat' dir='ltr'>au-</span> 
     </span>
     <span class='ocr_line' id='line_1_29' title="bbox 173 2114 2069 2171; baseline 0 -13"><span class='ocrx_word' id='word_1_291' title='bbox 173 2118 267 2158; x_wconf 89' lang='lat' dir='ltr'>tem</span> <span class='ocrx_word' id='word_1_292' title='bbox 287 2115 464 2159; x_wconf 87' lang='lat' dir='ltr'>malum</span> <span class='ocrx_word' id='word_1_293' title='bbox 494 2114 758 2159; x_wconf 84' lang='lat' dir='ltr'>existimant</span> <span class='ocrx_word' id='word_1_294' title='bbox 783 2128 921 2171; x_wconf 91' lang='lat' dir='ltr'>posse</span> <span class='ocrx_word' id='word_1_295' title='bbox 954 2115 1164 2159; x_wconf 89' lang='lat' dir='ltr'>accidere</span> <span class='ocrx_word' id='word_1_296' title='bbox 1182 2115 1399 2171; x_wconf 88' lang='lat' dir='ltr'>sapienti.</span> <span class='ocrx_word' id='word_1_297' title='bbox 1423 2118 1477 2159; x_wconf 92' lang='lat' dir='ltr'>Et</span> <span class='ocrx_word' id='word_1_298' title='bbox 1498 2116 1587 2159; x_wconf 92' lang='lat' dir='ltr'>hoc</span> <span class='ocrx_word' id='word_1_299' title='bbox 1614 2114 1720 2160; x_wconf 91' lang='lat' dir='ltr'>ideo</span> <span class='ocrx_word' id='word_1_300' title='bbox 1751 2119 1823 2159; x_wconf 92' lang='lat' dir='ltr'>est</span> <span class='ocrx_word' id='word_1_301' title='bbox 1840 2115 1951 2171; x_wconf 91' lang='lat' dir='ltr'>quia</span> <span class='ocrx_word' id='word_1_302' title='bbox 1974 2127 2069 2159; x_wconf 92' lang='lat' dir='ltr'>non</span> 
     </span>
     <span class='ocr_line' id='line_1_30' title="bbox 173 2176 2067 2234; baseline 0.001 -14"><span class='ocrx_word' id='word_1_303' title='bbox 173 2176 434 2222; x_wconf 69' lang='lat' dir='ltr'>credeban-t</span> <span class='ocrx_word' id='word_1_304' title='bbox 454 2177 628 2234; x_wconf 90' lang='lat' dir='ltr'>aliquid</span> <span class='ocrx_word' id='word_1_305' title='bbox 648 2190 753 2222; x_wconf 90' lang='lat' dir='ltr'>esse</span> <span class='ocrx_word' id='word_1_306' title='bbox 771 2177 966 2233; x_wconf 88' lang='lat' dir='ltr'>bonum,</span> <span class='ocrx_word' id='word_1_307' title='bbox 986 2176 1076 2221; x_wconf 90' lang='lat' dir='ltr'>nisi</span> <span class='ocrx_word' id='word_1_308' title='bbox 1097 2178 1362 2234; x_wconf 88' lang='lat' dir='ltr'>honestum,</span> <span class='ocrx_word' id='word_1_309' title='bbox 1380 2177 1506 2234; x_wconf 92' lang='lat' dir='ltr'>quod</span> <span class='ocrx_word' id='word_1_310' title='bbox 1530 2177 1746 2222; x_wconf 89' lang='lat' dir='ltr'>homines</span> <span class='ocrx_word' id='word_1_311' title='bbox 1763 2177 1914 2222; x_wconf 90' lang='lat' dir='ltr'>bonos</span> <span class='ocrx_word' id='word_1_312' title='bbox 1935 2177 2067 2234; x_wconf 66' lang='lat' dir='ltr'>facit,</span> 
     </span>
     <span class='ocr_line' id='line_1_31' title="bbox 173 2236 2067 2297; baseline 0 -15"><span class='ocrx_word' id='word_1_313' title='bbox 173 2250 263 2283; x_wconf 89' lang='lat' dir='ltr'>nec</span> <span class='ocrx_word' id='word_1_314' title='bbox 280 2239 456 2296; x_wconf 89' lang='lat' dir='ltr'>aliquid</span> <span class='ocrx_word' id='word_1_315' title='bbox 480 2252 584 2284; x_wconf 90' lang='lat' dir='ltr'>esse</span> <span class='ocrx_word' id='word_1_316' title='bbox 612 2239 806 2297; x_wconf 80' lang='lat' dir='ltr'>malum,</span> <span class='ocrx_word' id='word_1_317' title='bbox 830 2239 923 2284; x_wconf 91' lang='lat' dir='ltr'>nisi</span> <span class='ocrx_word' id='word_1_318' title='bbox 948 2240 1273 2296; x_wconf 86' lang='lat' dir='ltr'>inhonestum,</span> <span class='ocrx_word' id='word_1_319' title='bbox 1307 2252 1391 2296; x_wconf 88' lang='lat' dir='ltr'>per</span> <span class='ocrx_word' id='word_1_320' title='bbox 1410 2240 1537 2297; x_wconf 90' lang='lat' dir='ltr'>quod</span> <span class='ocrx_word' id='word_1_321' title='bbox 1562 2240 1776 2285; x_wconf 89' lang='lat' dir='ltr'>homines</span> <span class='ocrx_word' id='word_1_322' title='bbox 1804 2239 1913 2284; x_wconf 91' lang='lat' dir='ltr'>mali</span> <span class='ocrx_word' id='word_1_323' title='bbox 1931 2236 2067 2285; x_wconf 85' lang='lat' dir='ltr'>fiunt.</span> 
     </span>
     <span class='ocr_line' id='line_1_32' title="bbox 175 2301 2070 2360; baseline 0.002 -15"><span class='ocrx_word' id='word_1_324' title='bbox 175 2301 395 2354; x_wconf 84' lang='lat' dir='ltr'>Quamvis</span> <span class='ocrx_word' id='word_1_325' title='bbox 415 2306 572 2346; x_wconf 90' lang='lat' dir='ltr'>autem</span> <span class='ocrx_word' id='word_1_326' title='bbox 593 2301 842 2347; x_wconf 88' lang='lat' dir='ltr'>honestum</span> <span class='ocrx_word' id='word_1_327' title='bbox 868 2302 929 2346; x_wconf 92' lang='lat' dir='ltr'>sit</span> <span class='ocrx_word' id='word_1_328' title='bbox 954 2301 1210 2360; x_wconf 87' lang='lat' dir='ltr'>principale</span> <span class='ocrx_word' id='word_1_329' title='bbox 1236 2301 1443 2346; x_wconf 89' lang='lat' dir='ltr'>hominis</span> <span class='ocrx_word' id='word_1_330' title='bbox 1472 2302 1650 2347; x_wconf 87' lang='lat' dir='ltr'>bonum</span> <span class='ocrx_word' id='word_1_331' title='bbox 1666 2337 1678 2357; x_wconf 91' lang='lat'>,</span> <span class='ocrx_word' id='word_1_332' title='bbox 1703 2306 1749 2348; x_wconf 91' lang='lat' dir='ltr'>et</span> <span class='ocrx_word' id='word_1_333' title='bbox 1772 2301 2070 2348; x_wconf 90' lang='lat' dir='ltr'>inhonestum</span> 
     </span>
     <span class='ocr_line' id='line_1_33' title="bbox 175 2362 2071 2422; baseline 0.001 -15"><span class='ocrx_word' id='word_1_334' title='bbox 175 2362 435 2421; x_wconf 88' lang='lat' dir='ltr'>principale</span> <span class='ocrx_word' id='word_1_335' title='bbox 463 2364 666 2409; x_wconf 89' lang='lat' dir='ltr'>hominis</span> <span class='ocrx_word' id='word_1_336' title='bbox 697 2365 889 2421; x_wconf 90' lang='lat' dir='ltr'>malum,</span> <span class='ocrx_word' id='word_1_337' title='bbox 913 2365 1023 2421; x_wconf 87' lang='lat' dir='ltr'>quia</span> <span class='ocrx_word' id='word_1_338' title='bbox 1052 2365 1152 2408; x_wconf 85' lang='lat' dir='ltr'>haec</span> <span class='ocrx_word' id='word_1_339' title='bbox 1183 2364 1419 2421; x_wconf 88' lang='lat' dir='ltr'>pertinent</span> <span class='ocrx_word' id='word_1_340' title='bbox 1448 2365 1508 2410; x_wconf 88' lang='lat' dir='ltr'>ad</span> <span class='ocrx_word' id='word_1_341' title='bbox 1537 2365 1687 2422; x_wconf 90' lang='lat' dir='ltr'>ipsam</span> <span class='ocrx_word' id='word_1_342' title='bbox 1715 2365 1945 2409; x_wconf 89' lang='lat' dir='ltr'>rationem</span> <span class='ocrx_word' id='word_1_343' title='bbox 1965 2377 2071 2422; x_wconf 87' lang='lat' dir='ltr'>quae</span> 
     </span>
     <span class='ocr_line' id='line_1_34' title="bbox 173 2426 2067 2485; baseline 0.001 -15"><span class='ocrx_word' id='word_1_344' title='bbox 173 2431 244 2470; x_wconf 90' lang='lat' dir='ltr'>est</span> <span class='ocrx_word' id='word_1_345' title='bbox 261 2426 532 2483; x_wconf 87' lang='lat' dir='ltr'>principalis</span> <span class='ocrx_word' id='word_1_346' title='bbox 554 2426 603 2471; x_wconf 90' lang='lat' dir='ltr'>in</span> <span class='ocrx_word' id='word_1_347' title='bbox 623 2426 839 2483; x_wconf 76' lang='lat' dir='ltr'>homine3</span> <span class='ocrx_word' id='word_1_348' title='bbox 859 2432 969 2472; x_wconf 92' lang='lat' dir='ltr'>sunt</span> <span class='ocrx_word' id='word_1_349' title='bbox 986 2431 1141 2471; x_wconf 89' lang='lat' dir='ltr'>tamen</span> <span class='ocrx_word' id='word_1_350' title='bbox 1167 2426 1383 2483; x_wconf 85' lang='lat' dir='ltr'>quaedam</span> <span class='ocrx_word' id='word_1_351' title='bbox 1403 2427 1683 2472; x_wconf 86' lang='lat' dir='ltr'>secundaria</span> <span class='ocrx_word' id='word_1_352' title='bbox 1709 2426 1908 2472; x_wconf 91' lang='lat' dir='ltr'>hominis</span> <span class='ocrx_word' id='word_1_353' title='bbox 1929 2426 2067 2485; x_wconf 89' lang='lat' dir='ltr'>bona,</span> 
     </span>
     <span class='ocr_line' id='line_1_35' title="bbox 173 2489 2067 2547; baseline 0.001 -15"><span class='ocrx_word' id='word_1_354' title='bbox 173 2499 281 2544; x_wconf 89' lang='lat' dir='ltr'>quae</span> <span class='ocrx_word' id='word_1_355' title='bbox 297 2489 530 2545; x_wconf 88' lang='lat' dir='ltr'>pertinent</span> <span class='ocrx_word' id='word_1_356' title='bbox 546 2489 605 2533; x_wconf 88' lang='lat' dir='ltr'>ad</span> <span class='ocrx_word' id='word_1_357' title='bbox 622 2489 778 2545; x_wconf 89' lang='lat' dir='ltr'>ipsum</span> <span class='ocrx_word' id='word_1_358' title='bbox 796 2501 982 2546; x_wconf 89' lang='lat' dir='ltr'>corpus,</span> <span class='ocrx_word' id='word_1_359' title='bbox 1002 2489 1078 2534; x_wconf 88' lang='lat' dir='ltr'>vel</span> <span class='ocrx_word' id='word_1_360' title='bbox 1097 2489 1157 2534; x_wconf 88' lang='lat' dir='ltr'>ad</span> <span class='ocrx_word' id='word_1_361' title='bbox 1173 2489 1426 2535; x_wconf 87' lang='lat' dir='ltr'>exteriores</span> <span class='ocrx_word' id='word_1_362' title='bbox 1443 2502 1518 2535; x_wconf 88' lang='lat' dir='ltr'>res</span> <span class='ocrx_word' id='word_1_363' title='bbox 1536 2489 1717 2547; x_wconf 87' lang='lat' dir='ltr'>corpori</span> <span class='ocrx_word' id='word_1_364' title='bbox 1735 2489 2067 2534; x_wconf 86' lang='lat' dir='ltr'>deservientes.</span> 
     </span>
     <span class='ocr_line' id='line_1_36' title="bbox 174 2550 2072 2609; baseline 0.002 -17"><span class='ocrx_word' id='word_1_365' title='bbox 174 2550 228 2593; x_wconf 89' lang='lat' dir='ltr'>Et</span> <span class='ocrx_word' id='word_1_366' title='bbox 250 2551 512 2596; x_wconf 73' lang='lat' dir='ltr'>secundnm</span> <span class='ocrx_word' id='word_1_367' title='bbox 534 2551 623 2595; x_wconf 92' lang='lat' dir='ltr'>hoc</span> <span class='ocrx_word' id='word_1_368' title='bbox 642 2555 795 2608; x_wconf 87' lang='lat' dir='ltr'>potest</span> <span class='ocrx_word' id='word_1_369' title='bbox 813 2551 862 2595; x_wconf 90' lang='lat' dir='ltr'>in</span> <span class='ocrx_word' id='word_1_370' title='bbox 893 2552 1049 2595; x_wconf 87' lang='lat' dir='ltr'>animo</span> <span class='ocrx_word' id='word_1_371' title='bbox 1077 2550 1306 2607; x_wconf 88' lang='lat' dir='ltr'>sapientis</span> <span class='ocrx_word' id='word_1_372' title='bbox 1325 2564 1429 2597; x_wconf 90' lang='lat' dir='ltr'>esse</span> <span class='ocrx_word' id='word_1_373' title='bbox 1456 2551 1640 2596; x_wconf 88' lang='lat' dir='ltr'>tristitia</span> <span class='ocrx_word' id='word_1_374' title='bbox 1661 2555 1890 2608; x_wconf 84' lang='lat' dir='ltr'>quantum</span> <span class='ocrx_word' id='word_1_375' title='bbox 1912 2551 1973 2597; x_wconf 91' lang='lat' dir='ltr'>ad</span> <span class='ocrx_word' id='word_1_376' title='bbox 1994 2564 2072 2609; x_wconf 90' lang='lat' dir='ltr'>ap-</span> 
     </span>
     <span class='ocr_line' id='line_1_37' title="bbox 174 2612 2069 2672; baseline 0.002 -16"><span class='ocrx_word' id='word_1_377' title='bbox 174 2612 370 2667; x_wconf 86' lang='lat' dir='ltr'>petitum</span> <span class='ocrx_word' id='word_1_378' title='bbox 389 2613 684 2668; x_wconf 88' lang='lat' dir='ltr'>sensitivum,</span> <span class='ocrx_word' id='word_1_379' title='bbox 705 2613 966 2658; x_wconf 80' lang='lat' dir='ltr'>secundum</span> <span class='ocrx_word' id='word_1_380' title='bbox 978 2613 1396 2671; x_wconf 87' lang='lat' dir='ltr'>apprehensionem</span> <span class='ocrx_word' id='word_1_381' title='bbox 1413 2614 1683 2672; x_wconf 75' lang='lat' dir='ltr'>huiusmodi</span> <span class='ocrx_word' id='word_1_382' title='bbox 1701 2613 1954 2669; x_wconf 76' lang='lat' dir='ltr'>malorum3</span> <span class='ocrx_word' id='word_1_383' title='bbox 1976 2626 2069 2659; x_wconf 92' lang='lat' dir='ltr'>non</span> 
     </span>
     <span class='ocr_line' id='line_1_38' title="bbox 175 2674 2070 2731; baseline 0.002 -15"><span class='ocrx_word' id='word_1_384' title='bbox 175 2677 331 2718; x_wconf 85' lang='lat' dir='ltr'>tamen</span> <span class='ocrx_word' id='word_1_385' title='bbox 355 2674 417 2719; x_wconf 87' lang='lat' dir='ltr'>ita</span> <span class='ocrx_word' id='word_1_386' title='bbox 437 2674 563 2731; x_wconf 77' lang='lat' dir='ltr'>quod</span> <span class='ocrx_word' id='word_1_387' title='bbox 581 2675 673 2720; x_wconf 87' lang='lat' dir='ltr'>ista</span> <span class='ocrx_word' id='word_1_388' title='bbox 691 2674 880 2719; x_wconf 87' lang='lat' dir='ltr'>tristitia</span> <span class='ocrx_word' id='word_1_389' title='bbox 902 2675 1144 2731; x_wconf 86' lang='lat' dir='ltr'>perturbet</span> <span class='ocrx_word' id='word_1_390' title='bbox 1173 2674 1419 2720; x_wconf 89' lang='lat' dir='ltr'>rationem.</span> <span class='ocrx_word' id='word_1_391' title='bbox 1450 2678 1504 2720; x_wconf 92' lang='lat' dir='ltr'>Et</span> <span class='ocrx_word' id='word_1_392' title='bbox 1531 2675 1791 2720; x_wconf 78' lang='lat' dir='ltr'>secundum</span> <span class='ocrx_word' id='word_1_393' title='bbox 1817 2675 1906 2720; x_wconf 91' lang='lat' dir='ltr'>hoc</span> <span class='ocrx_word' id='word_1_394' title='bbox 1930 2675 2070 2720; x_wconf 91' lang='lat' dir='ltr'>etiam</span> 
     </span>
     <span class='ocr_line' id='line_1_39' title="bbox 174 2734 2072 2794; baseline 0.002 -15"><span class='ocrx_word' id='word_1_395' title='bbox 174 2734 446 2792; x_wconf 85' lang='lat' dir='ltr'>intelligitur</span> <span class='ocrx_word' id='word_1_396' title='bbox 468 2737 593 2794; x_wconf 79' lang='lat' dir='ltr'>quod</span> <span class='ocrx_word' id='word_1_397' title='bbox 613 2750 707 2781; x_wconf 92' lang='lat' dir='ltr'>non</span> <span class='ocrx_word' id='word_1_398' title='bbox 727 2737 1020 2782; x_wconf 88' lang='lat' dir='ltr'>contristabit</span> <span class='ocrx_word' id='word_1_399' title='bbox 1039 2737 1220 2794; x_wconf 76' lang='lat' dir='ltr'>Justum</span> <span class='ocrx_word' id='word_1_400' title='bbox 1234 2770 1247 2792; x_wconf 94' lang='lat'>,</span> <span class='ocrx_word' id='word_1_401' title='bbox 1266 2737 1494 2794; x_wconf 90' lang='lat' dir='ltr'>quidquid</span> <span class='ocrx_word' id='word_1_402' title='bbox 1517 2737 1559 2783; x_wconf 90' lang='lat' dir='ltr'>ei</span> <span class='ocrx_word' id='word_1_403' title='bbox 1583 2737 1827 2793; x_wconf 76' lang='lat' dir='ltr'>acciderit3</span> <span class='ocrx_word' id='word_1_404' title='bbox 1853 2736 1964 2794; x_wconf 87' lang='lat' dir='ltr'>quia</span> <span class='ocrx_word' id='word_1_405' title='bbox 1985 2737 2072 2783; x_wconf 88' lang='lat' dir='ltr'>sci-</span> 
     </span>
     <span class='ocr_line' id='line_1_40' title="bbox 174 2797 2071 2857; baseline 0.002 -16"><span class='ocrx_word' id='word_1_406' title='bbox 174 2797 282 2843; x_wconf 85' lang='lat' dir='ltr'>licet</span> <span class='ocrx_word' id='word_1_407' title='bbox 304 2812 363 2844; x_wconf 85' lang='lat' dir='ltr'>ex</span> <span class='ocrx_word' id='word_1_408' title='bbox 388 2800 518 2844; x_wconf 89' lang='lat' dir='ltr'>nullo</span> <span class='ocrx_word' id='word_1_409' title='bbox 547 2799 787 2845; x_wconf 89' lang='lat' dir='ltr'>accidente</span> <span class='ocrx_word' id='word_1_410' title='bbox 815 2799 855 2857; x_wconf 89' lang='lat' dir='ltr'>ej</span> <span class='ocrx_word' id='word_1_411' title='bbox 864 2812 919 2845; x_wconf 92' lang='lat' dir='ltr'>us</span> <span class='ocrx_word' id='word_1_412' title='bbox 939 2800 1055 2844; x_wconf 88' lang='lat' dir='ltr'>ratio</span> <span class='ocrx_word' id='word_1_413' title='bbox 1075 2800 1390 2857; x_wconf 82' lang='lat' dir='ltr'>perturbatur.</span> <span class='ocrx_word' id='word_1_414' title='bbox 1412 2803 1465 2845; x_wconf 88' lang='lat' dir='ltr'>Et</span> <span class='ocrx_word' id='word_1_415' title='bbox 1489 2800 1749 2845; x_wconf 76' lang='lat' dir='ltr'>secundum</span> <span class='ocrx_word' id='word_1_416' title='bbox 1775 2800 1863 2844; x_wconf 90' lang='lat' dir='ltr'>hoc</span> <span class='ocrx_word' id='word_1_417' title='bbox 1886 2800 2071 2846; x_wconf 84' lang='lat' dir='ltr'>tristitia</span> 
     </span>
     <span class='ocr_line' id='line_1_41' title="bbox 177 2857 2067 2919; baseline 0.003 -17"><span class='ocrx_word' id='word_1_418' title='bbox 177 2857 267 2904; x_wconf 85' lang='lat' dir='ltr'>fuit</span> <span class='ocrx_word' id='word_1_419' title='bbox 289 2859 337 2904; x_wconf 91' lang='lat' dir='ltr'>in</span> <span class='ocrx_word' id='word_1_420' title='bbox 358 2860 539 2906; x_wconf 91' lang='lat' dir='ltr'>Christo</span> <span class='ocrx_word' id='word_1_421' title='bbox 559 2861 820 2906; x_wconf 82' lang='lat' dir='ltr'>secundum</span> <span class='ocrx_word' id='word_1_422' title='bbox 834 2861 1204 2919; x_wconf 90' lang='lat' dir='ltr'>propassionem,</span> <span class='ocrx_word' id='word_1_423' title='bbox 1223 2874 1318 2906; x_wconf 89' lang='lat' dir='ltr'>non</span> <span class='ocrx_word' id='word_1_424' title='bbox 1339 2866 1493 2906; x_wconf 85' lang='lat' dir='ltr'>autem</span> <span class='ocrx_word' id='word_1_425' title='bbox 1510 2861 1770 2906; x_wconf 84' lang='lat' dir='ltr'>secundum</span> <span class='ocrx_word' id='word_1_426' title='bbox 1786 2860 2067 2918; x_wconf 89' lang='lat' dir='ltr'>passionem.</span> 
     </span>
    </p>

    <p class='ocr_par' dir='ltr' id='par_1_6' title="bbox 174 2921 2071 3229">
     <span class='ocr_line' id='line_1_42' title="bbox 229 2921 2070 2980; baseline 0.002 -15"><span class='ocrx_word' id='word_1_427' title='bbox 229 2921 295 2966; x_wconf 86' lang='lat' dir='ltr'>Ad</span> <span class='ocrx_word' id='word_1_428' title='bbox 315 2925 499 2965; x_wconf 76' lang='lat' dir='ltr'>tertium</span> <span class='ocrx_word' id='word_1_429' title='bbox 516 2922 784 2974; x_wconf 74' lang='lat' dir='ltr'>dicendum,</span> <span class='ocrx_word' id='word_1_430' title='bbox 801 2922 924 2980; x_wconf 78' lang='lat' dir='ltr'>quod</span> <span class='ocrx_word' id='word_1_431' title='bbox 938 2923 1091 2967; x_wconf 90' lang='lat' dir='ltr'>omnis</span> <span class='ocrx_word' id='word_1_432' title='bbox 1111 2922 1296 2967; x_wconf 86' lang='lat' dir='ltr'>tristitia</span> <span class='ocrx_word' id='word_1_433' title='bbox 1314 2926 1385 2967; x_wconf 79' lang='lat' dir='ltr'>est</span> <span class='ocrx_word' id='word_1_434' title='bbox 1403 2922 1579 2967; x_wconf 86' lang='lat' dir='ltr'>malum</span> <span class='ocrx_word' id='word_1_435' title='bbox 1595 2934 1777 2979; x_wconf 80' lang='lat' dir='ltr'>poenae3</span> <span class='ocrx_word' id='word_1_436' title='bbox 1802 2927 2070 2969; x_wconf 80' lang='lat' dir='ltr'>nomautem</span> 
     </span>
     <span class='ocr_line' id='line_1_43' title="bbox 174 2984 2071 3045; baseline 0.002 -18"><span class='ocrx_word' id='word_1_437' title='bbox 174 2986 246 3027; x_wconf 88' lang='lat' dir='ltr'>est</span> <span class='ocrx_word' id='word_1_438' title='bbox 265 2995 450 3041; x_wconf 92' lang='lat' dir='ltr'>semper</span> <span class='ocrx_word' id='word_1_439' title='bbox 468 2984 645 3029; x_wconf 89' lang='lat' dir='ltr'>malum</span> <span class='ocrx_word' id='word_1_440' title='bbox 664 2984 815 3041; x_wconf 87' lang='lat' dir='ltr'>culpae</span> <span class='ocrx_word' id='word_1_441' title='bbox 833 3020 846 3039; x_wconf 87' lang='lat'>,</span> <span class='ocrx_word' id='word_1_442' title='bbox 867 2985 952 3031; x_wconf 91' lang='lat' dir='ltr'>sed</span> <span class='ocrx_word' id='word_1_443' title='bbox 975 2984 1126 3030; x_wconf 79' lang='lat' dir='ltr'>solum</span> <span class='ocrx_word' id='word_1_444' title='bbox 1149 2985 1336 3045; x_wconf 87' lang='lat' dir='ltr'>quando</span> <span class='ocrx_word' id='word_1_445' title='bbox 1358 2996 1414 3029; x_wconf 89' lang='lat' dir='ltr'>ex</span> <span class='ocrx_word' id='word_1_446' title='bbox 1438 2984 1699 3029; x_wconf 88' lang='lat' dir='ltr'>inordinato</span> <span class='ocrx_word' id='word_1_447' title='bbox 1720 2984 1886 3030; x_wconf 87' lang='lat' dir='ltr'>affectu</span> <span class='ocrx_word' id='word_1_448' title='bbox 1906 2997 2071 3042; x_wconf 88' lang='lat' dir='ltr'>proce-</span> 
     </span>
     <span class='ocr_line' id='line_1_44' title="bbox 175 3044 2069 3104; baseline 0.003 -16"><span class='ocrx_word' id='word_1_449' title='bbox 175 3044 257 3089; x_wconf 88' lang='lat' dir='ltr'>dit.</span> <span class='ocrx_word' id='word_1_450' title='bbox 284 3045 411 3089; x_wconf 89' lang='lat' dir='ltr'>Unde</span> <span class='ocrx_word' id='word_1_451' title='bbox 433 3047 719 3103; x_wconf 81' lang='lat' dir='ltr'>Augustinus</span> <span class='ocrx_word' id='word_1_452' title='bbox 741 3048 853 3093; x_wconf 90' lang='lat' dir='ltr'>dicit</span> <span class='ocrx_word' id='word_1_453' title='bbox 873 3050 949 3104; x_wconf 90' lang='lat' dir='ltr'>(De</span> <span class='ocrx_word' id='word_1_454' title='bbox 967 3048 1056 3093; x_wconf 87' lang='lat' dir='ltr'>civ.</span> <span class='ocrx_word' id='word_1_455' title='bbox 1082 3047 1176 3104; x_wconf 90' lang='lat' dir='ltr'>Dei,</span> <span class='ocrx_word' id='word_1_456' title='bbox 1197 3047 1278 3091; x_wconf 92' lang='lat' dir='ltr'>lib.</span> <span class='ocrx_word' id='word_1_457' title='bbox 1302 3061 1388 3101; x_wconf 80' lang='lat' dir='ltr'>xiv,</span> <span class='ocrx_word' id='word_1_458' title='bbox 1413 3059 1515 3103; x_wconf 89' lang='lat' dir='ltr'>cap.</span> <span class='ocrx_word' id='word_1_459' title='bbox 1536 3049 1580 3103; x_wconf 85' lang='lat'>9,</span> <span class='ocrx_word' id='word_1_460' title='bbox 1601 3050 1709 3092; x_wconf 90' lang='lat' dir='ltr'>ante</span> <span class='ocrx_word' id='word_1_461' title='bbox 1727 3047 1896 3102; x_wconf 91' lang='lat' dir='ltr'>med.):</span> <span class='ocrx_word' id='word_1_462' title='bbox 1917 3064 1937 3085; x_wconf 92' lang='lat'>«</span> <span class='ocrx_word' id='word_1_463' title='bbox 1957 3049 2069 3093; x_wconf 84' lang='lat' dir='ltr'>Cum</span> 
     </span>
     <span class='ocr_line' id='line_1_45' title="bbox 174 3108 2071 3167; baseline 0.003 -18"><span class='ocrx_word' id='word_1_464' title='bbox 174 3111 348 3150; x_wconf 91' lang='lat' dir='ltr'>rectam</span> <span class='ocrx_word' id='word_1_465' title='bbox 371 3108 598 3153; x_wconf 87' lang='lat' dir='ltr'>rationem</span> <span class='ocrx_word' id='word_1_466' title='bbox 617 3115 878 3167; x_wconf 88' lang='lat' dir='ltr'>sequuntur</span> <span class='ocrx_word' id='word_1_467' title='bbox 901 3110 1002 3156; x_wconf 87' lang='lat' dir='ltr'>istae</span> <span class='ocrx_word' id='word_1_468' title='bbox 1021 3110 1306 3164; x_wconf 87' lang='lat' dir='ltr'>affectiones,</span> <span class='ocrx_word' id='word_1_469' title='bbox 1330 3116 1376 3154; x_wconf 85' lang='lat' dir='ltr'>et</span> <span class='ocrx_word' id='word_1_470' title='bbox 1392 3109 1598 3166; x_wconf 89' lang='lat' dir='ltr'>quando,</span> <span class='ocrx_word' id='word_1_471' title='bbox 1618 3113 1666 3154; x_wconf 92' lang='lat' dir='ltr'>et</span> <span class='ocrx_word' id='word_1_472' title='bbox 1680 3108 1759 3154; x_wconf 91' lang='lat' dir='ltr'>ubi</span> <span class='ocrx_word' id='word_1_473' title='bbox 1783 3113 1965 3166; x_wconf 87' lang='lat' dir='ltr'>oportet</span> <span class='ocrx_word' id='word_1_474' title='bbox 1986 3110 2071 3155; x_wconf 86' lang='lat' dir='ltr'>ad-</span> 
     </span>
     <span class='ocr_line' id='line_1_46' title="bbox 176 3167 2067 3229; baseline 0 -18"><span class='ocrx_word' id='word_1_475' title='bbox 176 3167 410 3223; x_wconf 81' lang='lat' dir='ltr'>hibentur,</span> <span class='ocrx_word' id='word_1_476' title='bbox 437 3170 542 3226; x_wconf 89' lang='lat' dir='ltr'>quis</span> <span class='ocrx_word' id='word_1_477' title='bbox 562 3183 642 3215; x_wconf 89' lang='lat' dir='ltr'>eas</span> <span class='ocrx_word' id='word_1_478' title='bbox 665 3176 779 3216; x_wconf 89' lang='lat' dir='ltr'>tunc</span> <span class='ocrx_word' id='word_1_479' title='bbox 804 3173 1055 3229; x_wconf 88' lang='lat' dir='ltr'>morbidas,</span> <span class='ocrx_word' id='word_1_480' title='bbox 1077 3182 1162 3218; x_wconf 89' lang='lat' dir='ltr'>seu</span> <span class='ocrx_word' id='word_1_481' title='bbox 1179 3172 1370 3217; x_wconf 87' lang='lat' dir='ltr'>vitiosas</span> <span class='ocrx_word' id='word_1_482' title='bbox 1387 3171 1630 3229; x_wconf 90' lang='lat' dir='ltr'>passiones</span> <span class='ocrx_word' id='word_1_483' title='bbox 1653 3171 1822 3215; x_wconf 84' lang='lat' dir='ltr'>audeat</span> <span class='ocrx_word' id='word_1_484' title='bbox 1843 3170 2027 3216; x_wconf 84' lang='lat' dir='ltr'>dicere?</span> <span class='ocrx_word' id='word_1_485' title='bbox 2046 3190 2067 3211; x_wconf 84' lang='lat'>»</span> 
     </span>
    </p>

    <p class='ocr_par' dir='ltr' id='par_1_7' title="bbox 175 3230 2071 3474">
     <span class='ocr_line' id='line_1_47' title="bbox 230 3230 2071 3292; baseline 0.002 -18"><span class='ocrx_word' id='word_1_486' title='bbox 230 3230 296 3275; x_wconf 90' lang='lat' dir='ltr'>Ad</span> <span class='ocrx_word' id='word_1_487' title='bbox 317 3237 530 3287; x_wconf 76' lang='lat' dir='ltr'>quartum</span> <span class='ocrx_word' id='word_1_488' title='bbox 560 3232 825 3291; x_wconf 88' lang='lat' dir='ltr'>dicendum,</span> <span class='ocrx_word' id='word_1_489' title='bbox 852 3235 978 3292; x_wconf 84' lang='lat' dir='ltr'>quod</span> <span class='ocrx_word' id='word_1_490' title='bbox 1000 3234 1115 3279; x_wconf 91' lang='lat' dir='ltr'>nihil</span> <span class='ocrx_word' id='word_1_491' title='bbox 1131 3234 1342 3292; x_wconf 87' lang='lat' dir='ltr'>prohibet</span> <span class='ocrx_word' id='word_1_492' title='bbox 1361 3233 1535 3292; x_wconf 86' lang='lat' dir='ltr'>aliquid</span> <span class='ocrx_word' id='word_1_493' title='bbox 1554 3244 1659 3279; x_wconf 84' lang='lat' dir='ltr'>esse</span> <span class='ocrx_word' id='word_1_494' title='bbox 1681 3232 1966 3277; x_wconf 83' lang='lat' dir='ltr'>contrarium</span> <span class='ocrx_word' id='word_1_495' title='bbox 1990 3245 2071 3278; x_wconf 88' lang='lat' dir='ltr'>vo-</span> 
     </span>
     <span class='ocr_line' id='line_1_48' title="bbox 175 3291 2071 3352; baseline 0.002 -17"><span class='ocrx_word' id='word_1_496' title='bbox 175 3291 346 3337; x_wconf 88' lang='lat' dir='ltr'>luntati</span> <span class='ocrx_word' id='word_1_497' title='bbox 366 3293 626 3351; x_wconf 78' lang='lat' dir='ltr'>secundum</span> <span class='ocrx_word' id='word_1_498' title='bbox 650 3307 719 3350; x_wconf 86' lang='lat' dir='ltr'>se,</span> <span class='ocrx_word' id='word_1_499' title='bbox 738 3296 865 3352; x_wconf 91' lang='lat' dir='ltr'>quod</span> <span class='ocrx_word' id='word_1_500' title='bbox 880 3301 1037 3342; x_wconf 88' lang='lat' dir='ltr'>tamen</span> <span class='ocrx_word' id='word_1_501' title='bbox 1060 3302 1132 3341; x_wconf 87' lang='lat' dir='ltr'>est</span> <span class='ocrx_word' id='word_1_502' title='bbox 1153 3295 1348 3340; x_wconf 84' lang='lat' dir='ltr'>volitum</span> <span class='ocrx_word' id='word_1_503' title='bbox 1368 3296 1548 3340; x_wconf 88' lang='lat' dir='ltr'>ratione</span> <span class='ocrx_word' id='word_1_504' title='bbox 1572 3294 1696 3351; x_wconf 80' lang='lat' dir='ltr'>finiS,</span> <span class='ocrx_word' id='word_1_505' title='bbox 1717 3294 1774 3339; x_wconf 83' lang='lat' dir='ltr'>ad</span> <span class='ocrx_word' id='word_1_506' title='bbox 1795 3306 1935 3351; x_wconf 85' lang='lat' dir='ltr'>quem</span> <span class='ocrx_word' id='word_1_507' title='bbox 1949 3294 2071 3339; x_wconf 90' lang='lat' dir='ltr'>ordi-</span> 
     </span>
     <span class='ocr_line' id='line_1_49' title="bbox 175 3354 2070 3413; baseline 0.002 -17"><span class='ocrx_word' id='word_1_508' title='bbox 175 3359 343 3399; x_wconf 85' lang='lat' dir='ltr'>natur:</span> <span class='ocrx_word' id='word_1_509' title='bbox 366 3354 487 3399; x_wconf 90' lang='lat' dir='ltr'>sicut</span> <span class='ocrx_word' id='word_1_510' title='bbox 508 3355 738 3400; x_wconf 87' lang='lat' dir='ltr'>medicina</span> <span class='ocrx_word' id='word_1_511' title='bbox 757 3369 914 3402; x_wconf 89' lang='lat' dir='ltr'>amara</span> <span class='ocrx_word' id='word_1_512' title='bbox 933 3371 1029 3403; x_wconf 89' lang='lat' dir='ltr'>non</span> <span class='ocrx_word' id='word_1_513' title='bbox 1056 3363 1129 3403; x_wconf 89' lang='grc' dir='ltr'>εει</span> <span class='ocrx_word' id='word_1_514' title='bbox 1155 3359 1412 3403; x_wconf 80' lang='lat' dir='ltr'>secundum</span> <span class='ocrx_word' id='word_1_515' title='bbox 1438 3369 1489 3401; x_wconf 87' lang='lat' dir='ltr'>se</span> <span class='ocrx_word' id='word_1_516' title='bbox 1511 3355 1680 3413; x_wconf 87' lang='lat' dir='ltr'>volita,</span> <span class='ocrx_word' id='word_1_517' title='bbox 1712 3356 1796 3400; x_wconf 89' lang='lat' dir='ltr'>sed</span> <span class='ocrx_word' id='word_1_518' title='bbox 1818 3356 1967 3400; x_wconf 84' lang='grc' dir='ltr'>εοΙιιιιι</span> <span class='ocrx_word' id='word_1_519' title='bbox 1994 3367 2070 3400; x_wconf 86' lang='grc' dir='ltr'>εε-</span> 
     </span>
     <span class='ocr_line' id='line_1_50' title="bbox 175 3415 2070 3474; baseline 0.002 -15"><span class='ocrx_word' id='word_1_520' title='bbox 175 3415 383 3460; x_wconf 79' lang='lat' dir='ltr'>cundum</span> <span class='ocrx_word' id='word_1_521' title='bbox 414 3418 538 3473; x_wconf 80' lang='lat' dir='ltr'>quod</span> <span class='ocrx_word' id='word_1_522' title='bbox 560 3418 800 3463; x_wconf 86' lang='lat' dir='ltr'>ordinatur</span> <span class='ocrx_word' id='word_1_523' title='bbox 821 3420 881 3464; x_wconf 89' lang='lat' dir='ltr'>ad</span> <span class='ocrx_word' id='word_1_524' title='bbox 903 3421 1165 3466; x_wconf 90' lang='lat' dir='ltr'>sanitatem.</span> <span class='ocrx_word' id='word_1_525' title='bbox 1194 3424 1245 3463; x_wconf 86' lang='lat' dir='ltr'>Et</span> <span class='ocrx_word' id='word_1_526' title='bbox 1270 3421 1359 3464; x_wconf 89' lang='lat' dir='ltr'>hoc</span> <span class='ocrx_word' id='word_1_527' title='bbox 1383 3419 1521 3464; x_wconf 93' lang='lat' dir='ltr'>modo</span> <span class='ocrx_word' id='word_1_528' title='bbox 1550 3431 1679 3463; x_wconf 88' lang='lat' dir='ltr'>mors</span> <span class='ocrx_word' id='word_1_529' title='bbox 1708 3418 1873 3463; x_wconf 89' lang='lat' dir='ltr'>Christi</span> <span class='ocrx_word' id='word_1_530' title='bbox 1901 3422 1946 3463; x_wconf 88' lang='lat' dir='ltr'>et</span> <span class='ocrx_word' id='word_1_531' title='bbox 1968 3417 2070 3474; x_wconf 87' lang='lat' dir='ltr'>ejus</span> 
     </span>
    </p>
   </div>
   <div class='ocr_carea' id='block_1_5' title="bbox 176 3510 2069 3656">
    <p class='ocr_par' dir='ltr' id='par_1_8' title="bbox 176 3510 2069 3656">
     <span class='ocr_line' id='line_1_51' title="bbox 218 3510 2069 3561; baseline 0.002 -16"><span class='ocrx_word' id='word_1_532' title='bbox 218 3510 262 3555; x_wconf 69' lang='lat' dir='ltr'>(l)</span> <span class='ocrx_word' id='word_1_533' title='bbox 284 3512 381 3553; x_wconf 73' lang='grc' dir='ltr'>Ριιιιι,</span> <span class='ocrx_word' id='word_1_534' title='bbox 415 3514 604 3556; x_wconf 84' lang='lat' dir='ltr'>objectum,</span> <span class='ocrx_word' id='word_1_535' title='bbox 641 3515 869 3559; x_wconf 74' lang='lat' dir='ltr'>principium,</span> <span class='ocrx_word' id='word_1_536' title='bbox 892 3516 1077 3561; x_wconf 75' lang='lat' dir='ltr'>effectum,</span> <span class='ocrx_word' id='word_1_537' title='bbox 1164 3529 1232 3559; x_wconf 79' lang='lat' dir='ltr'>quo</span> <span class='ocrx_word' id='word_1_538' title='bbox 1270 3516 1480 3556; x_wconf 73' lang='lat' dir='ltr'>significatur</span> <span class='ocrx_word' id='word_1_539' title='bbox 1515 3516 1604 3557; x_wconf 85' lang='lat' dir='ltr'>quod</span> <span class='ocrx_word' id='word_1_540' title='bbox 1635 3527 1674 3551; x_wconf 87' lang='lat' dir='ltr'>ex</span> <span class='ocrx_word' id='word_1_541' title='bbox 1713 3515 1857 3550; x_wconf 84' lang='lat' dir='ltr'>mortuis</span> <span class='ocrx_word' id='word_1_542' title='bbox 1891 3525 2069 3556; x_wconf 80' lang='lat' dir='ltr'>resurgens</span> 
     </span>
     <span class='ocr_line' id='line_1_52' title="bbox 176 3558 2069 3607; baseline 0.003 -15"><span class='ocrx_word' id='word_1_543' title='bbox 176 3563 216 3592; x_wconf 87' lang='lat' dir='ltr'>ut</span> <span class='ocrx_word' id='word_1_544' title='bbox 229 3558 375 3601; x_wconf 69' lang='lat' dir='ltr'>plenius,</span> <span class='ocrx_word' id='word_1_545' title='bbox 393 3561 596 3602; x_wconf 81' lang='lat' dir='ltr'>explicatum</span> <span class='ocrx_word' id='word_1_546' title='bbox 613 3567 662 3597; x_wconf 85' lang='lat' dir='ltr'>est</span> <span class='ocrx_word' id='word_1_547' title='bbox 684 3562 745 3598; x_wconf 85' lang='lat' dir='ltr'>ibi.</span> <span class='ocrx_word' id='word_1_548' title='bbox 1166 3570 1303 3600; x_wconf 84' lang='lat' dir='ltr'>cunctos</span> <span class='ocrx_word' id='word_1_549' title='bbox 1333 3564 1570 3607; x_wconf 82' lang='lat' dir='ltr'>illuminabit,</span> <span class='ocrx_word' id='word_1_550' title='bbox 1593 3576 1655 3600; x_wconf 83' lang='lat' dir='ltr'>nec</span> <span class='ocrx_word' id='word_1_551' title='bbox 1679 3569 1789 3599; x_wconf 83' lang='lat' dir='ltr'>morte</span> <span class='ocrx_word' id='word_1_552' title='bbox 1812 3564 1980 3599; x_wconf 80' lang='lat' dir='ltr'>contritus</span> <span class='ocrx_word' id='word_1_553' title='bbox 2002 3563 2069 3604; x_wconf 83' lang='lat' dir='ltr'>sit,</span> 
     </span>
     <span class='ocr_line' id='line_1_53' title="bbox 218 3606 1453 3656; baseline 0.007 -15"><span class='ocrx_word' id='word_1_554' title='bbox 218 3606 264 3648; x_wconf 87' lang='lat'>(2)</span> <span class='ocrx_word' id='word_1_555' title='bbox 282 3608 380 3650; x_wconf 83' lang='lat' dir='ltr'>Apud</span> <span class='ocrx_word' id='word_1_556' title='bbox 387 3609 430 3644; x_wconf 79' lang='lat'>70</span> <span class='ocrx_word' id='word_1_557' title='bbox 440 3608 591 3650; x_wconf 81' lang='lat' dir='ltr'>legitur:</span> <span class='ocrx_word' id='word_1_558' title='bbox 609 3610 813 3654; x_wconf 74' lang='lat' dir='ltr'>splendebit</span> <span class='ocrx_word' id='word_1_559' title='bbox 825 3615 859 3648; x_wconf 78' lang='lat' dir='ltr'>et</span> <span class='ocrx_word' id='word_1_560' title='bbox 871 3615 1082 3649; x_wconf 77' lang='lat' dir='ltr'>conteretur</span> <span class='ocrx_word' id='word_1_561' title='bbox 1168 3614 1214 3647; x_wconf 80' lang='lat' dir='ltr'>ait</span> <span class='ocrx_word' id='word_1_562' title='bbox 1229 3613 1298 3656; x_wconf 79' lang='lat' dir='ltr'>ipse</span> <span class='ocrx_word' id='word_1_563' title='bbox 1317 3614 1344 3648; x_wconf 88' lang='lat' dir='ltr'>ll</span> <span class='ocrx_word' id='word_1_564' title='bbox 1350 3614 1453 3650; x_wconf 84' lang='lat' dir='ltr'>ieron.</span> 
     </span>
    </p>
   </div>
  </div>
 </body>
</html>
