2170 3808
775 237 968 288 QUAEST.
1008 237 1135 288 LXX,
1164 237 1281 279 ART.
1309 237 1325 278 1
1354 237 1419 278 ΕΤ
1447 237 1498 278 ΙΙ.
1996 237 2078 279 617

237 314 532 355 CONCLUSIO.
549 336 594 344 -—
611 314 715 354 Cum
730 315 869 356 eadem
884 315 1006 355 fuerit
1020 319 1157 355 nostra
1177 319 1216 355 et
1230 316 1498 365 antiquorum
1517 319 1682 367 patrum
1701 315 1815 363 fides,
1835 318 1874 354 et
1889 314 2080 355 Patribus

190 369 332 410 omnia
362 369 405 408 in
440 369 572 418 figura
591 371 860 420 contigerint,
886 371 1146 422 perspicuum
1169 374 1229 410 est
1250 371 1604 411 circumcisionem
1618 400 1629 419 ‚
1655 382 1747 422 quae
1772 369 1867 409 fidei
1889 369 2078 421 quaedam

191 424 423 476 protestatio
440 424 533 471 fuit,
552 423 605 463 ad
625 424 878 476 baptismum
898 426 1227 477 praeparatoriam
1244 426 1367 465 fuisse
1381 429 1422 465 et
1439 426 1568 476 ipsius
1582 425 1857 474 figurativam.

246 485 517 541 Respondeo
538 485 786 532 dicendum
801 487 926 544 quod
934 487 1193 544 baptismus
1206 488 1374 532 dicitur
1388 493 1730 531 sacramentum
1743 486 1866 541 fidei,
1879 485 2077 542 inquan-

191 551 289 593 tum
315 548 490 592 scilicet
507 548 555 591 in
580 549 810 606 baptismo
830 550 881 595 fit
903 551 1117 606 quaedam
1136 550 1240 594 fidei
1265 550 1509 608 professio,
1525 554 1572 594 et
1585 562 1669 606 per
1685 550 1969 605 baptismum
1987 559 2076 604 ag-

192 614 410 665 gregatur
443 610 583 653 homo
614 611 962 668 congregationi
985 611 1208 656 fidelium.
1237 611 1405 654 Eadem
1425 615 1581 669 autem
1600 615 1672 655 est
1692 608 1808 655 fides
1834 614 2007 667 nostra,
2029 613 2076 654 et

191 670 488 726 antiquorum
519 677 720 727 patrum,
741 673 1000 718 secundum
1036 674 1150 717 illud
1182 673 1382 728 Apostoli
1403 675 1471 727 (II.
1498 674 1598 716 Cor.
1619 686 1678 728 lv,
1703 674 1773 723 13)
1803 687 1814 716 :
1853 672 2078 715 Habentes

191 733 394 775 eumdem
402 737 613 789 spiritum
622 736 744 788 fidei,
758 738 997 780 credimus,
1009 734 1304 780 Circumcisio
1316 738 1471 778 autem
1483 733 1798 790 eratquaedam
1806 738 1960 789 protes
1966 731 2074 777 tatio

191 793 321 849 fidei,
355 794 480 840 unde
514 795 680 841 dicitur
708 800 848 851 (Rom.
874 812 934 855 iv,
967 800 1053 854 11),
1088 797 1213 855 quod
1231 796 1466 840 Abraham
1487 798 1661 852 accepit
1681 797 2070 852 circumcisionem,

194 855 408 910 tanquam
425 858 705 913 siqnaculum
740 861 849 913 fidei
868 861 926 914 (1)
941 873 956 911 ς
971 858 1099 904 unde
1121 863 1168 903 et
1190 871 1273 914 per
1295 857 1694 902 circumcisionem
1711 855 1888 911 antiqui
1910 867 2074 912 aggre-

193 915 424 972 gabantur
442 918 638 974 collegio
671 920 895 965 fidelium.
934 920 1061 965 Unde
1082 920 1382 964 manifestum
1406 924 1477 963 est
1509 918 1634 974 quod
1671 916 1959 961 circumcisio
1985 915 2074 961 fuit

193 979 516 1034 praeparatoria
535 980 595 1024 ad
613 980 912 1037 baptismum,
930 986 976 1025 et
995 980 1335 1037 praefigurativa
1353 979 1517 1035 ipsius,
1538 979 1795 1023 secundum
1810 977 1935 1034 quod
1955 976 2074 1022 anti-

192 1039 297 1094 quis
319 1040 528 1096 patribus
543 1044 697 1087 omnia
720 1043 767 1087 in
786 1043 981 1102 figuram
999 1042 1142 1087 futuri
1164 1041 1510 1098 contingebant,
1529 1044 1583 1086 ut
1606 1041 1773 1086 dicitur
1800 1042 1847 1094 (1.
1869 1038 2071 1084 Corinth.

192 1103 250 1156 x),
277 1100 397 1146 sicut
430 1108 476 1147 et
496 1103 612 1149 fides
634 1117 794 1150 eorum
819 1110 918 1150 erat
935 1105 994 1150 de
1016 1105 1188 1148 futuro.

248 1163 314 1208 Ad
332 1166 536 1219 primum
577 1179 688 1223 ergo
708 1166 976 1222 dicendum,
1001 1165 1126 1222 quod
1153 1164 1444 1210 circumcisio
1483 1163 1684 1208 habebat
1721 1163 2074 1208 similitudinem

194 1236 301 1268 cum
323 1225 571 1287 baptismO,
594 1233 821 1285 quantum
841 1230 898 1274 ad
915 1228 1200 1286 spiritualem
1223 1228 1439 1271 effectum
1461 1226 1702 1282 bapt1smi3
1726 1237 1836 1269 nam
1852 1225 1971 1269 sicut
1990 1236 2073 1281 per

193 1286 591 1334 circumcisionem
613 1292 910 1336 auferebatur
928 1291 1141 1348 quaedam
1164 1290 1365 1333 carnalis
1378 1288 1594 1345 pellicula
1613 1291 1689 1344 (2),
1718 1288 1783 1330 ita
1804 1299 1888 1343 per
1903 1287 2074 1343 baptis-

194 1358 321 1393 mum
337 1349 476 1395 homo
495 1352 753 1409 expoliatur
771 1353 797 1396 a
820 1353 994 1398 carnali
1018 1351 1381 1396 conversatione.

248 1409 316 1454 Ad
334 1413 573 1456 secundum
593 1414 856 1472 dicendum,
876 1415 999 1472 quod
1019 1414 1239 1471 protectio
1258 1413 1490 1457 columnae
1506 1411 1645 1455 nubis
1666 1414 1712 1455 et
1733 1412 1957 1455 transitus
1975 1422 2073 1454 ma-

194 1471 258 1514 ris
272 1472 412 1516 Rubri
431 1475 619 1519 suerunt
639 1477 852 1533 quaedam
869 1478 1031 1534 figurae
1046 1475 1188 1520 nostri
1212 1474 1443 1531 baptismi,
1470 1486 1561 1530 quo
1579 1473 1867 1517 renascimur
1881 1484 1937 1517 ex
1951 1484 2074 1529 aqua

196 1532 452 1584 significata
473 1549 555 1592 per
573 1549 701 1582 mare
723 1538 947 1594 Rubrum,
969 1542 1016 1582 et
1038 1536 1203 1593 Spiritu
1236 1542 1396 1579 sancto
1420 1531 1679 1590 significato
1697 1546 1780 1590 per
1807 1534 2074 1578 columnam

197 1595 360 1651 nubis3
379 1609 472 1641 non
497 1606 649 1643 tamen
672 1612 755 1656 per
774 1601 872 1645 haec
892 1600 1032 1644 fiebat
1046 1599 1200 1656 aliqua
1212 1598 1435 1655 professio
1457 1597 1581 1652 fidei,
1599 1596 1720 1641 sicut
1739 1608 1822 1652 per
1836 1595 2074 1640 circumci-

196 1657 392 1715 sionem,
429 1663 475 1704 et
509 1659 616 1705 ideo
642 1662 860 1718 praedicta
901 1662 994 1707 duo
1016 1665 1148 1706 erant
1169 1661 1350 1705 tantum
1373 1661 1551 1716 figurae,
1573 1662 1621 1703 et
1637 1670 1732 1702 non
1769 1662 2070 1702 sacramenta.

197 1719 494 1765 circumcisio
505 1726 662 1767 autem
678 1729 776 1768 erat
788 1723 926 1769 etiam
938 1727 1281 1768 sacramentum
1293 1721 1670 1778 praeparatorium
1691 1720 1750 1765 ad
1763 1719 2043 1777 baptismum
2056 1735 2069 1777 3

195 1781 353 1826 minus
370 1787 521 1828 tamen
544 1785 765 1841 expresse
787 1787 994 1843 figurans
1019 1785 1318 1841 baptismum,
1338 1785 1566 1840 quantum
1583 1782 1643 1828 ad
1663 1782 1907 1838 exteriora,
1931 1781 2074 1838 quam

195 1843 429 1912 praedicta.
449 1847 502 1889 Et
520 1844 624 1890 ideo
642 1848 885 1903 Apostolus
906 1847 1060 1904 potitis
1075 1845 1185 1890 fecit
1202 1846 1484 1891 mentionem
1518 1845 1576 1889 de
1599 1844 1832 1901 praedictis
1850 1844 1992 1900 quam
2014 1843 2073 1888 de

197 1917 560 1954 clrcumcisione.

251 1968 316 2014 Ad
347 1973 530 2013 tertium
561 1971 825 2027 dicendum,
861 1971 986 2029 quod
1007 1970 1271 2027 baptismus
1290 1969 1480 2014 Joannis
1513 1968 1602 2013 fuit
1625 1968 1981 2025 praeparatorius
2013 1972 2074 2014 ad

196 2027 479 2086 baptismum
504 2033 665 2078 Christi
697 2034 925 2091 quantum
947 2033 1010 2077 ad
1028 2031 1300 2079 exercitium
1323 2035 1469 2085 actim,
1501 2031 1584 2075 sed
1618 2030 1908 2074 circumcisio
1926 2043 2074 2088 quan-

196 2094 296 2207 (tum
315 2093 372 2138 ad
395 2094 727 2150 professionem
746 2096 869 2153 fidei,
904 2108 1012 2153 quae
1043 2094 1294 2151 requiritur
1313 2094 1362 2138 in
1395 2093 1642 2149 baptism0‚
1662 2091 1784 2137 sicut
1810 2092 1984 2137 dictum
2001 2096 2074 2138 est

212 2153 259 2197 in
282 2165 408 2211 corp.
429 2158 549 2210 art.).

251 2225 591 2268 ARTICULUS
619 2227 679 2269 ΙΙ.
708 2249 765 2258 -
787 2238 922 2269 uranu
943 2236 1200 2268 cuicuumsio
1219 2236 1366 2266 ruenn-
1382 2234 1695 2266 commmunia
1709 2234 1919 2266 nisurum
1938 2223 2015 2277 (3).

200 2298 249 2333 De
272 2298 323 2333 his
338 2299 437 2333 etiam
462 2300 485 2334 2
499 2301 533 2341 2,
552 2303 669 2341 quest.
685 2307 748 2340 cu,
774 2303 840 2335 art.
866 2300 890 2335 5
910 2299 952 2334 ad
970 2298 1003 2341 ⁴,
1031 2302 1067 2333 et
1081 2302 1200 2341 quast.
1224 2305 1300 2338 cm,
1319 2296 1415 2331 arti
1436 2296 1477 2331 ad
1503 2296 1537 2336 5,
1566 2298 1601 2330 et
1623 2295 1717 2330 Sent.
1743 2304 1770 2336 ι,
1798 2294 1877 2331 «liat.
1895 2296 1930 2339 ⁴,
1955 2300 2024 2331 art.
2034 2297 2068 2339 2,

629 2353 746 2390 quaest.
766 2357 800 2383 tv
815 2360 908 2389 corp.
923 2352 958 2382 et
971 2352 1087 2389 quaest.
1105 2356 1146 2387 11,
1160 2350 1225 2381 art.
1244 2347 1278 2388 t,
1292 2352 1408 2387 quaest.
1426 2354 1479 2382 ΠΙ,
1497 2356 1558 2386 per
1575 2347 1638 2379 tot.

250 2409 317 2454 Ad
333 2410 588 2454 secundum
610 2409 677 2454 sic
694 2409 972 2466 proceditur.
988 2412 1030 2453 1.
1053 2408 1240 2452 Videtur
1257 2407 1381 2464 quod
1401 2406 1691 2451 circumcisio
1706 2405 1842 2450 fuerit
1855 2405 2073 2451 inconve-

198 2469 378 2514 nienter
397 2470 622 2515 instituta.
639 2471 765 2515 Sicut
783 2471 906 2515 enim
919 2471 1092 2515 dictum
1108 2474 1179 2514 est
1197 2472 1298 2522 (art.
1318 2470 1488 2524 praec.),
1504 2468 1553 2511 in
1566 2466 1919 2511 circumcisione
1934 2467 2074 2512 fiebat

197 2530 406 2588 quaedam
430 2529 536 2576 fidei
556 2532 798 2587 professio.
831 2532 919 2576 Sed
941 2531 968 2575 a
984 2535 1172 2588 peccato
1189 2530 1324 2586 primi
1343 2529 1544 2573 hominis
1563 2529 1722 2572 nullus
1745 2528 1955 2584 unquam
1976 2528 2072 2573 sal-

195 2593 294 2636 vari
315 2593 464 2649 potuit
483 2593 572 2637 nisi
594 2606 678 2650 per
690 2594 829 2639 fidem
845 2593 1074 2650 passionis
1093 2591 1275 2648 Christi,
1300 2592 1559 2636 secundum
1579 2590 1692 2634 illud
1713 2592 1858 2643 (Rom.
1879 2604 1940 2644 tn,
1966 2594 2035 2644 25)
2057 2606 2071 2637 ε

117 2691 122 2696 .
199 2658 336 2709 Quem
351 2659 582 2710 proposuit
600 2661 716 2700 Deus
724 2659 1068 2713 propitiatorem
1083 2667 1165 2711 per
1179 2655 1313 2709 fidem
1324 2657 1372 2696 in
1383 2656 1599 2710 sanquine
1613 2655 1768 2708 ipsius.
1788 2655 1906 2707 Ergo
1916 2652 2072 2698 statim

198 2719 301 2772 post
333 2721 571 2772 peccatum
598 2718 733 2772 primi
756 2718 956 2763 hominis
974 2714 1264 2762 circumcisio
1284 2715 1463 2759 institui
1485 2713 1661 2770 debuit,
1680 2717 1727 2757 et
1748 2725 1843 2757 non
1865 2717 2073 2770 tempore

198 2777 403 2823 Abrahae.

251 2842 295 2884 2.
324 2843 563 2895 Praeterea,
595 2840 644 2885 in
663 2841 1014 2887 circumcisione
1046 2841 1184 2884 homo
1203 2839 1505 2896 profitebatur
1531 2836 1873 2881 observantiam
1905 2837 2072 2883 veteris

197 2901 331 2957 legis,
356 2903 476 2945 sicut
493 2901 540 2944 in
552 2901 781 2957 baptismo
801 2900 1043 2960 profitetur
1064 2899 1405 2945 observantiam
1428 2910 1559 2941 novae
1577 2897 1716 2953 legi-83
1734 2898 1858 2942 unde
1879 2902 2074 2954 Aposto-

197 2962 272 3006 lus
286 2962 395 3006 dicit
411 2962 568 3016 (Galat.
585 2976 628 3020 v,
647 2966 687 3015 3)
709 2979 721 3008 :
744 2968 973 3020 Testificor
990 2966 1111 3007 omni
1133 2964 1304 3008 homini
1324 2959 1660 3005 circumcidenti
1678 2972 1741 3016 se,
1764 2964 1977 3015 quoniam
1990 2962 2073 3005 de·-

199 3025 317 3068 bitor
340 3029 404 3067 est
432 3027 646 3068 universae
669 3026 777 3080 leyis
808 3028 1046 3082 saciendae.
1080 3025 1166 3070 Sed
1203 3024 1365 3079 legalis
1385 3021 1679 3066 observantia
1701 3033 1795 3065 non
1815 3027 1886 3067 est
1908 3023 2072 3067 tradita

199 3092 402 3144 tempore
418 3087 624 3144 Abrahae,
648 3089 730 3134 sed
753 3091 903 3146 magis
923 3095 1128 3145 tempore
1145 3087 1302 3145 Moysi.
1327 3089 1444 3142 Ergo
1463 3084 1844 3130 inconvenienter
1862 3085 2072 3130 instituta

198 3152 267 3192 est
287 3148 575 3193 circumcisio
603 3155 806 3207 tempore
843 3152 1051 3196 Abrahae.

241 3277 285 3319 (l)
319 3276 460 3316 Vulgata
477 3289 486 3311 :
504 3279 553 3312 Et
588 3280 734 3321 sianum
765 3282 902 3322 accepit
935 3282 1093 3315 circum*-
1216 3278 1260 3319 (5)
1275 3276 1486 3312 Aslirmative
1501 3276 1680 3319 respondet
1694 3277 1729 3311 S.
1746 3276 1871 3310 Doctor
1880 3278 1972 3316 juxta
1984 3275 2070 3311 illud

192 3325 769 3369 cisionis,signaculumjustitioe
784 3328 884 3370 fidei.
1175 3325 1262 3366 (Sap.
1292 3325 1341 3366 xi)
1373 3337 1382 3360 ε
1423 3325 1557 3359 Omnia
1583 3325 1626 3360 in
1652 3324 1828 3371 pondere,
1853 3333 2006 3359 numero
2037 3327 2073 3359 et

242 3372 286 3415 (2)
312 3372 350 3406 Iu
372 3383 411 3406 ea
436 3385 555 3413 nempe
573 3378 667 3415 parte
691 3374 726 3408 in
749 3387 813 3415 qua
839 3377 980 3410 maxime
1002 3376 1093 3414 viget
1175 3383 1352 3408 mensura
1368 3373 1601 3418 disposuisti,

200 3418 340 3453 carnalis
353 3421 530 3462 appetitus,
547 3421 598 3456 vel
614 3423 883 3463 concupiscentia
901 3424 1089 3467 libidinosa,

199 3468 349 3509 quamvis
363 3480 422 3510 per
445 3472 553 3504 totum
569 3482 687 3514 corpus
705 3471 927 3508 diffundatur.
