2170 3808
1063 0 1067 7 ¹
1082 0 1117 11 w«
1127 0 1172 14 vw-⁴
1187 0 1245 22 Js'ss)
1254 0 1268 10 ,ι
1280 2 1290 21 ς.

1268 27 1270 30 y
1310 15 1333 36 e
1355 0 1385 26 ...i
1395 24 1402 27 Α
1420 33 1429 37 ‘V
1438 0 1442 6 ,
1499 31 1508 35 ἡ
1717 0 1762 37 ,ν-,ἷ
1781 0 1904 31 nir-*sk
1928 14 1933 21 Δ,
1942 0 1955 21 ,v
1967 17 1975 26 Ι
1998 0 2170 47 Qssxfflffiv

1527 42 1529 46 “
1794 50 1811 57 1,
1831 49 1845 57 η
1876 46 1889 54 σ-
2030 45 2038 51 x
2070 43 2074 48 '
2127 54 2130 55 ,

1235 60 1255 82 (Δ
1899 63 1901 65 ,
2094 65 2097 67 ,
2126 59 2131 69 *-
2141 58 2163 68 Ἰ,

213 233 297 276 470
884 229 1083 280 QUAEST.
1114 228 1196 283 LV,
1227 229 1346 272 ART.
1374 214 1441 274 vi.

214 323 324 356 nam
339 309 493 368 angeli
508 309 773 367 frequenter
794 308 842 353 in
858 309 1064 353 humana
1080 309 1232 364 effigie
1247 321 1297 354 se
1315 310 1580 356 hominibus
1598 309 1918 363 ostenderunt,
1934 313 2099 354 etcum

213 372 282 418 eis
305 371 632 428 loquebantur,
657 376 704 416 et
724 372 1141 429 conversabantur,
1163 376 1211 417 et
1228 372 1546 430 comedebant,
1573 386 1626 417 ac
1651 373 1690 417 si
1709 376 1868 416 essent
1889 371 2101 416 homines

213 434 326 490 veri,
351 433 471 478 sicut
492 438 618 490 patet
635 435 761 489 (Gen.
777 435 970 488 xv111)de
995 434 1176 491 angelis
1194 446 1312 491 quos
1326 434 1553 480 Abraham
1575 434 1781 491 suscepit
1800 432 1998 489 hospitio
2010 434 2096 488 (1);

212 499 260 540 et
279 495 343 550 (in
362 495 444 539 lib.
469 495 635 551 Tobiae)
658 496 714 541 de
731 496 900 552 angelo
922 496 1000 552 qui
1021 509 1128 541 eum
1148 496 1282 542 duxit
1297 500 1342 540 et
1361 497 1561 542 reduxit.
1585 500 1639 541 Et
1654 501 1807 541 tamen
1832 493 1983 551 angeli
2005 506 2098 539 non

211 555 386 602 habent
403 569 516 602 vera
534 570 727 615 corpora
749 558 1022 603 naturaliter
1042 559 1129 602 sibi
1151 559 1297 614 unita,
1314 559 1439 615 quod
1458 560 1709 617 requiritur
1725 558 1784 602 ad
1806 556 2099 601 resurrectio-

210 630 339 664 nem.
362 621 461 664 Non
482 632 593 677 ergo
611 620 746 676 signa
765 633 870 678 quae
895 620 1102 665 Christus
1123 620 1362 678 discipulis
1381 621 1590 666 exhibuit
1612 622 1803 666 fuerunt
1821 617 2099 663 sufficientia

212 680 271 726 ad
285 683 673 728 resurrectionem
692 683 731 740 ej
739 696 795 728 us
816 683 1224 728 manifestandam.

266 746 310 788 2.
339 746 575 800 Praeterea,
598 745 805 789 Christus
833 745 1089 790 resurrexit
1111 743 1449 790 resurrectione
1469 743 1692 802 gloriosa,
1716 743 1764 788 id
1792 746 1890 799 est,
1921 740 2102 786 habens

210 805 352 851 simul
369 806 623 851 humanam
639 812 853 851 naturam
869 818 977 851 cum
997 806 1159 863 gloria.
1184 806 1270 851 Sed
1293 806 1507 863 quaedam
1525 806 1732 852 Christus
1747 803 1949 850 ostendit
1962 803 2099 848 disci·
2131 832 2165 858 ··.

209 866 334 924 pulis
357 881 464 925 quae
484 867 705 913 videntur
731 881 836 913 esse
861 869 1095 913 contraria
1121 873 1300 913 naturae
1330 869 1562 926 humanae,
1581 869 1702 914 sicut
1721 866 1846 925 quod
1871 866 1929 910 ab
1951 864 2098 910 oculis
2155 896 2160 916 J.

210 940 371 974 eorum
395 930 601 986 evanuit,
625 934 671 975 et
691 930 816 988 quod
835 931 895 976 ad
919 943 1000 975 eos
1018 931 1176 989 januis
1197 931 1371 975 clausis
1388 931 1596 976 intravit·
1587 931 1833 988 ,quaedam
1851 932 2009 972 autem
2026 927 2097 973 vi·

210 984 381 1035 dentur
401 1003 505 1036 esse
528 993 758 1036 contraria
781 993 955 1048 gloriae,
976 994 1090 1050 puta
1117 994 1241 1050 quod
1271 993 1572 1037 manducavit
1590 997 1636 1037 et
1658 992 1788 1049 bibit
1812 995 1858 1035 et
1876 989 2001 1047 (111ὸά
2016 989 2099 1034 ha·
2155 1006 2170 1047 ·“.

205 1051 311 1097 buit
329 1055 576 1098 vulnerum
603 1055 858 1100 cicatrices.
879 1058 936 1099 Ei
939 1067 998 1112 go
1023 1057 1208 1102 videtur
1230 1055 1355 1113 quod
1387 1055 1467 1100 illa
1494 1059 1769 1112 argumenta
1791 1066 1884 1097 non
1909 1052 2101 1096 fuerunt

210 1114 488 1160 sufficientia
501 1149 514 1172 ,
536 1128 687 1174 neque
706 1118 1028 1162 convenientia
1051 1118 1109 1163 ad
1129 1117 1266 1162 fidem
1290 1116 1643 1162 resurrectionis
1664 1113 2016 1160 ostendendam.

264 1179 307 1221 3.
338 1180 579 1234 Praeterea,
601 1191 771 1236 corpus
793 1180 958 1226 Christi
979 1193 1073 1225 non
1100 1186 1199 1225 erat
1219 1180 1310 1225 tale
1328 1184 1435 1237 post
1458 1177 1844 1224 resurrectionem
1862 1211 1875 1233 ,
1899 1180 1953 1220 nt
1974 1175 2098 1232 tangi
2148 1186 2170 1241 ’,ζῇ

209 1238 398 1284 deberet
414 1241 473 1285 ab
491 1240 680 1286 homine
711 1242 916 1300 mortali3
936 1243 1064 1288 unde
1081 1247 1126 1288 et
1152 1242 1251 1300 ipse
1282 1242 1398 1287 dixit
1421 1240 1703 1298 Magdalenae
1727 1241 1871 1295 (Joan.
1896 1251 1968 1295 xx,
1990 1241 2059 1293 17)
2083 1251 2098 1283 ε
2158 1269 2170 1283 ,-

208 1301 314 1345 Noli
343 1315 414 1345 me
448 1306 662 1360 tanqere,
656 1318 665 1328 ·
687 1306 888 1348 nondum
913 1308 1030 1348 enim
1055 1306 1241 1349 ascendi
1270 1305 1332 1348 ad
1362 1308 1547 1348 Patrem
1572 1315 1746 1353 meum3
1774 1313 1866 1345 non
1887 1311 1999 1356 ergo
2011 1300 2100 1347 fuit
2150 1292 2170 1359 Χ,

208 1365 491 1409 conveniens
514 1365 639 1422 quod
658 1365 715 1410 ad
735 1366 1127 1411 manifestandam
1147 1367 1390 1412 veritatem
1406 1364 1757 1410 resurrectionis
1775 1376 1872 1409 suae
1890 1363 2098 1420 seipsum
2147 1396 2149 1398 -

207 1419 446 1482 discipulis
467 1427 754 1484 palpandum
777 1427 1034 1481 exhiberet.

262 1491 306 1532 4.
337 1491 578 1545 Praeterea,
603 1489 724 1534 inter
745 1489 878 1534 dotes
898 1474 1150 1547 glorificati
1158 1490 1365 1546 corporis
1382 1489 1618 1546 praecipua
1635 1488 1818 1533 videtur
1839 1498 1944 1532 esse
1965 1485 2100 1530 clari-
2138 1516 2145 1546 Ι,

206 1552 280 1594 tas
302 1551 377 1605 (2);
395 1562 535 1607 quam
556 1556 710 1594 tamen
733 1550 782 1595 in
802 1552 1142 1596 resurrectione
1162 1551 1293 1596 nullo
1306 1555 1583 1606 argumento
1597 1549 1817 1594 ostendit.
1830 1551 1950 1604 Ergo
1966 1547 2100 1593 vide-

208 1616 283 1654 tur
304 1612 428 1668 quod
454 1611 782 1656 insufficientia
803 1613 978 1658 fuerint
998 1613 1079 1658 illa
1105 1616 1382 1671 argumenta
1407 1612 1467 1657 ad
1488 1610 1876 1677 manifestandam
1904 1610 2099 1668 qualita-
2143 1607 2170 1667 ζῖζ

205 1678 299 1718 tem
320 1674 675 1719 resurrectionis
698 1675 878 1720 Christi.
2140 1682 2158 1723 ,ἵ-

260 1738 304 1781 5.
327 1738 568 1794 Praeterea,
602 1737 756 1794 angeli
784 1738 832 1782 in
867 1742 1010 1783 testes
1035 1737 1388 1784 resurrectionis
1411 1735 1589 1782 inducti
1611 1748 1671 1780 ex
1691 1735 1783 1781 ista
1808 1735 2096 1781 dissonantia
2144 1739 2164 1794 25

205 1798 606 1854 Evangelistarum
626 1798 962 1844 insufficientes
991 1798 1225 1843 videntur.
1248 1801 1361 1844 Nam
1382 1797 1508 1855 apud
1527 1797 1789 1842 Matthaeum
1806 1796 2005 1853 angelus
2021 1809 2097 1842 su·

203 1872 287 1917 per
299 1860 501 1917 lapidem
516 1861 778 1906 revolutum
793 1863 870 1921 (3),
891 1861 1018 1919 apud
1032 1864 1231 1907 Marcum
1252 1860 1364 1907 vero
1382 1861 1511 1905 intus
1521 1860 1719 1917 angelus
1735 1859 2015 1905 describitur
2031 1859 2095 1905 vi·
2132 1868 2139 1874 ⁴

205 1935 287 1967 sus
306 1922 334 1967 a
349 1922 625 1968 mulieribus
645 1923 869 1980 ingressis
882 1929 1270 1980 monumentum3
1286 1928 1332 1969 et
1347 1926 1513 1968 rursus
1528 1922 1588 1967 ab
1603 1922 1704 1967 istis
1717 1934 1859 1978 unus,
1878 1921 1906 1966 a
1919 1923 2096 1968 loanne
2128 1919 2151 1979 ,ζ

207 1989 325 2042 (cap.
357 1988 443 2042 ΞΟ),
464 1985 557 2031 (1110
587 1987 823 2042 sedentes,
845 1986 873 2031 a
902 1989 1024 2031 Luca
1049 1987 1161 2032 vero
1178 1988 1298 2044 (cap.
1322 1987 1412 2041 24).
1432 1985 1527 2030 duo
1553 1989 1730 2030 stantes
1749 1983 2092 2029 describuntur.
2132 1998 2135 2003 ⁴

204 2048 579 2093 lnconvenientia
598 2061 709 2106 ergo
722 2049 942 2094 videntur
954 2049 1218 2094 testimonia
1233 2046 1604 2093 resurrectionis.
2124 2101 2126 2103 Ι
2142 2075 2143 2079 ,

259 2110 347 2155 Sed
374 2114 533 2154 contra
558 2115 631 2155 est
657 2111 780 2168 quod
813 2111 1038 2168 Christus,
1059 2111 1137 2168 qui
1161 2115 1233 2156 est
1253 2111 1331 2154 Dei
1360 2108 1605 2166 sapientia,
1623 2107 1827 2153 suaviter
1849 2110 1898 2152 et
1927 2118 2096 2153 conve·
2135 2121 2137 2125 ’

206 2171 389 2218 nienter
405 2173 608 2229 disponit
626 2174 800 2231 omnia,
822 2178 877 2219 ut
894 2173 1063 2219 dicitur
1084 2176 1201 2231 (Sap.
1219 2174 1397 2229 v111)(4).
2134 2178 2135 2181 ’

250 2242 538 2282 CONCLUSIO.
555 2264 601 2270 —
617 2241 806 2284 Christus
819 2242 1155 2284 resurrectionem
1168 2251 1291 2282 suam
1307 2238 1556 2281 testimoniis
1573 2237 1783 2290 signisque
1796 2237 1843 2277 in
1857 2248 1932 2278 suo
1949 2247 2096 2288 genero
2120 2244 2125 2275 ’.
2162 2283 2166 2288 ,

201 2297 503 2337 sufficientibus
525 2297 716 2338 ostendit.
2126 2295 2129 2324 3

257 2360 529 2417 Respondeo
564 2361 814 2405 dicendum
848 2361 975 2419 quod
1014 2360 1223 2406 Christus
1259 2356 1649 2404 resurrectionem
1683 2367 1818 2401 suam
1849 2355 2097 2413 dupliciter
2112 2398 2128 2407 ,,
2156 2375 2158 2377 >

202 2421 529 2470 manifestavit
554 2421 728 2466 scilicet
751 2423 1017 2467 testimonio
1038 2427 1086 2468 et
1107 2426 1403 2479 argumento,
1426 2419 1526 2464 sive
1547 2418 1700 2475 sign03
1718 2422 1766 2463 et
1783 2422 1981 2475 utraque
1999 2429 2092 2463 ma·
2118 2427 2125 2442 ⁷

201 2483 462 2529 nifestatio
449 2497 497 2527 1n
518 2496 605 2528 suo
620 2495 789 2540 genere
806 2485 896 2529 fuit
914 2484 1169 2529 sufficiens.
1186 2486 1266 2529 Est
1283 2483 1408 2528 enim
1422 2493 1541 2526 usus
1557 2479 1729 2538 duplici
1753 2479 2018 2525 testimonio
2033 2480 2094 2528 ad
2109 2483 2118 2510 ’-

201 2545 588 2591 manifestandam
610 2558 745 2590 suam
773 2546 1161 2591 resurrectionem
1190 2543 1443 2600 discipulis,
1474 2553 1675 2599 quorum
1701 2545 1920 2586 neutrum
1941 2545 2124 2599 potestn

200 2608 383 2653 refelli.
372 2620 383 2629 ·
409 2619 608 2664 quorum
626 2607 830 2664 primum
858 2612 931 2653 est
962 2607 1274 2654 testimonium
1293 2605 1582 2662 angelorum,
1611 2603 1691 2661 qui
1715 2603 1988 2649 mulieribus
2015 2616 2111 2654 re-

200 2670 536 2716 surrectionem
561 2670 972 2725 annuntiaverunt‚
996 2674 1050 2716 ut
1070 2673 1197 2726 patet
1215 2680 1299 2726 per
1326 2679 1492 2712 omnes
1519 2665 1828 2722 evangelistas
1851 2666 1940 2722 (5)·
1929 2700 1942 2722 ,
1965 2665 2107 2715 aliud=

200 2738 355 2778 autem
378 2737 451 2777 est
470 2732 783 2776 testimonium
800 2732 1156 2790 scripturarum,
1180 2743 1298 2789 quas
1314 2730 1414 2787 ipse
1432 2728 1672 2786 proposuit
1694 2728 1753 2773 ad
1775 2727 2137 2775 ostensionem

200 2807 298 2840 suae
314 2794 681 2852 resurrectionis,
702 2799 757 2839 ut
773 2793 942 2839 dicitur
973 2797 1097 2850 (Luc.
1128 2793 1248 2848 ult..)
1271 2795 1555 2849 Argumenta
1582 2790 1723 2835 etiam
1743 2789 1934 2834 fuerunt
1954 2790 2155 2846 sulii-..1

199 2856 367 2902 cientia
385 2856 444 2901 ad
459 2856 798 2902 ostendendam
813 2868 975 2903 veram
993 2856 1400 2912 resurrectionem,
1407 2858 1455 2899 et
1463 2853 1731 2911 gloriosam.
1734 2851 1922 2906 —Quod
1936 2857 2089 2901 autem
2103 2851 2165 2930 (2323,

197 2920 338 2965 fuerit
354 2931 465 2964 vera
482 2919 779 2975 resurrectio,
810 2919 1014 2965 ostendit
1034 2932 1133 2964 uno
1156 2918 1297 2965 modo
1323 2930 1381 2963 ex
1398 2920 1532 2974 parte
1556 2914 1795 2973 corporis3
1822 2913 1945 2960 circa
1965 2912 2110 2973 quod?
2116 2919 2164 2963 fs‘

240 3058 283 3101 (4)
298 3056 456 3092 Nesciens
481 3059 596 3091 tamen
620 3055 759 3098 quinam
789 3058 912 3098 essent,
930 3055 984 3090 vel
1011 3055 1100 3098 quod

197 3105 308 3146 angeli
337 3108 468 3146 essent,
493 3104 548 3141 sed
581 3104 737 3139 homines
769 3105 884 3146 potius
907 3105 1102 3139 existimans

196 3154 311 3196 quales
329 3153 435 3187 oculis
456 3152 671 3194 apparebant·
691 3153 779 3186 Hinc
794 3152 912 3195 (Hebn
936 3161 1012 3193 ¹111,
1034 3152 1067 3195 2)
1090 3164 1100 3187 2

196 3202 500 3246 Hospitalitatem
525 3202 642 3236 nolite
671 3201 839 3236 oblivisci
870 3213 880 3234 ε
909 3212 978 3245 per
1005 3201 1102 3236 hano

197 3252 295 3286 enim
314 3251 506 3285 latuerunt
534 3249 687 3294 quidam
704 3249 841 3293 „anqeli
865 3250 1024 3294 hospitio
1045 3259 1102 3285 re-

197 3300 306 3342 cepti.

237 3347 280 3389 (2)
300 3346 342 3380 Ut
360 3344 449 3379 infra
467 3357 527 3379 suo
543 3343 617 3378 loco
642 3345 677 3379 in
709 3345 943 3387 supplemento
967 3344 1100 3380 notabi—

197 3400 266 3437 tur,
283 3395 359 3429 cum
372 3393 412 3427 de
425 3392 689 3434 proprietatibus
705 3394 854 3437 corporis
869 3393 1008 3435 gloriosi
1023 3404 1098 3433 age-

197 3441 251 3478 tur
265 3444 392 3484 (quaest.
410 3449 533 3484 Lxxxv,
548 3444 613 3475 art.
632 3441 678 3482 i).

238 3494 279 3534 (5)
298 3492 353 3527 Sic
368 3492 457 3527 enim
474 3490 522 3524 ibi
546 3502 620 3531 cap.
634 3498 757 3532 xxvul,
780 3490 804 3524 2
825 3504 833 3525 :
850 3490 1010 3534 Angelus
1028 3489 1097 3524 De-

2094 2966 2165 3031 Ξ*

2159 3098 2164 3106 ‹
2146 2996 2164 3078 Ἅιι

1185 3055 1280 3090 mini
1297 3054 1485 3090 descendit
1506 3053 1551 3088 de
1568 3052 1656 3088 coelo
1681 3054 1716 3088 et
1736 3050 1910 3086 accedens
1934 3034 2132 3105 0600108ῗ

1187 3103 1352 3148 lapidem
1361 3106 1396 3139 et
1408 3102 1555 3138 sedebat
1570 3110 1685 3145 super
1702 3110 1798 3141 omn,
1811 3102 1877 3135 ete.

1225 3154 1235 3195 (
1239 3152 1270 3194 4)
1284 3152 1400 3195 Quoad
1408 3150 1610 3193 sapientiam
1622 3160 1757 3190 nempe,
1775 3159 1844 3182 non
1855 3146 1964 3189 quoad
1977 3142 2084 3184 Chr-

1186 3207 1272 3241 tum,
1298 3201 1365 3236 nisi
1393 3199 1555 3243 quatenus
1579 3197 1725 3233 indicari
1759 3195 1897 3232 nomine
1915 3194 2118 3238 sapientia

1185 3249 1415 3291 praesumitur.

1227 3298 1271 3338 (5)
1288 3296 1410 3333 Matth.
1433 3303 1556 3336 xxvm,
1570 3294 1605 3334 5,
1624 3293 1733 3329 Marc.
1747 3300 1828 3335 ΧΠ,
1842 3293 1876 3334 5,
1892 3292 1975 3328 Luc·
1989 3299 2078 3335 xxiv,
2108 3291 2111 3293 ’

1185 3346 1344 3388 4,.101111.
1375 3347 1489 3379 autem
1515 3351 1561 3378 xx
1595 3340 1835 3383 aequivalenter
1862 3343 1896 3375 et
1919 3337 2082 3381 implicite

1184 3395 1319 3428 tantum
1337 3403 1424 3429 vers.
1444 3392 1485 3427 ⁴5
1500 3391 1578 3426 ciim
1591 3389 1742 3432 ploranti
1763 3387 1878 3425 Maria
1894 3386 1959 3423 (1110
1973 3383 2080 3429 anzeli
2126 3392 2135 3426 J
2147 3390 2156 3395 “’

1184 3441 1334 3478 dicunt:
1351 3440 1504 3482 Mulier,
1521 3439 1613 3482 quid
1627 3438 1787 3484 ploras?
2142 3447 2144 3450 ’

2119 3362 2151 3390 -2
2106 3023 2162 3350 2³53*''''‘·*.’<‘5'³iz*=—

2166 3606 2170 3644 i

2056 3650 2170 3808 a!
