2170 3808
1788 12 1792 19 .
1839 4 1846 13 1
1882 9 1886 12 »
1949 0 1960 4 ”“
1966 0 2012 35 <5:¹-
2017 0 2036 16 '''‚
2044 0 2170 23 FQU'W

1973 21 1980 26 >
1998 23 2002 25 >
2030 22 2036 28 ⁴
2111 26 2128 39 Μ
2157 26 2170 36 ,ι

210 183 294 227 444
688 221 691 225 ,
888 183 1088 236 QuAEsr.
1115 182 1200 239 Lu,
1228 185 1345 229 ΛΒΤ.
1375 186 1426 231 v,

210 263 479 321 corporalis,
498 267 546 308 et
570 262 778 308 exclusio
797 262 824 307 a
846 262 942 308 vita
964 263 1139 321 gloriae,
1155 270 1210 309 ut
1238 270 1364 322 patet
1387 278 1443 310 ex
1467 267 1539 312 his
1558 279 1662 324 quae
1681 266 1896 312 dicuntur
1913 269 2039 323 (Gen.
2064 281 2095 313 n

211 328 260 372 et
273 328 366 382 111),
392 336 500 369 nam
529 327 651 370 Deus
678 324 915 371 hominem
957 326 1014 371 de
1046 326 1264 383 paradiso
1295 331 1401 384 post
1431 335 1671 385 peccatum
1703 328 1853 387 ejecit,
1876 329 1954 374 cui
1987 334 2096 377 ante

208 391 453 445 peccatum
482 391 680 432 mortem
707 386 860 433 fuerat
877 387 1204 444 comminatuS,
1229 387 1268 433 si
1288 398 1516 445 peccaret.
1540 392 1594 435 Et
1618 389 1723 437 ideo
1750 390 1958 436 Christus
1985 392 2097 438 des-

208 447 417 496 cendens
447 449 505 494 ad
536 448 711 494 inferos
731 449 901 495 virtute
922 462 1021 494 suae
1055 450 1291 507 passionis
1312 450 1373 495 ab
1389 451 1478 498 hoc
1498 457 1631 498 reatu
1664 457 1853 498 sanctos
1882 453 2093 514 absolvit,

206 521 304 583 fluo
322 514 456 556 erant
479 509 508 555 a
524 510 620 556 vita
640 510 798 568 gloriae
819 511 1014 568 exclusi,
1036 516 1086 557 ut
1106 516 1298 569 possent
1317 514 1460 557 Deum
1477 526 1562 571 per
1586 514 1837 560 essentiam
1853 514 2029 572 videre,
2045 514 2096 561 in

200 583 304 631 {quo
331 572 545 618 consistit
577 574 782 631 perfecta
797 573 1000 619 hominis
1027 572 1281 630 beatitudO,
1305 573 1426 619 utin
1453 576 1658 621 secunda
1677 581 1808 634 parte
1830 576 2007 621 dictum
2024 581 2096 623 est

210 635 245 689 (1
269 636 313 691 2,
328 645 411 693 qu.
432 649 494 693 111,
519 640 605 681 art.
626 637 683 691 8).
702 638 786 681 Per
807 637 896 681 hoc
916 639 1073 682 autem
1093 636 1242 681 sancti
1271 640 1428 692 patres
1457 636 1786 684 detinebantur
1816 637 1865 683 in
1895 638 2094 697 inferno,

211 694 335 752 quod
374 695 443 742 eis
489 697 549 743 ad
579 697 721 742 vitam
745 697 904 754 gloriae
938 701 1128 754 propter
1148 702 1392 754 peccatum
1421 698 1557 756 primi
1582 698 1788 757 parentis
1816 698 1971 744 aditus
2001 711 2092 745 non

207 757 410 814 patebat.
429 761 482 805 Et
500 759 567 805 sic
597 759 804 804 Christus
832 759 1125 804 descendens
1147 761 1206 804 ad
1241 759 1430 817 inferos,
1460 766 1649 806 sanctos
1666 768 1823 819 patres
1846 761 1906 806 ab
1934 759 2095 808 inferis

206 817 435 866 liberavit.
460 824 513 867 Et
528 823 616 867 hoc
635 827 707 867 est
729 822 852 879 quod
878 821 1047 866 dicitur
1068 822 1270 876 (zachar.
1292 836 1350 878 ix,
1373 823 1416 876 2)
1438 838 1450 866 ι
1475 827 1540 867 Tu
1565 826 1669 868 vero
1690 827 1741 867 tn
1761 825 1981 880 sanquine
2013 827 2096 868 tes·
2145 847 2163 890 κῃ

208 884 398 930 tumenti
419 887 487 929 tui
503 885 703 929 eduoeistz’
723 889 895 929 vinctos
911 885 967 929 de
991 886 1095 930 lacu
1120 889 1192 940 (1),
1216 889 1266 930 in
1278 899 1364 942 quo
1384 899 1476 930 mm
1491 891 1592 938 erat
1609 901 1748 944 aqua.
1767 890 1822 933 Et
1836 885 2025 940 (ColoSS.
2045 900 2092 952 11,
2142 912 2170 942 ς

206 948 277 1001 15)
299 946 484 1007 dicitur,
510 948 637 1005 quod
669 949 910 1006 expolians
939 951 1235 1006 principat-us
1263 953 1307 993 et
1333 953 1595 1007 potestates,
1618 951 1795 996 scilicet
1822 949 2093 1008 infernales,

206 1008 459 1056 auferendo
497 1009 742 1068 Abraham,
771 1013 914 1070 Isaac,
944 1014 992 1056 et
1020 1010 1177 1069 Jacob,
1202 1015 1251 1057 et
1274 1015 1467 1057 caeteros
1492 1011 1663 1070 justos,
1684 1013 1899 1058 traduxit
1920 1025 2010 1070 εοε,
2045 1012 2095 1059 id
2139 1038 2157 1075 4-

205 1076 293 1176 elst,
318 1071 495 1129 «longe
514 1072 573 1117 ab
595 1074 684 1118 hoc
707 1085 854 1131 regno
877 1072 1178 1119 tenebrarum
1199 1072 1260 1119 ad
1280 1072 1454 1119 coelum
1481 1073 1632 1131 duxit,
1655 1094 1675 1115 ι»
1698 1080 1752 1121 ut
1772 1075 1931 1120 Glossa
1958 1073 2094 1132 (ord.)

205 1130 218 1174 i
254 1130 376 1178 idem
398 1134 509 1180 dicit
526 1137 570 1190 (2
592 1167 602 1177 .

258 1193 324 1240 Ad
356 1199 552 1252 primum
571 1138 692 1253 )ergo
713 1196 979 1254 dicendum,
997 1196 1124 1255 quod
1144 1197 1431 1254 Augustinus
1459 1197 1523 1243 ibi
1544 1197 1748 1255 loquitur
1769 1203 1932 1243 contra
1949 1210 2094 1257 quos·

203 1254 311 1300 dam
328 1256 407 1314 qui
421 1257 716 1303 aestimabant
732 1259 949 1316 antiquos
957 1259 1112 1317 justos
1129 1266 1238 1304 ante
1254 1260 1505 1305 adventum
1524 1260 1746 1305 Christiin
1767 1260 1950 1306 inferno
1965 1260 2094 1306 dolo·
2143 1264 2154 1302 J

202 1317 332 1364 ribus
349 1331 596 1377 poenarum
618 1320 766 1367 fuisse
787 1322 1038 1379 subjectos.
1054 1323 1184 1368 Unde
1207 1323 1499 1378 parum-ante
1512 1323 1656 1368 verba
1677 1322 1868 1369 inducta
1890 1323 2094 1380 praemit-

203 1378 274 1435 tit,
294 1379 455 1427 dicens
476 1397 487 1428 ι
513 1399 534 1421 «
554 1382 742 1428 Addunt
755 1383 944 1440 quidam
962 1384 1053 1429 hoc
1074 1383 1353 1430 beneficium
1375 1385 1580 1442 antiquis
1600 1384 1740 1430 etiam
1756 1385 1929 1430 sanctis
1947 1385 2094 1432 fuisse

202 1454 497 1504 concessum,
521 1450 575 1490 ut
592 1445 701 1490 cum
723 1446 944 1491 Dominus
966 1447 1015 1490 in
1037 1447 1274 1492 infernum
1290 1448 1512 1503 venisset,
1531 1446 1561 1492 a
1581 1446 1820 1492 doloribus
1853 1447 2094 1493 solveren-

204 1507 295 1549 tur.
318 1505 408 1551 Sed
421 1519 625 1564 quonam
643 1507 782 1552 modo
796 1508 1082 1564 intelligatur
1099 1509 1344 1566 Abraham,
1365 1509 1413 1553 in
1429 1509 1567 1566 cujus
1581 1509 1738 1554 sinum
1756 1508 1897 1554 etiam
1915 1521 2094 1566 pauper
2148 1514 2151 1571 J

202 1564 280 1610 ille
298 1568 358 1623 (3)
378 1573 628 1625 susceptus
644 1573 731 1621 est,
748 1569 797 1614 in
816 1569 908 1615 illis
927 1570 1095 1615 fuisset
1117 1571 1371 1628 doloribuS,
1395 1582 1484 1628 ego
1502 1570 1691 1627 quidem
1709 1583 1803 1615 non
1820 1570 1972 1616 video.
1999 1590 2020 1610 ι»
2040 1574 2095 1618 Et

200 1626 306 1672 ideo
321 1631 430 1674 cum
457 1636 620 1686 postea
637 1630 812 1688 subdit,
839 1649 859 1670 «
881 1643 933 1676 se
954 1632 1163 1676 nondum
1188 1631 1425 1676 invenisse
1444 1630 1556 1688 quid
1574 1632 1829 1677 descensus
1849 1631 2015 1677 Christi
2033 1633 2092 1680 ad
2154 1639 2156 1644 ’

200 1689 374 1736 inferos
394 1692 600 1748 antiquis
609 1692 752 1750 justis
769 1693 1031 1747 contulerit,
1060 1713 1080 1733 »
1105 1693 1462 1750 intelligendum
1480 1698 1552 1739 est
1576 1697 1803 1751 quantum
1826 1694 1886 1739 ad
1903 1694 2094 1741 absolu-
2148 1697 2154 1701 ”

111 1769 114 1772 ·
201 1750 376 1798 tionem
400 1752 430 1798 a
447 1753 686 1799 doloribus
704 1767 969 1811 poenarum.
991 1755 1192 1806 Contulit
1214 1760 1372 1801 tamen
1393 1755 1461 1800 eis
1479 1757 1707 1814 quantum
1716 1755 1782 1801 ‘ad
1803 1756 2093 1814 adeptionem
2156 1759 2170 1814 ἶ

200 1812 386 1871 gloriae3
410 1820 456 1861 et
484 1829 568 1873 per
598 1829 893 1875 consequens
929 1817 1067 1863 solvit
1097 1830 1260 1863 eorum
1298 1817 1524 1875 dolorem,
1543 1830 1684 1876 quem
1717 1817 2015 1875 patiebantur
2033 1831 2089 1865 ex

199 1875 419 1922 dilatione
438 1877 598 1934 gloriae
621 1894 632 1925 z
652 1890 711 1923 ex
728 1879 865 1937 cujus
880 1884 1034 1925 tamen
1055 1892 1139 1938 spe
1157 1892 1381 1937 magnum
1405 1880 1630 1936 gaudium
1647 1880 1897 1941 habebant,
1919 1881 2092 1926 'secun-
2163 1888 2170 1932 ξ

200 1937 313 1983 dum
330 1939 447 1985 illud
467 1943 612 1995 (Joan.
634 1955 725 1999 vni,
748 1944 819 1998 56)
846 1957 858 1987 t
881 1942 1121 1987 Abraham
1133 1947 1270 2000 pater
1294 1946 1438 1987 vester
1452 1943 1683 1987 exultavit
1699 1945 1753 1986 ut
1773 1943 1949 1988 videret
1972 1944 2092 1989 diem
2147 1944 2170 1997 2³51

199 2014 361 2047 meum.
384 2005 438 2047 Et
458 2003 562 2049 ideo
580 2004 739 2050 subdit
760 2021 771 2049 :
795 2022 814 2042 α
838 2007 874 2050 Α
891 2004 1062 2062 quibus
1079 2017 1189 2050 eum
1218 2004 1475 2050 secundum
1507 2004 1769 2050 beatificam
1795 2005 2092 2063 praesentiam

198 2074 296 2108 suae
338 2064 593 2111 divinitatis
635 2064 875 2124 nunquam
907 2065 1042 2111 video
1085 2067 1356 2126 recessisse,
1383 2085 1404 2106 υ
1445 2067 1725 2123 inquantum
1767 2066 1944 2113 scilicet
1982 2072 2092 2115 ante

198 2125 453 2195 adventum
481 2127 645 2173 Christi
665 2133 799 2174 erant
817 2128 940 2173 beati
972 2128 1021 2172 in
1049 2141 1148 2188 spe,
1173 2129 1280 2174 licet
1305 2129 1515 2175 nondum
1547 2134 1706 2174 essent
1737 2129 1938 2188 perfecte
1967 2129 2089 2175 beati
2130 2130 2170 2193 fii,-

198 2199 246 2231 in
262 2200 328 2232 re.
1287 2210 1290 2215 r
2063 2229 2066 2232 Α

252 2249 320 2294 Ad
338 2252 582 2295 secundum
595 2252 863 2309 dicendum,
880 2253 1006 2310 quOd
1026 2253 1176 2298 sancti
1187 2258 1360 2310 patres,
1378 2254 1490 2299 dnm
1506 2253 1660 2299 adhuc
1673 2253 1899 2308 viverent,
1908 2253 2091 2300 liberati

197 2310 389 2356 fuerunt
409 2324 493 2369 per
509 2310 650 2359 fidem
667 2315 831 2359 Christi
847 2315 906 2359 ab
920 2316 1046 2359 omni
1063 2320 1256 2372 peccato
1277 2320 1371 2360 tam
1392 2315 1605 2372 originali
1627 2315 1770 2373 quam
1792 2313 1978 2372 actuali,
1998 2320 2044 2361 et
2063 2317 2091 2362 a

197 2378 329 2419 reatu
366 2386 519 2431 poenae
539 2377 791 2421 actualium
816 2382 1130 2434 peccatorum,
1151 2391 1246 2423 non
1279 2382 1436 2423 tamen
1460 2378 1489 2422 a
1506 2381 1640 2423 reatu
1672 2390 1825 2435 poenae
1852 2376 2093 2435 originalis
2124 2373 2140 2441 fif

197 2436 390 2493 peccati,
411 2448 495 2493 per
515 2450 656 2495 quem
675 2439 1045 2484 excludebantur
1064 2441 1092 2483 a
1107 2439 1271 2495 gloria,
1297 2441 1507 2485 nondum
1536 2440 1690 2485 soluto
1700 2440 1848 2498 pretio
1870 2440 2090 2499 redemp-
2115 2436 2131 2486 ,”
2144 2466 2155 2482 ,η

198 2497 338 2543 tionis
367 2498 609 2556 humanae3
641 2500 764 2545 sicut
777 2500 917 2545 etiam
935 2514 1061 2545 nunc
1082 2501 1243 2546 fideles
1261 2502 1423 2547 Christi
1444 2501 1700 2547 liberantur
1710 2501 2089 2559 perbaptismum
2120 2503 2124 2541 ‚¹

197 2559 226 2604 a
242 2565 374 2606 reatu
409 2562 661 2607 actualium
696 2569 1006 2622 peccatorum,
1031 2569 1078 2609 et
1110 2563 1138 2607 a
1166 2568 1299 2609 reatu
1323 2563 1564 2621 originalis
1584 2567 1814 2622 quantum
1836 2565 1897 2610 ad
1931 2567 2088 2613 exclu-
2122 2568 2150 2624 :J

197 2624 376 2669 sionem
399 2624 427 2668 a
445 2625 610 2682 gloria,
633 2631 876 2672 remanent
898 2631 1055 2672 tamen
1085 2627 1237 2673 adhuc
1265 2627 1457 2684 obligati
1488 2631 1623 2673 reatu
1640 2627 1880 2684 originalis
1910 2631 2088 2687 peccati
2126 2639 2131 2684 ζ

196 2686 425 2742 quantum
436 2686 496 2731 ad
512 2688 836 2733 necessitatem
847 2688 1144 2746 corporaliter
1155 2688 1400 2743 moriendi,
1413 2689 1523 2747 quia
1532 2694 1817 2735 renovantur
1828 2692 2087 2739 secundum
2127 2694 2161 2748 22,-

193 2748 427 2805 spiritum,
452 2749 536 2795 sed
561 2751 768 2795 nondum
789 2751 1049 2796 secundum
1066 2764 1274 2807 carnem,
1289 2752 1549 2797 secundum
1565 2751 1683 2798 illud
1710 2754 1855 2808 (Rom.
1877 2767 1966 2812 vm,
1988 2758 2084 2810 10);
2123 2749 2170 2814 5³⁵}ss

197 2813 375 2869 Corpus
397 2814 580 2868 quidem
607 2816 834 2858 mortuum
855 2818 923 2858 est
936 2817 1129 2873 propter
1150 2817 1401 2871 peccatum,
1425 2816 1616 2871 spiritus
1638 2815 1743 2859 vero
1764 2817 1876 2859 vivit
1898 2821 2089 2875 propter
2130 2818 2170 2877 'gi

189 2873 582 2931 justificationem.
1883 2911 1886 2913 v

250 2934 317 2980 Ad
341 2938 528 2980 tertium
551 2935 818 2995 dicendum,
842 2937 969 2994 quod
988 2938 1145 2983 statim
1162 2937 1342 2983 Christo
1357 2942 1555 2982 mortem
1576 2937 1797 2996 patiente,
1816 2939 1973 2984 anima
1985 2940 2085 2997 ejus
2168 2964 2170 2966 ·

197 2997 255 3041 ad
269 2997 504 3043 infernum
517 2999 773 3058 descendit,
790 3004 837 3046 et
851 3012 949 3045 suae
963 3000 1195 3061 passion-is
1208 3000 1411 3045 fructum
1425 2999 1630 3045 exhibuit
1646 3001 1821 3046 sanctis
1838 3002 1887 3047 in
1906 3002 2084 3049 inferno
2149 3042 2154 3047 .

198 3058 425 3118 detentis3
446 3062 661 3118 quamvis
682 3074 741 3106 ex
763 3062 866 3107 loco
884 3062 964 3106 illo
988 3075 1078 3107 non
1106 3063 1320 3119 exierint,
1343 3062 1522 3107 Christo
1541 3062 1666 3119 apud
1690 3063 1865 3108 inferos
1884 3076 2082 3110 commo-

196 3125 354 3177 rante3
381 3123 490 3179 quia
506 3123 609 3180 ipsa
629 3124 793 3169 Chr1sti
814 3125 1061 3182 praesentia
1083 3125 1344 3182 pertinebat
1369 3125 1427 3169 ad
1451 3124 1694 3170 cumulum
1716 3125 1890 3181 gloriae.
2100 3127 2138 3171 -J

239 3259 449 3302 (UVulgata,
462 3263 616 3296 emisisti
627 3263 766 3296 vinctos
778 3267 856 3298 tuos
868 3263 911 3298 de
921 3264 1020 3303 lacu,
1029 3267 1092 3297 etc.
1181 3267 1278 3302 tara,
1293 3264 1491 3311 Redempta
1500 3262 1600 3305 plebs
1617 3265 1815 3304 captivata,
1831 3264 1991 3299 Reddita
2000 3265 2078 3302 vita

238 3309 282 3351 (2)
306 3309 402 3351 Quod
428 3309 574 3343 Ecclesia
604 3309 658 3343 his
682 3309 792 3345 verbis
814 3310 1001 3350 proclamat
1024 3322 1032 3344 :
1065 3311 1095 3345 Ο
1179 3313 1354 3352 Proemia.
1571 3332 1573 3335 ⁴

197 3358 278 3392 ver&
291 3357 406 3401 digna
421 3357 553 3396 hostia,
569 3358 642 3391 Per
651 3368 759 3401 quam
776 3358 898 3400 fracta
914 3362 1000 3393 sunt
1011 3359 1096 3393 Tar·
1218 3359 1395 3400 (5)Nempe
1406 3358 1612 3393 Lazarusille
1623 3359 1680 3400 qui
1692 3358 1989 3395 describitur-(Luc.
1999 3357 2078 3400 xvi)-
