2170 3808
829 182 1027 235 QUAEST.
1059 180 1171 225 LXI-.
1873 175 1950 218 511

72 265 210 310 etiam
239 263 467 320 contingit
484 260 658 317 aliquid
673 261 859 318 opponi,
883 259 1009 318 quod
1030 265 1100 304 est
1123 257 1441 315 corruptivum
1460 255 1601 301 debiti
1621 255 1816 310 sensu83
1843 253 1955 326 puta

71 325 110 371 si
132 325 300 382 aliquis
319 325 469 371 dicat:
490 327 585 380 qu
613 327 657 367 le
668 323 855 379 baptizo
883 326 933 365 in
969 325 1144 365 nomine
1165 322 1319 363 Patris
1338 320 1542 374 majoris,
1561 320 1605 361 et
1622 316 1735 359 Filii
1750 318 1954 385 minoris>-²

73 387 194 433 sicut
207 385 362 432 Ariani
381 383 693 442 baptizabant3
710 389 756 429 et
773 383 876 429 ideo
893 383 998 429 talis
1016 381 1189 427 additio
1203 380 1319 425 tollit
1335 380 1579 425 veritatem
1596 380 1888 424 sacramenti.
1911 377 1953 420 S1

71 448 181 493 vero
199 448 260 493 sit
281 447 385 493 talis
406 445 595 503 additio,
613 458 719 504 quae
737 458 830 490 non
845 445 1023 490 auferat
1041 443 1249 489 debitum
1267 453 1476 495 sensum,
1492 453 1588 485 non
1607 439 1783 485 tollitur
1800 450 1955 484 sacra-

63 509 214 555 menti
254 509 441 555 veritas.
470 510 561 553 Nec
595 507 735 552 refert
767 508 926 552 utrum
960 506 1063 551 talis
1098 504 1270 549 additio
1309 502 1391 547 fiat
1433 502 1484 546 in
1518 501 1762 559 principio,
1801 499 1876 544 vel
1906 498 1954 543 in

71 571 240 625 medio,
263 570 339 615 vel
353 569 402 615 in
422 569 542 615 fine:
563 573 617 613 ut
634 569 674 613 si
697 569 865 627 aliquis
880 568 1001 613 dicat
1026 581 1037 611 :
1058 571 1155 623 qu
1179 569 1222 609 te
1238 566 1418 621 baptizo
1432 566 1480 606 in
1501 565 1677 606 nomine
1697 564 1782 606 Dei
1798 562 1954 606 Patris

70 634 401 689 omnipotentis,
419 633 465 676 et
486 631 596 675 Filii
617 634 715 688 ejus
731 633 968 688 uniqenila
986 633 1029 673 et
1043 630 1242 685 Spiriti‘cs
1259 627 1411 670 sancti
1429 625 1668 682 paracliti,
1688 624 1775 669 erit
1791 634 1954 668 verum

69 692 326 751 baptisma3
351 697 399 738 et
427 691 636 738 similiter
657 692 697 738 si
725 692 830 749 quis
856 692 976 738 dicat
1000 703 1013 734 :
1037 695 1133 746 qu
1153 693 1196 733 te
1229 689 1408 746 baptizo
1440 688 1489 729 in
1522 687 1700 729 nomine
1718 687 1892 756 Iffatris,
1912 688 1953 728 et

70 755 201 810 Filii,
217 758 262 798 et
294 755 496 812 Spiritas
527 756 707 810 sancti,·
731 758 775 797 et
796 757 849 798 B.
876 756 1014 809 Virqo
1037 756 1078 796 ie
1098 751 1310 807 adJuvet3
1337 747 1424 794 erit
1445 759 1609 793 verum
1630 746 1877 804 baptisma.
1899 770 1950 778 .„

71 815 199 862 Forte
221 819 377 861 autem
399 815 439 860 si
458 814 662 860 diceret:
684 820 779 873 qu
808 819 848 859 te
880 815 1058 871 baptizo
1074 817 1122 856 in
1142 815 1318 856 nomine
1336 813 1506 865 Patris,
1534 816 1576 853 et
1589 809 1720 862 Filii,
1743 812 1788 852 et
1803 811 1952 865 Spiri-

73 879 143 922 tzzs
159 878 326 933 sancti,
343 879 387 921 et
407 879 459 921 B.
487 878 690 933 Virqinis
710 879 886 929 Μανία,
909 888 1002 920 non
1025 879 1148 919 esset
1168 874 1445 931 baptismus,
1462 871 1571 928 quia
1593 870 1761 915 dicitur
1778 871 1827 927 (1.
1851 872 1951 915 Cor.

73 948 100 994 Ι,
119 939 189 992 13)
219 951 230 981 :
253 938 486 994 Numquid
507 938 680 980 Pau-lus
700 951 786 994 pro
804 937 923 981 vobis
941 937 1186 991 crucifixus
1207 938 1289 991 est,
1312 937 1393 978 aut
1411 937 1461 976 in
1483 935 1661 977 nomine
1685 931 1820 975 Pauli
1844 931 1953 1001 ὀρρ-

71 1001 203 1043 tiz-zati
235 998 373 1043 estis?
407 998 497 1045 Sed
528 999 617 1044 hoc
638 1012 803 1044 verum
826 1003 912 1054 est,
933 997 974 1043 si
1007 998 1075 1043 sic
1104 995 1389 1052 intelligatur
1407 995 1457 1040 in
1477 995 1666 1039 nomine
1687 996 1736 1038 Β.
1754 994 1952 1063 Virginis

69 1059 307 1119 baptizari,
337 1060 458 1107 sicut
485 1060 536 1106 in
571 1061 761 1106 nomine
788 1060 1037 1115 TrinitatiS‚
1074 1071 1167 1116 quo
1199 1058 1461 1115 baptismus
1492 1062 1792 1101 consecratur
1815 1070 1825 1099 ε
1847 1054 1952 1100 tahs

70 1121 194 1166 enim
205 1134 376 1168 sensus
387 1126 512 1168 esset
526 1123 787 1168 contrarius
801 1135 924 1167 verae
937 1120 1060 1177 fidei,
1073 1125 1208 1177 etper
1218 1130 1512 1176 consequens
1526 1117 1707 1162 tolleret
1714 1117 1952 1162 veritatem

69 1184 364 1230 sacramenti.
395 1185 440 1230 Si
461 1185 572 1230 vero
595 1184 663 1230 sic
680 1184 963 1240 intelligatur
985 1183 1109 1240 quod
1127 1181 1312 1226 additur
1333 1193 1346 1224 z
1370 1183 1430 1224 Ei
1460 1183 1510 1223 in
1527 1182 1702 1223 nomine
1717 1183 1770 1224 B.
1796 1181 1950 1236 Virqi·

69 1248 154 1301 nis,
179 1257 272 1290 non
301 1246 435 1304 quasi
470 1244 658 1290 nomine
689 1246 737 1288 B.
758 1243 953 1301 Virginis
976 1243 1150 1301 aliquid
1185 1246 1403 1298 operetur
1432 1240 1481 1285 in
1520 1240 1767 1298 baptismo,
1787 1241 1872 1286 sed
1900 1245 1951 1285 ut

69 1306 170 1363 eJus
192 1306 463 1352 intercessio
481 1306 627 1363 prosit
644 1305 872 1363 baptizato
902 1306 960 1350 ad
990 1304 1359 1350 conservandam
1388 1302 1583 1359 gratiam
1613 1302 1950 1359 baptismalem,

67 1378 162 1410 non
182 1367 358 1413 tollitur
375 1367 597 1425 perfectio
613 1368 889 1412 sacramenti
906 1369 979 1422 (1).

122 1428 189 1473 Ad
214 1433 412 1485 primum
444 1440 556 1486 ergo
579 1429 846 1488 dicendum,
866 1428 990 1486 quod
1023 1428 1081 1473 ad
1107 1427 1249 1473 verba
1282 1440 1426 1472 sacrae
1452 1427 1695 1484 scripturae
1724 1439 1819 1470 non
1848 1426 1952 1472 licet

69 1489 241 1546 aliquid
281 1504 513 1548 apponere
537 1492 765 1548 quantum
801 1492 861 1537 ad
899 1503 1113 1546 sensum3
1153 1491 1235 1536 sed
1270 1493 1498 1548 quantum
1527 1489 1585 1534 ad
1618 1489 1951 1545 expositionem

69 1562 212 1596 sacrae
239 1553 487 1610 scripturae
518 1554 666 1598 multa
696 1554 764 1599 eis
799 1553 943 1598 verba
968 1553 994 1597 a
1027 1552 1294 1598 doctoribus
1318 1556 1632 1609 apponuntur.
1662 1554 1760 1596 Non
1795 1556 1951 1597 tamen

68 1610 176 1656 licet
209 1613 348 1658 etiam
380 1613 521 1658 verba
551 1627 695 1659 sacrae
729 1614 973 1672 Scripturae
1004 1627 1236 1671 apponere
1269 1614 1333 1658 ita
1365 1613 1491 1670 qued
1520 1613 1735 1657 dicantur
1758 1625 1864 1659 esse
1896 1614 1950 1658 de

69 1671 333 1730 integritate
367 1686 511 1720 sacrae
542 1675 803 1733 Scripturae,
823 1676 931 1732 quia
959 1676 1045 1719 hoc
1067 1679 1191 1720 esset
1209 1674 1374 1720 vitium
1407 1674 1647 1731 falsitatis3
1671 1679 1718 1719 et
1744 1674 1954 1720 similiter

69 1733 109 1777 si
131 1734 237 1791 quis
255 1735 427 1781 diceret
444 1735 619 1793 aliquid
638 1748 741 1782 esse
761 1737 818 1782 de
841 1737 1116 1781 necessitate
1137 1737 1297 1781 formae
1312 1736 1436 1793 quod
1455 1747 1550 1779 non
1573 1740 1660 1780 est.

123 1795 191 1839 Ad
222 1797 464 1841 secundum
493 1796 760 1854 dicendum,
785 1798 909 1855 quod
933 1798 1074 1842 verba
1102 1798 1333 1854 pertinent
1355 1797 1412 1842 ad
1441 1796 1639 1841 sormam
1677 1798 1952 1842 sacramenti

69 1856 247 1903 ratione
275 1861 445 1904 sensus
469 1858 732 1916 significati.
760 1862 815 1904 Et
840 1859 943 1904 ideo
973 1871 1281 1917 quaecumque
1310 1859 1391 1904 fiat
1412 1859 1585 1905 additio
1607 1858 1682 1903 vel
1702 1859 1954 1905 subtractio

69 1918 334 1978 verborum,
355 1933 460 1978 quae
474 1933 567 1966 non
585 1922 725 1967 addat
743 1921 919 1979 aliquid
938 1927 1020 1966 aut
1035 1921 1279 1967 subtrahat
1296 1921 1452 1967 debito
1471 1920 1647 1974 sensui,
1666 1933 1761 1964 non
1783 1921 1954 1966 tollitur

69 1980 247 2036 species
269 1982 564 2028 sacramenti.

122 2040 191 2089 Ad
204 2044 386 2087 tertium
404 2043 670 2101 dicendum,
687 2043 813 2101 quod
828 2044 867 2088 si
890 2044 950 2088 sit
970 2050 1095 2089 tanta
1111 2044 1386 2101 interruptio
1401 2042 1650 2088 verborum
1673 2043 1798 2100 quod
1814 2044 1951 2089 inter-

71 2101 265 2159 cipiatur
290 2104 485 2149 intentio
517 2106 879 2163 pronuntiantis,
906 2106 1078 2150 tollitur
1100 2118 1269 2151 sensus
1290 2105 1582 2155 sacramenti,
1610 2109 1656 2149 et
1688 2118 1771 2161 per
1791 2118 1952 2151 conse-

71 2174 219 2221 quens
237 2166 407 2212 veritas
425 2167 555 2225 ejus;
586 2181 677 2212 non
704 2172 858 2213 autem
880 2168 1072 2223 tollitur,
1098 2168 1285 2225 quando
1309 2172 1381 2213 est
1405 2179 1549 2224 parva
1570 2166 1846 2224 interruptio
1875 2171 1951 2224 (2),

71 2235 174 2280 quae
195 2225 498 2272 intentionem
519 2228 797 2284 proferentis
819 2232 865 2273 et
884 2228 1172 2273 intellectum
1193 2227 1443 2273 verborum
1461 2240 1556 2272 non
1575 2228 1740 2273 aufert.
1758 2230 1811 2273 Et
1831 2229 1954 2274 idem

71 2290 139 2330 est
169 2287 306 2332 etiam
333 2288 583 2334 dicendum
605 2290 663 2334 de
689 2291 1051 2347 transpositione
1083 2290 1347 2347 verborum,
1376 2290 1484 2346 quia
1526 2289 1566 2334 si
1595 2289 1713 2334 tollit
1762 2302 1952 2337 sensum

70 2345 338 2415 locutionis,
356 2362 450 2394 non
470 2350 704 2407 perficitur
723 2358 1081 2406 sacramentum,
1103 2351 1223 2396 sicut
1243 2356 1371 2408 patet
1405 2351 1461 2397 de
1498 2351 1745 2408 negatione
1776 2364 1954 2410 praepo-

70 2411 173 2466 sita,
195 2409 268 2454 vel
291 2412 546 2467 postposita
587 2412 737 2469 signo.
773 2413 816 2457 Si
854 2419 1008 2457 autem
1043 2413 1102 2456 sit
1141 2413 1247 2458 talis
1285 2413 1582 2470 transpositio
1619 2425 1722 2469 quae
1761 2426 1952 2459 sensum

70 2468 316 2516 locutionis
343 2483 434 2516 non
457 2472 604 2517 variet
623 2476 698 2530 (3),
721 2486 815 2518 non
846 2475 1020 2518 tollitur
1041 2475 1210 2518 veritas
1227 2475 1520 2530 sacramenti,
1548 2474 1672 2531 quia,
1696 2476 1952 2520 secundum

71 2532 194 2586 quod
219 2533 522 2590 Philosophus
550 2534 661 2580 dicit
683 2536 778 2590 (lib.
798 2550 846 2593 ιι,
866 2549 967 2593 cap.
994 2541 1014 2581 1
1044 2537 1102 2581 ad
1120 2537 1235 2595 fin),
1257 2556 1277 2576 »
1301 2537 1492 2581 nomina
1514 2545 1560 2581 et
1578 2536 1720 2581 verba
1740 2542 1952 2595 transpo-

71 2590 159 2636 sita
175 2592 297 2638 idem
321 2594 599 2652 significant.
627 2615 647 2636 »

781 2699 1084 2763 QUAESTIO
1113 2701 1244 2753 LXI.

169 2804 231 2840 DE
260 2805 573 2843 NECESSITATE
605 2807 1031 2853 SACRAMENTORUM,
1067 2812 1115 2846 IN
1148 2812 1369 2854 QUATUOR
1399 2811 1657 2847 ARTICULOS
1688 2813 1856 2850 DlVlSA.

119 2885 272 2925 Deinde
285 2886 625 2928 considerandum
650 2891 708 2929 est
726 2889 774 2929 de
793 2892 1028 2931 necessitate
1043 2896 1410 2943 sacramentorum3
1434 2896 1474 2934 et
1488 2893 1593 2933 circa
1611 2893 1686 2934 hoc
1714 2901 1955 2946 quaeruntur

73 2943 245 2991 quatuor
265 2954 274 2980 :
300 2947 336 2980 1⁰
352 2942 499 2982 Utrum
518 2948 770 2984 sacramenta
792 2945 876 2985 sint
896 2949 1119 2987 necessaria
1145 2948 1197 2987 ad
1223 2948 1398 2987 salutem
1420 2947 1663 2988 humanam.
1683 2972 1727 2978 —
1749 2957 1787 2989 2⁰
1803 2952 1954 2994 Utrum

70 2994 224 3034 fuerint
246 2997 467 3036 necessaria
487 2997 531 3035 in
554 3001 662 3036 statu
682 3004 775 3040 ante
797 3004 1019 3050 peccatum.
1041 3023 1088 3030 -
1105 3008 1144 3041 3·
1165 3003 1314 3042 Utrum
1337 3003 1492 3042 fuerint
1518 3005 1740 3043 necessaria
1774 3007 1816 3045 in
1845 3010 1955 3048 statu

114 3112 157 3153 (l)
177 3112 242 3155 Qui
262 3114 339 3147 vero
355 3124 394 3148 ex
410 3113 577 3149 industria
594 3117 753 3156 corrupte
768 3116 896 3157 profert
915 3126 972 3151 aut
1054 3123 1261 3154 sternutaret
1284 3119 1337 3155 vel
1361 3119 1499 3156 tussiret
1521 3132 1560 3155 ac
1580 3122 1695 3157 statim
1721 3127 1794 3164 post
1814 3124 1952 3164 subjun-

71 3163 180 3194 mutat
191 3158 294 3194 verba
301 3159 418 3196 formae
429 3167 544 3202 peccat
552 3163 790 3204 mortaliter,si
800 3166 970 3205 corruptio
1054 3172 1148 3206 geret
1170 3177 1302 3212 corpus
1320 3178 1450 3202 meum.

71 3206 123 3242 vel
142 3207 283 3242 mutatio
296 3207 340 3243 sit
352 3209 529 3252 notabilis,
548 3210 680 3245 etiamsi
696 3210 802 3246 solnm
818 3213 969 3246 acciden-
1095 3214 1137 3255 (5)
1154 3214 1245 3248 Unde
1261 3214 1286 3248 si
1310 3214 1384 3255 quis
1403 3215 1493 3250 dicat
1511 3227 1520 3250 ε
1539 3216 1587 3251 In
1603 3218 1749 3252 nomine
1771 3218 1901 3252 Patr-is
1919 3220 1952 3252 el

70 3255 159 3296 talis,
172 3266 249 3290 nam
260 3258 485 3300 unusquisque
494 3259 651 3294 minister
663 3261 710 3294 sic
720 3264 856 3295 tenetur
864 3273 969 3295 sacra-
1053 3261 1149 3295 Filii
1167 3266 1199 3296 et
1217 3263 1387 3305 Spin-itas
1401 3265 1523 3298 sancti
1539 3268 1572 3299 le
1591 3275 1653 3308 eqo
1670 3266 1828 3309 baptizo,
1852 3266 1952 3306 perfi-

71 3308 185 3337 menta
206 3303 461 3346 administrare,
482 3307 649 3347 quomodo
675 3307 903 3348 praescribitur
932 3309 966 3342 in
1052 3309 1141 3343 citur
1167 3315 1442 3345 sacramentum:
1472 3311 1616 3346 dubium
1634 3314 1714 3348 vero
1742 3312 1828 3346 foret
1846 3313 1874 3345 si
1902 3313 1951 3346 di-

71 3351 229 3390 pastorali
248 3352 400 3388 Ecclesiae
416 3355 449 3387 in
462 3366 526 3395 qua
542 3355 725 3391 ministrat.
1051 3364 1185 3391 ceretur
1205 3369 1213 3390 :
1241 3357 1350 3398 Filii,
1367 3369 1428 3402 eqo
1446 3362 1478 3393 te
1490 3359 1636 3403 baptizo
1659 3361 1700 3394 in
1721 3361 1870 3395 nomine
1885 3360 1951 3395 Pa-

113 3398 158 3441 (2)
180 3399 222 3434 Ut
242 3411 276 3437 v.
300 3412 332 3439 g,
359 3401 386 3435 si
405 3402 558 3436 sacerdos
581 3404 655 3437 cum
681 3403 763 3438 dicit
784 3417 792 3437 :
814 3404 879 3439 hoc
901 3407 965 3445 ese,
1051 3407 1120 3440 tris
1137 3409 1170 3440 et
1186 3405 1356 3448 Spiricas
1375 3408 1509 3442 sancti.
