2170 3808
599 181 798 232 QUAEST.
827 181 985 234 XXXV,
1014 180 1132 222 ART.
1163 179 1180 221 1
1206 179 1272 222 ET
1300 179 1350 221 11.
1874 176 1960 221 285

123 269 167 311 3.
196 267 433 320 Praeterea,
455 261 572 307 illud
601 262 785 318 proprie
815 261 1020 305 nascitur
1052 260 1178 317 quod
1213 273 1296 316 per
1320 258 1604 304 nativitatem
1638 255 1803 313 incipit
1839 267 1958 300 esse.

71 326 160 373 Sed
180 323 569 384 pernativitatem
584 323 751 367 Christi
770 335 863 366 non
881 322 1074 378 incoepit
1092 333 1196 366 esse
1222 333 1423 378 persona
1445 319 1626 376 Christi,
1648 318 1730 363 sed
1755 317 1857 374 ejus
1876 317 1962 360 hu-

69 399 210 433 mana
222 389 410 431 natura.
427 387 545 441 Ergo
555 382 739 429 videtur
749 383 874 440 quod
885 382 1100 427 nativitas
1113 381 1298 438 proprie
1311 381 1540 438 pertineat
1555 380 1613 425 ad
1625 383 1855 434 naturam,
1866 389 1962 421 non

71 448 484 555 adsgzrig253⁰est
501 504 627 562 quod
657 507 968 550 Damascenus
989 503 1101 548 dicit
1118 503 1260 558 (Orth.
1285 500 1367 548 fid.
1388 503 1471 547 lib.
1496 516 1556 558 ιιι,
1579 515 1679 559 cap.
1702 504 1746 559 2,
1770 504 1797 546 3
1820 504 1868 546 et
1889 501 1933 555 6)
1947 513 1960 526 ·

75 570 326 615 «Nativitas
357 565 623 627 hypostasis
641 571 728 623 est,
753 579 847 611 non
872 570 1064 609 naturae.
1083 584 1104 603 »

119 636 409 678 CONCLUSIO.
422 658 472 664 —
485 634 704 684 Nativitas,
719 637 767 674 ut
782 633 977 685 subjecto,
995 630 1108 684 quod
1125 631 1322 680 nascitur,
1338 629 1579 671 attribuitur
1594 628 1748 669 divinae
1763 640 1963 681 personae3

72 697 231 733 naturae
249 691 357 741 vere,
371 692 420 730 ut
440 689 629 730 termino.
1441 708 1444 710 -

126 752 396 810 Respondeo
424 751 673 796 dicendum
707 748 833 806 qued
862 748 1081 792 nativitas
1103 751 1256 805 potest
1295 746 1484 792 attribui
1517 745 1654 790 alicui
1683 744 1961 801 dupliciter:

51 815 168 860 ⁴uno
199 813 339 859 modo
356 813 478 858 sieut
498 811 725 869 subjectO,
748 810 838 855 alio
855 809 995 855 modo
1019 809 1139 854 sicut
1162 808 1377 854 termino.
1399 808 1524 852 Sicut
1548 806 1759 864 subjecto
1777 806 1964 863 quidem

71 875 336 921 attribuitur
349 874 392 920 ei
411 874 537 931 quod
550 873 759 918 nascitur
774 887 787 917 t
802 873 892 917 hoc
913 877 1067 915 autem
1084 870 1270 927 proprie
1282 874 1352 915 est
1369 869 1650 927 hypostasis,
1666 880 1762 912 non
1779 871 1962 912 natura.

72 939 185 983 Ciun
205 936 330 982 enim
347 936 477 981 nasci
494 935 554 980 sit
571 934 805 992 quoddam
829 932 1057 990 generari,
1078 932 1198 976 sicut
1216 937 1464 989 generatur
1475 931 1651 988 aliquid
1669 930 1727 975 ad
1742 930 1831 974 hoc
1841 929 1966 986 qued

73 998 148 1056 sit,
169 999 233 1044 ita
251 997 458 1043 nascitur
481 996 656 1054 aliquid
675 996 734 1040 ad
754 996 841 1040 hoc
855 994 979 1053 qued
999 994 1075 1039 sit.
1098 996 1211 1038 Esse
1231 998 1385 1038 autem
1404 993 1586 1049 proprie
1608 996 1681 1037 est
1701 991 1768 1036 rei
1788 990 1965 1035 subsis-

73 1060 212 1106 tentis
237 1075 249 1105 ι
274 1071 383 1104 nam
411 1060 561 1103 forma
580 1071 684 1115 quae
706 1071 800 1103 non
823 1056 1048 1114 subsistit,
1069 1055 1238 1100 dicitur
1252 1067 1356 1100 esse
1387 1055 1556 1114 solum,
1584 1055 1694 1112 quia
1712 1066 1768 1099 ea
1790 1052 1966 1110 aliquid

73 1125 168 1167 est:
181 1133 382 1179 persona
400 1125 556 1165 autem
577 1121 653 1165 vel
673 1118 939 1176 hypostasis
954 1117 1241 1174 significatur
1254 1129 1338 1174 per
1351 1117 1543 1160 modum
1563 1115 1863 1160 subsistentis
1879 1117 1962 1169 (1):

71 1186 241 1227 natura
263 1188 418 1227 autem
441 1181 729 1238 significatur
748 1192 832 1237 per
854 1179 1045 1224 modum
1075 1178 1250 1230 formae,
1277 1180 1369 1235 qua
1388 1177 1564 1234 aliquid
1592 1176 1819 1221 subsistit.
1840 1200 1895 1208 —
1914 1177 1966 1219 Et

70 1243 175 1288 ideo
197 1244 430 1302 nativitas,
449 1248 670 1300 tanquam
700 1242 909 1299 subjecto
929 1241 1155 1296 nascenti,
1176 1241 1361 1297 proprie
1380 1239 1646 1284 attribuitur
1663 1250 1876 1296 personae
1893 1237 1962 1281 vel

69 1304 335 1363 hypostasi,
356 1317 451 1349 non
473 1309 671 1360 naturae,
686 1304 769 1348 sed
788 1304 909 1348 sicut
926 1303 1125 1348 termino
1139 1302 1404 1347 attribuitur
1418 1301 1634 1346 nativitas
1648 1304 1845 1346 naturae.
1861 1301 1965 1344 Ter-

70 1365 227 1409 minus
249 1365 374 1410 enim
397 1363 708 1421 generationis
730 1368 774 1409 et
788 1363 1038 1421 cujuslibet
1056 1363 1309 1408 nativitatis
1331 1366 1403 1407 est
1423 1362 1573 1407 forma
1595 1377 1606 1407 ι
1626 1366 1791 1406 natura
1809 1365 1966 1406 autem

70 1439 152 1483 per
173 1426 364 1472 modum
382 1427 542 1471 formae
561 1422 865 1483 significatur.
887 1426 1016 1471 Unde
1033 1425 1251 1470 nativitas
1265 1425 1433 1470 dicitur
1452 1436 1557 1469 esse
1575 1423 1651 1468 via
1664 1424 1712 1468 in
1732 1427 1965 1473 naturam,

70 1492 124 1533 ut
138 1493 264 1545 patet
285 1501 368 1546 per
383 1489 708 1545 Philosophum
725 1488 924 1546 (Physic.
943 1488 1024 1532 lib.
1042 1502 1089 1543 11,
1108 1492 1219 1533 text.
1236 1489 1307 1543 14)
1325 1501 1339 1532 ε
1356 1487 1632 1531 terminatur
1646 1486 1770 1530 enim
1788 1490 1967 1529 naturae

73 1549 265 1594 intentio
289 1550 349 1595 ad
369 1550 565 1594 formam
585 1562 668 1594 seu
691 1554 907 1595 naturam
930 1550 1118 1606 speciei.

127 1611 191 1655 Ad
213 1614 410 1667 primum
429 1623 541 1668 ergo
563 1611 826 1668 dicendum,
848 1611 1181 1668 qued-propter
1201 1610 1490 1656 identitatem
1508 1608 1683 1666 quaein
1703 1607 1874 1653 divinis
1897 1611 1968 1651 est

74 1671 194 1716 inter
214 1678 428 1716 naturam
458 1676 504 1717 et
519 1672 823 1731 hypostasim,
848 1673 1130 1729 quandoque
1168 1676 1336 1717 natura
1357 1670 1547 1728 ponitur
1566 1682 1651 1727 pro
1673 1681 1874 1727 persona
1892 1668 1968 1713 vel

73 1732 326 1789 hypostasi.
349 1735 403 1777 Et
423 1734 682 1779 secundum
718 1734 809 1778 hoc
832 1733 942 1778 dicit
972 1734 1260 1790 Augustinus
1295 1735 1352 1789 (2)
1379 1737 1595 1776 naturam
1618 1731 1824 1776 divinam
1863 1742 1967 1776 esse

74 1797 345 1850 conceptam
358 1798 404 1838 et
427 1798 600 1850 natam,
625 1795 734 1851 quia
752 1794 926 1841 scilicet
947 1807 1147 1852 persona
1163 1795 1261 1839 Filii
1277 1798 1349 1840 est
1364 1797 1590 1850 concepta
1609 1796 1656 1837 et
1672 1796 1782 1837 nata
1800 1803 1968 1836 secun-

75 1853 186 1899 dum
205 1855 458 1899 humanam
490 1860 720 1899 naturam.

128 1915 194 1961 Ad
215 1916 457 1960 secundum
479 1915 744 1974 dicendum,
769 1917 893 1974 qued
910 1918 1069 1962 nullus
1090 1921 1246 1961 motus
1268 1929 1352 1961 seu
1375 1916 1569 1960 mutatio
1591 1914 1919 1960 denominatur
1941 1915 1968 1959 a

75 1976 284 2034 subjecto
305 1976 430 2034 quod
468 1982 697 2037 movetur,
721 1978 804 2023 sed
840 1977 868 2021 a
889 1979 1086 2023 termino
1109 1980 1282 2033 motuS,
1307 1977 1336 2021 a
1366 1990 1460 2034 quo
1481 1976 1683 2034 speciem
1718 1975 1859 2020 habet
1879 1990 1891 2019 ε
1922 1980 1968 2021 et

73 2042 260 2095 propter
276 2038 364 2083 hoc
379 2038 594 2083 nativitas
607 2052 697 2084 non
716 2040 1042 2085 denominatur
1053 2040 1293 2097 apersona
1307 2051 1411 2095 quae
1423 2039 1647 2086 nascitur.
1664 2038 1749 2083 sed
1762 2037 1789 2081 a
1804 2042 1968 2082 natura

74 2099 133 2143 ad
156 2111 297 2156 quam
319 2098 537 2143 nativitas
554 2100 843 2145 terminatur.

129 2161 196 2205 Ad
215 2163 399 2205 tertium
418 2160 686 2217 dicendum,
711 2161 835 2218 qued
855 2165 1036 2216 natura,
1057 2161 1242 2218 proprie
1260 2160 1513 2217 loquendO,
1530 2172 1624 2204 non
1647 2159 1808 2216 incipit
1830 2172 1934 2205 esse
1951 2175 1964 2216 ς

75 2221 157 2266 sed
177 2221 327 2278 magis
345 2234 545 2278 persona
561 2222 722 2278 incipit
738 2234 841 2268 esse
863 2223 912 2266 in
932 2221 1087 2278 aliqua
1107 2228 1271 2266 natura
1296 2237 1308 2266 :
1336 2222 1461 2278 quia,
1480 2221 1602 2266 sicut
1620 2220 1797 2265 dictum
1818 2225 1889 2266 est
1903 2222 1966 2274 (in

75 2294 199 2339 corp.
216 2285 336 2342 art.),
357 2288 523 2328 natura
533 2284 820 2340 significatur
834 2288 887 2329 ut
905 2295 998 2341 quo
1017 2283 1193 2341 aliquid
1207 2287 1279 2328 est
1298 2284 1382 2338 (3);
1402 2294 1602 2339 persona
1618 2286 1773 2326 autem
1791 2282 1966 2339 signifi-

75 2349 206 2390 catur
219 2349 270 2389 ut
284 2357 389 2402 quae
407 2345 547 2390 habet
569 2358 672 2391 esse
693 2346 967 2392 subsistens.

212 2416 550 2459 ARTICULUS
567 2417 626 2459 11.
651 2439 706 2446 —
731 2428 870 2458 ornum
891 2426 1169 2457 ATTmBUENDA
1181 2427 1241 2458 sn·
1263 2426 1436 2457 cumsro
1451 2426 1601 2463 amona
1619 2425 1829 2457 numus

845 2487 1101 2519 ‘mummius
1116 2476 1198 2530 (4).

78 2546 124 2580 De
151 2547 204 2582 his
223 2548 325 2582 etiam
344 2549 438 2608 Sept.
457 2558 497 2592 11,
513 2550 592 2586 dist.
605 2551 660 2594 Μ,
679 2554 797 2592 quaest.
825 2554 944 2633 lva‘fti
966 2551 988 2633 ἢ
1012 2550 1057 2633 :dl
1071 2552 1115 2633 ἢ
1125 2554 1161 2585 et
1180 2559 1237 2591 111,
1259 2549 1337 2584 dist.
1361 2549 1482 2590 8,⁴art.
1504 2549 1538 2592 4,
1557 2552 1676 2590 quaest.
1704 2557 1730 2590 Ι,
1754 2553 1787 2583 et
1814 2549 1855 2584 de
1872 2549 1961 2584 unio.

257 2614 259 2616 ·
911 2611 928 2632 r
948 2626 957 2635 .
1118 2625 1126 2633 .

129 2657 196 2702 Ad
211 2657 470 2702 secundum
490 2658 558 2703 sic
575 2658 854 2715 proceditur.
880 2662 923 2704 1.
943 2659 1130 2704 Videtur
1145 2658 1269 2716 qued
1291 2658 1468 2702 Christo
1484 2669 1579 2701 non
1595 2657 1657 2702 sit
1670 2657 1967 2705 attribuenda

78 2717 231 2773 aliqua
250 2718 464 2762 nativitas
488 2719 768 2775 temporalis.
802 2720 935 2764 Nasci
970 2720 1096 2764 enim
1120 2724 1192 2763 est
1220 2718 1349 2763 velut
1377 2718 1566 2774 quidam
1604 2722 1758 2763 motus
1779 2718 1846 2763 rei
1870 2731 1965 2764 non

78 2777 330 2832 existentis,
349 2784 596 2837 antequam
607 2786 839 2838 nascatur,
857 2799 877 2819 «
891 2781 937 2826 id
950 2793 1096 2837 agens
1107 2783 1164 2836 (5)
1174 2779 1397 2825 beneficio
1408 2779 1676 2826 nativitatis.
1688 2783 1742 2824 ut
1755 2779 1857 2824 sit.»
1878 2780 1966 2826 Sed

79 2838 283 2883 Christus
301 2839 358 2882 ab
377 2844 548 2885 aeterno
569 2842 672 2886 fuit.
694 2845 813 2900 Ergo
840 2855 933 2887 non
957 2843 1106 2899 potuit
1127 2841 1441 2898 temporaliter
1460 2839 1604 2885 nasci.

133 2903 173 2943 2.
206 2901 445 2957 Praeterea,
463 2901 578 2947 illud
598 2904 723 2962 quod
744 2908 814 2949 est
841 2904 890 2949 in
909 2917 960 2949 se
993 2904 1265 2961 perfectum,
1291 2902 1530 2946 nativitate
1549 2913 1642 2945 non
1663 2901 1856 2957 indiget.
1878 2902 1966 2947 Sed

78 2972 275 3016 persona
291 2961 389 3006 Filii
403 2962 480 3006 Dei
499 2962 558 3007 ab
571 2969 743 3009 aeterno
762 2965 850 3011 fuit
870 2967 1088 3023 perfecta.
1105 2967 1204 3009 Non
1218 2976 1329 3020 ergo
1343 2963 1522 3019 indiget
1541 2963 1781 3020 temporali
1797 2963 1966 3008 nativi-

81 3026 199 3066 tate:
221 3027 267 3067 et
291 3022 354 3066 ita
369 3023 552 3068 videtur
572 3025 696 3080 qued
715 3039 807 3070 non
823 3027 882 3072 sit
897 3027 1209 3084 temporaliter
1228 3031 1383 3070 natus.

81 3202 88 3210 ι
120 3154 163 3198 (l)
181 3156 361 3196 Propterea
387 3157 458 3198 ipsa
483 3165 531 3192 est
550 3170 622 3200 quae
646 3160 795 3193 nascitur
817 3162 853 3194 in
868 3162 928 3195 hae
944 3168 978 3196 et
1063 3161 1306 3201 attribuendas,
1331 3160 1458 3195 scilicet
1484 3166 1645 3194 aeternam
1671 3166 1705 3195 et
1729 3161 1963 3202 temporalem.

79 3202 138 3237 xlta
153 3209 288 3238 natura.
1060 3209 1106 3243 Si
1125 3211 1223 3251 quis,
1246 3209 1294 3243 ait
1310 3220 1382 3248 syn.
1399 3216 1434 3249 v,
1452 3220 1527 3243 can.
1541 3209 1574 3249 5,
1591 3219 1666 3243 non
1682 3211 1878 3251 confitetur
1897 3209 1966 3243 Des·

97 3297 104 3305 .
123 3251 166 3292 (2)
181 3251 241 3285 vel
261 3251 466 3293 Fulgentius,
486 3253 593 3295 quiex
605 3256 798 3288 Graecorum
811 3267 873 3289 usu
888 3256 978 3290 locu-
1066 3257 1174 3291 Verbi
1191 3267 1266 3290 esse
1287 3257 1382 3290 duas
1406 3258 1658 3291 nativitates...
1686 3258 1883 3291 anathema
1903 3257 1963 3291 sit.

80 3300 208 3333 tionem
223 3298 315 3332 illam
335 3303 498 3342 accepisse
516 3301 664 3336 videtur.
1103 3303 1211 3343 (331121
1236 3315 1313 3337 cum
1332 3304 1409 3339 Mss.
1430 3304 1511 3338 editi
1537 3304 1689 3338 melioris
1707 3313 1802 3337 imtae.
1823 3303 1962 3344 Νὶςοῑιιῐ,

121 3346 164 3384 ¹5)
177 3345 239 3379 Vel
257 3346 438 3380 secundum
459 3348 546 3388 quod
566 3360 706 3389 persona
727 3348 816 3382 nasci
836 3349 974 3383 dicitur.
1062 3350 1100 3383 id
1121 3356 1183 3390 esc,
1205 3361 1327 3392 (tuens,
1350 3353 1481 3391 Garoia,
1508 3354 1689 3396 indimus.

120 3392 163 3432 (4)
184 3392 232 3426 De
259 3393 326 3426 fide
353 3398 402 3428 est
425 3396 506 3429 duas
531 3396 725 3431 nativitates
748 3396 883 3431 Christo
909 3407 977 3430 esse
