2170 3808
811 252 970 296 INDEX
998 250 1192 293 RERUM.

63 341 162 385 ΔιιΤ.
187 350 246 377 xi.
267 337 414 377 Utrum
437 336 722 375 convenienter
745 333 887 374 descri-

109 393 261 432 bantur
275 391 354 430 tria
371 391 628 441 baptismata.

63 449 166 490 ΑΒΤ.
178 458 254 486 xn.
273 446 421 485 Utrum
435 445 662 496 baptismus
673 442 888 492 sanguinis

110 502 164 541 sit
173 501 355 553 potissim
363 501 525 539 usinter
537 500 617 539 alia
632 497 889 550 baptismata.
913 499 983 534 575

326 583 498 630 QUAEST
501 584 550 622 10
580 583 732 623 LXVII.

64 653 118 690 Do
144 653 330 688 ministris
350 663 415 696 per
441 662 528 696 quos
554 653 721 687 traditur
735 648 910 694 baptismi
960 659 963 662 ⁴

106 704 390 741 sacramentum,
409 701 450 735 in
462 706 538 735 octo
564 701 742 735 articulos
760 698 895 734 divisa.
923 695 987 730 576

64 769 170 811 Ant.
203 781 233 809 1.
261 769 407 809 Utrum
436 768 488 807 ad
521 768 700 808 officium
731 764 891 807 diaconi

115 825 313 876 pertineat
336 824 553 874 baptizare.

66 880 172 920 Am.
197 891 244 918 11.
272 879 419 918 Utrum
459 878 661 928 baptizare
694 875 892 929 pertineat

117 934 168 974 ad
183 934 367 974 officium
383 935 722 985 presbyterorum.

66 992 172 1029 ΛΒΤ.
206 1001 271 1029 ιιι.
306 989 451 1028 Utrum
480 990 609 1029 laicus
638 987 764 1040 possit
794 987 891 1037 hap·

116 1045 250 1086 tizare.

67 1098 173 1139 Amr.
198 1111 256 1140 iv.
279 1099 429 1141 Utrum
458 1099 607 1139 mulier
639 1097 765 1150 possit
791 1097 891 1149 bap-

113 1154 248 1196 tizare.

68 1209 174 1249 ΛΒΤ.
194 1222 235 1250 v.
253 1209 401 1250 Utrum
423 1221 505 1249 non
522 1208 752 1262 baptizatus
767 1207 892 1259 possit

117 1268 418 1304 sacramentum
439 1264 632 1314 baptismi
651 1262 842 1303 conferre.

69 1319 173 1359 Aur.
201 1331 255 1358 vi.
280 1320 425 1358 Utrum
442 1321 575 1369 plures
593 1318 746 1369 possint
764 1316 890 1355 simul

118 1386 251 1413 unum
267 1374 482 1424 baptizare.

68 1429 173 1467 An.
199 1439 276 1467 vu.
297 1428 443 1468 Utrum
465 1428 509 1466 in
532 1425 734 1477 baptismo
753 1425 893 1477 requi-

118 1485 231 1520 ratur
247 1481 399 1533 aliquis
423 1481 493 1531 qui
520 1480 771 1531 baptizatum
788 1479 893 1520 levet

118 1537 168 1575 de
193 1547 302 1576 sacro
321 1537 446 1575 fontei

71 1593 177 1632 ΛΒΤ.
203 1603 296 1630 viu.
323 1591 471 1630 Utrum
503 1590 573 1629 itle
606 1590 679 1640 qui
713 1587 894 1639 aliquem

118 1645 225 1685 levat
240 1645 288 1684 de
299 1645 527 1685 sacrofonte
542 1647 726 1684 teneatur
737 1643 792 1684 ad
806 1643 895 1696 ejus

119 1701 443 1740 instructionem.

321 1784 494 1833 QUAEST
495 1785 545 1823 10
569 1783 740 1824 LXVIII.

912 390 982 426 573

916 823 986 859 576

916 935 984 970 577

916 1045 987 1080 579

916 1157 987 1192 ⁵80

916 1266 983 1301 581

918 1376 986 1410 582

918 1540 989 1574 584

921 1706 990 1740 585

7 1893 10 1896 Α
73 1853 126 1889 De
145 1854 427 1897 suscipientibus
457 1853 687 1896 baptismum,
710 1854 754 1888 in
773 1854 909 1890 duode-

335 1903 404 1936 cim
419 1902 599 1937 articulos
616 1901 747 1936 divisa.
929 1903 992 1937 586

73 1967 178 2010 ΑιιΤ.
204 1979 236 2009 1.
260 1968 406 2009 Utrum
432 1979 574 2007 omnes
603 1971 818 2007 teneantur
844 1967 895 2009 ad

122 2025 412 2074 susceptionem
434 2023 637 2074 baptismi.

75 2079 182 2125 Am·-
197 2090 248 2118 11.
266 2078 413 2118 Utrum
428 2089 516 2116 sme
530 2077 731 2128 baptismo
747 2077 899 2128 aliquis

123 2133 251 2184 possit
268 2133 429 2172 salvari.

75 2189 181 2228 Amr.
202 2199 266 2227 ιιι.
294 2187 439 2227 Utrum
462 2186 692 2239 baptismus
712 2187 766 2227 sit
786 2187 898 2228 diffe-

126 2242 286 2282 rendus.

77 2298 183 2337 Amr.
210 2308 267 2336 iv.
295 2295 442 2335 Utrum
460 2298 680 2346 peccatores
695 2296 779 2336 sint
798 2297 899 2348 bap-

126 2350 295 2390 tizandi‚

78 2408 184 2446 ΛΒΤ.
200 2418 241 2445 v.
252 2406 395 2446 Utrum
406 2406 676 2456 peccatoribus
686 2406 900 2458 baptizatis

125 2461 210 2500 sint
224 2461 470 2510 imponenda
490 2472 608 2511 opera
623 2463 897 2503 satisfactoria.
925 2469 994 2504 592

78 2518 184 2556 Ast-r.
210 2527 266 2554 v1.
284 2515 429 2554 Utrum
449 2519 667 2564 peccatores
684 2517 734 2556 ad
751 2517 900 2567 baptis-

125 2579 245 2609 mum
259 2569 486 2608 accedentes
501 2573 713 2609 teneantur
725 2582 800 2610 sua
811 2583 898 2622 pec·

127 2628 213 2663 cata
228 2623 424 2662 confiteri.

80 2679 186 2718 ΑιιΤ.
210 2689 288 2716 vu.
311 2677 459 2716 Utrum
487 2688 533 2717 ex
561 2682 673 2728 parte
704 2678 900 2729 baptizari

129 2732 355 2783 requiratur
380 2731 552 2771 intentio
569 2732 814 2783 suscipiendi
832 2746 900 2774 sa·
917 2733 920 2739 ’

128 2788 383 2826 eramentum
405 2785 610 2835 baptismi.

81 2844 185 2883 ART.
210 2852 303 2880 vui.
326 2840 471 2879 Utrum
489 2839 585 2879 tides
605 2839 834 2892 requiratur
853 2854 902 2883 ex

129 2899 239 2948 parte
254 2895 461 2946 baptizati.

921 2027 991 2063 586

925 2249 994 2283 589

925 2358 990 2393 591

925 2631 994 2667 594

926 2795 996 2830 595

926 2905 997 2940 596

923 2139 992 2173 588
1023 2112 1026 2117 ’

1869 247 1954 291 639

1024 331 1129 370 Aur.
1156 342 1232 369 xil.
1261 329 1408 369 Utrum
1437 327 1580 368 furiosi
1609 332 1648 368 et
1675 329 1854 367 amentes

1074 385 1244 426 debeant
1265 383 1480 434 baptizari.

1293 487 1518 539 QUAESTlO
1543 486 1682 526 inx.

1027 568 1079 602 De
1097 566 1276 610 effectibus
1287 567 1474 611 baptismi,
1492 567 1534 602 in
1549 566 1670 603 decem
1686 564 1867 602 articulos

1879 388 1951 422 602

1377 615 1510 650 divisa.
1550 666 1553 668 -
1887 611 1957 648 603

1028 695 1134 734 Ant.
1151 707 1181 734 1.
1198 696 1345 735 Utrum
1358 707 1427 746 per
1438 695 1690 747 baptismum
1707 692 1853 734 tollan-

1079 753 1144 788 tur
1162 751 1300 789 omnia
1316 753 1486 800 peccata.
1877 750 1949 787 603

1029 804 1135 844 Am.
1159 817 1204 844 11.
1228 806 1375 845 Utrum
1390 816 1459 856 per
1481 804 1734 856 baptismum
1749 802 1855 843 libe-

1078 863 1188 898 retur
1213 860 1334 899 homo
1349 859 1400 899 ab
1420 860 1534 899 omni
1556 864 1668 899 reatu
1689 858 1852 910 peccati.
1878 862 1950 898 605

1033 915 1134 953 Aur.
1156 923 1220 954 ιιι.
1243 915 1391 954 Utrum
1415 926 1484 966 per
1505 914 1756 964 baptismum
1781 911 1854 951 de-

1079 970 1200 1009 beant
1216 969 1366 1009 auferri
1378 969 1631 1019 poenalitates
1647 967 1856 1019 praesentis

1076 1025 1184 1064 vitae.

1030 1079 1133 1119 Aur.
1156 1092 1214 1119 xv.
1237 1079 1384 1119 Utrum
1401 1090 1470 1130 per
1482 1077 1737 1130 baptismum
1756 1088 1854 1117 con-

1075 1133 1257 1173 ferantur
1276 1134 1436 1173 homini
1451 1133 1581 1184 gratia
1603 1137 1641 1172 et
1663 1133 1849 1172 virtutes.
1877 1135 1947 1172 607

1029 1189 1134 1227 Am.
1164 1200 1205 1227 v.
1238 1189 1385 1230 Utrum
1421 1189 1706 1228 convenienter
1737 1186 1854 1226 attri-

1077 1243 1258 1282 buantur
1293 1242 1498 1294 baptismo
1533 1243 1704 1294 quidam
1739 1246 1854 1282 actus

1078 1297 1297 1336 virtutum.

1030 1352 1133 1390 Am.
1147 1364 1206 1391 vr.
1216 1352 1361 1391 Utrum
1377 1353 1490 1403 pueri
1498 1353 1543 1392 in
1554 1351 1755 1403 baptismo
1762 1364 1855 1392 con-

1079 1410 1303 1457 sequantur
1319 1407 1493 1456 gratiam
1513 1410 1552 1447 et
1571 1406 1758 1446 virtutes.

1031 1462 1135 1500 Am.
1148 1474 1224 1500 vu.
1250 1462 1393 1501 Utrum
1412 1462 1576 1500 effectus
1590 1461 1784 1511 baptismi
1804 1461 1858 1500 sit

1081 1517 1231 1566 apertio
1242 1516 1381 1568 januae
1403 1516 1517 1567 regni
1535 1515 1722 1556 coelestis.

1033 1572 1138 1608 ART.
1170 1582 1260 1609 vin.
1289 1571 1436 1610 Utrum
1458 1570 1686 1620 baptismus
1714 1568 1858 1609 habeat

1879 1026 1956 1061 606Δ

1879 1298 1956 1336 609»

1880 1410 1955 1446 610

1881 1519 1948 1556 611

1081 1624 1124 1663 in
1140 1625 1333 1665 omnibus
1354 1624 1553 1676 aequalem
1567 1625 1769 1664 effectum.
1882 1628 1952 1663 612

1033 1680 1138 1719 ART.
1162 1692 1217 1718 ix.
1238 1679 1386 1719 Utrum
1402 1680 1513 1719 fictio
1531 1679 1731 1731 impediat
1746 1679 1857 1719 effec-

1082 1737 1173 1773 tum
1189 1734 1391 1784 baptismi.
1882 1736 1951 1772 614

1034 1790 1138 1828 Aur.
1154 1800 1196 1828 x.
1216 1790 1360 1828 Utrum
1372 1789 1534 1830 fictione
1548 1787 1751 1828 recedente
1765 1787 1859 1838 bap-

1081 1844 1228 1884 tismus
1240 1856 1363 1884 suum
1380 1845 1565 1885 effectum
1575 1846 1855 1895 consequatur.
1883 1846 1961 1883 615

1310 1933 1535 1982 QUAESTIO
1558 1934 1678 1972 LXX.

1036 2015 1088 2050 De
1112 2015 1389 2051 circumcisione
1414 2025 1493 2059 quae
1515 2015 1704 2059 praecessit
1735 2014 1873 2057 baptis-

1139 2074 1249 2104 mum,
1267 2064 1309 2098 in
1327 2067 1486 2108 quatuor
1501 2064 1680 2098 articulos
1695 2063 1829 2097 divisa.
1892 2059 1956 2095 616

1037 2143 1142 2183 Aur.
1163 2156 1190 2183 1.
1209 2145 1354 2184 Utrum
1364 2143 1614 2184 circumcisio
1629 2143 1750 2183 fuerit
1764 2153 1862 2194 prae-

1086 2199 1286 2248 paratoria
1304 2203 1343 2239 et
1361 2199 1578 2250 figurativa
1598 2198 1803 2250 baptismi.

1038 2254 1141 2291 ΑιιΤ.
1184 2265 1231 2294 ιι.
1267 2255 1416 2294 Utrum
1451 2254 1703 2294 circumcisio
1739 2251 1861 2292 fuerit

1085 2308 1367 2348 convenienter
1384 2309 1587 2348 instituta.

1037 2363 1142 2401 ART.
1164 2375 1227 2402 ιιι.
1254 2363 1399 2403 Utrum
1421 2363 1524 2402 ritus
1539 2359 1861 2403 circumcisionis

1087 2417 1207 2456 suerit
1220 2419 1477 2458 conveniens.

1037 2473 1142 2512 Anr.
1166 2484 1223 2512 iv.
1252 2473 1397 2512 Utrum
1412 2472 1666 2512 circumcisio
1684 2470 1862 2511 confere·

1086 2525 1155 2566 bat
1167 2527 1343 2577 gratiam
1357 2527 1667 2579 justificantem.

1302 2609 1527 2656 QUAESTIO
1555 2607 1692 2647 LXXI.

1040 2685 1091 2721 De
1108 2687 1394 2728 proeparatoriis
1420 2695 1500 2729 quw
1517 2684 1631 2720 simul
1655 2686 1876 2718 concurrum

1080 2743 1161 2766 cum
1179 2733 1373 2776 baptismo,
1393 2733 1434 2766 in
1453 2735 1614 2775 quatuor
1631 2730 1810 2766 articulos
1825 2730 1877 2765 di-

1884 2199 1954 2236 616

1885 2309 1952 2346 617

1885 2418 1965 2455 619

1887 2530 1958 2564 620

79 2954 184 2993 Am.
205 2963 261 2991 ix.
276 2951 419 2990 Utrum
437 2952 547 3001 pueri
560 2950 902 3001 sintbaptizandi.
927 2961 994 2995 597
1041 2955 1145 2993 Aur.
1178 2966 1225 2993 11.
1264 2953 1410 2993 Utrum
1445 2954 1692 2992 exorcismus
1725 2950 1865 2991 debeat

79 3009 184 3047 Aur.
211 3018 250 3045 x,
275 3006 419 3046 Utrum
442 3004 555 3056 pueri
577 3006 598 3044 J
605 3005 811 3046 udaeorum
837 3009 901 3048 vel

129 3061 303 3101 aliorum
320 3060 552 3099 infidelium
571 3060 654 3099 sint
672 3061 815 3102 invitis
829 3073 900 3114 pa·

129 3114 311 3155 rentibus
331 3115 576 3165 baptizandi.

85 3173 183 3209 ΑιιΤ.
212 3181 273 3209 xl.
309 3170 453 3208 Utrum
486 3168 598 3220 pueri
632 3167 675 3207 in
709 3170 903 3211 maternis

130 3223 254 3264 uteris
271 3223 388 3275 positi
412 3225 496 3262 sint
517 3222 765 3274 baptizandi.

928 3123 998 3158 599

927 3233 997 3266 600

1078 2781 1173 2816 visa.
1893 2778 1957 2813 625

1039 2846 1146 2885 Anr.
1175 2857 1204 2884 1.
1239 2845 1387 2884 Utrum
1422 2843 1694 2884 catechismus
1723 2842 1864 2883 debeat

1088 2900 1303 2951 praecedere
1321 2898 1586 2949 baptismum.
1888 2902 1959 2937 623

1088 3007 1305 3059 praecedere
1326 3006 1597 3058 baptismum.
1888 3010 1955 3046 624

1016 3074 1019 3124 5
1041 3064 1146 3103 Am.
1167 3075 1232 3102 111.
1255 3061 1401 3102 Utrum
1419 3073 1465 3101 ea
1497 3072 1588 3112 quae
1617 3063 1796 3110 aguntur
1818 3061 1862 3099 in

1089 3116 1322 3164 exorcismo,
1342 3115 1500 3166 aliquid
1519 3114 1710 3154 efficiant.
1889 3119 1959 3154 625

1016 3167 1019 3231 j
1041 3173 1148 3211 Aur.
1171 3183 1229 3209 iv.
1256 3170 1404 3210 Utrum
1416 3169 1469 3209 sit
1485 3170 1670 3209 officium
1687 3168 1863 3209 sacerdo-

1089 3227 1144 3265 tis
1162 3225 1402 3265 catechizare
1415 3229 1454 3264 et
1474 3225 1708 3267 exorcizare,
1890 3228 1958 3263 627

731 3356 864 3398 FINIS
890 3356 1076 3399 INDICIS
1104 3356 1297 3398 RERUM.
