2170 3808
743 214 940 264 QUAEST.
971 214 1154 268 xxxix,
1185 214 1302 255 ART.
1334 214 1403 256 111.
1939 214 2020 255 325

139 300 278 341 omnis
299 297 508 354 populus,
530 298 574 338 et
602 298 706 337 Iesu
730 294 978 349 baptizato,
1003 298 1046 336 et
1085 300 1258 352 orante,
1285 299 1392 349 etc.;
1417 298 1463 338 et
1498 293 1615 337 infra
1636 308 1647 337 :
1673 297 1732 336 Et
1766 296 1859 348 ipse
1893 296 2019 335 Iesus

139 361 240 401 erat
260 361 488 413 incipiens,
509 358 639 411 quasi
659 368 882 397 annorum
906 358 1116 411 triqz‘nta.

186 432 472 472 CONCLUSIO.
498 453 546 460 —
570 431 621 470 Ut
637 430 687 469 ad
703 429 931 469 docendum
945 436 990 469 ac
1007 427 1312 479 praedicandum
1329 428 1502 468 idoneus
1521 429 1711 469 Christus
1735 428 1962 475 haberetur,
1981 431 2019 467 et

141 486 391 537 baptismum
415 486 521 526 viros
545 485 737 534 perfectos
759 495 895 534 parere
915 482 1167 531 ostenderet,
1189 483 1460 522 conveniebat
1485 487 1531 523 ut
1553 485 1762 533 trigesimo
1783 482 1915 522 aetatis
1934 492 2018 521 suae

141 552 251 581 anno
271 541 553 592 baptizaretur.

197 603 466 660 Respondeo
486 601 734 647 dicendum
752 601 877 657 quod
894 601 1099 645 Christus
1121 599 1451 643 convenienter
1469 599 1556 643 fuit
1578 599 1626 643 in
1645 600 1880 654 trigesimo
1895 611 2018 642 anno

143 664 411 722 baptizatus.
435 664 581 708 Primo
604 663 788 720 quidem
813 664 921 720 quia
940 662 1146 723 Christ-us
1167 661 1503 718 baptizabatur,
1527 660 1661 717 quasi
1690 674 1748 705 ex
1773 666 1880 705 tunc
1902 661 2019 705 inci—

142 727 275 784 piens
298 727 460 771 docere
482 731 527 770 et
548 726 823 782 praedicare3
848 725 906 771 ad
933 725 1058 782 quod
1086 723 1339 780 requiritur
1369 723 1571 780 perfecta
1603 728 1731 778 aetas,
1769 723 1918 779 qualis
1949 726 2020 768 est

143 788 328 843 triginta
359 800 600 832 annorum.
634 787 761 832 Unde
791 787 960 843 legitur
981 788 1160 840 (Genes.
1194 798 1277 841 xm,
1303 788 1391 839 46),
1414 785 1536 841 quod
1570 787 1762 841 triqinla
1798 797 2019 827 annorum

144 853 244 894 erat
260 850 438 906 Ioseph,
457 850 640 904 quando
659 851 832 903 accepit
851 852 1048 904 reqimen
1072 849 1277 902 AEqypti.
1304 846 1518 891 Similiter
1537 846 1760 899 etiamffl.
1781 847 1889 900 Reg.
1911 858 1955 900 v,
1976 847 2019 898 4)

144 910 313 966 legitur
331 911 388 955 de
417 911 558 955 David
584 910 707 967 quod
731 913 922 965 triqz‘nta
956 922 1178 952 annorum
1209 912 1310 952 erat
1337 910 1437 951 citm
1456 921 1649 964 reynare
1678 910 1892 963 coepisset.
1918 908 2020 950 Eze-

145 972 262 1017 chiel
292 972 426 1017 etiam
450 973 497 1015 in
524 972 759 1027 trigesimo
784 983 906 1015 anno
929 970 1069 1026 coepit
1090 970 1432 1026 prophetizare,
1455 975 1509 1014 ut
1533 969 1728 1014 habetur
1763 967 1938 1022 (Ezech.
1970 968 2016 1021 ι).

147 1033 368 1089 Secundo,
388 1034 513 1090 quia,
544 1035 663 1078 sicut
698 1034 1050 1090 Chrysostomus
1074 1032 1183 1075 dicit
1214 1033 1375 1087 (Super
1408 1031 1561 1075 Matth.
1586 1033 1710 1075 hom.
1731 1044 1780 1086 x,
1805 1040 1971 1086 parum
1993 1029 2021 1073 a

145 1095 326 1152 priua),
343 1094 551 1140 futurum
570 1099 669 1140 erat
689 1099 741 1139 ut
763 1100 866 1151 post
893 1094 1176 1150 baptismum
1202 1093 1366 1137 Christi
1395 1093 1469 1138 lex
1493 1105 1675 1137 cessare
1703 1092 1942 1147 inciperet.
1968 1092 2021 1134 Et

146 1156 251 1202 ideo
281 1158 368 1201 hac
408 1162 540 1201 aetate
576 1157 781 1201 Christus
814 1155 874 1201 ad
904 1154 1186 1211 baptismum
1211 1155 1363 1210 venit,
1401 1168 1507 1211 quae
1537 1159 1688 1211 potest
1717 1153 1874 1198 omnia
1905 1164 2017 1209 pec-

146 1222 247 1262 cata
291 1218 523 1275 suscipere
538 1251 550 1275 ‚
594 1223 647 1263 ut
686 1218 789 1274 lege
837 1217 1020 1262 servata
1062 1216 1220 1260 nullus
1267 1216 1389 1261 dicat
1423 1216 1549 1273 quod
1586 1217 1688 1261 ideo
1724 1227 1827 1260 eam
1866 1214 2018 1270 solvit,

145 1279 254 1335 quia
276 1280 467 1335 implere
491 1290 583 1323 non
601 1279 766 1335 potuit.
789 1277 950 1332 Tertio,
967 1277 1076 1334 quia
1099 1289 1181 1333 per
1197 1278 1285 1321 hoc
1308 1277 1434 1333 quod
1463 1277 1668 1322 Christus
1690 1276 1739 1320 in
1762 1280 1895 1321 aetate
1915 1288 2022 1331 per-

144 1339 264 1383 fecta
301 1340 571 1396 baptizatur,
605 1340 742 1383 datur
780 1339 971 1395 intelligi
1001 1339 1127 1395 quod
1158 1338 1417 1395 baptismus
1457 1339 1576 1395 parit
1605 1338 1730 1382 viros
1768 1337 2018 1394 perfectos,

145 1402 401 1458 secundum
435 1401 549 1446 illud
590 1402 769 1457 (Ephes.
808 1416 866 1458 iv,
891 1404 962 1455 13)
987 1404 1171 1444 :Donec
1207 1414 1496 1444 occurramus
1538 1413 1687 1443 omnes
1725 1402 1773 1442 in
1801 1402 2021 1442 unitatem

146 1462 252 1515 fidei
273 1467 315 1506 et
334 1466 578 1519 aqnitiom‘s
600 1463 715 1505 Filii
731 1465 829 1518 Dei,
851 1466 899 1505 in
921 1466 1066 1505 virum
1085 1465 1347 1518 perfectum,
1368 1466 1416 1505 in
1439 1475 1696 1505 mensuram
1717 1463 1863 1505 aetatis
1873 1458 2022 1516 pleni-

148 1526 318 1567 tudinis
338 1525 523 1568 Christi.
548 1524 675 1569 Unde
696 1529 742 1569 et
769 1525 870 1581 ipsa
891 1525 1148 1580 proprietas
1168 1525 1348 1568 numeri
1371 1524 1431 1569 ad
1452 1525 1540 1568 hoc
1558 1524 1787 1581 pertinere
1812 1523 2019 1578 videtum

147 1587 386 1642 consurgit
402 1587 525 1630 enim
549 1587 825 1643 trigenarius
852 1598 1075 1631 numerus
1105 1598 1164 1630 ex
1188 1586 1331 1631 ductu
1363 1586 1548 1631 ternarii
1579 1586 1628 1629 in
1654 1585 1910 1630 denarium.
1939 1586 2023 1628 Per

147 1648 397 1691 ternarium
435 1653 586 1692 autem
626 1648 897 1704 intelligitur
930 1645 1046 1693 fides
1084 1648 1338 1704 Trinitatis3
1359 1660 1442 1705 per
1479 1648 1721 1693 denarium
1754 1652 1911 1691 autem
1942 1646 2024 1690 im-

147 1708 285 1762 pletio
304 1710 623 1754 mandatorum
644 1710 783 1767 legis3
807 1715 854 1755 et
880 1710 928 1754 in
952 1709 1025 1754 his
1043 1709 1229 1755 duobus
1258 1710 1477 1767 perfectio
1496 1710 1604 1755 vitae
1633 1709 1895 1754 christianae
1912 1720 2024 1753 con-

148 1770 286 1815 sistit.
482 1801 485 1802 γ

203 1831 269 1875 Ad
301 1835 499 1887 primum
534 1844 645 1889 ergo
679 1832 955 1888 dicendum,
983 1832 1124 1889 quod,
1149 1833 1268 1878 sicut
1291 1834 1536 1890 Gregorius
1567 1833 1879 1878 Nazianzenus
1913 1831 2025 1876 dicit

150 1893 213 1941 (in
237 1899 351 1938 orat.
389 1896 460 1950 40,
483 1906 587 1950 quae
618 1898 689 1939 est
725 1895 781 1940 de
814 1895 1062 1950 Baptismo„
1091 1894 1312 1951 aliquant.
1350 1897 1378 1938 a
1409 1895 1568 1951 med),
1602 1895 1808 1939 Christus
1838 1906 1931 1938 non
1953 1898 2024 1937 est

149 1955 443 2011 baptizatus«
468 1956 599 2011 quasi
619 1956 847 2012 indigeret
876 1955 1169 2013 purgatione,
1195 1970 1278 2002 nec
1306 1957 1429 2013 quod
1451 1957 1639 2013 aliquod
1670 1956 1733 2000 illi
1764 1955 2026 1999 immineret

147 2017 403 2073 periculum
424 2017 674 2062 differendo
691 2017 975 2074 baptismum
994 2032 1007 2074 ·‚
1028 2017 1112 2061 sed
1130 2019 1277 2063 cuivis
1296 2019 1370 2063 alii
1395 2019 1555 2062 nonin
1575 2029 1771 2074 parvum
1797 2016 2025 2061 redundat

147 2077 421 2133 periculum,
445 2078 483 2121 si
515 2083 650 2122 exeat
671 2092 727 2123 ex
760 2080 847 2123 hac
878 2079 973 2122 vita
994 2090 1090 2122 non
1124 2079 1313 2124 indutus
1340 2084 1469 2125 veste
1497 2078 1872 2134 incorruptionis,
1886 2097 1905 2116 υ
1932 2077 2026 2122 sci-

147 2139 254 2184 licet
275 2140 421 2196 gratia
443 2140 526 2194 (1):
549 2145 593 2183 et
614 2140 721 2184 licet
752 2140 928 2184 bonum
958 2141 1017 2186 sit
1051 2148 1155 2200 post
1185 2142 1467 2199 baptismum
1503 2141 1718 2197 baptismi
1750 2140 2024 2185 munditiam

149 2201 402 2252 custodire,
433 2219 452 2238 «
473 2202 625 2258 potius
649 2207 802 2245 tamen
822 2206 909 2256 est,
933 2207 985 2247 ut
1003 2203 1101 2259 ipse
1122 2203 1245 2259 dicit,
1272 2204 1505 2247 interdum
1538 2202 1772 2259 paulisper
1803 2201 2024 2246 maculari

149 2263 290 2318 quam
312 2263 458 2319 gratia
479 2263 668 2307 omnino
689 2276 860 2308 carere.
884 2282 904 2303 »

204 2324 269 2369 Ad
291 2326 533 2368 secundum
567 2325 832 2380 dicendum„
853 2325 978 2382 quod
1012 2326 1187 2371 utilitas
1209 2339 1313 2383 quae
1354 2327 1382 2371 a
1416 2326 1593 2371 Christo
1632 2326 1842 2382 provenit
1874 2326 2027 2370 homi-

150 2386 302 2442 nibus,
322 2386 554 2443 praecipue
576 2392 645 2432 est
677 2399 760 2444 per
782 2387 921 2432 fidem
939 2392 986 2433 et
1010 2389 1343 2446 humilitatem3
1367 2388 1427 2433 ad
1449 2400 1649 2446 quorum
1672 2394 1923 2445 utrumque
1947 2400 2026 2432 va·-

150 2448 213 2493 let
244 2448 365 2503 quod
387 2448 590 2492 Christus
615 2448 663 2492 in
683 2449 880 2505 pueritia
917 2450 990 2494 vel
1014 2451 1325 2495 adolescentia
1358 2463 1452 2495 non
1487 2450 1628 2507 coepit
1656 2451 1838 2506 docere,
1863 2450 1945 2495 sed
1977 2450 2022 2494 in

149 2509 349 2565 perfecta
371 2514 518 2554 aetate.
538 2510 604 2555 Ad
625 2510 762 2555 fidem
787 2510 991 2569 quidem,
1021 2512 1130 2568 quia
1151 2524 1233 2568 per
1251 2513 1338 2556 hoc
1362 2516 1554 2569 apparet
1576 2512 1624 2556 in
1656 2525 1710 2557 eo
1729 2524 1838 2557 vera
1863 2516 2026 2556 natura

149 2571 464 2629 humanitatis,
484 2572 608 2628 quod
634 2584 717 2627 per
738 2576 999 2628 temporum
1023 2574 1308 2618 incrementa
1336 2573 1634 2630 corporaliter
1661 2573 1872 2630 profecit3
1898 2578 1943 2618 et
1967 2586 2027 2619 ne

150 2632 413 2688 huJusmodi
432 2633 661 2689 profectus
682 2638 920 2690 putaretur
938 2647 1041 2679 esse
1063 2636 1399 2691 phantasticus,
1417 2635 1564 2679 noluit
1582 2636 1853 2691 sapientiam
1874 2647 2024 2691 suam,

153 2694 221 2738 vel
242 2694 455 2738 virtutem
474 2695 768 2740 manifestare
781 2700 890 2740 ante
911 2697 1161 2752 perfectam
1181 2697 1388 2752 corporis
1410 2702 1607 2740 aetatem.
1630 2696 1695 2740 Ad
1714 2697 2020 2742 humilitatem

152 2755 276 2811 vero,
289 2768 348 2799 ne
361 2762 467 2799 ante
482 2756 729 2812 perfectam
750 2764 931 2801 aetatem
955 2758 1123 2814 aliquis
1142 2758 1510 2815 praesumptuose
1531 2757 1811 2814 praelation1s
1830 2759 2026 2814 gradum

152 2819 198 2859 et
219 2815 408 2860 docendi
432 2817 633 2861 officium
657 2823 878 2862 assumat.

207 2876 273 2920 Ad
295 2879 475 2919 tertium
500 2877 761 2934 dicendum,
785 2879 910 2936 quod
938 2880 1145 2925 Christus
1168 2880 1515 2937 proponebatur
1532 2880 1799 2925 hominibus
1815 2881 1862 2924 in
1877 2893 2025 2930 exem-

151 2937 277 2994 plum
311 2938 547 2993 omnium3
573 2947 619 2982 et
639 2939 742 2984 ideo
761 2942 962 2996 oportuit
990 2942 1038 2985 in
1062 2954 1118 2986 eo
1140 2942 1320 2987 ostendi
1350 2942 1398 2986 id
1426 2941 1552 2998 quod
1573 2942 1792 2998 competit
1809 2943 2025 2988 omnibus

151 2998 405 3042 secundum
429 2998 577 3052 legem
610 3011 919 3057 communem,
942 3007 995 3048 ut
1027 3003 1202 3047 scilicet
1233 3002 1280 3046 in
1313 3007 1445 3046 aetate
1483 3002 1685 3058 perfecta
1716 3003 1916 3048 doceret.
1938 3004 2023 3049 Sed

152 3059 271 3102 sicut
292 3060 533 3114 Gregorius
559 3061 867 3106 Nazianzenus
887 3063 997 3107 dicit
1023 3064 1085 3117 (in
1114 3068 1229 3107 orat.
1250 3066 1321 3118 39„
1341 3075 1444 3119 quae
1470 3069 1539 3107 est
1558 3063 1604 3106 in
1631 3068 1788 3108 sancta
1813 3065 2022 3120 Lumina,

152 3120 178 3163 a
196 3121 350 3178 med),
378 3139 397 3158 «
425 3134 516 3165 non
539 3127 609 3166 est
645 3122 719 3166 lex
740 3125 1000 3168 communis
1028 3125 1152 3180 quod
1184 3125 1289 3168 raro
1317 3125 1558 3181 contingit,
1580 3125 1699 3169 sicut
1720 3138 1805 3170 nec
1832 3139 1927 3170 una
1953 3126 2026 3169 hi-

151 3181 300 3225 rundo
330 3194 411 3225 ver
437 3183 562 3227 facit.
585 3202 604 3223 ιι
626 3183 863 3240 Aliquibus
898 3186 1021 3229 enim
1044 3198 1099 3230 ex
1133 3186 1333 3242 quadam
1369 3187 1556 3243 speciali
1579 3186 1921 3243 dispensatione
1957 3199 2025 3232 se·

192 3296 201 3334 l
209 3294 236 3335 l)
264 3295 350 3329 Hinc
378 3296 558 3331 concilium
576 3297 819 3343 Tridentinum
847 3300 1041 3334 anathema·
1125 3301 1306 3334 neminem
1333 3311 1408 3336 ene
1438 3302 1725 3344 baptizandum,
1741 3304 1819 3338 nisi
1844 3304 1887 3337 in
1908 3313 1950 3338 ea
1976 3314 2021 3338 ω-

150 3342 268 3377 tizavit
281 3356 336 3377 eos
352 3345 409 3386 qui
430 3345 592 3379 docebant
606 3345 809 3386 baptismum
824 3346 866 3380 ad
880 3346 1043 3381 imitatio-
1128 3350 1200 3381 tate
1214 3350 1286 3389 qua
1305 3347 1473 3385 Christus
1491 3350 1701 3393 baptizatus
1720 3355 1783 3392 est,
1810 3351 1866 3386 vel
1883 3351 1925 3384 in
1936 3351 2019 3393 ipso

151 3402 227 3425 nem
246 3392 370 3426 Christi
395 3404 497 3433 usque
519 3393 561 3426 ad
590 3393 799 3434 trigesimum
825 3405 949 3428 annum
976 3407 1043 3430 esse
1125 3396 1254 3430 mortis
1270 3396 1446 3439 articulo,
1461 3398 1655 3433 anathema
1670 3401 1730 3433 sit.

151 3436 376 3473 differendum
388 3440 475 3482 (sess.
490 3448 554 3479 vn.
568 3452 640 3476 can.
654 3442 706 3482 112)
723 3455 732 3474 ι
748 3441 793 3476 Si
805 3443 887 3485 quis
899 3443 1043 3478 dixerit
