2170 3808
171 259 255 302 596
684 254 884 308 QUAEST.
915 253 1099 311 LXVIII,
1129 253 1246 298 ART.
1278 253 1350 299 VI!
1375 255 1443 298 ET
1468 255 1573 300 VIII.

173 351 224 384 se
246 343 404 395 petere
425 336 485 380 ab
502 336 705 381 Ecclesia
730 336 1042 393 baptismum‚·
1051 348 1135 392 per
1150 335 1277 392 quod
1302 337 1580 392 profitentur
1604 348 1739 381 suam
1769 338 2077 382 intentionem

175 400 233 446 de
262 399 560 456 susceptione
586 398 884 443 sacramenti.

222 467 515 509 CONCLUSIO.
535 489 582 496 ——
609 467 714 506 cum
739 478 807 518 per
830 466 1090 516 baptismum
1119 465 1242 506 veteri
1266 465 1363 506 vitae
1383 466 1636 516 moriamur,
1663 478 1897 519 novamque
1919 468 2077 509 inchoe-

122 521 127 536 ³
172 535 282 572 mus,
299 522 521 563 necessaria
538 525 600 562 est
617 521 868 574 baptizando
891 521 1090 573 baptismi
1109 521 1365 571 suscipiendi
1394 520 1587 572 intentio,
1610 521 1685 575 qui
1710 533 1828 562 novae
1849 523 1945 563 vitae
1967 524 2077 574 prin-

122 622 124 624 ,
173 579 333 629 cipium
348 580 423 617 est.

112 635 132 683 -ζ
228 639 502 696 Respondeo
525 639 775 684 dicendum
809 639 936 697 quod
958 651 1044 697 per
1068 638 1354 694 baptismum
1377 637 1548 694 aliquis
1569 639 1766 684 moritur
1798 640 1943 684 veteri
1972 639 2078 684 vitae

111 705 128 740 ἰ·
172 703 369 758 peccati,
390 707 436 747 et
454 701 618 758 incipit
639 701 890 758 quamdam
911 701 1021 745 vitae
1038 701 1314 757 novitatem,
1337 700 1599 746 secundum
1617 701 1735 746 illud
1757 703 1904 756 (Rom.
1930 714 1989 757 v17
2007 703 2075 757 4)2

174 764 440 839 Consepulti
470 777 623 807 sumus
653 764 836 806 Christo
851 776 938 820 per
953 763 1225 819 baptismum
1247 765 1297 806 in
1317 765 1525 819 mortem,
1549 766 1600 806 ut
1621 763 1839 819 quomodo
1866 764 2080 807 Christus

172 830 377 870 surrexit
398 827 429 869 ὰ
451 828 644 869 mortuis
664 839 750 882 per
769 826 970 882 qloriam
999 829 1174 881 Patris,
1192 828 1261 869 ita
1284 829 1329 868 et
1347 838 1429 868 nos
1445 828 1495 868 in
1515 827 1718 870 novitate
1743 829 1851 870 vitae
1882 825 2079 869 ambule-

172 899 288 931 mus.
311 890 365 931 Et
388 887 523 944 ideo,
548 887 670 931 sicut
692 886 751 931 ad
785 889 874 931 hoc
908 886 1035 944 quod
1067 888 1208 931 homo
1237 885 1466 930 moriatur
1485 887 1631 932 veteri
1651 887 1760 932 vitae
1773 886 2077 945 requiritur,

173 941 436 993 secundum
458 949 774 1004 Augustinum
801 949 941 1003 (hom.
977 949 1064 993 ult.
1096 949 1219 994 inter
1249 951 1321 1006 50,
1347 961 1450 1005 caup
1475 951 1519 1003 2,
1543 948 1571 992 a
1591 948 1742 1005 princ.
1746 952 1780 1005 ),
1803 949 1853 993 in
1878 948 2080 994 habente
2153 987 2159 992 .

172 1022 314 1055 usum
335 1011 468 1055 liberi
490 1011 668 1054 arbitrii
682 1010 918 1068 voluntas,
937 1023 1030 1067 qua
1045 1022 1154 1055 eum
1173 1023 1202 1054 v
1205 1011 1343 1054 eteris
1358 1010 1466 1054 vitae
1475 1010 1730 1082 ’poeniteatg
1747 1010 1813 1055 ita
1828 1009 2082 1066 requiritur
2154 1051 2155 1054 ,

172 1073 390 1117 voluntas
410 1075 505 1130 qua
528 1073 743 1118 intendat
760 1074 869 1118 vitae
888 1074 1159 1129 novitatem,
1174 1074 1311 1130 quus
1338 1072 1620 1130 principium
1634 1073 1736 1118 est'
1724 1085 1825 1130 lpsa
1844 1072 2082 1129 susceptio
2158 1103 2167 1115 .

173 1135 481 1192 sacramenti3
507 1140 553 1179 et
575 1135 678 1180 ideo
712 1148 770 1180 ex
805 1139 938 1192 parte
969 1134 1189 1192 baptizati
1211 1135 1466 1191 requiritur
1495 1135 1739 1190 voluntas,
1764 1135 1863 1180 sive
1884 1134 2081 1180 intentio
2151 1150 2155 1158 ⁷

173 1196 461 1253 suscipiendi
484 1201 851 1242 sacramentum.
2140 1245 2142 1251 ,

228 1260 295 1304 Ad
326 1263 528 1316 primum
553 1272 664 1316 ergo
700 1260 952 1306 dicendum
972 1292 985 1318 ‚
1008 1259 1133 1317 quod
1156 1259 1206 1304 in
1234 1259 1566 1316 Justificatione
1588 1271 1694 1316 quae
1714 1258 1768 1303 fit
1790 1271 1874 1316 per
1899 1257 2081 1316 baptis·

172 1333 322 1379 mum7
344 1335 437 1366 non
459 1327 531 1367 est
562 1323 719 1393 passio
740 1327 925 1379 coacta,
950 1323 1035 1368 sed
1057 1322 1354 1379 voluntaria3
1379 1325 1427 1367 et
1455 1321 1563 1366 ideo
1595 1321 1849 1378 requiritur
1883 1320 2082 1367 intentio

172 1384 427 1440 recipiendi
448 1384 494 1429 id
515 1385 640 1441 quod
660 1385 701 1429 ei
728 1384 880 1429 datur.

227 1446 295 1490 Ad
323 1447 572 1490 secundum
603 1446 872 1502 dicendum,
896 1446 1023 1503 quod
1050 1446 1092 1491 si
1110 1447 1159 1490 in
1183 1446 1343 1490 adulto
1366 1445 1552 1490 deesset
1573 1443 1773 1490 intentio
1793 1444 2081 1502 suscipiendi

173 1518 252 1551 sac
257 1515 542 1562 ramentum,
558 1512 685 1552 esset
702 1507 1094 1564 rebaptizandus3
1121 1508 1161 1551 si
1188 1512 1344 1551 tamen
1364 1507 1455 1550 hoc
1473 1518 1568 1550 non
1592 1510 1842 1564 constaret,
1862 1511 1988 1552 esset
2007 1506 2081 1552 di-

174 1569 407 1614 cendum:
429 1573 479 1613 Si
494 1583 584 1613 non
608 1584 654 1614 es
679 1571 959 1627 baptizatus,
982 1583 1062 1627 eqo
1093 1573 1136 1614 te
1159 1570 1356 1626 baptizo.

227 1632 293 1676 Ad
312 1635 497 1675 tertium
518 1632 787 1688 dicendum,
819 1632 942 1690 quod
966 1631 1229 1688 baptismus
1249 1631 1494 1676 ordinatur
1511 1642 1609 1675 non
1628 1630 1783 1676 solum
1805 1635 1968 1676 contra
1989 1631 2082 1677 ori-

173 1692 327 1749 ginale
356 1699 617 1752 peccatum,
641 1695 725 1740 sed
742 1696 881 1740 etiam
914 1700 1076 1740 contra
1093 1694 1307 1751 actualia,
1333 1705 1440 1751 quae
1461 1705 1545 1750 per
1558 1693 1847 1738 voluntatem
1865 1698 1912 1739 et
1928 1694 2082 1740 inten-
2161 1751 2166 1762 ‚

172 1754 346 1799 tionem
365 1761 640 1802 causantur.

228 1820 576 1863 ARTICULUS
603 1821 732 1863 VIII.
765 1844 819 1852 —
844 1833 981 1864 urium
1010 1832 1132 1864 rinus
1155 1831 1423 1869 *REQumATUR
1451 1832 1506 1862 nx
1534 1831 1665 1862 PARTE
1698 1831 1914 1862 mmmm
1949 1820 2025 1875 (1).

171 1885 222 1922 De
241 1886 297 1922 his
321 1888 424 1923 etiam
446 1889 541 1924 Sent.
567 1898 617 1930 lv,
635 1889 716 1925 dist.
731 1889 765 1931 6,
783 1893 901 1930 quaest.
921 1897 947 1933 1,
963 1893 1028 1924 art.
1059 1890 1095 1930 5,
1126 1892 1242 1931 quaest.
1259 1897 1285 1930 1,
1301 1891 1336 1923 et
1364 1891 1482 1929 quoest.
1509 1895 1550 1929 ΙΙ,
1569 1891 1636 1922 art.
1663 1886 1698 1928 2,
1719 1891 1837 1929 quaest.
1862 1895 1904 1922 ιιι
1922 1899 2017 1930 corp.
2047 1891 2083 1923 οἰ
2155 1898 2170 1928 ζ

863 1936 944 1972 dist.
957 1938 991 1979 9,
1011 1940 1077 1972 art.
1090 1936 1124 1978 2,
1142 1940 1258 1978 quoest.
1276 1944 1302 1970 ιι
1319 1935 1361 1971 ad
1374 1935 1410 1971 2.

226 1990 293 2035 Ad
315 1995 535 2035 octavum
555 1992 625 2036 sic
647 1992 930 2048 proceditur.
956 1995 1000 2036 1.
1032 1992 1224 2036 Videtur
1254 1990 1381 2047 quod
1410 1988 1528 2035 fides
1561 1989 1828 2046 requiratur
1859 2001 1918 2035 ex
1949 1995 2081 2047 parte

171 2049 409 2108 baptizati.
433 2056 786 2100 Sacramentum
802 2055 929 2100 enim
948 2054 1167 2111 baptismi
1187 2054 1214 2098 a
1230 2053 1411 2098 Christo
1429 2057 1500 2097 est
1516 2052 1804 2097 institutum.
1825 2052 1914 2098 Sed
1932 2053 2082 2097 Chris-

171 2116 249 2157 tus
267 2115 465 2160 formam
485 2116 705 2172 baptismi
730 2117 922 2162 tradens
940 2116 1081 2161 fidem
1111 2116 1345 2173 baptismo
1366 2114 1624 2172 praemittit,
1643 2114 1806 2159 dicens
1825 2115 1974 2170 (Marci
1992 2114 2080 2160 ult.
2159 2147 2163 2170 ff

171 2176 272 2230 19):
297 2179 386 2232 Qui
400 2179 654 2222 crediderit
676 2182 718 2222 et
738 2179 1002 2236 baptizatus
1025 2180 1182 2234 fuerit,
1203 2178 1362 2221 salvus
1381 2180 1482 2220 erit.
1501 2178 1621 2232 Ergo
1640 2176 1827 2222 videtur
1845 2176 1973 2234 quod
1990 2177 2081 2223 nisi

171 2235 231 2280 sit
254 2237 387 2294 fides,
414 2251 507 2283 non
530 2239 680 2296 possit
700 2251 805 2284 esse
827 2244 1177 2283 sacramentum
1199 2237 1437 2295 baptismi.

225 2301 269 2343 2.
295 2302 539 2358 Praeterea,
565 2301 681 2346 nihil
703 2301 904 2346 frustra
892 2315 941 2346 m
961 2301 1269 2347 sacramentis
1288 2300 1507 2345 Ecclesiae
1522 2299 1694 2357 agitur.
1719 2299 1806 2345 Sed
1822 2300 2081 2347 secundum

171 2360 313 2405 ritum
336 2363 552 2407 Ecclesiae
572 2363 649 2408 ille
679 2364 760 2419 qui
793 2364 973 2409 accedit
996 2363 1054 2408 ad
1087 2364 1392 2420 baptismum,
1415 2363 1474 2408 de
1499 2362 1592 2408 fide
1615 2362 1950 2420 interrogatur,
1971 2363 2080 2409 cum

171 2421 371 2467 dicitur:
396 2426 559 2468 Credis
589 2429 638 2467 in
657 2430 801 2469 Deum
832 2426 1156 2470 Patrem?etc.
1173 2428 1293 2481 Ergo
1311 2425 1497 2470 videtur
1519 2423 1647 2481 quod
1672 2423 1790 2469 fides
1811 2424 1871 2470 ad
1899 2424 2081 2482 baptis·
2152 2461 2163 2489 Ι,

170 2494 301 2528 mum
318 2497 368 2529 re
402 2486 597 2530 uiratur.
2161 2512 2168 2528 ν

225 2547 268 2590 3.
294 2497 536 2603 magiam,
551 2549 611 2593 ad
627 2548 914 2606 baptismum
932 2548 1185 2606 requiritur
1197 2548 1394 2593 intentio
1415 2547 1701 2605 suscipiendi
1715 2554 2076 2595 sacramentum.
2135 2539 2170 2603 ‘‚³

170 2608 260 2652 Sed
283 2609 372 2653 hoc
392 2622 486 2654 non
510 2615 664 2666 potest
684 2623 789 2656 esse
812 2612 915 2656 sine
931 2616 1059 2656 recta
1082 2609 1190 2667 fide,
1218 2611 1327 2655 cum
1346 2610 1610 2666 baptismus
1632 2609 1694 2654 sit
1714 2614 1856 2654 rectae
1875 2608 1985 2656 fidei
2005 2624 2080 2657 sa-

170 2675 459 2715 aramentum
474 2685 487 2727 ς
501 2685 591 2728 per
609 2685 718 2717 eum
740 2673 866 2718 enim
883 2673 1242 2730 incorporantur
1258 2672 1472 2717 homines
1495 2671 1690 2725 Christo,
1712 2676 1766 2715 ut
1788 2673 2080 2728 Augustinus

170 2732 282 2777 dicit
304 2735 380 2788 (De
397 2734 629 2791 baptismo
647 2736 883 2791 parvulor.
904 2736 983 2780 lib.
1002 2750 1035 2792 ι,
1055 2748 1139 2780 seu
1159 2739 1222 2781 De
1236 2739 1414 2792 peccat.
1433 2733 1587 2780 merit.
1608 2739 1656 2779 et
1670 2734 1855 2779 remiss.
1881 2748 1984 2792 cap.
2004 2739 2076 2793 26,

169 2794 197 2837 a
217 2795 378 2850 med).
396 2799 490 2841 Hoc
505 2802 661 2843 autem
685 2811 778 2842 non
794 2802 950 2855 potest
970 2810 1075 2843 esse
1093 2798 1195 2842 sine
1210 2802 1336 2842 recta
1353 2796 1464 2853 fide,
1484 2796 1745 2841 secundum
1768 2796 1885 2842 illud
1898 2797 2075 2855 (EpheS.
2144 2843 2147 2846 ,

170 2870 232 2914 nr,
253 2860 324 2912 17>
344 2861 599 2903 :Habitare
616 2863 850 2905 Christum
867 2875 950 2919 per
966 2862 1103 2916 fidem
1121 2865 1170 2905 in
1187 2861 1397 2905 cordibus
1418 2862 1598 2903 vestris.
1617 2861 1737 2916 Ergo
1750 2859 1935 2904 videtur
1953 2860 2078 2918 quod

168 2919 247 3026 iblle
284 2920 366 2978 qui
408 2934 499 2966 non
537 2923 678 2967 habet
712 2929 887 2969 rectam
930 2924 1070 2969 fidem
1087 2957 1099 2980 ‚
1137 2936 1233 2969 non
1270 2922 1419 2980 possit
1457 2921 1697 2980 suscipere
1731 2927 2076 2969 sacramentum

203 2983 405 3039 aptismi

224 3047 266 3088 4.
292 3046 532 3103 Praeterea,
556 3047 806 3093 infidelitas
826 3052 897 3094 est
923 3048 1256 3105 gravissimum
1278 3051 1543 3104 peccatum,
1566 3045 1688 3090 utin
1717 3046 1925 3092 secunda
1947 3051 2077 3104 parte

167 3105 379 3151 habitum
399 3114 470 3153 est
493 3080 536 3164 (2⁹
555 3113 597 3168 2,
619 3115 786 3167 quaest.
811 3125 856 3168 x,
879 3117 967 3156 art.
985 3114 1046 3165 3).
1079 3111 1167 3156 Sed
1188 3114 1521 3167 permanentes
1539 3108 1588 3152 in
1616 3112 1808 3165 peccato
1840 3121 1936 3154 non
1966 3114 2078 3157 sunt
2154 3164 2156 3166 ,

167 3166 453 3224 baptizandi.
476 3173 596 3228 Ergo
611 3172 754 3217 etiam
776 3185 864 3218 nec
879 3178 1212 3230 permanentes
1231 3172 1279 3216 in
1299 3171 1590 3217 infidelitate.

224 3231 313 3275 Sed
349 3235 510 3276 contra
544 3238 616 3279 est
644 3235 772 3291 quod
802 3237 1051 3292 Gregorius
1088 3236 1299 3281 scribens
1333 3234 1523 3289 Quirino
1559 3232 1778 3290 episcopo
1811 3233 1878 3288 (in
1900 3234 2071 3291 Regist.

209 3362 253 3405 (l)
288 3362 373 3397 Non
405 3364 572 3405 interest,
607 3364 733 3399 dicitur
766 3366 803 3401 in
821 3366 958 3402 Deerat.
987 3369 1075 3410 (cap.
1161 3366 1242 3407 ille,
1261 3365 1328 3410 qui
1344 3364 1484 3408 accipit
1499 3365 1774 3399 sacramentum
1789 3374 1801 3397 .-
1821 3363 1975 3399 interest
1995 3363 2074 3408 qui·

166 3412 270 3445 Sicut
292 3412 336 3445 in
351 3413 613 3453 sacramentis,
635 3413 684 3447 De
712 3419 898 3449 consecrat.
930 3415 1008 3449 dist.
1030 3415 1075 3455 4),
1162 3415 1243 3448 dem
1261 3414 1469 3457 plurimum
1496 3413 1546 3446 ad
1563 3412 1701 3446 salutis
1718 3411 1830 3449 viam,
1856 3412 1920 3445 sed
1943 3412 1992 3447 ad
2010 3422 2072 3447 sa·

167 3461 248 3493 cum
268 3460 311 3492 de
334 3462 562 3494 sacramenti
585 3461 798 3504 inteqritate
823 3467 855 3497 et
880 3464 1075 3497 sanctitate
1162 3463 1347 3499 cramenti
1363 3462 1602 3505 quaestionem
1616 3460 1716 3495 nihil
1734 3460 1902 3496 interest.

166 3510 363 3550 tractatur,
383 3508 472 3551 qaid
493 3508 620 3544 credat
645 3513 677 3544 et
698 3510 803 3553 quali
821 3510 895 3553 fide
917 3511 1075 3546 imbutus
