2170 3808
175 270 232 312 42
843 265 1042 316 QUAEST.
1072 266 1142 322 111,
1172 266 1290 308 ART.
1319 265 1406 309 vlt.

177 349 529 395 consideremus
548 359 797 404 personam
815 347 1020 392 divinam
1042 348 1300 392 secundum
1320 346 1555 404 virtutem,
1576 359 1682 405 quae
1700 351 1771 392 est
1790 345 2071 404 principium

177 411 381 467 unionis,
407 410 506 454 sive
527 409 785 454 secundum
809 420 944 453 suam
962 408 1338 465 personalitatem
1354 442 1367 466 ,
1388 420 1494 465 quae
1521 414 1594 454 est
1613 410 1844 454 terminus
1864 407 2069 464 unionis'

177 478 358 530 oportet
380 472 533 517 dicere
562 471 687 529 quod
706 484 905 529 persona
935 471 1093 517 divina
1114 478 1283 528 praeter
1313 477 1527 516 naturam
1556 471 1809 517 humanam
1835 482 1975 529 quam
1998 482 2073 515 as·

179 536 394 592 sumpsit,
418 533 567 591 possit
588 533 728 578 aliam
748 546 943 579 numero
966 539 1181 578 naturam
1199 535 1453 578 humanam
1473 545 1727 578 assumere.

234 598 301 643 Ad
319 600 522 654 primum
543 608 655 652 ergo
676 595 942 654 dicendum,
963 596 1087 653 quod
1103 601 1270 640 natura
1294 599 1449 640 creata
1466 595 1704 652 perficitur
1721 595 1770 639 in
1788 607 1876 640 sua
1892 593 2072 639 ratione

177 671 260 716 per
282 658 478 702 formam
495 693 508 717 ,
532 670 638 715 quae
662 658 995 715 multiplicatur
1017 658 1278 703 secundum
1314 656 1591 703 divisionem
1624 657 1850 702 materiae.
1879 658 1935 701 Et
1965 655 2073 700 ideo

179 719 219 765 si
235 721 508 777 compositio
527 721 733 765 materiae
751 725 797 765 et
811 722 972 764 formae
992 719 1241 765 constituat
1261 731 1435 763 novum
1450 719 1762 777 suppositum,
1778 729 2074 775 consequens

180 785 252 827 est
272 782 399 839 quod
418 788 582 827 natura
607 781 939 839 multiplicetur
966 781 1227 826 secundnm
1252 780 1686 838 multiplicationem
1707 779 2072 838 suppositorum.

181 843 268 890 Sed
291 844 341 888 in
373 845 598 902 mysterio
623 844 958 889 lucarnationis
990 844 1102 887 unio
1126 843 1286 887 formae
1309 847 1355 887 et
1377 842 1607 898 materiae,
1630 843 1679 889 id
1713 849 1811 901 est,
1839 842 2006 887 animae
2026 844 2074 887 et

181 906 387 964 corporis
403 939 415 963 ‚
450 920 545 951 non
582 907 823 952 constituit
855 917 1031 950 novum
1065 906 1378 962 suppositum,
1414 910 1469 950 ut
1499 917 1642 963 supra
1663 905 1841 951 dictum
1871 910 1945 949 est
1973 908 2072 958 (art.

179 972 356 1024 praec.).
381 971 435 1012 Et
454 969 558 1013 ideo
578 974 735 1025 posset
756 981 861 1013 esse
883 966 1133 1012 multitudo
1153 967 1414 1012 secundum
1432 978 1681 1013 numerum
1701 980 1757 1012 ex
1779 971 1910 1024 parte
1934 970 2074 1010 natu-

179 1041 246 1074 rae
263 1034 452 1087 propter
474 1030 749 1075 divisionem
768 1029 988 1084 materiae,
1010 1030 1188 1086 absque
1205 1028 1501 1074 distinctione
1522 1027 1885 1086 suppositorum.

236 1092 304 1136 Ad
329 1093 573 1136 secundum
605 1091 882 1148 dicendum,
912 1091 1039 1148 quod
1063 1095 1223 1148 posset
1252 1090 1401 1136 videri
1421 1090 1673 1135 dicendum
1698 1090 1826 1147 quod
1856 1089 2075 1147 praedicta

180 1154 409 1211 positione
431 1155 569 1210 facta,
601 1159 874 1211 sequeretur
895 1154 1019 1211 quod
1041 1159 1201 1199 essent
1230 1153 1323 1199 duo
1346 1153 1561 1199 homines
1576 1159 1766 1210 propter
1785 1152 1904 1198 duas
1933 1157 2074 1197 natu-

179 1228 272 1266 ras,
299 1213 477 1274 absque
500 1218 589 1261 hoe
608 1217 733 1273 quod
755 1220 914 1261 essent
934 1215 999 1259 ibi
1019 1215 1113 1260 duo
1131 1215 1401 1272 supposita3
1425 1214 1547 1259 sicut
1563 1214 1591 1260 e
1611 1225 1837 1260 converso
1851 1218 1948 1259 tres
1965 1225 2075 1270 per-

181 1289 310 1323 sonae
332 1279 599 1323 dicerentur
623 1291 750 1323 unus
772 1280 910 1322 homo
941 1282 1129 1335 propter
1153 1290 1299 1322 unam
1331 1282 1548 1322 naturam
1574 1276 1829 1322 humanam
1857 1287 2075 1332 assump-

181 1343 292 1400 tam,
320 1347 370 1384 ut
389 1354 531 1398 supra
554 1340 727 1384 dictum
748 1346 819 1385 est
837 1342 942 1395 (art.
965 1351 1105 1396 praec.
1136 1339 1198 1384 ad
1217 1342 1278 1393 1).
1312 1341 1396 1384 Sec
1412 1339 1502 1384 hoc
1532 1351 1628 1384 non
1652 1339 1837 1385 videtur
1859 1350 1966 1384 esse
1990 1349 2074 1383 ve·-

181 1414 315 1459 rum3
340 1403 448 1460 quia
469 1403 738 1447 nominibus
756 1406 827 1447 est
843 1401 1073 1446 utendum
1087 1401 1346 1447 secundum
1369 1401 1496 1460 quod
1513 1406 1625 1447 sunt
1642 1402 1703 1447 ad
1720 1400 2075 1458 significandum

181 1463 423 1521 imposita3
446 1465 571 1520 quod
594 1464 783 1534 quidem
809 1468 878 1508 est
900 1476 960 1508 ex
979 1463 1364 1509 consideratione
1378 1476 1541 1510 eorum
1560 1476 1666 1521 quae
1684 1463 1810 1521 apud
1839 1475 1927 1507 nos
1944 1466 2072 1508 sunt.

181 1527 234 1569 Et
250 1526 354 1571 ideo
372 1531 553 1583 oportet
568 1527 689 1571 circa
713 1526 904 1570 modum
925 1526 1217 1582 significandi
1236 1531 1283 1571 et
1301 1525 1686 1582 consignificandi
1706 1524 1999 1570 considerare
2019 1536 2076 1569 ea

181 1599 286 1644 quae
309 1589 433 1645 apud
455 1601 540 1632 nos
564 1595 700 1641 sunt;
728 1588 777 1632 in
798 1588 969 1645 quibus
994 1600 1240 1645 nunquam
1265 1601 1436 1634 nomen
1461 1588 1520 1633 ab
1539 1587 1693 1645 aliqua
1709 1587 1860 1632 forma
1886 1586 2075 1644 imposi-

179 1654 281 1694 tum
299 1650 540 1707 pluraliter
558 1650 744 1706 dicitur,
763 1651 852 1694 nisi
864 1655 1059 1708 propter
1075 1651 1388 1708 pluralitatem
1408 1651 1771 1708 suppositorum.
1792 1652 1937 1694 Homo
1949 1648 2075 1694 enim

181 1712 260 1768 qui
282 1717 355 1757 est
377 1713 561 1758 duobus
580 1713 874 1757 vestimentis
894 1713 1104 1770 indutus,
1127 1727 1223 1758 non
1243 1713 1410 1759 dicitur
1429 1714 1523 1758 duo
1540 1713 1711 1769 vestiti,
1732 1712 1816 1757 sed
1829 1724 1956 1756 unus
1969 1723 2076 1756 ves-

181 1775 292 1819 titus
312 1774 496 1821 duobus
516 1775 808 1820 vestimentis
829 1776 997 1832 :etqui
1017 1777 1158 1822 habet
1179 1777 1298 1822 duas
1318 1776 1581 1834 qualitateS‚
1593 1775 1762 1821 dicitur
1779 1773 2076 1831 singulariter

180 1835 394 1894 aliqualis
417 1838 676 1883 secundum
700 1838 818 1882 duas
838 1838 1102 1894 qualitates.
1123 1841 1294 1883 Natura
1317 1844 1474 1883 autem
1500 1844 1740 1894 assumpta
1765 1836 1994 1894 quantum
2016 1836 2077 1882 ad

180 1898 356 1956 aliquid
379 1912 430 1944 se
447 1899 588 1944 habet
608 1913 691 1956 per
711 1900 902 1944 modum
935 1900 1216 1959 indumenti,
1239 1901 1348 1946 licet
1370 1913 1468 1945 non
1490 1900 1551 1944 sit
1570 1898 1824 1944 similitudo
1847 1898 2077 1956 quantum

180 1959 239 2005 ad
260 1961 433 2017 omnia,
458 1965 512 2005 ut
535 1974 676 2018 supra
696 1961 871 2006 dictum
893 1967 965 2007 est
993 1963 1174 2018 (quaest.
1201 1976 1248 2019 11,
1270 1968 1357 2007 art.
1391 1965 1418 2007 6
1446 1961 1505 2006 ad
1531 1963 1590 2015 1).
1610 1963 1665 2005 Et
1690 1960 1797 2006 ideo
1813 1960 1853 2005 si
1875 1971 2077 2016 persona

180 2022 338 2068 divina
355 2028 616 2067 assumeret
635 2024 754 2068 duas
773 2028 966 2068 naturas
985 2025 1233 2081 humanas,
1253 2030 1441 2082 propter
1457 2023 1684 2069 unitatem
1704 2023 1932 2080 suppositi
1949 2022 2076 2068 dice-

178 2089 308 2131 retur
323 2098 450 2130 unus
465 2086 603 2130 homo
622 2085 800 2131 habens
820 2087 939 2131 duas
962 2091 1154 2132 naturas
1176 2088 1409 2131 humanas
1431 2088 1505 2142 (1).
1528 2085 1762 2142 Contingit
1778 2089 1933 2130 autem
1949 2084 2076 2143 quod

179 2148 339 2203 plures
361 2147 575 2192 homines
600 2148 821 2192 dicuntur
845 2161 973 2193 unus
1000 2148 1203 2205 populus
1225 2153 1415 2205 propter
1443 2148 1533 2192 hoc
1556 2146 1683 2204 qued
1712 2147 1997 2192 conveniunt
2025 2146 2075 2192 in

181 2208 339 2266 aliquo
358 2221 479 2265 uno3
513 2221 605 2252 non
644 2214 800 2253 autem
833 2215 1021 2266 propter
1044 2209 1272 2253 unitatem
1306 2209 1551 2266 suppositi.
1581 2211 1636 2253 Et
1660 2207 1872 2254 similiter
1898 2210 1937 2253 si
1970 2209 2075 2254 duae

180 2281 396 2326 personae
420 2270 590 2314 divinae
609 2277 903 2314 assumerent
928 2282 1067 2314 unam
1091 2283 1286 2314 numero
1316 2270 1572 2314 humanam
1595 2274 1835 2328 naturam,
1865 2270 2075 2316 diceren-

180 2337 258 2378 tur
278 2345 405 2377 unus
423 2333 578 2387 hom0‚
602 2336 655 2376 ut
679 2345 822 2389 supra
845 2332 1020 2377 dictum
1043 2337 1116 2378 est
1133 2334 1234 2387 (art.
1259 2345 1399 2389 praec.
1421 2332 1559 2390 adi),
1584 2344 1681 2377 non
1697 2333 1875 2378 unitate
1900 2345 2074 2392 suppo—

182 2393 276 2451 siti,
298 2394 382 2439 sed
401 2394 680 2450 inquantum
702 2395 989 2439 conveniunt
1011 2395 1060 2438 in
1083 2394 1239 2450 aliquo
1260 2406 1372 2439 uno.

236 2456 304 2502 Ad
327 2459 511 2500 tertium
532 2456 797 2515 dicendum,
818 2455 945 2513 quod
963 2456 1123 2501 divina
1142 2461 1189 2501 et
1208 2458 1415 2502 humana
1430 2462 1598 2503 natura
1618 2471 1714 2504 non
1733 2458 1897 2504 eodem
1910 2458 2074 2504 ordine

182 2531 233 2564 se
263 2517 440 2563 habent
475 2518 533 2563 ad
569 2531 714 2563 unam
754 2531 999 2574 personam
1034 2518 1270 2564 divinam:
1294 2520 1375 2564 sed
1409 2533 1492 2577 per
1523 2521 1654 2577 prius
1685 2525 1982 2578 comparatur
2014 2520 2075 2567 ad

180 2580 333 2638 ipsam
351 2580 507 2625 divina
530 2587 711 2635 natura⁷
733 2585 894 2635 utpote
917 2593 1023 2637 quae
1044 2586 1118 2625 est
1149 2593 1298 2624 unum
1332 2593 1441 2626 cum
1464 2594 1521 2627 ea
1551 2582 1611 2627 ab
1643 2588 1850 2639 aeter1103
1882 2583 1967 2628 sed
1995 2596 2074 2628 na-

181 2646 287 2688 tura
307 2643 513 2688 humana
535 2649 835 2699 comparatur
857 2642 916 2687 ad
939 2655 1185 2699 personam
1209 2643 1416 2688 divinam
1443 2657 1527 2701 per
1545 2645 1794 2701 posterius,
1813 2649 1974 2702 utpote
1994 2658 2075 2690 as-

180 2709 368 2762 sumpta
389 2716 447 2748 ex
467 2709 675 2760 tempore
694 2703 721 2747 a
740 2704 898 2749 divina
915 2715 1135 2761 persona,
1157 2717 1253 2749 non
1275 2705 1466 2763 quidem
1489 2707 1549 2752 ad
1570 2708 1660 2752 hoc
1678 2707 1803 2764 quod
1823 2713 1992 2751 natura
2014 2706 2074 2752 sit

180 2766 281 2823 ipsa
303 2778 522 2824 persona,
543 2767 628 2811 sed
656 2765 781 2823 quod
806 2778 1008 2823 persona
1038 2766 1116 2811 Dei
1149 2765 1198 2810 in
1227 2767 1434 2812 humana
1470 2774 1638 2813 natura
1667 2768 1906 2814 subsistat.
1933 2767 2083 2824 Filius

180 2827 305 2873 enim
330 2827 407 2872 Dei
429 2834 501 2873 est
521 2841 607 2873 sua
637 2828 799 2881 deitas,
825 2828 908 2872 sed
942 2840 1037 2872 non
1070 2832 1144 2873 est
1176 2840 1262 2872 sua
1290 2830 1558 2874 humanitas
1577 2833 1653 2885 (2).
1687 2833 1742 2875 Et
1760 2830 1866 2876 ideo
1896 2829 1957 2875 ad
1984 2830 2086 2875 hoc*

181 2891 305 2947 quod
324 2895 492 2935 natura
512 2889 720 2935 humana
744 2895 1016 2934 assumatur
1034 2890 1062 2934 a
1082 2890 1242 2934 divina
1263 2903 1480 2948 persona,
1497 2892 1747 2949 requiritur
1768 2891 1892 2950 quod
1914 2891 2074 2938 divina

183 2958 348 2996 natura
366 2952 540 2996 unione
562 2951 796 3008 personali
815 2952 1005 2996 uniatur
1027 2951 1110 2996 toti
1131 2957 1314 2996 naturae
1332 2958 1601 3010 assumptae,
1630 2954 1676 2998 id
1697 2959 1784 3008 est,
1810 2952 2072 3000 secundum

180 3024 344 3057 omnes
366 3018 523 3069 partes
543 3013 661 3071 ejus,
689 3013 776 3059 Sed
794 3013 994 3059 duarum
1013 3017 1288 3059 naturarum
1309 3020 1657 3072 assumptarum
1681 3022 1808 3061 esset
1826 3016 2072 3062 uniformis

179 3077 405 3121 habitudo
430 3077 488 3121 ad
525 3089 784 3133 personamx
815 3078 1037 3131 divinam,
1060 3087 1146 3122 nec
1188 3089 1283 3122 una
1315 3084 1579 3124 assumeret
1616 3081 1756 3126 aliam
1782 3096 1792 3126 :
1817 3081 1941 3126 unde
1977 3092 2076 3126 non

179 3143 414 3194 oporteret
437 3139 560 3195 quod
584 3152 679 3184 una
712 3151 872 3184 earum
895 3140 1100 3184 totaliter
1123 3141 1256 3185 alteri
1280 3142 1508 3197 uniretur,
1533 3143 1581 3188 id
1605 3148 1692 3197 est,
1723 3155 1888 3189 omnes
1919 3148 2076 3200 partes

180 3201 324 3245 unius
346 3201 566 3245 omnibus
589 3202 801 3256 partibus
825 3202 1034 3246 alterius.

225 3301 266 3350 (1)
283 3306 452 3345 Expressa
471 3308 684 3337 contrarium
705 3308 868 3337 docuerat
893 3307 928 3338 S.
948 3309 1095 3339 Thomas
1204 3304 1245 3352 (2)
1264 3310 1361 3341 Idem
1375 3319 1419 3342 ex
1437 3314 1559 3348 quaest.
1575 3321 1653 3347 xw,
1666 3316 1731 3344 art.
1749 3316 1779 3351 5,
1798 3317 1832 3346 et
1848 3317 1970 3353 quaest.
1982 3323 2075 3354 xvn,

181 3355 220 3386 111
239 3355 331 3385 Sem.
350 3363 409 3391 111,
429 3355 510 3384 dist.
531 3356 559 3390 1,
580 3357 702 3391 quztest.
723 3362 762 3390 11,
783 3357 847 3383 art.
868 3357 886 3384 5
905 3356 948 3385 ad
965 3359 982 3384 2
1002 3360 1036 3386 et
1056 3357 1093 3392 3;
1160 3359 1226 3388 art.
1251 3360 1282 3396 1,
1302 3359 1548 3398 aequivalenter
1569 3362 1761 3400 colligitur.

183 3403 243 3432 sed
257 3403 345 3432 hanc
367 3402 575 3433 sententiam
594 3402 630 3432 in
647 3403 711 3433 hoc
730 3402 875 3432 articulo
894 3402 1015 3433 merito
1034 3411 1099 3433 10-

184 3452 359 3481 tractavit.
