2170 3808
106 205 191 251 424
727 203 928 257 QUAEST.
955 203 1006 258 L,
1035 203 1156 246 Am.
1187 203 1205 246 1
1230 203 1296 246 ΕΤ
1322 203 1374 248 11.

41 275 52 299 ‘³
107 290 218 344 cum
241 287 411 344 aliquis
437 298 488 332 se
511 284 702 342 subjicit
732 295 886 341 poenae
910 294 1054 341 quam
1077 282 1198 328 alius
1223 283 1408 328 meruit.
1433 286 1487 329 Et
1513 283 1618 330 ideo
1644 282 1852 330 Christus
1876 282 1995 328 mori

107 348 270 404 voluit,
291 352 343 393 ut
357 346 599 392 moriendo
617 358 702 403 pro
719 345 855 391 nobis
871 344 1176 399 satisfaceret,
1197 344 1455 391 secundum
1472 345 1589 392 illud
1607 348 1657 401 (Ι.
1675 344 1795 391 Petri
1813 357 1878 400 111,
1892 346 1965 400 18)
1981 360 1993 390 ε

110 409 319 455 Christus
336 409 476 453 semel
489 423 575 466 pro
592 411 792 466 peccatis
813 411 981 454 nostris
996 412 1202 453 mortuus
1219 411 1301 452 est.
1321 408 1547 465 Secundo,
1572 409 1629 456 ad
1652 406 1996 453 ostendendum

108 472 347 519 veritatem
368 476 548 516 naturae
571 475 840 528 assumptae.
866 471 1130 517 sicutenim
1144 469 1372 515 Eusebius
1390 469 1501 516 dicit
1517 471 1580 526 (in
1602 473 1724 516 Orat.
1740 469 1799 516 de
1816 467 1992 515 laudib.

109 533 416 591 Constantini,
435 534 556 579 inter
571 534 696 580 med.
719 538 766 579 et
779 533 878 591 fin„
893 547 978 580 seu
990 547 1093 591 cap.
1110 534 1182 589 15)
1202 547 1212 575 ε
1228 550 1247 571 «
1263 532 1308 578 Si
1322 531 1454 578 aliter
1470 538 1577 591 post
1593 531 1997 578 conversationem

107 608 215 641 cum
238 594 509 641 hominibus
529 608 831 653 evanescens,
855 595 1011 642 subito
1032 595 1236 641 evolaret
1257 593 1442 651 rugiens
1465 599 1677 653 mortem,
1696 594 1757 640 ab
1775 591 1996 640 omnibus

107 661 452 715 compararetur
464 657 838 715 phantasmati.»
857 658 1024 715 Tertio,
1043 663 1097 704 ut
1114 657 1356 704 moriendo
1372 669 1458 703 nos
1475 656 1504 702 a
1522 657 1686 703 timore
1704 655 1868 703 mortis
1882 654 1997 701 libe-

105 724 264 765 raret.
288 720 416 766 unde
445 720 613 765 dicitur
634 720 786 775 (Hebr.
817 723 960 780 11,14)
977 753 990 777 ,
1018 719 1145 777 quod
1166 718 1525 765 communicavit
1541 723 1673 764 carni
1696 724 1741 764 et
1763 718 1994 776 sanquini,

106 784 156 825 ut
178 795 266 840 per
293 786 483 827 mortem
511 783 763 826 destrueret
794 795 897 826 eum
917 784 995 838 qui
1017 782 1214 827 habebat
1242 784 1404 826 mortis
1421 784 1682 838 imperium,
1712 782 1764 826 id
1784 784 1866 837 est,
1895 779 1998 824 dia·

108 842 256 888 bolum
279 845 358 900 (1),
381 848 424 888 ei
439 844 657 888 liberaret
673 856 746 886 eos
771 845 848 900 qui
870 845 1032 887 timore
1052 846 1215 888 mortis
1227 856 1313 900 per
1335 846 1477 887 totam
1491 844 1634 887 vitam
1658 843 1843 887 obnoxii
1865 845 1997 885 erant

106 907 326 950 servituti.
346 904 529 960 Quarto,
551 909 604 949 ut
621 903 921 961 corporaliter
940 904 1181 950 moriendo
1203 902 1490 950 similitudini
1511 902 1705 961 peceati,
1727 902 1775 948 id
1794 906 1881 960 est,
1900 913 1998 958 poe-

105 965 301 1025 nalitati‚
319 967 447 1012 daret
467 964 603 1011 nobis
620 966 886 1023 exemplum
902 966 1130 1012 moriendi
1148 965 1447 1024 spiritualiter
1463 969 1671 1023 peccato.
1688 965 1818 1009 Unde
1831 963 2000 1011 dicitur

107 1030 250 1081 (Rom.
266 1042 328 1085 vx,
352 1030 422 1084 10)
447 1045 457 1072 ε
481 1028 613 1086 Quod
632 1031 752 1072 enim
773 1033 979 1073 mortuus
994 1033 1061 1074 est
1072 1032 1276 1086 peccato,
1292 1031 1495 1073 mortuus
1510 1031 1575 1071 est
1596 1027 1731 1070 semel
1738 1042 1757 1084 ;
1778 1026 1898 1083 qued
1913 1039 1999 1071 au-

103 1093 193 1134 tem-
212 1093 323 1135 vivit
339 1126 351 1147 ,
376 1093 487 1134 vivit
518 1090 620 1135 Deo.
649 1094 725 1135 Ita
745 1095 791 1135 et
813 1105 889 1135 vos
902 1094 1165 1135 eoeisiimaie
1181 1094 1382 1135 mortuos
1399 1090 1580 1145 quidem
1597 1101 1691 1132 esse
1705 1092 1909 1146 peccate,
1929 1091 2000 1132 vi-

103 1157 256 1197 ventes
274 1155 429 1198 autem
458 1157 569 1197 Deo.
597 1152 767 1206 Quinto
780 1188 794 1210 ,
814 1158 866 1198 ut
885 1153 913 1197 a
931 1154 1127 1199 mortuis
1150 1151 1439 1209 resurgendo
1457 1156 1505 1197 et
1523 1150 1743 1196 virtutem
1769 1161 1907 1196 suam
1928 1161 1999 1195 os·

106 1214 341 1270 tenderet,
372 1215 465 1272 qua
502 1220 696 1259 mortem
730 1215 994 1272 superavit,
1032 1221 1078 1260 et
1108 1214 1244 1260 nobis
1272 1225 1404 1272 spem
1432 1212 1709 1269 resurgendi
1742 1212 1772 1256 a
1803 1211 1999 1258 mortuis

102 1277 248 1322 daret.
283 1276 412 1323 Unde
433 1276 681 1334 Apostolus
701 1276 813 1322 dicit
841 1279 892 1332 (Ι.
930 1277 990 1324 ad
1020 1279 1120 1322 Cor.
1144 1291 1221 1335 xv,
1246 1277 1318 1333 12)
1344 1293 1355 1321 ι
1380 1277 1431 1321 Si
1458 1276 1673 1321 Christus
1700 1275 1997 1333 praedicatur,

103 1340 223 1396 qued
241 1341 497 1383 resurrexit
517 1339 549 1383 ὰ
571 1341 777 1397 mortuis,
797 1341 1020 1396 quomodo
1044 1340 1234 1397 quidam
1255 1340 1306 1383 in
1325 1338 1449 1383 vobis
1463 1337 1621 1382 dicunt
1639 1337 1759 1393 quod
1771 1349 1998 1382 resurrec-

103 1404 166 1445 tio
183 1405 471 1446 mortuorum
492 1415 582 1444 non
600 1406 667 1446 est
679 1400 702 1444 2

45 1484 61 1500 x.
156 1462 224 1508 Ad
236 1466 439 1519 primum
458 1475 571 1520 ergo
586 1463 855 1521 dicendum,
871 1462 999 1521 quod
1018 1463 1225 1508 Christus
1243 1465 1315 1506 est
1328 1460 1435 1506 fons
1452 1459 1576 1516 vitae,
1595 1458 1854 1506 secundum
1873 1460 1998 1518 quod

102 1526 240 1581 DeuS,
263 1537 359 1569 non
389 1529 546 1570 autem
578 1524 842 1569 secundum
872 1523 999 1581 quod
1026 1525 1190 1578 hom03
1215 1525 1430 1568 mortuus
1455 1527 1527 1567 est
1552 1526 1710 1566 autem
1733 1522 1998 1569 secundum

103 1585 227 1642 quod
246 1587 402 1643 hom0,
427 1599 522 1631 non
540 1586 802 1632 secundum
822 1586 946 1644 quod
965 1589 1100 1631 Deus
1122 1584 1251 1631 Unde
1269 1583 1558 1641 Augustinus
1582 1583 1693 1629 dicit
1709 1583 1893 1638 (Contra
1913 1586 1998 1631 Fe-

100 1647 257 1693 lician.
285 1661 391 1720 cap.
414 1652 488 1704 14,
507 1648 556 1693 in
583 1648 734 1706 princ.
739 1651 787 1703 ):
816 1648 985 1694 «Absit
1001 1647 1127 1706 quod
1147 1646 1355 1692 Christus
1379 1646 1446 1691 sic
1479 1646 1678 1691 senserit
1702 1650 1925 1705 mortem,
1947 1652 2000 1694 ut

101 1709 360 1770 quantum
349 1723 397 1754 m
423 1722 475 1756 se
498 1714 571 1756 est
598 1709 694 1754 vita
712 1709 856 1754 vitam
881 1709 1166 1766 perdiderit.
1195 1709 1236 1754 si
1251 1708 1378 1753 enim
1402 1708 1492 1753 hoc
1514 1707 1579 1752 ita
1595 1711 1744 1767 esset,
1767 1708 1876 1753 vitae
1892 1709 1999 1754 fons

100 1771 317 1818 aruisset.
336 1772 490 1818 Sensit
509 1784 623 1828 ergo
636 1776 835 1817 mortem
854 1772 1206 1829 participatione
1225 1770 1418 1816 humani
1437 1769 1648 1826 affectus,
1669 1781 1810 1828 quem
1832 1771 1999 1827 sponte

100 1838 387 1892 susceperat3
399 1847 494 1879 non
510 1838 692 1879 naturae
708 1846 806 1879 suae
818 1833 1016 1891 perdidit
1032 1832 1305 1891 potentiam,
1317 1844 1402 1891 per
1415 1843 1557 1890 quam
1565 1837 1735 1878 cuncta
1748 1829 1968 1880 vivificat.
1973 1851 1996 1874 »

155 1895 223 1942 Ad
246 1896 491 1940 secundum
510 1894 781 1950 dicendum,
800 1895 926 1952 quod
947 1895 1154 1940 Christus
1177 1907 1271 1939 non
1292 1893 1516 1939 sustinuit
1534 1897 1731 1938 mortem
1757 1906 1816 1939 ex
1836 1894 1998 1941 morbo

98 1956 471 2015 provenientem,
501 1970 563 2002 ne
588 1956 824 2002 videretur
849 1969 907 2002 ex
938 1956 1214 2001 necessitate
1234 1955 1352 2002 mori
1370 1959 1560 2014 propter
1586 1955 1899 2001 infirmitatem
1918 1969 1998 2002 na-

100 2023 242 2076 turae,
274 2020 358 2066 sed
383 2019 610 2065 sustinuit
634 2024 832 2065 mortem
850 2018 910 2064 ab
933 2018 1148 2065 exteriori
1172 2019 1367 2075 illatam,
1393 2018 1472 2064 cui
1499 2030 1552 2064 se
1577 2022 1888 2076 spontaneum
1913 2017 1998 2066 oh-

98 2082 221 2139 tulit,
246 2087 299 2129 ut
318 2094 445 2127 mors
467 2082 571 2140 ejus
597 2082 860 2127 voluntaria
890 2082 1230 2127 ostenderetur.

155 2145 222 2189 Ad
242 2148 427 2189 tertium
448 2144 716 2200 dicendum,
740 2144 866 2200 quod
885 2156 1034 2189 unum
1054 2142 1320 2201 oppositum
1341 2155 1424 2200 per
1441 2155 1493 2188 se
1515 2155 1609 2187 non
1629 2141 1756 2187 ducit
1771 2142 1831 2188 ad
1850 2141 1996 2200 aliud,

99 2206 184 2252 sed
208 2207 492 2264 quandoque
516 2219 598 2263 per
619 2206 853 2263 accidenS,
875 2206 997 2252 sicut
1014 2206 1237 2263 frigidum
1259 2203 1542 2264 quandoque
1564 2216 1647 2262 per
1678 2203 1896 2250 accidens
1915 2216 1995 2251 ca-

98 2268 254 2315 lefacit
275 2271 353 2326 (Q
378 2274 424 2313 et
444 2269 533 2313 hoc
552 2269 690 2314 modo
709 2269 917 2314 Christus
938 2282 1021 2327 per
1042 2280 1177 2314 suam
1196 2272 1392 2314 mortem
1414 2279 1501 2312 nos
1519 2266 1737 2324 perduxit
1755 2266 1815 2313 ad
1834 2266 1995 2327 vitam,

99 2330 213 2377 dum
235 2333 321 2375 sua
339 2335 489 2375 morte
513 2336 711 2375 mortem
735 2335 943 2375 nostram
963 2330 1218 2388 destruxitz,
1244 2330 1365 2377 sicut
1385 2329 1463 2375 ille
1482 2329 1563 2387 qui
1587 2340 1774 2386 poenam
1797 2341 1883 2387 pro
1906 2328 1996 2375 alio

99 2393 314 2450 sustinet,
339 2396 547 2437 removet
566 2403 756 2449 poenam
779 2393 896 2450 eJus.

99 2457 444 2500 ARTICULUS
463 2456 525 2499 11.
545 2478 599 2486 —
621 2468 758 2497 11111οΜ
780 2469 818 2498 {N
839 2468 974 2498 11011111
993 2467 1158 2498 cums‘ri
1178 2468 1327 2498 runnu*
1347 2467 1555 2498 summu
1574 2466 1776 2497 mlel'rAs
1794 2467 1820 2496 A
1838 2466 1991 2499 CARNE.

99 2524 150 2560 De
164 2523 220 2560 his
242 2524 344 2560 etiam
365 2524 461 2559 Sent.
486 2532 541 2565 111,
558 2521 636 2557 dist.
653 2523 686 2564 5,
707 2526 823 2564 quaest-
844 2532 885 2565 n,
915 2527 982 2558 art.
1002 2523 1033 2563 «Ι,
1052 2527 1168 2565 quoest.
1188 2533 1216 2565 1,
1233 2526 1270 2558 et
1293 2521 1372 2557 dist.
1389 2521 1443 2562 21,
1461 2525 1575 2564 quaest.
1602 2530 1626 2562 1,
1646 2526 1711 2556 art.
1731 2522 1762 2561 t.
1786 2527 1901 2564 quaest.
1916 2531 1942 2565 ι,
1962 2525 1995 2559 el

141 2571 257 2614 quodi.
276 2580 316 2613 n,
333 2576 398 2606 art.
415 2571 429 2604 1
453 2582 547 2612 corp.
561 2575 677 2612 quaest.
696 2578 743 2613 lv,
760 2575 826 2606 art.
845 2571 866 2606 6
880 2582 974 2613 corp.
988 2574 1022 2605 et
1035 2571 1156 2612 opusc.
1172 2578 1210 2610 Π,
1224 2581 1298 2613 cap.
1314 2571 1378 2605 256
1392 2575 1425 2605 et
1435 2570 1510 2611 257,
1524 2574 1559 2605 et
1576 2569 1697 2611 opusc.
1716 2577 1774 2612 Lx,
1787 2581 1860 2612 cap.
1878 2571 1915 2606 ¹9
1930 2571 1992 2608 fin.

155 2627 222 2672 Ad
244 2626 504 2672 secundum
529 2625 597 2670 sic
618 2624 896 2682 proceditur.
917 2629 961 2670 1.
984 2625 1171 2670 Videtur
1190 2623 1317 2683 qued
1334 2625 1382 2669 in
1404 2629 1553 2670 morte
1579 2624 1743 2669 Christi
1766 2625 1906 2670 fuerit
1920 2638 1993 2672 se-

98 2693 261 2748 parata
282 2687 502 2733 divinitas
526 2686 554 2730 a
572 2699 729 2731 carne.
756 2689 811 2731 Ut
828 2686 953 2732 enim
983 2687 1151 2732 dicitur
1171 2688 1339 2742 (Matth.
1361 2690 1509 2744 xxvu),
1536 2686 1755 2731 Dominus
1779 2686 1827 2731 in
1849 2699 1991 2734 cruce

98 2751 310 2810 pendens
331 2749 563 2795 clamabat
582 2764 594 2792 ε
618 2754 741 2793 Deus
761 2763 899 2806 mem,
926 2755 1044 2794 Deus
1068 2763 1208 2808 meus,
1231 2752 1283 2794 ui
1303 2751 1414 2806 quid
1437 2750 1717 2805 dereliquisti
1739 2749 1838 2792 me?
1859 2750 1987 2806 quod

98 2824 341 2871 exponens
363 2811 636 2857 Ambrosius
656 2813 779 2869 (sup.
797 2811 912 2856 illud
929 2814 1038 2857 Luc.
1058 2825 1196 2857 xxm:
1219 2815 1279 2856 Et
1291 2813 1388 2857 liaec
1402 2812 1558 2855 dicens
1573 2813 1840 2869 expiravit),
1855 2812 1991 2857 dicit·

100 2890 125 2913 α
146 2874 387 2920 Clamabat
407 2874 575 2930 hom0,
601 2873 895 2931 separatione
916 2873 1170 2920 divinitatis
1194 2874 1478 2930 morituruS,
1503 2885 1613 2918 nam
1642 2874 1750 2918 cum
1775 2873 1990 2919 divinitas

101 2936 129 2982 ὲ
150 2941 301 2982 morte
322 2936 469 2981 libera
492 2935 567 2992 sit,
591 2936 754 2994 utique
776 2948 901 2981 mors
924 2935 987 2981 ibi
1017 2948 1122 2982 esse
1143 2948 1241 2981 non
1265 2942 1404 3004 potet
1397 2941 1466 2995 at
1494 2936 1582 2980 nisi
1600 2935 1695 2980 vita
1717 2934 1989 2994 discederet,

98 2997 210 3057 quia
228 2999 322 3044 vita
346 2999 565 3045 divinitas
588 3004 725 3044 est.»
748 3001 801 3043 Et
819 2998 888 3043 sic
906 2998 1089 3044 videtur
1108 2998 1235 3056 quod
1262 2999 1311 3043 in
1330 2969 1478 3043 morte
1507 2998 1671 3043 Chiisti
1694 2998 1754 3042 sit
1775 2997 1994 3044 divinitas

98 3067 314 3118 separata
337 3075 365 3106 a
384 3074 540 3106 carne.

154 3126 198 3167 2.
229 3126 469 3183 Praeterea,
493 3129 671 3169 remoto
689 3123 859 3180 medie,
881 3128 1159 3180 separantur
1176 3128 1401 3170 extrema.
1429 3123 1515 3168 Sed
1536 3121 1752 3170 divinitas
1772 3120 1903 3167 unita
1920 3126 1993 3167 est

98 3184 230 3230 carni
249 3185 483 3230 mediante
506 3186 677 3242 anima,
701 3190 755 3230 ut
773 3198 916 3242 supra
936 3185 1147 3231 habitum
1170 3190 1248 3231 est
1259 3188 1444 3243 (quaest.
1468 3198 1527 3236 vi
1550 3189 1635 3228 art.
1661 3185 1717 3239 1).
1736 3186 1854 3241 Ergo
1868 3182 1993 3229 vide-

99 3249 177 3291 tur
199 3247 325 3303 quod
342 3248 450 3292 cum
468 3247 516 3292 in
536 3252 682 3293 morte
702 3246 866 3291 Christi
885 3247 1041 3291 anima
1059 3247 1120 3293 sit
1137 3251 1350 3305 separata
1371 3247 1400 3291 a
1422 3258 1580 3300 carne,
1598 3257 1679 3302 per
1697 3255 1991 3302 consequens

99 3306 322 3354 divinitas
345 3309 404 3354 sit
427 3322 455 3352 a
476 3321 616 3353 carne
640 3314 868 3366 separata.
1560 3328 1578 3346 κ

141 3404 188 3447 (l)
205 3405 336 3448 Quippe
362 3410 456 3446 cujus
473 3405 574 3440 unius
592 3405 722 3440 invidia
740 3417 831 3441 mors
847 3406 1003 3443 introivit
1127 3407 1173 3448 (2)
1194 3407 1291 3440 Patet
1315 3404 1545 3446 experimento
1575 3404 1662 3438 nivis
1688 3415 1762 3444 quae
1782 3403 1815 3435 in
1835 3400 1991 3436 manibus

100 3451 139 3488 in
153 3451 271 3487 orbem
285 3458 466 3492 terrarum,
486 3458 525 3488 ut
545 3453 669 3487 dicitur
684 3454 774 3494 (Sap.
798 3462 838 3492 n,
854 3454 918 3494 24).
1087 3455 1267 3497 liquefacta
1289 3454 1433 3488 calorem
1446 3453 1490 3487 iis
1511 3452 1612 3486 affert
1632 3464 1692 3492 per
1713 3448 1988 3490 anupemstasim.
