2170 3808
764 195 962 247 QUAEST.
992 196 1061 246 IX,
1092 196 1211 236 ART.
1239 197 1272 238 Ι.
1908 197 1959 237 95

160 280 500 324 ARTICULUS
527 280 564 320 1.
596 300 647 307 --
674 289 807 318 nmen
838 288 1033 318 cuiusuis
1053 288 1255 317 uAssumu'r
1278 287 1459 324 ALtQuffl
1479 286 1690 317 semmua}
1709 287 1878 316 ruffin-:n

883 349 1050 379 nivium
1083 337 1158 390 (1).

86 412 128 445 δα
143 410 196 445 his
213 410 315 445 etiam
333 410 425 444 Sent.
441 416 495 447 m,
515 406 592 442 dist.
611 406 666 447 Μ,
685 409 749 439 art.
766 404 799 446 t,
814 410 928 447 quaest.
948 414 972 444 ι,
987 409 1023 439 et
1037 405 1086 439 De
1104 404 1203 439 verit.
1224 410 1341 445 quaest.
1356 412 1412 446 xx,
1429 408 1496 439 art.
1509 404 1542 446 2,
1556 408 1588 439 et
1604 405 1725 446 opusc.
1741 412 1783 446 11,
1795 414 1867 446 cap.
1884 403 1958 439 21⁴.

63 469 65 477 ’
133 465 199 510 Ad
217 464 416 521 primum
441 462 508 506 sic
530 460 811 517 proceditur.
834 462 876 504 1.
897 457 1084 502 Videtur
1105 458 1231 514 quod
1254 459 1302 501 in
1331 457 1509 503 Christo
1532 471 1624 503 non
1649 457 1787 504 fuerit
1805 457 1962 515 aliqua

83 526 270 571 scientia
287 529 453 583 praeter
469 521 692 568 divinam.
722 520 787 566 Ad
806 521 893 564 hoc
912 519 1036 563 enim
1062 518 1326 563 necessaria
1349 523 1420 564 est
1437 519 1648 577 scientia,
1677 523 1730 565 ut
1750 532 1834 578 per
1857 531 1962 565 eam

82 587 235 645 aliqua
265 589 620 643 cognoscantur.
656 582 744 628 Sed
777 582 980 626 Christus
1015 593 1096 637 per
1135 580 1376 626 scientiam
1412 579 1618 626 divinam
1651 581 1962 638 cognoscebat

81 649 249 696 omnIa.
271 647 559 706 Superfluum
579 645 719 702 igitur
736 644 901 689 fuisset
919 643 1043 700 quod
1065 642 1113 686 in
1136 655 1191 687 eo
1210 647 1334 688 esset
1357 641 1446 686 alia
1461 642 1670 687 scIentia.

136 714 177 756 2.
211 713 448 766 Praeterea,
483 708 566 753 lux
599 707 752 752 minor
784 718 866 763 per
901 705 1124 762 majorem
1160 704 1430 748 offuscatur.
1467 703 1554 749 Sed
1587 703 1739 750 omnis
1768 705 1963 750 scientia

80 778 233 818 creata
246 774 537 829 comparatur
550 769 609 814 ad
625 769 862 813 scientiam
873 766 950 811 Dei
962 766 1232 822 increatam,
1246 766 1366 811 sicut
1379 766 1464 811 lux
1480 765 1633 810 minor
1647 765 1707 811 ad
1721 765 1958 822 majorem.

81 836 198 892 Ergo
218 833 268 879 in
288 833 465 880 Christo
487 844 583 876 non
605 831 786 875 refulsit
805 829 894 873 alia
915 828 1107 873 scientia
1131 828 1269 885 quam
1289 827 1463 873 divina.

133 898 177 941 3.
196 898 434 950 Praeterea,
452 893 564 939 unio
577 894 794 938 humanae
813 895 989 935 naturae
1004 890 1062 934 ad
1078 890 1283 934 divinam
1299 888 1421 933 facta
1437 892 1509 934 est
1530 889 1577 932 in
1598 900 1816 946 persona,
1833 893 1886 933 ut
1904 901 1962 933 ex

77 967 221 1014 supra
237 955 373 1002 dictis
390 959 516 1013 patet
536 958 632 1012 (qu.
657 968 702 1010 ιι,
726 958 811 998 art.
836 955 894 1006 2).
911 951 1100 996 Ponitur
1117 956 1272 996 autem
1291 951 1339 995 in
1359 950 1536 996 Christo
1550 950 1808 996 secundum
1828 963 1961 1008 quos-

80 1018 186 1064 dam
209 1019 418 1076 quaedam
435 1018 627 1064 scientia
646 1015 849 1071 unionis3
871 1027 953 1072 per
971 1026 1111 1071 quam
1132 1014 1308 1059 scilicet
1329 1013 1534 1058 Christus
1555 1026 1611 1058 ea
1628 1026 1734 1071 quae
1755 1013 1813 1059 ad
1835 1025 1963 1071 mys-

80 1080 245 1126 terium
279 1080 611 1126 Incarnationis
643 1078 893 1136 pertinent,
922 1077 1106 1134 plenius
1138 1076 1272 1121 scivit
1308 1076 1449 1132 quam
1482 1075 1650 1132 aliquis
1681 1075 1815 1120 alius.
1851 1076 1962 1119 Ciim

79 1153 190 1199 ergo
208 1141 320 1186 unio
343 1140 601 1199 personalis
627 1139 864 1184 contineat
886 1137 1003 1183 duas
1021 1141 1232 1195 naturas,
1255 1136 1440 1182 videtur
1460 1137 1586 1193 quod
1607 1137 1655 1181 In
1673 1136 1848 1182 Christo
1867 1149 1962 1181 non

79 1201 174 1247 sint
214 1203 317 1248 duae
352 1202 574 1260 scientiae,
616 1201 699 1247 sed
737 1213 831 1244 una
870 1200 1047 1244 tantum
1095 1198 1302 1255 scientia,
1347 1198 1585 1256 pertinens
1627 1198 1684 1244 ad
1718 1202 1964 1256 utramque

79 1270 311 1310 naturam.

137 1326 225 1371 Sed
255 1329 414 1370 contra
442 1325 666 1382 est‘quod
693 1324 962 1370 Ambrosius
996 1323 1107 1369 dicit
1141 1323 1206 1380 (in
1235 1323 1354 1368 libro
1386 1326 1448 1368 De
1476 1324 1704 1368 incarnat.
1738 1335 1841 1379 cap.
1866 1326 1908 1376 7,
1936 1323 1964 1366 a

79 1387 246 1443 med.):
273 1405 293 1425 «
311 1390 433 1431 Deus
450 1386 498 1431 in
518 1399 657 1431 carne
675 1386 1005 1443 perfectionem
1024 1389 1203 1430 naturae
1222 1385 1476 1442 assumpsit
1495 1385 1739 1429 humanae:
1760 1384 1965 1440 suscepit

85 1461 275 1494 sensum
289 1447 506 1508 hominis,
524 1447 606 1493 sed
621 1460 715 1492 non
732 1459 919 1492 sensum
933 1446 1088 1491 carnis
1102 1446 1327 1491 inflatum.
1345 1466 1365 1486 »
1385 1446 1472 1492 Sed
1483 1446 1539 1492 ad
1557 1458 1749 1491 sensum
1763 1445 1964 1491 hominis

80 1511 282 1568 pertinet
304 1510 494 1556 scientia
514 1515 683 1556 creata.
708 1512 827 1566 Ergo
845 1509 893 1553 in
914 1509 1091 1554 Christo
1113 1509 1199 1554 fuit
1221 1508 1412 1553 scientia
1430 1514 1598 1553 creata.

129 1578 418 1619 CONCLUSIO.
444 1599 494 1608 —
517 1578 682 1618 Necesse
707 1577 808 1625 fuit,
838 1577 995 1616 ratione
1019 1576 1213 1616 humanae
1243 1580 1400 1616 naturae
1426 1588 1517 1627 quae
1542 1578 1587 1616 in
1613 1576 1771 1617 Christo
1793 1577 1966 1627 perfecta

81 1632 177 1681 fuit,
192 1632 316 1673 fuisse
330 1634 374 1673 in
391 1643 436 1673 eo
452 1632 638 1684 aliquam
652 1632 779 1672 aliam
795 1632 1025 1681 scientiam,
1045 1634 1186 1682 praeter
1201 1631 1419 1671 scientiam
1434 1631 1637 1671 divinam.

137 1695 407 1752 Respondeo
423 1695 671 1740 dicendum
693 1694 833 1751 quod,
852 1694 971 1738 sicut
993 1706 1051 1738 ex
1075 1705 1215 1750 supra
1236 1693 1371 1738 dictis
1394 1697 1520 1749 patet
1547 1696 1726 1749 (quaest.
1748 1695 1805 1749 v),
1824 1692 1965 1737 Filius

82 1755 158 1800 Dei
178 1756 427 1801 humanam
446 1761 660 1801 naturam
674 1757 903 1812 integram
922 1755 1191 1812 assumpsit3
1212 1755 1261 1800 id
1279 1759 1366 1812 est,
1391 1767 1486 1800 non
1505 1756 1658 1800 solum
1679 1766 1865 1811 σοι-ρης,
1883 1755 1965 1800 sed

83 1817 222 1867 ctiam
241 1817 456 1875 animam3
480 1830 573 1863 non
592 1818 742 1863 solum
765 1817 1051 1873 sensitivam,
1075 1817 1158 1862 sed
1177 1817 1317 1862 etiam
1335 1817 1624 1862 rationalem.
1644 1819 1699 1861 Et
1713 1816 1816 1861 ideo
1831 1829 1967 1874 opor-

85 1879 171 1924 tuit
193 1878 318 1936 quod
342 1879 532 1924 haberet
550 1879 789 1924 scientiam
818 1883 1037 1934 creatam,
1060 1883 1246 1935 propter
1270 1879 1370 1923 tria.
1395 1879 1547 1923 Primo
1575 1879 1762 1936 quidem
1780 1882 1968 1935 propter

85 1941 251 1986 animae
269 1941 614 1998 perfectionem.
632 1941 793 1985 Anima
812 1940 935 1985 enim
956 1941 1215 1985 secundum
1231 1952 1282 1985 se
1299 1940 1589 1985 considerata
1607 1939 1743 1984 estin
1762 1939 1967 1996 potentia

84 2003 143 2048 ad
171 2002 475 2059 intelligibilia
493 2002 835 2059 cognoscenda,
856 2006 927 2046 est
949 2001 1074 2046 enim
1098 2002 1217 2047 sicut
1236 2002 1395 2047 tabula
1415 2002 1464 2045 in
1487 2014 1580 2066 qua
1599 2001 1710 2046 nibil
1734 2007 1803 2045 est
1820 2002 1967 2059 scrip-

84 2067 199 2119 tum3
220 2067 267 2109 et
287 2067 440 2108 tamen
459 2063 679 2120 possibile
699 2063 832 2108 estin
854 2075 908 2108 ea
932 2062 1070 2107 scribi
1091 2068 1280 2119 propter
1299 2066 1357 2117 (2)
1379 2063 1663 2107 intellectum
1678 2062 1963 2120 possibilem,

84 2135 176 2180 quo
197 2129 268 2170 est
288 2124 444 2169 omnia
465 2124 580 2182 fieri,
603 2128 655 2169 ut
678 2124 843 2169 dicitur
862 2126 937 2178 (De
958 2123 1130 2178 anima,
1153 2124 1232 2168 lib.
1255 2139 1315 2181 111,
1337 2128 1447 2169 text.
1468 2127 1551 2176 18).
1576 2124 1706 2177 Quod
1727 2128 1882 2169 autem
1897 2129 1967 2170 est

83 2185 130 2229 in
150 2185 370 2242 potentia,
387 2190 458 2231 est
471 2186 803 2243 imperfectum,
823 2185 911 2230 nisi
927 2186 1176 2230 reducatur
1195 2186 1253 2230 ad
1268 2191 1437 2230 actum.
1459 2188 1557 2230 Non
1577 2190 1731 2230 autem
1750 2186 1838 2230 fuit
1856 2199 1966 2231 con-

87 2248 275 2293 veniens
302 2247 426 2306 quod
446 2247 584 2292 Filius
614 2248 691 2292 Dei
714 2249 969 2292 humanam
992 2252 1206 2292 naturam
1238 2248 1554 2305 imperfectam
1584 2252 1858 2307 assumeret,
1885 2249 1966 2294 sed

84 2310 349 2367 perfectam,
365 2314 526 2367 utpote
542 2312 634 2367 qua
651 2310 883 2355 mediante
897 2315 1044 2355 totum
1063 2310 1323 2355 humanum
1343 2322 1493 2367 genus
1517 2310 1576 2355 ad
1593 2310 1851 2367 perfectum
1868 2317 1968 2357 erat

84 2371 416 2417 reducendum.
447 2374 502 2416 Et
521 2371 625 2416 ideo
649 2371 850 2428 oportuit
870 2370 993 2428 quod
1022 2371 1178 2415 anima
1200 2372 1363 2416 Christi
1387 2376 1511 2417 esset
1543 2372 1745 2428 perfecta
1767 2385 1850 2429 per
1881 2373 1967 2418 ali-

85 2445 224 2490 quam
241 2434 495 2492 scientiam,
510 2445 615 2490 quae
629 2438 753 2478 esset
766 2433 949 2490 propria
963 2433 1183 2489 perfectio
1194 2434 1310 2490 eJus.
1328 2436 1382 2479 Et
1395 2434 1500 2478 ideo
1513 2433 1714 2491 oportuit
1730 2436 1777 2479 in
1792 2435 1966 2480 Christo

85 2505 189 2540 esse
209 2494 412 2552 aliquam
440 2495 681 2540 scientiam
699 2500 864 2552 praeter
883 2495 1121 2540 scientiam
1145 2496 1375 2552 divinam,
1396 2496 1602 2553 alioquin
1622 2495 1777 2541 anima
1803 2497 1966 2542 Christi

86 2562 207 2602 esset
226 2556 532 2614 imperfectior
561 2556 805 2601 animabus
831 2556 1026 2601 aliorum
1050 2557 1304 2603 hominum.
1330 2556 1553 2613 Secundo,
1578 2558 1688 2615 quia
1709 2558 1817 2603 cum
1838 2570 1966 2616 quae-

85 2617 198 2663 libet
213 2630 288 2664 res
301 2618 360 2664 sit
377 2622 562 2675 propter
580 2631 714 2664 suam
729 2618 1060 2677 operationem,
1073 2624 1126 2663 ut
1143 2619 1309 2664 dicitur
1328 2622 1405 2676 (De
1425 2620 1560 2676 coe10,
1579 2620 1662 2665 lib.
1682 2634 1731 2676 11,
1747 2624 1859 2666 text.
1881 2623 1963 2677 17),

87 2679 257 2726 frustra
275 2680 462 2726 haberet
478 2681 682 2727 Christus
709 2681 913 2726 animam
944 2681 1290 2739 intellectivam,
1312 2682 1350 2727 si
1381 2695 1475 2726 non
1498 2682 1776 2739 intelligeret
1795 2695 1966 2728 secun-

89 2740 198 2785 dum
233 2741 359 2787 illam
379 2758 390 2787 z
432 2743 553 2800 quod
594 2743 794 2800 pertinet
831 2743 890 2788 ad
926 2744 1166 2788 scientiam
1205 2749 1424 2789 creatam.
1463 2744 1627 2801 Tertio,
1667 2745 1776 2801 quia
1814 2743 1964 2802 aliqua

89 2802 279 2848 scientia
296 2808 450 2849 creata
466 2805 664 2861 pertinet
685 2805 744 2850 ad
764 2806 929 2850 animae
947 2807 1163 2850 humanae
1182 2810 1413 2863 naturam,
1436 2806 1610 2851 scilicet
1627 2806 1705 2851 illa
1725 2818 1808 2863 per
1826 2817 1966 2863 quam

89 2864 356 2909 naturaliter
363 2866 683 2920 cognoscimus
693 2867 840 2924 prima
847 2867 1094 2924 principia:
1109 2869 1172 2912 sci
1179 2880 1234 2912 en
1240 2868 1350 2911 tiam
1363 2867 1485 2911 enim
1494 2867 1568 2911 hic
1576 2866 1705 2922 large
1715 2867 1940 2924 accipimu
1947 2880 1970 2914 s

88 2934 171 2982 pro
188 2924 389 2981 qualibet
408 2926 669 2983 cognitione
689 2928 949 2973 intellectus
972 2929 1177 2973 humani.
1194 2929 1312 2973 Nihil
1329 2933 1485 2973 autern
1501 2928 1780 2974 naturalium
1792 2929 1969 2975 Christo

88 2980 252 3042 defuit3
270 2986 378 3043 quia
397 2990 539 3032 totam
550 2988 801 3046 humanam
821 2996 1032 3035 naturam
1051 2991 1272 3048 suscepit,
1291 2996 1344 3035 ut
1360 3002 1501 3048 supra
1515 2990 1689 3036 dictum
1701 2995 1771 3035 est
1783 2992 1965 3048 (quaest.

89 3048 215 3101 v).Et
246 3047 350 3092 ideo
372 3047 421 3091 in
454 3052 583 3093 sexta
605 3050 781 3106 synodo
812 3052 1175 3109 (constantinop.
1203 3066 1266 3107 ιιι,
1296 3064 1453 3109 gener.
1483 3055 1527 3109 6,
1556 3057 1644 3097 act.
1676 3055 1721 3108 4,
1754 3052 1803 3097 in
1830 3053 1965 3110 epist.

88 3109 247 3165 Agath.
271 3111 349 3166 Pp.
370 3109 428 3154 ad
451 3112 584 3166 Imp.)
612 3110 828 3156 damnata
855 3120 924 3158 est
948 3114 1113 3171 positio
1137 3114 1407 3170 negantium
1436 3114 1485 3158 in
1515 3114 1692 3159 Christo
1716 3126 1819 3160 esse
1850 3115 1967 3160 duas

89 3171 319 3227 scientias,
339 3171 412 3215 vel
437 3171 554 3216 duas
577 3172 826 3228 sapientias
847 3176 922 3230 (3).

129 3281 173 3323 (³1)
201 3281 249 3315 De
274 3279 340 3315 fide
368 3285 418 3315 est
442 3281 478 3315 in
503 3282 634 3316 Christo
660 3287 782 3324 praeter
806 3283 981 3318 scientiam
1067 3284 1274 3327 niaduplicia
1291 3286 1389 3320 unius
1400 3287 1616 3328 ejusdemque
1638 3286 1771 3320 Domini
1788 3285 1969 3320 salvatoris

89 3328 270 3363 increatam
295 3339 352 3363 seu
368 3328 529 3370 divinam,
544 3329 644 3364 fuisse
663 3330 767 3364 ctiam
782 3335 941 3365 creatam.
1068 3332 1182 3366 Nostri
1212 3334 1242 3367 J.
1260 3334 1315 3376 C.;
1341 3334 1523 3368 secundum
1559 3334 1784 3374 evangelicam
1812 3331 1968 3368 traditio-

128 3377 172 3418 (2)
189 3376 241 3411 lta
255 3389 331 3411 cum
353 3377 432 3412 Mss.
447 3377 594 3419 theologi
611 3384 643 3412 et
659 3379 802 3414 Nicolai.
819 3380 884 3420 Al..
904 3391 984 3422 per.
1069 3391 1146 3413 nem
1161 3382 1349 3424 asserimus,
1369 3382 1405 3416 id
1422 3389 1482 3421 est,
1500 3383 1581 3416 duas
1605 3386 1675 3421 ejus
1692 3385 1829 3415 naturas
1847 3379 1967 3421 proedi-

128 3425 171 3466 (5)
192 3424 332 3459 Actione
353 3425 444 3459 enim
473 3433 507 3458 lv
540 3425 621 3459 dicit
650 3426 799 3468 pontifex
827 3439 835 3461 :
863 3440 878 3460 α
899 3427 986 3460 Om-
1071 3439 1195 3469 camus,
1218 3428 1364 3463 divinam
1380 3428 1555 3464 scilicet'et
1579 3429 1779 3464 humanam:
1798 3432 1832 3462 et
1853 3438 1970 3460 unam-
