2170 3808
102 203 185 245 110
701 200 900 252 QUAEST.
931 200 1000 254 xl,
1032 199 1149 242 ART.
1180 199 1216 242 11
1242 199 1308 242 ET
1336 200 1405 243 111.

106 282 194 327 fuit
213 281 459 339 passibile3
480 280 769 326 conditiones
791 279 903 324 vero
925 279 1327 337 comprehensoris
1360 281 1563 326 maxime
1596 280 1760 327 habuit
1787 293 1847 326 ex
1871 286 2001 338 parte

106 344 276 388 animae
303 343 614 389 intellectivae.
644 344 723 387 Est
751 347 908 387 autem
938 342 1037 387 haec
1069 341 1274 387 conditio
1303 343 1473 388 animae
1504 343 1923 400 comprehensoris,
1948 350 2001 388 ut

106 406 236 458 nullo
254 406 393 451 modo
413 403 642 449 subdatur
660 416 748 449 suo
767 404 964 461 corpori,
990 409 1072 449 aut
1089 404 1149 449 ab
1167 416 1224 448 eo
1242 404 1518 464 dependeat,
1539 406 1621 451 sed
1642 404 1844 450 totaliter
1859 407 1902 450 ei
1919 405 2001 450 do-

107 469 325 514 minetur.
351 467 479 511 Unde
497 469 667 523 etpost
688 466 1076 511 resurrectionem
1096 478 1155 511 ex
1177 466 1335 510 anima
1356 467 1502 525 gloria
1521 466 1803 513 redundabit
1822 467 1879 512 ad
1900 480 2001 512 cor-

106 543 213 587 pus.
231 533 296 574 Ex
310 530 399 574 hoc
417 533 573 573 autem
590 527 750 572 anima
765 528 968 573 hominis
978 528 1168 573 viatoris
1183 528 1359 586 indiget
1371 530 1430 574 ad
1440 530 1765 587 phantasmata
1775 530 1999 587 converti,

105 592 230 648 quod
251 596 323 636 est
342 590 522 648 corpori
543 590 763 646 obligata,
786 595 832 635 et
856 590 1201 648 quodammodo
1230 591 1272 636 ei
1306 591 1538 649 subiecta,
1573 596 1620 638 et
1647 591 1707 636 ab
1739 603 1796 637 eo
1828 591 1999 649 depen-

24 652 45 686 ἲ
106 654 237 698 dens.
259 655 311 697 Et
332 652 437 698 ideo
452 652 620 698 animae
634 652 785 698 beatae
803 657 849 698 et
866 658 973 698 ante
989 652 1397 710 resurrectionem,
1412 658 1459 699 et
1473 658 1596 711 post,
1614 652 1875 711 intelligere
1893 666 1999 710 pos-

47 764 49 767 ·
102 720 216 759 sunt
234 715 412 772 absque
435 714 741 760 conversione
763 714 824 760 ad
843 715 1186 771 phantasmata.
1213 717 1267 759 Et
1292 715 1380 759 hoc
1404 715 1541 760 etiam
1562 719 1744 773 oportet
1761 714 1915 760 dicere
1939 715 1999 761 de

100 777 259 821 anima
277 776 456 833 Christi,
482 789 588 834 quae
611 777 748 833 plene
766 776 929 822 habuit
953 777 1222 822 facultatem
1248 778 1661 834 comprehensoris.

96 871 98 873 -
158 839 224 884 Ad
242 843 444 895 primum
465 851 577 895 ergo
609 839 875 895 dicendum,
901 839 1028 897 quod
1052 838 1307 884 similitudo
1328 838 1407 884 illa
1424 852 1565 897 quam
1587 840 1891 897 Philosophus
1914 851 2001 896 po-

103 901 187 957 nit,
218 914 313 946 non
337 901 591 946 attenditur
611 901 840 959 quantum
859 901 919 947 ad
943 901 1117 946 omnia.
1155 901 1444 946 Manifestum
1476 907 1547 948 est
1581 903 1706 947 enim
1735 902 1859 959 quod
1892 901 2002 946 finis

104 963 320 1019 potentiae
337 964 497 1008 visivae
527 968 599 1008 est
626 975 909 1021 cognoscere
936 963 1144 1020 colores3
1164 963 1270 1008 finis
1292 967 1447 1007 autem
1470 964 1687 1021 potentiae
1708 963 2000 1009 intellectivae

103 1037 194 1068 non
221 1031 294 1070 est
312 1038 593 1082 cognoscere
612 1026 954 1083 phantasmata,
977 1025 1059 1071 sed
1079 1037 1363 1082 cognoscere
1386 1025 1564 1082 species
1586 1028 1643 1080 (1)
1668 1026 1997 1084 intelligibiles,

105 1098 221 1142 quas
240 1087 544 1145 apprehendit
563 1088 591 1132 a
612 1088 1035 1144 phantasmatibus,
1057 1091 1104 1132 et
1127 1089 1175 1132 in
1197 1087 1603 1144 phantasmatibus
1623 1089 1881 1133 secundum
1902 1094 2000 1133 sta-

104 1159 203 1192 tum
223 1150 469 1206 praesentis
488 1149 612 1194 vitae.
647 1151 726 1195 Est
758 1150 901 1206 igitur
923 1149 1179 1196 similitudo
1208 1151 1437 1207 quantum
1462 1150 1522 1196 ad
1555 1151 1642 1194 hoc
1675 1150 1799 1208 quod
1833 1150 1999 1207 aspicit

100 1217 298 1268 utraque
314 1211 535 1269 potentia,
556 1224 650 1256 non
682 1217 838 1256 autem
859 1215 1087 1269 quantum
1111 1212 1171 1257 ad
1190 1212 1345 1257 hocin
1370 1212 1493 1269 quod
1519 1211 1760 1270 utriusque
1782 1213 1999 1269 potentiae

100 1273 301 1318 conditio
331 1275 622 1319 terminatur.
649 1273 770 1320 Nihil
800 1281 958 1319 autem
991 1274 1207 1331 prohibet
1234 1275 1494 1319 secundnm
1528 1274 1738 1320 diversos
1769 1279 1918 1319 status
1939 1286 1999 1320 ex

100 1334 296 1380 diversis
318 1348 416 1381 rem
446 1336 650 1393 aliquam
670 1336 730 1381 ad
748 1347 886 1381 suum
910 1337 1051 1381 finem
1072 1336 1276 1382 tendere.
1293 1336 1416 1381 Finis
1438 1341 1594 1381 tamen
1615 1337 1829 1394 proprius
1850 1337 1998 1382 alicu-

97 1396 177 1452 jus
198 1398 264 1441 rei
290 1410 474 1455 semper
495 1402 567 1443 est
580 1410 721 1443 unus.
742 1401 796 1442 Et
814 1398 920 1444 ideo
935 1398 1044 1443 licet
1065 1399 1196 1443 visus
1211 1398 1327 1443 nihil
1340 1404 1593 1455 cognoscat
1614 1398 1791 1456 absque
1812 1399 1997 1456 colore,

99 1458 366 1504 intellectus
397 1465 554 1505 tamen
588 1459 845 1504 secundum
880 1460 1084 1517 aliquem
1117 1464 1289 1505 statum
1322 1465 1476 1517 potest
1505 1472 1787 1517 cognoscere
1820 1461 1999 1518 absque

98 1521 440 1579 phantasmate,
466 1522 548 1567 sed
569 1533 665 1566 non
690 1523 869 1580 absque
892 1522 1048 1579 specie
1070 1522 1361 1580 intelligibili.

153 1583 218 1627 Ad
241 1585 485 1628 secundum
507 1584 783 1642 dicendum,
809 1584 934 1641 quod
952 1584 1059 1629 licet
1076 1585 1230 1629 anima
1255 1584 1415 1631 Christi
1436 1586 1576 1631 fuerit
1589 1585 1799 1643 eiusdem
1819 1590 1998 1631 naturae

96 1656 205 1688 cum
242 1645 489 1690 animabus
537 1646 709 1691 nostris
725 1679 739 1703 ,
773 1646 937 1692 habuit
983 1650 1137 1691 tamen
1185 1647 1388 1705 aliquem
1428 1653 1601 1693 statum
1651 1660 1789 1705 quem
1828 1649 1998 1694 animae

98 1705 269 1752 nostrae
291 1720 386 1753 non
405 1709 578 1754 habent
600 1721 728 1753 nunc
751 1708 800 1753 in
823 1722 891 1768 re,
915 1709 1002 1754 sed
1023 1709 1175 1754 solum
1198 1710 1247 1755 in
1269 1723 1369 1768 spe,
1393 1711 1570 1756 scilicet
1591 1716 1763 1756 statum
1783 1723 2000 1769 compre-

97 1768 325 1814 hensoris.

150 1831 218 1875 Ad
254 1834 439 1876 tertium
463 1830 710 1876 dicendum
727 1863 741 1887 ,
766 1829 890 1887 quod
907 1829 1015 1876 licet
1033 1830 1189 1875 anima
1211 1831 1374 1876 Christi
1397 1831 1599 1889 potuerit
1619 1830 1878 1890 intelligere
1900 1845 1995 1878 non

94 1893 408 1938 convertendo
426 1903 478 1937 se
502 1891 558 1936 ad
583 1893 923 1949 phantasmata,
949 1897 1130 1950 poterat
1151 1895 1307 1938 tamen
1331 1893 1602 1950 intelligere,
1623 1907 1675 1940 se
1693 1894 1751 1939 ad
1773 1896 1997 1952 phantas-

95 1960 221 1999 mata
242 1954 575 2000 convertendo.
613 1957 668 1999 Et
691 1955 795 2000 ideo
825 1967 996 2000 sensus
1022 1967 1117 2000 non
1139 1956 1331 2001 fuerunt
1358 1957 1529 2002 frustra
1559 1959 1617 2012 (2)
1641 1957 1689 2002 in
1717 1958 1845 2015 ipsa:
1871 1971 1995 2016 prae-

94 2017 252 2062 sertim
287 2022 395 2062 cum
415 2030 587 2062 sensus
616 2030 711 2061 non
747 2017 918 2062 dentur
939 2018 1117 2062 homini
1136 2019 1289 2064 solum
1308 2019 1367 2064 ad
1388 2019 1630 2065 scientiam
1650 2020 1996 2084 intellectivam,

93 2079 176 2137 sed
214 2080 353 2125 etiam
383 2080 442 2125 ad
474 2079 796 2124 necessitatem
829 2079 937 2124 vitae
956 2080 1187 2127 animalis.
1643 2125 1645 2128 ,

261 2144 603 2185 ARTICULUS
642 2144 725 2186 111.
746 2167 799 2173 —-
822 2155 957 2186 ursum
986 2156 1077 2187 nAEc
1107 2156 1293 2188 scisn'rm
1321 2158 1472 2188 runnu*
1501 2158 1728 2189 COLLATIVA
1748 2147 1823 2200 (3).

156 2209 206 2245 De
220 2210 275 2245 his
293 2212 394 2245 etiam
407 2212 501 2246 Sent.
519 2219 575 2253 ιιι,
597 2211 677 2245 dist.
693 2210 748 2251 M,
765 2215 880 2253 quaest.
900 2220 926 2254 ι,
953 2216 1018 2247 art.
1031 2214 1066 2253 5,
1083 2218 1198 2254 quaest.
1215 2221 1273 2255 111,
1292 2216 1328 2248 et
1350 2213 1400 2248 De
1415 2226 1487 2250 ver.
1507 2219 1624 2256 quoest.
1640 2223 1698 2256 xx,
1713 2218 1779 2249 art.
1792 2215 1815 2250 5
1838 2214 1879 2250 ad
1895 2215 1929 2251 4.

149 2265 216 2310 Ad
239 2265 424 2310 tertium
440 2265 509 2309 sic
528 2265 809 2322 proceditur.
831 2269 875 2310 1.
897 2266 1086 2311 Videtur
1107 2267 1233 2324 quod
1252 2267 1408 2313 anima
1423 2269 1586 2313 Christi
1609 2270 1732 2314 hanc
1749 2269 1992 2316 scientiam

94 2340 191 2373 non
220 2327 435 2372 habuerit
464 2339 547 2384 per
569 2327 762 2372 modum
781 2328 1199 2385 collationis..Dicit
1224 2329 1350 2374 enim
1382 2334 1697 2376 Damascenus
1731 2333 1871 2387 (Orth.
1910 2333 1990 2378 fid.

94 2389 175 2437 lib.
196 2403 258 2444 ιιι,
275 2402 377 2446 cap.
402 2393 473 2444 14,
495 2389 554 2434 ad
578 2389 660 2433 fin.
682 2393 727 2433 et
747 2388 828 2434 lib.
846 2404 893 2448 11,
910 2402 1013 2448 cap.
1038 2394 1110 2450 22,
1132 2391 1316 2447 amed.)
1338 2407 1350 2437 ε
1379 2396 1460 2438 «In
1481 2394 1657 2438 Christo
1678 2406 1773 2438 non
1793 2393 1992 2440 dicimus

94 2451 345 2497 consilium
370 2463 523 2508 neque
544 2451 873 2496 electionem.»
897 2455 996 2498 Non
1015 2461 1171 2498 autem
1189 2460 1490 2500 removentur
1513 2457 1613 2501 haec
1635 2455 1662 2500 a
1683 2457 1877 2514 Christo,
1901 2458 1990 2503 nisi

93 2513 372 2570 inquantum
404 2513 657 2570 important
688 2513 984 2560 collationem
1016 2520 1060 2560 et
1097 2515 1380 2561 discursum.
1417 2520 1538 2575 Ergo
1572 2515 1755 2564 videtur
1787 2520 1913 2576 quod
1941 2521 1990 2566 in

94 2576 272 2620 Christo
292 2588 387 2619 non
407 2575 548 2620 fuerit
568 2575 763 2620 scientia
778 2576 994 2622 collativa
1012 2577 1087 2622 vel
1105 2576 1376 2623 discursiva.
1743 2633 1745 2635 ι

149 2640 193 2682 2.
219 2640 460 2695 Praeterea,
481 2639 618 2682 homo
637 2637 815 2695 indiget
836 2639 1082 2686 collatione
1104 2644 1150 2685 et
1173 2641 1392 2687 discursu
1410 2642 1602 2688 rationis
1622 2643 1682 2689 ad
1709 2643 1989 2701 inquirenda

93 2711 149 2743 ea
171 2711 276 2757 quae
297 2698 498 2756 ignorat.
520 2699 609 2745 Sed
638 2700 794 2745 anima
825 2702 988 2747 Christi
1010 2703 1231 2760 cognovit
1254 2704 1427 2761 omnia,
1453 2710 1506 2750 ut
1531 2718 1674 2763 supra
1706 2705 1884 2752 dictum
1915 2713 1988 2753 est

94 2763 285 2817 (quaest.
319 2773 460 2818 praec.
495 2768 581 2807 art.
616 2764 690 2817 2).
723 2766 820 2808 Non
852 2776 964 2821 ergo
997 2764 1047 2809 in
1077 2777 1132 2811 ea
1157 2764 1244 2810 fuit
1272 2765 1466 2811 scientia
1496 2767 1755 2813 discursiva
1782 2769 1856 2813 vel
1889 2769 1994 2814 col·

57 2863 59 2866 .
91 2823 246 2869 lativa.

146 2888 189 2931 3.
215 2887 455 2943 Praeterea,
476 2885 669 2932 scientia
691 2887 859 2937 animae
876 2888 1040 2950 Christi
1058 2902 1109 2936 se
1128 2890 1291 2936 habuit
1305 2904 1388 2949 per
1409 2891 1603 2938 modum
1621 2893 1992 2951 comprehenso·

91 2958 212 3005 rum,
229 2949 309 3005 qui
326 2949 505 3006 angelis
524 2949 891 3008 conformantur,
915 2955 970 2997 ut
986 2952 1155 2998 dicitur
1180 2954 1351 3004 (Matth.
1370 2957 1487 3010 xxn).
1514 2954 1602 3000 Sed
1624 2955 1672 3000 in
1693 2956 1873 3013 angelis
1890 2970 1985 3002 non

92 3014 162 3053 est
182 3009 377 3054 scientia
397 3011 656 3056 discursiva
671 3024 757 3057 seu
778 3013 1008 3072 collativa,
1032 3020 1085 3059 ut
1106 3015 1233 3072 patet
1247 3029 1329 3073 per
1350 3017 1621 3075 Dionysium
1640 3020 1718 3073 (De
1741 3019 1834 3064 div.
1856 3032 1992 3066 nom..

92 3083 193 3126 cap.
218 3074 262 3124 7,
281 3071 403 3116 inter
427 3072 577 3128 princ.
602 3078 649 3117 et
676 3074 801 3119 med.
829 3074 935 3120 lect.
970 3079 1030 3132 2).
1053 3078 1171 3133 Ergo
1196 3090 1283 3122 nec
1305 3078 1444 3124 etiam
1467 3079 1515 3124 in
1531 3079 1688 3124 anima
1709 3079 1875 3126 Christi
1897 3081 1983 3126 fuit

92 3132 284 3178 scientia
304 3134 564 3178 discursiva
584 3148 668 3180 seu
682 3136 911 3181 collativa.

147 3196 234 3241 Sed
249 3200 410 3240 contra
424 3203 493 3242 est
518 3198 642 3254 quod
664 3199 871 3245 Christus
891 3201 1052 3246 habuit
1073 3203 1277 3248 animam
1295 3205 1584 3262 rationalem,
1607 3210 1661 3250 ut
1682 3218 1823 3263 supra
1847 3207 1978 3253 habi-

92 3263 189 3302 tum
209 3263 280 3303 est
299 3261 478 3315 (quaest.
501 3273 543 3316 v,
562 3265 649 3304 art.
665 3263 720 3316 3).
743 3263 928 3319 Propria
948 3269 1102 3309 autem
1123 3266 1326 3322 operatio
1342 3268 1508 3312 animae
1522 3268 1760 3313 rationalis
1777 3274 1849 3314 est
1865 3283 1980 3314 con-

130 3355 171 3396 (l)
190 3355 323 3396 Species
333 3355 388 3390 hie
411 3355 551 3396 ponitur
571 3368 632 3397 pro
647 3356 747 3391 rebus
765 3369 824 3399 per
842 3370 917 3394 eam
933 3372 989 3395 re-
1117 3362 1160 3403 (2)
1189 3362 1325 3398 Dicitur
1350 3364 1440 3399 enim
1473 3364 1598 3399 frustra
1628 3364 1716 3405 quod
1744 3377 1812 3400 non
1844 3366 1983 3406 attingit

93 3405 306 3443 praesentatis.
792 3428 794 3430 -
1075 3408 1178 3443 finem
1196 3416 1334 3451 propter
1356 3423 1456 3453 quem
1479 3417 1526 3445 cst
1540 3412 1650 3453 (Phys.
1669 3412 1730 3448 lib.
1754 3421 1793 3454 u,
1812 3418 1891 3448 text.
1910 3414 1975 3455 62).

1116 3458 1160 3497 (5)
1180 3458 1358 3499 Collativa,
1376 3459 1410 3494 id
1430 3464 1491 3500 est,
1510 3460 1705 3494 discut-siva.
