2170 3808
712 237 909 290 QUAEST.
934 238 1073 288 XXXI
1098 238 1271 280 ART.1.
1855 237 1939 279 253

54 322 80 363 b
96 332 133 362 13
147 319 374 363 secundum
391 318 550 372 aliquid
563 318 789 369 signatum.
810 340 859 347 —
878 322 917 355 7ο
936 319 1080 359 Utrum
1098 330 1188 358 caro
1210 317 1389 357 Christi
1378 329 1422 357 1n
1439 317 1622 370 patribus
1641 315 1763 357 fuerit
1777 316 1937 368 peccato

53 386 77 416 o
92 377 243 416 11101113.
262 397 310 404 -
333 381 371 414 8⁰
390 373 534 415 Utrum
555 371 676 412 fuerit
698 372 897 412 decimata
920 373 965 412 in
990 372 1146 411 lumbis
1163 371 1352 411 Abrahae.

158 437 498 481 ARTICULUS
526 437 649 478 1.-
677 446 814 477 01111111
845 446 951 478 cano
980 446 1146 478 cums'n
1174 446 1326 476 suanir
1355 446 1511 477 sunm
1538 446 1592 477 1111
1618 445 1728 476 amu
1754 435 1832 487 (1).

109 497 176 544 Λᾶ
213 497 412 555 primum
454 495 520 540 sic
551 494 833 551 proceditur.
882 499 924 539 1.
959 495 1146 539 Videtur
1176 493 1300 551 quod
1333 506 1440 539 caro
1464 494 1630 540 Christi
1665 506 1761 538 non
1795 491 1936 538 fuerit

53 564 241 617 sumpta
267 571 324 604 ex
350 558 507 604 Adam.
531 556 650 601 Dicit
671 556 794 601 enim
816 556 1062 613 Apostolus
1083 557 1132 611 (l
1149 554 1352 599 Corinth.
1374 568 1446 612 xv,
1468 558 1576 611 47):
1600 558 1779 600 Primus
1801 555 1934 598 homo

53 622 110 664 τέ
128 624 253 665 terra
269 624 484 673 terrenus,
500 620 719 664 secundus
733 620 864 662 homo
888 619 946 662 de
966 618 1074 662 coelo
1094 617 1296 662 coelestis.
1326 618 1505 662 Primus
1530 625 1686 663 autem
1707 617 1847 662 homo
1864 620 1936 661 est

51 680 212 738 Adam,
230 681 463 727 secundus
478 685 549 726 est
566 681 787 725 Christus.
809 683 927 737 Ergo
947 679 1153 724 Christus
1173 691 1266 723 non
1283 684 1354 723 est
1371 690 1430 723 ex
1446 678 1608 735 Adam,
1620 678 1705 724 sed
1721 678 1862 723 habet
1873 677 1933 766 ab

52 754 109 788 eo
121 743 383 789 distinctam
401 742 639 800 originem

106 807 152 850 2.
180 807 419 860 Praeterea,
442 805 683 862 conceptio
704 803 867 850 Christi
891 782 1051 849 debuit
1068 815 1172 849 esse
1189 803 1392 848 maxime
1413 775 1707 847 miraculosa.
1724 802 1813 848 Sed
1830 813 1934 847 ma-

48 866 129 924 jus
149 872 222 912 est
236 867 510 912 miraculum
533 867 736 912 formare
758 879 927 923 corpus
950 866 1152 910 hominis
1171 877 1231 911 ex
1245 865 1356 910 limo
1370 871 1520 922 terrae,
1539 877 1679 923 quam
1703 876 1762 909 ex
1783 868 1932 908 mate—

53 926 123 972 ria
139 929 357 986 humana,
378 941 481 986 quae
503 929 560 973 de
580 929 725 973 Adam
754 929 963 973 trahitur.
988 930 1107 984 Ergo
1128 927 1312 973 videtur
1331 926 1457 984 quod
1479 939 1573 972 non
1594 926 1734 972 fuerit
1762 937 1931 970 conve-

54 989 189 1035 niens
211 991 437 1035 Christum
469 991 528 1035 ab
557 990 699 1035 Adam
733 1002 919 1035 carnem
948 991 1225 1047 sumpsisse.
1257 992 1375 1046 Ergo
1401 989 1586 1034 videtur
1608 987 1734 1047 quod
1763 998 1933 1044 corpus

53 1051 217 1096 Christi
234 1064 327 1097 non
348 1052 560 1108 debuerit
577 1052 765 1096 formari
784 1051 842 1097 de
863 1063 1018 1096 massa
1037 1050 1231 1120 humani
1254 1050 1439 1106 generis
1461 1050 1668 1096 derivata
1688 1049 1748 1094 ab
1769 1049 1932 1106 Adam,

53 1112 136 1158 sed
150 1113 209 1159 de
227 1113 381 1171 aliqua
395 1104 485 1158 alia
506 1113 712 1159 materia.

109 1176 152 1219 3.
183 1177 434 1229 Praeterea,
457 1179 695 1218 Peccatum
716 1177 765 1218 in
798 1175 920 1218 hunc
949 1176 1167 1219 mundum
1196 1177 1390 1218 intravit
1411 1186 1494 1231 per
1530 1186 1669 1218 unum
1690 1171 1930 1230 hominem,

53 1235 226 1281 scilicet
251 1249 333 1294 per
354 1238 527 1293 Adam3
557 1237 665 1293 quia
688 1247 849 1280 omnes
870 1235 918 1279 in
942 1248 998 1280 eo
1026 1235 1312 1293 originaliter
1330 1235 1581 1280 existentes
1600 1238 1929 1291 peccaverunt,

53 1300 106 1341 ut
119 1302 244 1354 patet
266 1301 471 1351 (Roman.
489 1300 547 1352 v).
572 1298 658 1343 Sed
679 1297 719 1341 si
732 1310 904 1354 corpus
927 1297 1090 1342 Christi
1108 1298 1274 1343 fuisset
1295 1297 1355 1342 ab
1378 1297 1522 1342 Adam
1549 1300 1805 1352 sumptum,
1831 1297 1933 1352 ipse

53 1357 190 1403 etiam
208 1359 257 1403 in
279 1361 422 1405 Adam
442 1359 727 1416 originaliter
754 1359 937 1414 fuisset,
963 1359 1150 1415 quando
1170 1358 1395 1416 peccavit.
1423 1361 1543 1414 Ergo
1564 1363 1808 1415 peccatum
1837 1357 1931 1401 ori-

54 1419 205 1476 ginale
225 1422 546 1479 contraxisset,
570 1421 694 1479 quod
714 1434 806 1465 non
828 1421 1020 1466 decebat
1041 1422 1205 1466 Christi
1223 1422 1487 1478 puritatem.
1510 1422 1608 1465 Non
1628 1431 1739 1476 ergo
1761 1431 1932 1476 corpus

53 1482 215 1528 Christi
240 1489 311 1528 est
330 1486 578 1528 formatum
604 1483 661 1528 de
679 1484 870 1528 materia
893 1488 1080 1540 sumpta
1107 1483 1166 1527 ab
1188 1484 1349 1528 Adam.

105 1545 193 1590 Sed
211 1550 367 1590 contra
388 1551 458 1591 est
478 1546 603 1602 quod
626 1546 870 1603 Apostolus
892 1546 1002 1590 dicit
1024 1545 1175 1600 (Hebr.
1200 1560 1248 1604 11,
1268 1548 1339 1600 16)
1360 1561 1371 1587 :
1393 1549 1626 1600 Nusquam
1648 1544 1832 1600 angelos
1852 1557 1932 1600 ap·

56 1608 306 1662 prehendit,
331 1608 505 1652 scilicet
527 1608 665 1652 Filius
685 1608 778 1663 Dei,
802 1608 881 1650 sed
907 1621 1054 1651 semen
1082 1608 1281 1651 Abrahae
1309 1607 1624 1664 apprehendit.
1651 1608 1815 1650 Semen
1845 1617 1931 1649 au-

56 1670 148 1712 tem
165 1668 354 1713 Abrahae
374 1668 612 1727 sumptum
634 1675 782 1715 estex
804 1669 963 1714 Adam.
986 1672 1105 1726 Ergo
1124 1682 1292 1727 corpus
1314 1668 1479 1713 Christi
1501 1668 1589 1712 fuit
1606 1667 1856 1712 formatum
1873 1667 1931 1712 de

55 1729 245 1773 materia
263 1743 320 1774 ex
338 1731 479 1775 Adam
502 1736 702 1787 sumpta.

103 1804 392 1845 CONCLUSIO.
415 1827 459 1834 —
485 1807 589 1845 Gum
610 1805 795 1844 Christus
819 1808 1011 1845 naturam
1033 1807 1298 1857 assumpserit
1328 1806 1584 1854 humanam,
1612 1808 1661 1844 ut
1683 1815 1776 1845 eam
1798 1816 1822 1843 a
1844 1814 1930 1845 cor

56 1858 243 1909 ruptione
260 1863 468 1910 purgaret,
497 1860 576 1899 fuit
591 1862 835 1899 conveniens
867 1864 914 1899 ut
937 1871 1102 1900 carnem
1134 1872 1182 1900 ex
1202 1856 1376 1900 materia
1397 1865 1573 1900 sumeret
1594 1860 1646 1899 ab
1667 1859 1799 1899 Adam
1820 1857 1930 1898 deri-

55 1915 164 1953 vata.

109 1976 379 2032 Respondeo
401 1976 648 2021 dicendum
677 1976 801 2034 quod
825 1977 1033 2021 Christus
1052 1977 1307 2021 humanam
1332 1982 1546 2022 naturam
1582 1977 1852 2033 assumpsit,
1880 1982 1933 2021 ut

55 2047 158 2080 eam
176 2037 205 2081 3
223 2039 518 2094 corruptione
539 2042 773 2095 purgaret.
789 2040 885 2082 Non
906 2042 1061 2082 autem
1084 2038 1360 2095 purgatione
1382 2037 1622 2095 indigebat
1644 2042 1812 2082 natura
1841 2037 1930 2082 hu-

53 2109 194 2142 mana
227 2098 314 2143 nisi
348 2099 607 2143 secundum
640 2099 764 2155 quod
799 2100 968 2145 infecta
999 2104 1096 2144 erat
1126 2112 1210 2156 per
1241 2099 1469 2155 originem
1505 2098 1730 2154 vitiatam,
1747 2100 1841 2155 qua
1872 2110 1930 2143 ex

54 2160 197 2205 Adam
213 2160 537 2205 descendebat.
559 2164 613 2205 Et
630 2161 735 2205 ideo
754 2162 1037 2206 conveniens
1060 2161 1147 2206 suit
1163 2164 1216 2206 ut
1234 2173 1423 2206 carnem
1441 2165 1647 2206 sumeret
1662 2171 1719 2204 ex
1738 2158 1932 2204 materia

54 2220 112 2266 ab
131 2219 276 2265 Adam
298 2222 517 2275 derivata,
536 2228 587 2266 ut
604 2222 705 2278 ipsa
725 2227 888 2266 natura
913 2235 994 2279 per
1016 2223 1383 2279 assumptionem
1401 2226 1658 2267 curaretur.

110 2282 176 2328 Ad
186 2286 389 2340 primum
407 2295 517 2340 ergo
539 2283 802 2337 dicendum,
838 2284 961 2340 quod
981 2284 1214 2330 secundus
1234 2285 1388 2337 homo,
1424 2283 1471 2328 id
1503 2288 1590 2339 est,
1614 2281 1838 2339 Christus,
1861 2282 1928 2328 di-

57 2345 177 2390 citur
200 2357 303 2389 esse
335 2346 392 2391 de
413 2346 547 2402 coelo,
568 2359 663 2390 non
697 2346 885 2403 quidem
907 2350 1135 2404 quantum
1159 2346 1219 2391 ad
1240 2347 1483 2391 materiam
1507 2345 1731 2401 corporis,
1755 2345 1840 2389 sed
1856 2345 1927 2389 vel

54 2410 279 2465 quantum
303 2407 363 2452 ad
383 2407 600 2454 virtutem
615 2409 907 2453 formativam
920 2409 1128 2467 corporis
1146 2409 1266 2467 eJus,
1281 2409 1357 2454 vel
1376 2409 1516 2453 etiam
1534 2408 1762 2465 quantum
1777 2407 1836 2451 ad
1856 2406 1927 2464 ip·

54 2480 154 2514 sam
174 2469 277 2527 ejus
297 2469 580 2515 divinitatem
603 2470 680 2527 (2).
702 2471 965 2516 Secundum
985 2475 1141 2516 autem
1159 2471 1420 2527 materiam,
1454 2482 1627 2528 corpus
1659 2468 1825 2514 Christi
1844 2468 1925 2513 fuit

55 2533 303 2580 terrenum,
324 2530 444 2586 sicut
461 2536 507 2576 et
521 2544 690 2588 corpus
706 2532 830 2577 Adae.

106 2590 172 2636 Ad
190 2592 430 2634 secundum
453 2592 727 2648 dicendum,
757 2592 882 2651 quod
900 2627 913 2649 ‚
943 2594 1064 2638 sicut
1095 2606 1238 2651 supra
1268 2593 1446 2638 dictum
1482 2598 1555 2638 est
1587 2594 1772 2649 (quaest.
1810 2605 1925 2648 xxix,

54 2655 137 2698 art.
149 2655 170 2698 1
187 2652 245 2697 ad
259 2655 320 2707 2),
334 2654 605 2710 mysterium
617 2657 778 2698 Incarn
785 2655 951 2699 ationis
969 2655 1134 2699 Christi
1146 2660 1217 2700 est
1230 2656 1452 2712 quiddam
1467 2653 1816 2708 miraculosum,
1833 2665 1925 2699 non

55 2712 173 2758 sicut
192 2714 452 2758 ordinatum
476 2714 536 2759 ad
557 2716 952 2760 confirmationem
974 2716 1098 2773 fidei,
1120 2717 1204 2760 sed
1225 2717 1346 2760 sicut
1368 2716 1592 2760 articulus
1609 2713 1731 2759 fidei.
1753 2715 1807 2759 Et
1825 2714 1929 2760 ideo

55 2773 104 2819 in
125 2775 344 2831 mysterio
365 2775 695 2821 incarnationis
717 2790 811 2821 non
834 2777 1086 2834 requiritur
1104 2777 1217 2834 quid
1238 2778 1299 2821 sit
1317 2777 1473 2834 maJ'us
1494 2775 1787 2830 miraculum,
1808 2776 1927 2821 sicut

53 2833 103 2878 in
125 2834 358 2879 miraculis
376 2848 480 2908 quae
505 2837 626 2882 fiunt
648 2838 708 2883 ad
728 2839 1126 2883 confirmationem
1155 2838 1290 2892 fidei·
1311 2839 1394 2883 sed
1424 2838 1537 2895 quid
1570 2837 1632 2883 sit
1654 2837 1826 2882 divinae
1850 2849 1927 2882 sa-

53 2895 236 2953 pientiae
254 2897 602 2944 convenientius
625 2905 672 2945 et
688 2901 838 2958 magis
861 2901 1112 2958 expediens
1126 2900 1345 2945 humanae
1363 2900 1518 2954 saluti,
1536 2899 1662 2970 quod
1678 2898 1926 2956 requiritur

52 2959 100 3003 in
122 2957 338 3003 omnibus
361 2970 466 3014 quae
483 2959 588 3004 fidei
620 2966 745 3007 sunt.
769 2963 850 3007 Vel
879 2966 1032 3019 potest
1057 2962 1146 3007 dici
1175 2962 1299 3018 quod
1328 2962 1377 3006 in
1400 2961 1623 3019 mysterio
1648 2960 1925 3005 Incarnatio

51 3020 126 3064 nis
147 3032 240 3064 non
265 3019 415 3063 solum
441 3021 692 3066 attenditur
714 3023 994 3068 miraculum
1017 3036 1078 3069 ex
1095 3024 1291 3067 materia
1312 3027 1583 3079 conceptus,
1606 3021 1690 3068 sed
1707 3022 1859 3080 magis
1869 3033 1925 3067 ex

51 3081 189 3126 modo
208 3080 522 3138 conceptionis
542 3086 589 3127 et
601 3087 792 3140 partus3
812 3086 922 3142 quia
937 3085 1112 3131 scilicet
1126 3084 1262 3140 Virgo
1279 3084 1491 3141 concepit
1509 3088 1556 3128 et
1572 3084 1923 3141 peperitDeum.

90 3218 134 3260 (4)
151 3217 189 3252 In
202 3217 264 3251 hoc
275 3217 416 3252 articulo
430 3217 600 3252 refellitS.
619 3219 743 3253 Doctor
754 3219 939 3262 Simonem,
1068 3221 1110 3261 (21
1128 3220 1207 3254 Addi
1222 3225 1330 3261 potest
1347 3220 1518 3254 Christum
1536 3221 1602 3255 dici
1618 3221 1797 3262 coelestem,
1815 3220 1850 3255 id
1863 3221 1926 3259 est,

51 3265 248 3306 Cerdonem,
270 3265 486 3307 Marcionem,
512 3265 708 3306 Basiliden),
729 3267 939 3306 manichaeos
1026 3266 1206 3307 gloriosum
1220 3267 1610 3309 etincorruptibilem,ut
1622 3265 1926 3310 corporacoelestia,

51 3312 443 3352 gnosticosetdonalistas
453 3313 509 3352 qui
520 3313 681 3347 docebant
690 3325 807 3354 corpus
816 3314 940 3348 Christi
1026 3315 1103 3355 quia
1122 3321 1170 3349 est
1189 3315 1264 3348 talis
1280 3320 1355 3357 post
1374 3316 1678 3351 resurrectionem:
1700 3316 1852 3358 loquitur
1866 3325 1919 3348 au·

50 3358 148 3393 fuisse
168 3359 416 3402 phantasticum
432 3375 441 3400 ς
457 3360 675 3395 Valentinum
701 3360 758 3402 qui
780 3372 942 3400 suppone-
1026 3365 1093 3395 tcm
1113 3362 1162 3396 ibi
1179 3362 1355 3403 Apostolus
1372 3363 1413 3399 de
1430 3364 1679 3398 resurrectione

51 3404 107 3439 bat
122 3405 221 3440 fuisse
235 3419 351 3447 corpus
366 3408 506 3449 coeleste‚
527 3409 754 3449 Apollinarem
769 3409 940 3442 somnian-

52 3459 120 3486 tem
138 3452 350 3489 fuisseverbo
368 3455 660 3497 consubstantiale,
673 3460 738 3490 etc.
