2170 3808
701 253 895 304 QUAEST.
930 255 1037 308 vlu,
1067 255 1184 296 ART.
1218 254 1284 296 111.
1880 256 1933 299 87

106 337 148 380 2.
174 334 665 391 Praete1·ea,Apostolus
688 333 799 378 dicit
818 335 998 390 (Ephes.
1018 347 1062 392 v,
1083 333 1307 390 25),quod
1332 334 1539 377 Christus
1561 335 1761 380 tradidit
1775 340 1932 381 semet..

53 397 196 451 ipsum
241 410 328 454 pro
350 396 570 452 Ecclesia,
601 398 651 438 ut
673 397 766 450 ipse
800 395 1023 439 exhiberet
1055 394 1141 437 sibi
1168 395 1410 449 qloriosam
1433 394 1697 453 Ecclesiam,
1733 409 1821 439 non
1843 397 1931 440 Ιια-

53 457 224 501 bentem
256 458 514 513 maculam,
555 460 637 500 aut
669 468 859 512 ruqam,
901 459 989 500 aut
1018 455 1195 511 aliquid
1229 456 1504 510 hujusmodi.
1540 458 1627 503 Sed
1657 457 1791 502 multi
1826 462 1931 503 sunt

51 518 191 564 etiam
211 518 387 576 fideles,
419 519 467 563 in
490 518 661 575 quibus
698 518 932 563 invenitur
967 517 1168 574 macula,
1204 520 1284 560 aut
1315 527 1432 571 ruga
1463 519 1656 572 peccati.
1693 521 1810 576 Ergo
1848 533 1932 565 nce

52 581 189 626 etiam
211 582 420 627 omnium
444 581 648 627 fidelium
668 581 874 626 Christus
892 583 964 626 est
985 584 1138 636 caput.

107 645 149 689 3.
173 646 410 702 Praeterea,
431 648 722 689 sacramenta
754 643 921 689 veteris
955 643 1074 699 legis
1098 647 1427 699 comparantur
1461 642 1521 686 ad
1556 643 1787 688 Christum
1810 644 1934 691 sicut

51 704 217 750 umbra
236 706 294 751 ad
316 718 502 763 corpus,
522 709 574 750 ut
595 704 761 750 dicitur
780 705 967 760 (Coloss.
990 704 1056 762 11).
1079 703 1167 748 Sed
1194 709 1347 760 patres
1367 704 1536 750 veteris
1557 706 1832 750 Testamenti
1854 719 1927 751 sa-

53 767 301 812 cramentis
322 767 412 812 illis
445 779 532 812 suo
568 771 775 824 tempore
799 766 1079 822 serviebant,
1114 765 1371 811 secundum
1402 765 1517 811 illud
1551 765 1704 820 (Hebr.
1735 780 1825 823 viu,
1851 771 1922 822 5J:

53 829 140 882 Qui
159 828 410 884 exemplari
450 830 496 872 et
534 828 700 872 umbrae
719 829 976 872 deserviunt
998 827 1260 871 coelestium.
1291 829 1388 871 Non
1410 839 1521 884 ergo
1544 826 1837 884 pertinebant
1872 831 1929 874 ad

51 898 222 946 corpus
247 889 425 946 Christi,
449 894 494 935 et
517 889 580 934 ita
597 890 804 934 Christus
829 902 923 934 non
944 893 1016 934 est
1037 893 1177 946 caput
1194 889 1403 934 omnium
1424 889 1678 934 hominum.

108 950 196 996 Sed
218 956 376 996 contra
396 956 466 997 est
489 952 613 1009 quod
632 951 801 996 dicitur
819 953 867 1007 (Ι.
892 951 1083 996 Timoth.
1105 965 1164 1007 w,
1185 953 1252 1005 10)
1274 966 1284 996 ε
1310 955 1391 996 Est
1405 952 1835 995 Salvatoromnium
1849 952 1927 996 Ιιο-

51 1014 239 1070 mtnum,
263 1017 307 1058 et
323 1015 521 1073 maximis!⁴
538 1014 764 1070 fidelium3
787 1018 833 1059 et
853 1016 900 1066 (Ι.
921 1016 1052 1058 Joan.
1070 1028 1115 1069 11,
1137 1015 1207 1068 2):
1236 1017 1335 1070 Ipse
1355 1017 1421 1058 est
1443 1016 1710 1070 propitiatio
1729 1027 1813 1070 pro
1828 1027 1930 1070 pec·

52 1076 166 1117 catis
187 1078 380 1132 nostris;
402 1089 491 1119 non
508 1090 597 1132 pro
621 1078 786 1119 nostris
811 1077 1008 1132 tantam,
1029 1076 1109 1119 sed
1129 1079 1269 1119 etiam
1285 1090 1370 1132 pro
1391 1079 1526 1119 totius
1550 1077 1723 1120 mundi.
1748 1075 1930 1120 Salvere

52 1138 207 1179 autem
222 1135 433 1182 homines
451 1136 877 1195 etpropitiationem
895 1149 999 1182 esse
1018 1149 1102 1193 pro
1117 1136 1318 1193 peccatis
1335 1149 1512 1194 eorum,
1532 1137 1930 1195 competitChristo

52 1197 310 1242 secundum
327 1197 451 1256 quod
474 1202 545 1244 est
562 1203 715 1255 eaput.
739 1200 856 1255 Ergo
877 1198 1084 1242 Christus
1103 1202 1174 1264 esst
1191 1202 1332 1255 caput
1353 1199 1563 1243 omnium
1584 1198 1839 1250 hominum.

99 1264 382 1317 CONCLUSIO.
413 1287 462 1295 ——
486 1266 732 1318 Quanquam
751 1277 832 1305 non
848 1265 987 1306 eodem
1003 1265 1139 1316 modo,
1154 1265 1345 1306 omnium
1363 1270 1498 1308 tamen
1514 1266 1735 1307 hominum
1748 1266 1929 1307 Christus

51 1322 172 1369 caput
186 1322 259 1360 est.
519 1346 532 1355 κ

107 1382 374 1439 Respondeo
393 1383 640 1428 dicendum
658 1382 783 1440 quod
802 1383 901 1427 haec
926 1387 998 1427 est
1016 1383 1278 1428 differentia
1301 1383 1420 1428 inter
1441 1395 1610 1438 corpus
1628 1382 1828 1427 hominis
1849 1396 1929 1427 na-

53 1442 199 1487 turale
215 1447 263 1488 et
278 1456 447 1501 corpus
467 1444 681 1489 Ecclesiae
700 1444 954 1503 mysticum
980 1447 1063 1500 (1),
1091 1444 1216 1502 quod
1249 1444 1457 1489 membra
1482 1443 1688 1500 corporis
1706 1445 1930 1490 naturalis

53 1508 164 1548 sunt
181 1504 336 1549 omnia
358 1505 526 1562 simul;
550 1504 761 1550 membra
793 1510 950 1551 autem
986 1506 1193 1562 corporis
1215 1505 1399 1564 mystici
1424 1518 1516 1549 non
1553 1512 1664 1550 sunt
1684 1505 1840 1550 omnia
1862 1506 1928 1551 si-

53 1565 151 1609 mul
172 1581 183 1610 z
218 1578 370 1624 neque
391 1569 616 1624 quantum
649 1567 709 1613 ad
737 1580 841 1613 esse
860 1572 1053 1622 naturae,
1077 1568 1186 1624 quia
1208 1581 1377 1625 corpus
1401 1567 1613 1612 Ecclesiae
1634 1568 1929 1613 constituitur

53 1637 112 1671 ex
126 1627 388 1673 hominibus
406 1628 482 1687 qui
498 1628 687 1674 fuerunt
710 1628 739 1673 a
758 1629 983 1687 principio
1008 1630 1169 1674 mundi
1190 1629 1409 1686 usquead
1432 1629 1571 1674 finem
1591 1628 1758 1686 ipsius,
1778 1641 1929 1687 neque

55 1687 191 1732 etiam
213 1690 437 1746 quantum
451 1690 511 1735 ad
531 1702 635 1735 esse
649 1690 822 1747 gratiae,
844 1690 953 1747 quia
971 1701 1132 1735 eorum
1155 1691 1295 1735 etiam
1315 1690 1396 1748 qui
1411 1690 1580 1735 suntin
1598 1702 1693 1735 uno
1706 1694 1927 1748 tempore,

55 1748 243 1805 quidam
261 1751 409 1807 gratia
429 1756 604 1807 carent,
627 1751 921 1808 postmodum
950 1751 1166 1808 habituri,
1188 1752 1291 1796 aliis
1305 1764 1407 1796 eam
1427 1751 1524 1808 jam
1546 1750 1839 1797 habentibus.
1858 1752 1929 1798 Sic

54 1809 194 1869 igitur
211 1811 419 1857 membra
440 1812 645 1869 corporis
677 1812 861 1870 mystici
891 1813 1198 1871 accipiuntur,
1222 1827 1317 1858 non
1341 1814 1491 1859 solum
1515 1813 1773 1859 secundum
1803 1814 1929 1872 qued

55 1870 166 1917 sunt
187 1873 235 1917 in
257 1879 378 1929 actu,
409 1874 492 1919 sed
518 1873 657 1919 etiam
680 1875 937 1920 secundum
959 1875 1084 1932 quod
1106 1880 1218 1920 sunt
1239 1876 1286 1920 in
1308 1876 1525 1933 potentia.
1542 1876 1758 1929 Quaedam
1773 1880 1927 1922 tamen

55 1938 166 1978 sunt
185 1933 232 1978 in
251 1934 471 1992 potentia,
497 1947 601 1992 quae
631 1946 869 1992 nunquam
888 1935 1173 1980 reducuntur
1186 1936 1243 1981 ad
1260 1942 1442 1992 actum3
1463 1937 1675 1993 quaedam
1694 1937 1802 1982 vero
1817 1942 1929 1983 sunt

54 2006 157 2053 quae
169 1996 447 2054 quandoque
455 1996 741 2041 reducuntur
757 1996 816 2042 ad
830 2001 984 2042 actum
1002 2012 1013 2041 ε
1031 2001 1078 2041 et
1091 1998 1179 2042 hoc
1194 1998 1454 2042 secundum
1472 1998 1695 2054 triplicem
1710 1998 1923 2057 gradum,

53 2068 250 2114 quorum
273 2057 451 2113 primus
473 2061 545 2102 est
573 2070 656 2115 per
674 2057 828 2112 fidem,
865 2058 1102 2103 secundus
1125 2070 1207 2115 per
1230 2058 1498 2103 charitatem
1531 2059 1634 2115 viae,
1667 2059 1826 2104 tertius
1847 2073 1929 2117 per

51 2116 315 2162 fruitionem
343 2118 520 2174 patriae.
544 2142 599 2150 -
622 2118 694 2162 Sic
711 2129 821 2175 ergo
850 2118 1098 2164 dicendum
1122 2119 1335 2175 estquod
1359 2119 1624 2176 accipiendo
1657 2122 1929 2176 generaliter

53 2179 308 2224 secundum
331 2184 477 2224 totum
500 2183 684 2236 tempus
715 2180 895 2236 mundi,
924 2180 1129 2225 Christus
1159 2185 1231 2225 est
1252 2185 1391 2237 caput
1421 2182 1631 2226 omnium
1667 2182 1925 2241 hominum,

52 2239 136 2286 sed
151 2240 410 2286 secundum
422 2241 629 2286 diversos
641 2241 831 2297 gradus.
846 2242 995 2286 Primo
1007 2242 1131 2287 enim
1147 2247 1193 2286 et
1205 2242 1514 2299 principaliter
1528 2247 1599 2288 est
1611 2247 1751 2299 caput
1765 2256 1926 2290 eorum

53 2300 133 2359 qui
153 2306 259 2347 actu
294 2301 520 2347 uniuntur
543 2301 585 2347 ei
605 2314 687 2359 per
709 2301 927 2360 gloriam,
949 2303 1171 2361 secundo,
1202 2316 1362 2348 eorum
1385 2304 1465 2361 qui
1499 2309 1606 2349 actu
1636 2304 1864 2350 uniuntur
1885 2305 1927 2351 ei

51 2375 134 2421 per
163 2363 460 2422 charitatem3
489 2363 633 2421 tertio,
672 2377 834 2410 eorum
869 2364 948 2422 qui
988 2370 1094 2410 actu
1118 2365 1346 2411 uniuntur
1382 2366 1426 2412 ei
1451 2379 1534 2424 per
1568 2367 1733 2423 fidem3
1762 2369 1927 2425 quarto

51 2425 162 2471 vero
183 2438 343 2471 eorum
363 2426 442 2484 qui
461 2426 504 2471 ei
522 2425 750 2472 uniuntur
768 2427 920 2473 solnm
947 2427 995 2472 in
1010 2427 1215 2485 potentia
1234 2427 1443 2473 nondum
1460 2428 1651 2474 reducta
1675 2429 1734 2475 ad
1751 2435 1923 2489 actum,

51 2499 156 2545 quae
177 2491 332 2533 tamen
365 2492 436 2534 est
465 2487 525 2534 ad
559 2492 713 2534 actum
746 2489 1011 2535 reducenda
1045 2489 1303 2535 secundum
1327 2490 1533 2535 divinam
1563 2491 1927 2548 praedestinatio-

53 2560 160 2593 nem
190 2550 270 2605 (2);
294 2547 456 2606 quinto
486 2548 596 2594 vero
631 2561 792 2595 eorum
829 2550 909 2607 qui
941 2550 990 2595 in
1022 2551 1227 2607 potentia
1269 2555 1380 2596 sunt
1416 2551 1458 2596 ei
1496 2552 1633 2608 uniti,
1664 2565 1769 2611 quae
1804 2566 1926 2598 nun-

54 2620 193 2667 quam
228 2609 473 2656 reducetur
493 2610 554 2655 ad
581 2615 762 2669 actum3
787 2611 908 2656 sicut
929 2611 1142 2657 homines
1166 2611 1212 2656 in
1254 2613 1341 2657 hoc
1379 2613 1556 2658 mundo
1579 2613 1806 2669 viventes,
1846 2616 1925 2673 qui

53 2683 147 2715 non
165 2677 274 2716 sunt
291 2671 605 2729 praedestinati'
625 2687 635 2717 :
655 2673 735 2730 qui
758 2679 913 2719 tamen
933 2686 992 2718 ex
1014 2674 1102 2719 hoc
1123 2674 1294 2719 saeculo
1315 2675 1602 2732 recedentes,
1632 2677 1829 2722 totaliter
1847 2677 1926 2722 de·

55 2731 213 2778 sinunt
233 2744 337 2778 esse
363 2732 570 2779 membra
590 2734 753 2779 Christi
778 2736 852 2794 (3),
872 2734 980 2792 quia
1003 2734 1101 2793 jam
1123 2747 1211 2781 nec
1231 2740 1341 2782 sunt
1363 2736 1412 2781 in
1441 2737 1646 2794 potentia
1675 2742 1728 2783 ut
1749 2738 1926 2784 Christo

55 2791 288 2838 uniantur.

108 2852 175 2897 Ad
198 2855 397 2909 primum
419 2866 530 2912 ergo
550 2854 814 2913 dicendum,
837 2855 963 2914 qued
994 2856 1061 2902 illi
1088 2857 1169 2915 qui
1201 2862 1312 2903 sunt
1335 2857 1562 2915 infideles,
1585 2858 1672 2904 etsi
1693 2863 1800 2905 actu
1829 2873 1923 2906 non

54 2914 147 2959 sint
179 2914 237 2959 de
258 2914 473 2972 Ecclesia,
496 2921 607 2961 sunt
625 2921 779 2963 tamen
800 2917 858 2964 de
878 2917 1082 2964 Ecclesia
1111 2918 1160 2963 in
1183 2919 1389 2977 potentia
1411 2919 1491 2976 (4).
1513 2923 1623 2974 Quae
1637 2919 1822 2978 quidem
1841 2935 1924 2980 po-

53 2974 196 3020 tentia
218 2974 266 3019 in
297 2974 478 3020 duobus
500 2976 719 3023 fundatur
738 2993 750 3023 z
771 2978 920 3036 primo
938 2979 1125 3036 quidem
1143 2984 1190 3025 et
1207 2980 1521 3038 principaliter
1538 2981 1587 3025 in
1606 2980 1775 3028 virtute
1796 2984 1924 3029 Chri-

51 3036 614 3143 ⁸t{·{39s²⁶³1·ssstts¹}ffi⁰iens
633 3039 693 3083 ad
721 3040 917 3086 salutem
943 3043 1082 3088 totius
1103 3043 1295 3087 humani
1318 3042 1529 3100 generis3
1553 3044 1854 3103 secundario,
1873 3046 1923 3092 in

51 3109 103 3141 ar
135 3110 225 3141 1ru
267 3111 280 3141 1
314 3110 471 3143 erae.

90 3193 134 3234 (l)
160 3192 202 3227 Ut
232 3204 293 3234 per
314 3194 498 3234 analogiam
522 3194 699 3235 qnamdam
729 3195 770 3230 ad
792 3197 943 3232 naturale
1069 3199 1111 3238 (ὅ)
1131 3199 1176 3233 Ex
1191 3198 1242 3233 his
1258 3205 1349 3240 patet
1363 3200 1531 3235 Christum
1550 3214 1615 3235 non
1630 3214 1699 3236 esse
1715 3207 1813 3243 caput
1831 3203 1920 3238 dam-

52 3250 171 3280 eorpus
193 3240 234 3275 ab
251 3242 408 3281 Apostolo
427 3242 616 3282 appellatur
639 3242 890 3286 (Coloss.,1,48)
909 3251 943 3280 et
1026 3250 1182 3280 natorum
1197 3253 1230 3281 et
1246 3259 1429 3289 puerorum
1452 3250 1486 3282 in
1505 3249 1632 3290 lymbo.

52 3287 208 3322 similiter
229 3288 362 3330 (Ephes.
377 3298 432 3331 ιιι,
451 3289 514 3331 15),
534 3290 623 3324 sicut
640 3295 674 3324 et
687 3290 832 3326 Ecclesia
844 3292 912 3334 ipsa
930 3305 939 3326 :
1064 3294 1107 3335 (Α)
1125 3293 1210 3327 Hinc
1225 3295 1345 3330 concil.
1369 3298 1539 3330 Constant.
1554 3296 1641 3331 hanc
1659 3296 1919 3338 propositionem

52 3344 180 3378 corpus
195 3335 334 3370 Christi
347 3336 478 3377 (Ephes.
493 3346 517 3377 1,
533 3337 578 3376 15)
592 3342 625 3373 et
635 3339 758 3373 iterum
768 3340 901 3380 (Coloss.
916 3349 940 3379 Ι.
1024 3340 1160 3375 Joannis
1179 3342 1263 3376 Huss
1277 3343 1448 3378 damnavit
1464 3357 1472 3377 z
1496 3345 1614 3379 Unica
1627 3348 1678 3379 est
1691 3348 1819 3379 sam-ca
1833 3345 1919 3378 uni-

53 3380 114 3422 2⁴).
1025 3389 1178 3423 versatis
1198 3391 1370 3433 Ecclesia,
1399 3401 1477 3435 quoe
1496 3395 1546 3426 est
1568 3391 1918 3435 praedestinatorum

90 3427 130 3466 (2)
151 3427 194 3461 Ut
213 3434 399 3468 peccatores
418 3430 475 3471 qui
491 3430 532 3464 nd
552 3431 727 3467 meliorem
747 3433 851 3468 vitam
872 3447 940 3469 sese
1024 3437 1252 3472 ‘universitas

53 3481 259 3510 convertunt.
