2170 3808
185 243 236 282 16
788 239 993 290 QUAEs'r.
1030 239 1083 290 11,
1116 238 1238 280 ΛΒΤ.
1270 239 1289 279 1
1321 237 1386 279 ET
1416 238 1471 279 11.

181 336 341 378 Patres
372 333 653 386 docuerunt,
677 327 788 386 quia
813 341 868 373 ex
900 327 1057 373 divina
1093 330 1259 370 natura
1288 330 1335 368 et
1367 324 1596 374 humana,
1618 320 1795 366 unione
1824 317 2083 364 secundum

184 394 532 439 subsistentiam
551 393 689 445 facta,
707 402 833 435 unus
848 389 1054 434 Christus
1075 389 1225 432 factus
1246 390 1334 439 est,
1359 384 1442 428 sed
1461 396 1518 428 ex
1541 382 1713 427 talibus
1734 380 1926 424 vocibus
1945 383 2083 424 natu-

126 505 129 508 ,
183 469 284 501 ram
311 468 478 511 unam,
502 455 601 498 sive
624 452 934 498 substantiam
962 448 1219 496 Divinitatis
1241 451 1287 492 et
1315 445 1470 491 carnis
1495 444 1660 489 Christi
1683 442 1977 487 introducere
2002 453 2084 486 co-

184 522 345 574 netur3
373 517 477 562 taHs
496 517 744 561 anathema
761 514 836 558 sit.
861 533 881 552 2»
907 515 1006 557 Non
1029 524 1140 567 ergo
1163 521 1332 554 sensus
1360 512 1431 552 est
1459 506 1586 564 quod
1603 506 1653 550 in
1680 502 2000 548 incarnatione
2024 514 2084 548 ex

131 599 133 603 ·
185 579 367 624 duabus
383 579 562 624 naturis
577 578 636 623 sit
653 589 751 622 una
767 580 933 621 natura
946 574 1214 629 constituta,
1228 571 1311 617 sed
1326 568 1452 627 quod
1468 573 1637 613 natura
1651 565 1784 612 Verbi
1803 565 1881 611 Dei
1895 577 2084 610 carnem

184 640 332 686 univit
355 641 443 685 sibi
467 641 514 684 in
537 652 755 697 persona.
777 663 780 666 v

238 701 306 747 Ad
324 703 569 746 secundum
590 700 862 755 dIcendum,
884 697 1008 755 quod
1031 710 1089 742 ex
1113 696 1269 740 anima
1289 701 1336 739 et
1358 704 1551 749 corpore
1574 689 1874 736 constituitur
1891 688 1941 733 in
1962 699 2086 733 uno-

186 777 371 822 quoque
398 769 610 809 nostrum
635 763 811 820 duplex
838 761 1013 816 unitas,
1038 765 1217 804 naturae
1241 761 1287 802 et
1318 767 1546 813 personae.
1569 756 1751 799 Naturae
1775 752 1989 810 quidem,
2011 762 2085 796 se-

185 825 392 870 cundum
425 825 551 882 quod
584 824 739 869 anima
771 823 934 868 unitur
959 820 1163 878 corpori,
1188 818 1444 864 formaliter
1474 816 1717 874 perficiens
1747 815 1923 871 ipsum,
1947 817 2001 857 ut
2027 825 2086 857 ex

187 886 369 931 duobus
392 883 473 931 fiat
490 899 586 931 una
610 890 793 940 natura,
815 884 936 929 sicut
955 895 1012 928 ex
1036 887 1141 926 actu
1162 885 1209 926 et
1229 878 1451 937 potentia,
1469 878 1544 923 vel
1565 877 1758 922 materIa
1781 881 1827 920 et
1848 877 2012 920 forma.
2033 876 2082 918 Et

186 950 414 1006 quantum
437 949 494 995 ad
519 950 608 993 hoc
631 961 725 993 non
749 946 1001 992 attenditur
1020 944 1298 997 similitud03
1320 941 1430 998 quia
1452 946 1619 986 natura
1636 939 1794 985 divina
1817 951 1910 983 non
1936 941 2088 994 potest

186 1022 290 1055 esse
316 1011 523 1066 eorporis
546 1009 720 1066 forma,
746 1013 800 1053 ut.
827 1008 874 1052 in
898 1007 1047 1064 primo
1074 1006 1321 1062 probatum
1344 1007 1416 1048 est
1442 1004 1624 1059 (quaest.
1649 1015 1717 1057 m,
1738 1005 1826 1045 art.
1846 1002 1906 1054 8).
1930 997 2088 1043 Unitas

185 1072 294 1117 vero
311 1084 526 1130 personae
543 1070 843 1116 constituitur
859 1081 917 1114 ex
940 1069 1026 1124 eis,
1046 1068 1326 1124 inquantum
1343 1069 1415 1110 est
1432 1077 1557 1109 unus
1574 1063 1742 1120 aliquis
1762 1062 2025 1107 subsistens
2038 1060 2085 1105 in

186 1145 325 1178 carne
357 1139 400 1178 et
428 1134 585 1178 anima
611 1148 621 1178 z
648 1138 695 1177 et
727 1132 955 1190 quantum
986 1130 1046 1175 ad
1078 1131 1165 1174 hoc
1199 1127 1451 1172 attenditur
1482 1124 1737 1170 similitudo
1763 1138 1774 1168 ε
1799 1134 1926 1168 unus
1961 1123 2088 1167 enim

185 1194 394 1240 Christus
418 1195 631 1240 subsistit
655 1195 702 1239 in
727 1193 886 1239 divina
908 1196 1076 1236 natura
1098 1197 1145 1235 et
1166 1192 1371 1235 humana
1393 1190 1469 1243 (1).

239 1257 306 1302 Ad
331 1260 512 1300 tertium
544 1257 818 1314 dicendum,
849 1254 996 1311 quod,
1023 1253 1145 1298 sicut
1171 1256 1485 1297 Damascenus
1505 1249 1618 1294 dicit
1645 1249 1750 1304 (loc.
1774 1247 1851 1292 cit.
1875 1245 1925 1291 in
1950 1248 2085 1303 arg.),

187 1315 354 1362 natura
384 1318 541 1363 divina
574 1318 745 1362 dicitur
776 1316 1043 1374 incarnata,
1074 1314 1182 1371 quia
1215 1318 1286 1358 est
1313 1311 1445 1357 unita
1473 1310 1602 1355 carni
1630 1308 1964 1367 personaliter3
1993 1318 2087 1352 non

186 1378 310 1435 quod
335 1379 396 1423 sit
418 1378 465 1423 in
496 1383 708 1423 naturam
733 1377 888 1421 carnis
911 1387 1154 1420 conversa.
1177 1373 1394 1418 Similiter
1412 1377 1459 1416 et
1476 1384 1583 1416 caro
1603 1370 1770 1416 dicitur
1788 1369 2015 1428 deificata,
2036 1373 2090 1413 ut

185 1439 287 1496 ipse
308 1439 419 1484 dicit
436 1439 566 1494 (ibid.
587 1452 688 1496 cap.
709 1442 780 1494 15,
802 1442 910 1482 ante
929 1436 1073 1492 med.,
1094 1442 1140 1481 et
1158 1448 1260 1493 cap.
1281 1438 1369 1490 17),
1393 1447 1488 1479 non
1513 1446 1598 1491 per
1618 1432 1987 1487 conversionem,
2006 1431 2089 1475 sed

185 1513 269 1558 per
285 1501 509 1546 unionem
532 1502 592 1546 ad
610 1502 825 1556 Verbum,
847 1499 989 1544 salvis
1009 1499 1109 1544 suis
1128 1497 1486 1556 proprietatibus
1508 1495 1821 1550 naturalibus,
1843 1498 1896 1539 ut
1916 1493 2091 1538 intelli-—

186 1566 324 1618 gatur
338 1575 447 1607 caro
465 1562 691 1619 deificata,
707 1563 817 1619 quia
831 1561 953 1606 facta
970 1565 1042 1605 est
1058 1560 1135 1604 Dei
1154 1559 1286 1604 Verbi
1304 1571 1427 1612 caro,
1445 1570 1537 1602 non
1555 1557 1665 1614 quia
1682 1556 1803 1601 facta
1821 1555 1883 1600 sit
1898 1557 2032 1600 Deus.

268 1627 617 1669 ARTICULUS
636 1629 696 1668 11.
708 1649 765 1657 —
780 1637 916 1668 uranu
936 1635 1031 1667 nmo
1047 1636 1171 1666 Vsum
1191 1634 1409 1665 mmmm
1429 1633 1495 1664 sn·
1512 1633 1646 1664 FACTA
1665 1633 1706 1662 m
1730 1631 1912 1662 rssnsom
1929 1618 2004 1672 (2).

750 1694 799 1729 De
814 1693 869 1728 his
882 1693 985 1728 etiam
1000 1692 1085 1728 locis
1097 1703 1211 1734 supra,
1226 1695 1293 1726 art.
1308 1690 1323 1724 4
1340 1716 1351 1734 ,
1367 1688 1528 1725 inductis.

240 1747 306 1792 Ad
333 1749 594 1793 secundum
618 1748 687 1792 sic
715 1748 997 1806 proceditur.
1022 1750 1064 1791 1.
1087 1746 1276 1790 Videtur
1293 1744 1419 1802 quod
1447 1745 1561 1789 unio
1581 1743 1717 1789 Verbi
1739 1742 1969 1787 incarnati
1995 1754 2091 1787 non

186 1810 246 1855 sit
274 1811 396 1855 facta
419 1811 468 1855 in
494 1824 710 1868 persona.
738 1814 940 1855 Persona
966 1810 1091 1855 enim
1120 1809 1195 1853 Dei
1228 1821 1320 1852 non
1348 1812 1420 1852 est
1449 1807 1575 1853 aliud
1603 1805 1631 1850 a
1653 1811 1822 1851 natura
1852 1805 2017 1863 ipsius,
2039 1810 2092 1851 ut

184 1872 394 1916 habitum
416 1877 489 1917 est
512 1873 560 1916 in
585 1873 736 1929 primo
757 1875 938 1929 (quaest.
962 1885 1028 1926 m,
1049 1875 1136 1915 art.
1160 1873 1220 1923 3).
1247 1870 1289 1913 Si
1310 1881 1422 1925 ergo
1444 1869 1557 1913 unio
1579 1880 1674 1913 non
1695 1875 1767 1913 est
1791 1867 1914 1912 sacta
1934 1867 1982 1912 in
2003 1880 2090 1912 na-

185 1938 305 1990 tura,
330 1934 543 1990 sequitur
565 1934 689 1991 quod
715 1947 810 1978 non
836 1933 897 1978 sit
915 1934 1037 1977 facta
1060 1933 1109 1976 in
1132 1943 1349 1988 persona.

241 1998 284 2039 2.
315 1998 553 2053 Praeterea,
574 2002 741 2040 natura
763 1997 969 2040 humana
992 2007 1086 2038 non
1111 1999 1183 2038 est
1204 1993 1398 2038 minoris
1421 1992 1660 2050 dignitatis
1682 1993 1730 2036 in
1754 1990 1931 2036 Christo
1949 1990 2090 2048 quam

185 2058 233 2101 in
258 2058 410 2102 nobis.
434 2059 743 2103 Personalitas
766 2063 922 2103 autem
942 2057 1000 2102 ad
1019 2055 1296 2112 dignitatem
1318 2056 1535 2112 pertinet,
1560 2059 1613 2098 ut
1634 2054 1680 2098 in
1705 2053 1856 2110 primo
1879 2052 2090 2098 habitum

186 2122 258 2163 est
280 2121 463 2176 (quaest.
483 2134 595 2174 xxrx,
618 2124 706 2164 art.
727 2123 753 2165 3
777 2121 836 2165 ad
859 2123 919 2175 2).
939 2122 1053 2164 Cum
1074 2130 1187 2174 ergo
1210 2122 1379 2162 natura
1402 2118 1610 2162 humana
1629 2116 1675 2159 in
1701 2115 1838 2159 nobis
1856 2116 2089 2172 propriam

185 2181 557 2286 pegrsonalitatem
591 2182 785 2238 habeat,
816 2180 963 2226 multo
994 2180 1144 2236 magis
1174 2179 1337 2224 habuit
1365 2179 1599 2236 propriam
1629 2177 2009 2236 personalitatem
2042 2179 2089 2223 in

187 2244 217 2285 C
252 2243 381 2286 ristO.

242 2307 283 2349 3.
300 2307 539 2361 Praeterea,
561 2305 681 2349 sicut
699 2305 883 2349 Boetius
906 2304 1017 2348 dicit
1041 2303 1103 2356 (in
1119 2303 1201 2348 lib.
1225 2306 1287 2347 De
1311 2302 1452 2348 duab.
1474 2306 1590 2360 nat.,
1614 2303 1842 2361 aliquant.
1859 2303 2088 2362 aprina),

194 2377 429 2423 «persona
448 2370 521 2410 est
541 2367 781 2411 rationalis
801 2371 979 2410 naturae
998 2364 1239 2409 individua
1260 2364 1539 2409 substantia.
1557 2383 1578 2403 υ
1601 2366 1687 2410 Sed
1702 2365 1899 2410 Verbum
1921 2367 1998 2412 Dei
2016 2379 2092 2412 as-

190 2427 393 2483 sumpsit
412 2432 627 2472 naturam
648 2429 901 2472 humanam
932 2427 1219 2472 individuam
1242 2442 1253 2471 :
1282 2443 1303 2465 «
1336 2430 1504 2470 natura
1528 2426 1653 2470 enim
1682 2427 1963 2473 universalis
1998 2442 2090 2475 non

188 2487 402 2532 subsistit
423 2489 683 2533 secundum
701 2502 769 2544 se,
794 2489 876 2533 sed
905 2488 954 2532 in
974 2487 1100 2532 nuda
1120 2487 1512 2544 contemplatione
1530 2488 1870 2546 consideratur,
1893 2509 1912 2529 »
1930 2497 1985 2535 ut
2004 2494 2091 2535 Da·

186 2560 436 2594 mascenus
451 2550 562 2594 dicit
572 2551 713 2606 (Orth.
733 2547 812 2595 fid.
831 2550 908 2594 lib.
926 2563 988 2606 111,
1009 2562 1112 2605 cap.
1133 2551 1222 2603 11).
1241 2551 1359 2605 Ergo
1378 2550 1584 2594 humana
1599 2555 1766 2594 natura
1787 2551 1927 2596 habet
1955 2565 2093 2601 suam·

160 2615 167 2621 ‘
187 2611 565 2667 personalitatem
585 2612 632 2656 in
650 2612 844 2656 Christo.
860 2614 958 2656 Non
979 2623 1091 2666 ergo
1112 2611 1296 2655 videtur
1310 2611 1433 2668 quod
1456 2612 1515 2656 sit
1529 2612 1652 2657 facta
1671 2612 1783 2657 unio
1804 2613 1854 2657 in
1871 2604 2087 2671 persona'.

243 2673 332 2718 Sed
361 2678 520 2716 contra
548 2678 621 2718 est
643 2674 766 2730 quod
792 2674 840 2717 in
874 2673 1149 2718 Chalcedon.
1177 2672 1359 2731 synodo
1394 2673 1563 2730 legitur
1591 2677 1697 2730 (act.
1723 2678 1767 2730 5,
1801 2687 1924 2721 vers.
1950 2676 2085 2732 fin.):

193 2751 213 2772 a
236 2737 333 2779 Non
353 2734 403 2778 in
427 2735 545 2780 duas
568 2748 796 2792 personas
817 2735 1037 2792 partitum
1070 2742 1151 2779 aut
1173 2735 1394 2794 divisum,
1416 2736 1500 2781 sed
1526 2749 1676 2781 unum
1703 2743 1750 2782 et
1777 2739 1995 2784 eumdem
2018 2740 2087 2784 Fi·

189 2795 304 2840 lium
325 2796 637 2852 unigenitum,
659 2800 805 2842 Deum
821 2796 1037 2854 Verbum,
1054 2797 1299 2841 Dominum
1320 2803 1532 2842 nostrum
1554 2800 1711 2843 Jesum
1731 2799 1963 2845 Christum
1978 2813 2085 2846 con--

188 2857 389 2902 fitemur.
414 2877 433 2896 »ι
455 2861 574 2914 Ergo
598 2858 719 2903 facta
741 2865 812 2904 est
832 2858 943 2902 unio
960 2858 1093 2903 Verbi
1110 2858 1158 2902 in
1181 2871 1400 2915 persona.

236 2926 528 2966 CONCLUSIO.
540 2948 589 2955 -
605 2927 708 2966 cam
727 2926 906 2967 Verbum
925 2927 1118 2967 divinum
1142 2929 1335 2967 naturam
1359 2927 1439 2968 sibi
1459 2929 1640 2969 univerit
1656 2929 1886 2970 humanam
1899 2959 1912 2980 ‚
1937 2942 2018 2971 non
2035 2933 2089 2973 ad

190 2985 384 3021 naturam
401 2993 522 3022 suam
544 2982 810 3032 attinentem,
832 2982 1056 3022 necessario
1079 2993 1125 3022 ea
1144 2983 1245 3022 unio
1266 2995 1348 3023 non
1371 2984 1416 3023 in
1437 2987 1610 3034 natura,
1633 2984 1701 3026 sed
1720 2985 1765 3025 in
1790 2997 1962 3038 persona
1983 2987 2089 3029 facta

190 3039 263 3076 est.

244 3098 514 3155 Respondeo
530 3099 778 3146 dicendum
798 3101 923 3158 qued
941 3112 1142 3157 persona
1159 3100 1283 3146 aliud
1304 3101 1535 3158 significat
1553 3103 1695 3160 quam
1717 3109 1899 3148 natura.
1917 3107 2089 3149 Natura

188 3158 332 3215 enim,
356 3163 406 3204 ut
429 3159 603 3204 dictum
625 3169 696 3205 est
714 3163 816 3215 (art.
840 3165 1018 3219 praec.),
1040 3160 1274 3218 significat
1296 3164 1548 3209 essentiam
1570 3164 1756 3222 speciei,
1774 3177 1915 3221 quam
1940 3166 2088 3223 signi-

188 3221 297 3266 ficat
319 3220 541 3266 definitio.
566 3224 620 3266 Et
653 3223 693 3267 si
712 3224 900 3280 quidem
928 3225 1000 3269 his
1031 3237 1136 3281 quae
1162 3224 1220 3269 ad
1250 3226 1478 3271 rationem
1500 3226 1674 3283 speciei
1697 3227 1948 3283 pertinent,
1975 3227 2090 3272 nihil

229 3332 272 3372 (l)
294 3330 388 3366 Unde
407 3331 443 3365 in
471 3331 623 3372 symbolo
649 3332 804 3368 Athamas.
834 3333 962 3369 dicitur
978 3346 988 3368 ι
1004 3334 1088 3369 Νοη
1175 3346 1243 3369 esse
1260 3336 1294 3370 in
1317 3348 1471 3380 persona,
1488 3340 1605 3372 contra
1630 3335 1827 3371 Nestorium
1852 3337 1912 3378 qui
1938 3337 1972 3372 id
1990 3349 2088 3378 nega-

189 3379 264 3414 duo
280 3379 343 3415 scd
365 3389 460 3414 imus
476 3383 528 3415 est
547 3380 717 3417 Christus
732 3396 741 3424 ;
759 3391 858 3415 unus
876 3386 997 3416 autem
1013 3393 1089 3416 ‘non
1174 3389 1281 3424 verat,
1301 3384 1415 3419 volens
1433 3385 1521 3427 quod
1536 3384 1623 3419 sicut
1643 3384 1681 3418 in
1700 3384 1833 3419 Christo
1845 3389 1924 3420 sunt
1941 3385 2013 3420 duae
2027 3397 2087 3420 na-

187 3427 400 3471 consusz‘one
419 3428 646 3470 substantae,
671 3430 734 3464 secl
747 3431 892 3465 unitate
910 3441 1087 3473 personat.
1176 3437 1274 3474 turae,
1293 3432 1340 3466 ita
1355 3433 1459 3468 etiam
1474 3435 1543 3468 sint
1558 3432 1632 3468 <lun
1645 3444 1810 3475 personat,
1830 3445 1897 3468 una
1919 3432 2033 3468 divina
2051 3437 2090 3468 et.

232 3474 273 3518 (2)
290 3476 338 3512 De
347 3477 412 3512 fide
425 3481 474 3513 est
486 3477 648 3512 unionem
656 3477 759 3514 Verbi
788 3479 953 3514 incarnati
967 3479 1089 3513 factam
1175 3481 1278 3515 altera
1297 3479 1456 3516 humana.
