2170 3808
605 219 803 272 QUAEST.
834 220 939 275 vm,
971 221 1087 262 ART.
1120 220 1189 263 VII
1217 220 1281 262 ET
1309 220 1411 264 VIII.
1893 222 1946 263 93

62 304 226 364 nysius
248 304 358 349 dicit
377 306 454 359 (De
476 302 569 347 div.
595 314 720 346 nom.
744 314 845 359 cap.
869 306 920 358 4,
946 306 1066 359 part.
1087 305 1138 354 4,
1163 301 1284 346 inter
1302 302 1423 347 med.
1443 306 1490 347 et
1510 301 1591 346 fin.
1613 301 1720 346 lect.
1745 303 1828 356 22).
1848 303 1946 344 Non

60 378 171 423 ergo
189 366 400 411 diabolus
420 367 571 422 potest
591 363 682 408 dici
701 368 841 420 caput
862 363 1073 408 omnium
1094 363 1340 408 malorum.

116 428 203 474 Sed
228 431 384 472 contra
413 429 483 471 est
512 425 638 483 quod
670 437 811 482 super
838 425 954 471 illud
990 424 1104 480 (Job,
1136 427 1255 480 xvm)
1277 438 1289 469 :
1311 429 1532 469 Memoria
1558 425 1681 469 illius
1705 427 1864 481 pereat
1892 425 1948 468 de

61 497 206 548 terra,
227 489 336 535 dicit
357 488 513 533 Glossa
539 487 654 542 (ord.
678 489 865 544 Gregor.
887 487 1040 532 Moral.
1067 486 1150 530 lib.
1174 499 1263 543 x1v,
1286 498 1387 543 cap.
1412 490 1484 542 11,
1507 486 1556 530 in
1581 486 1823 543 princip.):
1842 505 1863 524 u
1886 489 1949 531 De

60 563 341 610 unoquoque
362 549 522 607 iniquo
542 549 725 606 dicitur,
746 556 799 594 ut
819 550 877 595 ad
900 553 1063 606 caput,
1087 548 1135 593 id
1157 552 1250 602 est,
1272 548 1332 593 ad
1350 548 1608 605 diabolum,
1629 552 1903 595 revertatur.
1924 567 1944 589 »

110 619 392 661 CONCLUSIO.
406 639 457 647 —
482 616 679 657 Diabolus
707 620 831 668 caput
854 619 915 657 est
941 616 1134 656 omnium
1162 614 1384 665 malorum,
1411 615 1617 667 quantum
1641 615 1694 656 ad
1718 616 1950 657 exteriorem

76 674 414 716 'ubernationem.

62 689 89 727 f,
116 736 384 796 Respondeo
411 734 660 780 dicendum
685 734 835 792 quod,
859 734 982 780 siout
1013 746 1154 792 supra
1182 732 1357 779 dictum
1387 736 1457 777 est
1487 733 1586 788 (art.
1612 725 1787 790 onJ,
1812 738 1950 790 caput

59 796 156 844 non
178 798 327 842 solum
348 796 542 841 interius
564 795 718 840 influit
734 796 782 840 in
802 796 1026 852 membra,
1042 796 1126 841 sed
1145 795 1283 840 etiam
1301 794 1506 840 exterius
1524 794 1769 851 gubernat,
1788 806 1950 839 eorum

61 865 193 906 actus
207 859 446 917 dirigendo
461 859 520 904 ad
536 859 737 915 aliquem
754 859 910 903 finem.
927 859 998 904 Sic
1013 871 1124 916 ergo
1138 862 1290 914 potest
1305 857 1393 903 dici
1413 857 1583 914 aliquis
1599 862 1736 915 caput
1754 857 1888 914 alicuj
1895 870 1950 903 us

61 920 368 967 multitudinis
396 920 470 966 vel
499 921 758 966 secundum
787 926 1060 977 utrumque,
1090 919 1268 965 scilicet
1293 919 1553 965 secundum
1578 918 1844 964 interiorem
1876 919 1951 964 in-

61 984 239 1029 fluxum
256 988 302 1028 et
321 982 597 1029 exteriorem
615 983 1022 1040 gubernationem3
1044 986 1090 1027 et
1108 981 1175 1027 sic
1193 986 1263 1027 est
1282 981 1489 1026 Christus
1503 985 1642 1038 caput
1658 981 1887 1034 Ecclesiae,
1901 991 1952 1031 ut

63 1045 239 1092 dictum
265 1051 336 1090 est
366 1046 467 1100 (art.
485 1047 665 1103 -praec.),
695 1045 771 1090 vel
800 1044 1059 1090 secundum
1085 1043 1357 1089 exteriorem
1380 1043 1792 1100 gubernationem,
1818 1048 1863 1087 et
1884 1043 1952 1088 sio

63 1107 253 1164 quilibet
279 1107 495 1164 princeps
519 1107 594 1152 vel
618 1106 836 1163 praelatus
862 1110 933 1151 est
955 1110 1095 1163 caput
1115 1105 1427 1150 multitudinis
1450 1105 1538 1150 sibi
1565 1104 1801 1162 subjectae.
1821 1129 1879 1137 —-
1899 1104 1953 1149 Et

61 1181 145 1227 per
160 1170 285 1214 hunc
303 1168 494 1213 modum
511 1168 678 1213 dicitur
691 1167 905 1213 diabolus
921 1173 1061 1224 caput
1078 1168 1290 1212 omnium
1307 1167 1555 1212 malorum.
1570 1168 1700 1224 Nam,
1716 1171 1768 1211 ut
1787 1166 1952 1212 dicitur

65 1230 180 1287 (soh,
201 1243 292 1287 xm,
313 1233 384 1285 25)
397 1245 407 1274 ε
422 1233 521 1286 Ipse
541 1231 609 1272 est
622 1242 707 1272 rex
721 1243 856 1286 super
870 1232 1095 1273 universos
1111 1230 1227 1284 filios
1246 1229 1481 1286 superbiae.
1506 1228 1703 1273 Pertinet
1724 1232 1880 1272 autem
1894 1227 1951 1272 ad

63 1292 434 1349 gubernatorem,
451 1295 504 1336 ut
516 1302 603 1353 eos
623 1303 740 1348 quos
762 1291 1007 1348 gubernat,
1027 1291 1085 1336 ad
1110 1303 1247 1335 suum
1268 1290 1410 1335 finem
1427 1290 1641 1336 adducat.
1656 1289 1780 1334 Finis
1798 1293 1951 1334 autem

64 1353 232 1398 diaboli
250 1358 322 1398 est
340 1352 520 1398 aversio
538 1352 776 1397 rationalis
794 1358 1017 1398 creaturae
1036 1353 1063 1397 a
1083 1356 1176 1397 Deo
1191 1352 1342 1397 :unde
1360 1357 1407 1397 et
1426 1351 1453 1396 a
1473 1351 1699 1410 principio
1719 1351 1952 1396 hominem

65 1413 122 1458 ab
141 1413 400 1460 obedientia
419 1413 563 1458 divini
585 1414 799 1471 praecepti
823 1426 1060 1459 removere
1080 1414 1287 1459 tentavit.
1309 1416 1413 1471 Ipsa
1436 1418 1593 1459 autem
1616 1413 1796 1458 aversio
1817 1413 1845 1457 a
1863 1415 1953 1457 Deo

64 1474 203 1520 habet
225 1475 449 1520 rationem
470 1472 577 1519 finis
595 1476 867 1532 inquantum
891 1475 1123 1533 appetitur
1141 1476 1231 1520 sub
1255 1476 1408 1533 specie
1429 1475 1673 1531 libertatis,
1694 1474 1953 1519 secundum

64 1536 178 1582 illud
195 1539 297 1591 (Jer.
316 1551 368 1593 n,
388 1540 458 1591 20)
474 1540 544 1581 :A
560 1539 719 1582 saeculo
739 1541 1001 1594 confreqisti
1014 1539 1175 1595 Juqum
1192 1540 1268 1595 (1),
1290 1540 1457 1595 rupisti
1479 1537 1678 1594 vincula,
1700 1541 1745 1581 et
1767 1537 1953 1583 dixisti.-

64 1602 164 1643 Νοη
178 1602 386 1643 serviam.
402 1602 678 1656 inquantum
695 1600 837 1656 igitur
851 1601 911 1644 ad
928 1601 1055 1645 hunc
1073 1600 1213 1645 finem
1228 1600 1371 1657 aliqui
1390 1599 1686 1645 adducuntur
1699 1599 1951 1656 peccando,

66 1660 154 1704 sub
181 1660 349 1705 diaboli
379 1661 601 1717 regimine
631 1666 678 1706 et
712 1662 1048 1718 gubernatione
1079 1662 1279 1719 cadunt3
1309 1666 1356 1707 et
1387 1673 1444 1707 ex
1477 1661 1566 1706 hoe
1598 1660 1766 1706 dicitur
1793 1672 1954 1705 eorum

66 1731 120 1764 ca
153 1725 218 1765 ut.

121 1733 187 1827 {d
204 1785 401 1839 primum
419 1775 808 1840 ergo'dicendum,
831 1785 970 1842 quod,
991 1785 1097 1831 licet
1121 1785 1333 1830 diabolus
1354 1784 1550 1829 interius
1573 1796 1668 1828 non
1692 1783 1856 1829 influat
1875 1797 1949 1829 ra-

67 1843 224 1888 tionali
245 1844 388 1889 menti
414 1845 489 1900 (2),
514 1849 668 1889 tamen
692 1846 985 1903 suggerendo
1008 1845 1187 1890 inducit
1209 1846 1269 1891 ad
1291 1846 1482 1890 malum.

121 1906 187 1950 Ad
208 1906 450 1949 secundum
468 1905 731 1963 dicendum,
753 1908 874 1963 quod
898 1907 1181 1962 gubernator
1203 1920 1297 1951 non
1321 1919 1506 1963 semper
1526 1906 1735 1964 suggerit
1755 1906 1955 1964 singulis

70 1966 290 2023 subjectis
315 1970 368 2011 ut
395 1978 493 2010 suae
519 1966 744 2011 voluntati
773 1967 1017 2023 obediant3
1042 1968 1124 2012 sed
1152 1967 1369 2025 proponit
1390 1967 1608 2012 omnibus
1637 1968 1826 2023 signum
1857 1981 1957 2014 suae

68 2027 336 2083 voluntatis,
353 2027 412 2072 ad
426 2026 561 2084 cujus
577 2029 813 2085 sequelam
832 2029 971 2086 aquui
989 2029 1250 2074 excitantur
1264 2029 1457 2085 inducti,
1474 2030 1549 2073 alii
1568 2030 1751 2087 propria
1767 2035 1953 2087 sponte:

68 2090 186 2134 sicut
207 2093 333 2146 patet
350 2089 396 2132 in
416 2088 534 2134 duce
549 2091 793 2145 exercitus,
810 2091 945 2147 cnjus
961 2091 1180 2135 vexillum
1197 2096 1455 2148 sequuntur
1468 2091 1655 2146 milites,
1668 2091 1807 2136 etiam
1828 2091 1956 2136 nullo

69 2151 390 2209 persuadente.
412 2150 484 2195 Sic
501 2150 643 2207 igitur
665 2152 864 2207 primum
889 2158 1130 2209 peccatum
1154 2153 1348 2209 diaboli,
1369 2152 1450 2210 qui
1472 2152 1532 2196 ab
1550 2152 1680 2197 initio
1702 2157 1883 2209 peccat,
1904 2159 1956 2198 ut

69 2213 235 2258 dicitur
255 2215 304 2268 (l.
324 2215 452 2257 Joan.
477 2216 556 2269 ιιι),
572 2213 862 2269 propositum
882 2220 953 2258 est
971 2215 1189 2259 omnibus
1210 2215 1270 2260 ad
1288 2214 1579 2272 sequendum
1596 2214 1744 2271 :quod
1766 2215 1956 2271 quidam

69 2274 308 2319 imitantur
338 2287 418 2331 per
442 2274 788 2330 suggestionem
818 2275 989 2333 ipsius,
1024 2276 1213 2332 quidam
1244 2277 1430 2333 propria
1456 2281 1621 2332 sponte
1653 2275 1828 2333 absque
1860 2277 1957 2321 ulla

71 2336 381 2392 suggestione.
403 2338 458 2380 Et
479 2336 736 2381 secundum
762 2338 850 2382 hoc
875 2338 1085 2382 omnium
1114 2339 1343 2383 malorum
1372 2344 1509 2395 caput
1538 2343 1609 2383 est
1630 2337 1856 2394 diabolus,
1881 2338 1957 2382 ‘rn-

72 2403 294 2456 quantum
330 2399 482 2456 ipsum
514 2398 768 2455 imitantur,
794 2401 1050 2445 secundum
1083 2400 1198 2445 illud
1230 2403 1350 2457 (Sap.
1374 2414 1429 2455 u,
1452 2403 1522 2454 24)
1544 2413 1555 2444 ε
1579 2402 1760 2444 Invidia
1788 2401 1958 2447 diaboli

71 2474 190 2503 mors
207 2463 408 2504 introivit
425 2464 472 2503 in
490 2461 638 2504 orbem
662 2465 906 2506 terraram.
923 2466 1171 2507 Imitantur
1187 2466 1341 2507 autem
1365 2463 1499 2506 illum
1516 2465 1591 2518 qui
1615 2467 1718 2507 sunt
1742 2476 1800 2506 ex
1818 2467 1957 2519 parte

72 2522 211 2566 illius.

124 2582 190 2628 Ad
219 2584 400 2626 tertium
421 2583 685 2640 dicendum,
715 2584 842 2642 quod
864 2586 1021 2630 omnia
1049 2591 1239 2642 peccata
1267 2585 1554 2631 conveniunt
1586 2586 1633 2630 in
1659 2585 1904 2631 aversione
1928 2587 1955 2631 a

72 2646 177 2700 Deo,
201 2644 309 2749 gelet
331 2645 389 2750 {b
415 2644 612 2690 invicem
633 2646 848 2691 differant
870 2648 1129 2693 secundum
1160 2649 1516 2693 conversionem
1537 2647 1596 2693 ad
1624 2647 1808 2693 diversa
1827 2660 1957 2693 com-

73 2710 201 2750 muta
234 2719 246 2749 ι
269 2706 312 2750 ia
374 2718 478 2752 ona.

126 2775 460 2819 ARTICULUS
482 2777 607 2820 vm.
638 2800 693 2808 —
713 2790 854 2820 urium
881 2791 1171 2822 Anrtcnaisrus
1189 2791 1324 2822 rossrr
1341 2792 1463 2823 armi
1482 2791 1565 2822 mcx
1587 2791 1717 2823 CAPUT
1743 2791 1902 2823 οιιΝιυιι

905 2852 1116 2883 auronum.

75 2899 124 2934 De
138 2899 191 2935 his
214 2900 352 2936 etiam2
370 2903 403 2942 2,
425 2907 540 2943 quaest.
569 2913 707 2948 Lxxxlv,
731 2911 795 2941 art.
813 2907 848 2948 5,
875 2912 908 2941 et
932 2909 1025 2942 Sent.
1053 2917 1106 2946 ιιι,
1122 2908 1199 2942 dist.
1215 2907 1269 2948 45.
1290 2912 1404 2950 quoest.
1427 2916 1467 2949 11,
1490 2911 1559 2942 art.
1581 2907 1596 2941 4
1626 2919 1719 2949 corp.
1739 2912 1775 2944 et
1794 2910 1842 2944 De
1858 2911 1956 2947 verit.

74 2951 205 2990 quast.
221 2956 311 2990 ¹¹1¹,
328 2951 392 2982 art.
405 2950 427 2984 4
443 2961 534 2992 corp.
549 2956 585 2987 et
600 2953 648 2986 De
662 2952 762 2995 malo,
777 2958 892 2995 quaest.
906 2962 969 2995 vn,
985 2959 1048 2988 art.
1064 2955 1085 2989 6
1101 2966 1193 2995 corp.
1210 2958 1242 2988 ct
1251 2956 1313 2997 Op.
1325 2963 1363 2995 ιι,
1373 2966 1445 2995 cap.
1459 2954 1538 2995 225,
1555 2959 1589 2989 et
1607 2955 1637 2991 1.
1652 2956 1730 2991 Cor.
1742 2965 1792 2998 ιι,
1808 2956 1884 2992 lect.
1901 2958 1935 2993 ὃ.

127 3001 194 3047 Ad
214 3009 427 3047 octavum
455 3003 520 3048 sic
548 3006 825 3061 proceditur.
857 3012 898 3052 1.
930 3008 1117 3052 Videtur
1146 3007 1271 3064 quod
1299 3008 1598 3053 antichristus
1622 3021 1712 3053 non
1734 3011 1796 3055 sit
1814 3024 1957 3069 capu-

73 3064 317 3109 malorum.
340 3065 483 3109 Unius
506 3067 630 3111 enim
654 3069 858 3126 corporis
880 3082 975 3113 non
999 3074 1110 3114 sunt
1136 3070 1318 3114 diversa
1340 3070 1506 3127 capita.
1537 3071 1621 3116 Sed
1652 3071 1866 3118 diabolus
1886 3079 1956 3119 est

75 3129 214 3182 caput
231 3125 537 3171 multitudinis
555 3129 799 3175 malorum.
821 3133 918 3175 Non
941 3144 1052 3187 ergo
1072 3131 1372 3176 antichristus
1390 3137 1461 3176 est
1483 3145 1642 3177 eorum
1663 3138 1816 3190 caput.

128 3189 171 3231 2.
189 3189 423 3242 Praeterea,
449 3189 748 3236 antichristus
762 3196 834 3236 cst
848 3192 1110 3237 membrum
1131 3193 1316 3237 diaboli.
1337 3193 1423 3238 Sed
1441 3199 1580 3251 caput
1598 3194 1900 3252 distinguitur
1928 3194 1956 3238 a

77 3247 313 3292 membris.
334 3251 451 3304 Ergo
472 3250 770 3297 antichristus
789 3265 882 3296 non
898 3259 967 3297 est
989 3259 1128 3310 caput
1146 3254 1387 3299 malorum.

128 3311 171 3353 3.
193 3311 427 3364 Praeterea‚
447 3317 585 3368 caput
598 3312 736 3358 habet
751 3313 1039 3358 influentiam
1059 3315 1106 3358 in
1122 3317 1344 3360 membra.
1364 3317 1451 3361 Sed
1465 3317 1765 3361 antichristus
1782 3316 1955 3360 nullam

115 3405 159 3446 (Ι)
176 3405 293 3447 Suppl.
312 3416 430 3441 meum
450 3411 488 3442 ut
502 3408 538 3442 in
555 3407 710 3450 Vulgata.
1091 3413 1134 3454 (2)
1157 3414 1202 3447 De
1221 3413 1400 3449 influentia
1423 3413 1549 3449 diaboli
1568 3413 1684 3448 confer
1704 3413 1794 3455 quod
1825 3413 1953 3448 dictum

1050 3465 1100 3495 est
1115 3461 1141 3501 (Ι
1157 3460 1190 3502 2,
1209 3465 1325 3502 quaest.
1341 3469 1443 3504 Lux,
1459 3466 1525 3497 art.
1544 3462 1559 3495 Ἰ
1581 3465 1614 3496 et
1631 3462 1726 3503 serp).
