2170 3808
758 197 955 250 QUAEST.
989 196 1123 251 LXIV,
1154 197 1271 239 ART.
1304 196 1408 239 vm.
1949 196 2032 239 545

143 281 268 337 quod
294 292 388 342 non
417 283 488 324 est
508 278 757 323 dicendum
782 278 838 322 de
861 277 1127 333 operatione
1153 281 1564 321 sacramentorum.
1595 279 1713 333 Ergo
1743 281 2032 320 sacramenta

145 342 386 399 requirunt
410 340 712 385 intentionem
733 339 949 383 ministri.

192 416 483 456 CONCLUSIO.
513 438 563 444 -
589 415 692 455 Cum
716 426 761 454 ea
787 426 878 465 quae
910 413 954 453 in
977 413 1241 454 sacramentis
1265 417 1464 462 geruntur
1491 413 1652 464 possint
1679 411 1964 459 diversimode,
1993 414 2032 451 et

144 474 304 522 propter
322 470 480 509 diversa
498 469 586 518 agi,
611 469 832 508 necessaria
850 470 910 507 est
933 468 978 506 in
1002 470 1351 507 sacramentorum
1374 467 1734 506 administratione
1753 466 1928 506 intentio
1949 465 2030 505 mi·

145 524 371 573 nisti-antis,
394 535 465 563 seu
485 523 681 563 Ecclesiae.

199 593 468 648 Respondeo
491 593 738 637 dicendum
770 591 894 649 quod
926 590 1114 648 quando
1141 590 1317 647 aliquid
1338 603 1389 635 se
1416 591 1556 651 habet
1582 591 1642 635 ad
1663 590 1826 645 multa,
1851 594 2031 646 oportet

144 655 269 712 quod
288 667 369 712 per
383 655 558 712 aliquid
577 656 911 700 determinetur
929 655 988 699 ad
1009 665 1172 707 unum,
1192 654 1229 697 si
1251 653 1366 697 illud
1385 654 1504 697 effici
1525 653 1704 698 debeat.
1724 655 1786 696 Ea
1800 652 1909 696 vero
1927 664 2032 709 quae

144 715 192 760 in
208 716 507 760 sacramentis
526 724 746 771 aguntur,
769 721 966 773 possunt
989 715 1295 760 diversimode
1315 716 1405 772 agi,
1428 716 1549 759 sicut
1563 714 1739 759 ablutio
1754 726 1904 771 aquae,
1927 725 2032 770 quae

143 775 195 820 fit
212 777 259 820 in
274 777 519 835 baptismO,
542 783 692 835 potest
710 779 912 823 ordinari
934 781 980 822 ei.
998 777 1056 821 ad
1081 777 1355 821 munditiam
1378 777 1683 833 corporalem,
1708 776 1830 820 etad
1855 775 2031 819 sanita-

145 842 235 882 tem
257 840 558 896 corporalem,
582 844 629 884 et
647 840 706 885 ad
725 840 908 895 ludum,
928 845 973 884 et
993 839 1052 883 ad
1073 839 1219 882 multa
1243 838 1332 881 alia
1347 838 1637 895 hujusmodi,
1660 841 1705 882 et
1726 837 1831 881 ideo
1854 840 2032 892 oportet

91 951 93 953 ¹
146 899 270 956 quod
293 901 625 945 determinetur
643 902 702 946 ad
720 914 886 953 unum,
906 901 954 945 id
972 904 1060 955 est,
1076 900 1134 944 ad
1151 900 1532 944 sacramentalem
1552 900 1766 944 effectum
1787 910 1869 955 per
1884 899 2032 942 inten-

145 962 318 1006 tionem
343 963 600 1019 abluentis3
629 967 675 1007 et
709 964 810 1008 haec
842 963 1036 1007 intentio
1069 962 1342 1018 exprimitur
1367 974 1451 1020 per
1481 962 1626 1006 verba
1653 973 1758 1018 quae
1799 961 1846 1004 in
1883 971 2031 1003 sacra-

146 1025 316 1069 mentis
359 1025 578 1069 dicuntur
593 1059 605 1082 ,
655 1026 768 1082 puta
818 1026 926 1070 cum
972 1023 1083 1069 dicit
1116 1039 1128 1067 t
1168 1026 1265 1079 qu
1312 1026 1356 1067 te
1405 1024 1584 1080 baptizo
1636 1026 1684 1066 in
1732 1024 1909 1066 nomine
1946 1025 2031 1065 Pa·

148 1088 250 1142 tris,
269 1091 356 1131 etc.
379 1090 456 1141 (1).

97 1191 100 1194 ,
201 1147 268 1192 Ad
288 1151 487 1204 primum
510 1161 620 1206 ergo
639 1149 904 1204 dicendum,
925 1147 1051 1205 quod
1068 1147 1431 1192 instrumentum
1450 1146 1756 1191 inanimatum
1780 1157 1875 1189 non
1894 1143 2033 1189 habet

144 1207 349 1264 aliquam
369 1211 672 1255 intentionem
690 1216 905 1267 respectu
926 1210 1136 1264 effectus,
1158 1209 1240 1253 sed
1262 1209 1364 1252 loco
1378 1208 1648 1253 intentionis
1663 1212 1734 1252 est
1749 1212 1919 1261 motuS,
1938 1218 2032 1263 quo

146 1276 358 1316 movetur
381 1273 408 1315 a
429 1272 671 1329 principali
690 1277 875 1329 agente.
891 1270 977 1316 Sed
998 1271 1361 1314 instrumentum
1380 1270 1653 1325 animatum,
1672 1270 1793 1314 sicut
1807 1269 2029 1324 minister,

146 1343 241 1374 non
265 1333 415 1376 solum
438 1338 669 1388 movetur,
689 1333 772 1378 sed
794 1332 932 1378 etiam
955 1332 1299 1389 quodammodo
1322 1336 1478 1376 movet
1500 1331 1724 1387 seipsum,
1753 1331 2032 1386 inquantum

146 1392 233 1435 sua
251 1392 489 1437 voluntate
507 1399 667 1438 movet
678 1394 888 1438 membra
901 1393 959 1438 ad
975 1393 1285 1449 operandum,
1307 1397 1354 1437 et
1368 1392 1472 1437 ideo
1490 1392 1742 1448 requiritur
1763 1391 1866 1447 eJ‘us
1886 1390 2033 1434 inten-

146 1451 226 1508 tio,
243 1455 337 1509 qua
360 1466 411 1499 se
429 1455 645 1511 subjiciat
659 1455 902 1511 principali
920 1454 1094 1511 agenti,
1116 1458 1168 1498 ut
1187 1453 1362 1498 scilicet
1379 1454 1589 1499 intendat
1606 1453 1759 1497 facere
1778 1451 1904 1508 quod
1926 1451 2034 1496 facit

145 1513 352 1558 Christus
374 1520 422 1559 et
437 1517 639 1560 Ecclesia
660 1517 736 1570 (2).

200 1576 267 1620 Ad
301 1579 545 1621 secundum
581 1578 846 1633 dicendum,
884 1577 1010 1634 quod
1039 1578 1162 1622 circa
1196 1578 1284 1621 hoc
1312 1581 1384 1621 est
1416 1576 1592 1632 duplex
1626 1576 1785 1632 opinio
1806 1591 1816 1619 :
1843 1574 2033 1631 quidam

147 1638 273 1682 enim
292 1638 455 1683 dicunt
476 1639 602 1696 quod
624 1640 875 1696 requiritur
904 1639 1120 1684 mentalis
1140 1639 1336 1683 intentio
1358 1638 1406 1683 in
1430 1639 1661 1692 ministro,
1694 1650 1798 1694 quae
1828 1637 1866 1680 si
1896 1635 2030 1691 desit,

148 1712 242 1744 non
259 1702 495 1756 perficitur
512 1706 855 1747 sacramentum
871 1716 884 1758 ς
909 1702 992 1747 sed
1010 1702 1135 1746 hunc
1154 1702 1383 1746 defectum
1399 1702 1444 1744 in
1462 1701 1634 1758 pueris,
1652 1701 1730 1756 qui
1752 1712 1842 1743 non
1862 1698 2034 1742 liabent

147 1761 452 1807 intentionem
486 1764 735 1809 accedendi
769 1765 829 1809 ad
857 1768 1221 1820 sacramentum,
1254 1759 1438 1820 supplet
1469 1763 1693 1816 Christus,
1729 1761 1808 1818 qui
1839 1759 2034 1804 interius

147 1822 366 1878 baptizat;
386 1825 433 1868 in
455 1825 625 1870 adultis
647 1831 819 1881 autem,
839 1826 919 1883 qui
942 1826 1191 1870 intendunt
1208 1831 1552 1870 sacramentum
1578 1824 1830 1880 suscipere,
1850 1822 2034 1877 supplet

145 1883 278 1929 -illum
294 1885 523 1931 defectum
536 1887 658 1933 ‘fides
681 1892 728 1933 et
746 1888 943 1934 devotio.
967 1887 1055 1932 Sed
1074 1888 1162 1932 hoc
1183 1887 1297 1932 satis
1318 1892 1477 1943 posset
1495 1886 1585 1931 dici
1600 1887 1825 1943 quantam
1845 1884 1903 1928 ad
1922 1882 2034 1927 ulti-

147 1957 278 1990 mum
297 1947 530 2004 effectum,
546 1949 626 2005 qui
648 1954 721 1994 est
733 1950 1000 2006 Justificatio
1015 1949 1044 1993 a
1061 1950 1286 2005 peccatis3
1310 1949 1392 1994 sed
1407 1949 1631 2006 quantum
1653 1949 1712 1993 ad
1727 1947 1942 1991 effectum
1954 1944 2034 2002 qui

147 2013 222 2053 est
243 2021 318 2053 res
343 2014 391 2054 et
420 2015 788 2066 sacramentum,
818 2012 994 2057 scilicet
1019 2011 1246 2067 quantum
1274 2012 1333 2055 ad
1359 2011 1697 2066 characterem,
1731 2021 1822 2053 non
1851 2007 2034 2051 videtur

149 2070 273 2127 quod
294 2084 376 2127 per
396 2072 687 2118 devotionem
709 2073 972 2119 accedentis
994 2073 1140 2129 possit
1161 2072 1380 2128 suppleri,
1403 2072 1512 2128 quia
1535 2072 1773 2116 character
1792 2069 2034 2125 nunquam

147 2132 426 2188 imprimitur
444 2134 533 2179 nisi
543 2147 625 2191 per
639 2141 980 2181 sacramentum
988 2134 1223 2180 .—Etideo
1236 2135 1312 2178 alii
1328 2134 1494 2178 melius
1507 2134 1670 2178 dicunt
1684 2133 1810 2189 quod
1826 2131 2034 2176 minister

145 2196 424 2239 sacramenti
454 2197 550 2252 agit
573 2197 621 2240 in
643 2210 844 2254 persona
867 2198 1005 2242 totius
1027 2197 1266 2253 Ecclesiae,
1292 2196 1428 2252 quus
1453 2200 1524 2240 est
1544 2195 1780 2251 minister,
1805 2194 1853 2237 in
1879 2193 2034 2237 verbis

150 2260 303 2300 autem
324 2269 428 2313 quae
446 2259 632 2315 profert,
666 2260 940 2316 exprimitur
966 2259 1161 2304 intentio
1183 2259 1413 2315 Ecclesiae,
1446 2270 1552 2314 quae
1573 2258 1747 2302 sufficit
1769 2255 1829 2300 ad
1856 2254 2034 2310 perfec-

150 2318 321 2363 tionem
340 2321 632 2379 sacramenti,
651 2322 740 2366 nisi
759 2322 1041 2367 contrarium
1060 2321 1263 2366 exterius
1282 2322 1568 2377 exprimatur
1584 2332 1644 2365 ex
1664 2323 1793 2376 parte
1816 2317 2031 2374 ministri,

147 2380 223 2425 vel
244 2381 509 2438 recipientis
534 2389 894 2429 sacramentum.

201 2443 269 2488 Ad
290 2447 473 2488 tertium
491 2445 755 2500 dicendum,
779 2447 902 2503 quod
924 2446 1030 2490 licet
1054 2445 1133 2491 ille
1158 2445 1235 2502 qui
1272 2445 1399 2490 aliud
1429 2445 1617 2501 cogitat,
1652 2457 1747 2489 non
1776 2442 1945 2488 habeat
1963 2454 2035 2486 ac-

149 2505 319 2550 tualem
342 2505 660 2563 intentionem,
680 2508 819 2552 habet
840 2512 993 2552 tamen
1011 2507 1314 2552 intentionem
1338 2506 1619 2550 habitualem
1639 2507 1721 2562 (3),
1742 2517 1846 2561 quae
1864 2503 2035 2548 sufficit

146 2567 207 2611 ad
222 2568 550 2623 perfectionem
565 2570 858 2626 sacramenti,
880 2570 992 2627 puta
1009 2571 1115 2614 cum
1132 2570 1348 2614 sacerdos
1368 2569 1596 2612 accedens
1612 2568 1670 2611 ad
1686 2565 2032 2623 baptizandum,

149 2627 347 2672 intendit
373 2628 524 2673 facere
550 2631 670 2675 circa
689 2631 1016 2687 baptizandum
1047 2631 1172 2687 quod
1201 2630 1309 2674 facit
1339 2630 1565 2685 Ecclesia3
1588 2628 1714 2671 unde
1735 2627 1772 2671 si
1795 2631 1956 2682 postea
1985 2626 2033 2671 in

149 2689 251 2745 ipso
270 2691 488 2734 exercitio
504 2696 652 2749 acttiS,
669 2694 885 2748 cogitatio
905 2693 1007 2749 ers
1023 2692 1081 2736 ad
1102 2692 1191 2735 alia
1209 2691 1431 2747 rapiatur,
1447 2703 1505 2735 ex
1524 2690 1694 2733 virtute
1705 2689 1866 2745 primae
1878 2688 2034 2732 inten-

149 2751 287 2795 tionis
305 2752 539 2807 perficitur
552 2760 911 2800 sacramentum.
931 2753 1150 2807 Quamvis
1165 2753 1371 2797 studiose
1388 2765 1551 2797 curare
1575 2752 1742 2796 debeat
1757 2751 2035 2794 sacramenti

149 2813 359 2857 minister
380 2818 429 2857 ut
443 2814 581 2858 etiam
601 2817 829 2861 actualem
847 2817 1152 2862 intentionem
1172 2815 1410 2870 adhibeat3
1432 2815 1515 2859 sed
1536 2814 1624 2858 hoc
1639 2825 1730 2857 non
1752 2818 1823 2857 est
1839 2812 2036 2857 totaliter

148 2875 350 2931 positum
382 2874 429 2918 in
459 2876 660 2921 hominis
680 2883 923 2935 potestate,
950 2878 1058 2935 quia
1084 2883 1248 2934 praeter
1270 2877 1591 2931 intentionem,
1620 2876 1725 2919 cum
1762 2875 1901 2918 homo
1933 2874 2036 2919 vult

147 2936 346 2979 multum
370 2935 628 2990 intendere,
653 2938 814 2994 incipit
837 2940 926 2984 alia
946 2938 1165 2994 cogitare,
1186 2938 1445 2983 secundum
1468 2937 1584 2983 illud
1600 2936 1733 2992 (Psal.
1758 2950 1899 2992 xxxix,
1923 2939 1994 2991 13)
2019 2951 2030 2980 :

150 2999 242 3040 Cor
255 3011 400 3041 meum
419 2999 660 3054 dereliquit
675 3001 773 3045 me.⁴

191 3141 232 3181 ti)
243 3139 317 3174 Non
328 3141 516 3181 requiritur
527 3140 672 3176 intentio
684 3143 837 3183 actualis,
853 3143 911 3179 sed
921 3142 1048 3178 sufficit

149 3186 293 3221 intentio
313 3187 467 3222 virtualis
484 3200 557 3228 quae
575 3200 613 3222 ex
628 3190 827 3229 praecedenti
847 3203 915 3225 non
936 3192 1046 3226 inter-

148 3239 248 3275 rupta
270 3247 329 3276 per
346 3241 459 3271 actum
478 3238 703 3278 contrarium,
727 3238 863 3272 ordinat
879 3243 914 3274 et
928 3239 1048 3280 dirigit

147 3283 328 3318 actionem.

190 3330 234 3370 (2)
248 3330 334 3364 Hinc
344 3331 400 3365 illa
412 3332 598 3373 propositio
609 3333 765 3368 damnata
780 3334 846 3368 fuit
856 3334 896 3369 ab
912 3334 1048 3369 Alexan·

149 3377 317 3412 drovulz
342 3380 444 3414 Valet
457 3380 658 3422 baptismus
669 3382 827 3416 collatus
845 3383 1047 3417 &ministro

150 3426 213 3469 qui
228 3436 368 3461 omnem
383 3432 503 3461 actum
517 3431 711 3463 externum
724 3429 950 3474 formamque
961 3430 1046 3472 bap·

1133 3144 1278 3178 tizandi
1305 3144 1490 3184 observat,
1512 3144 1617 3178 intas
1649 3143 1734 3178 vert)
1758 3143 1799 3177 in
1828 3142 1937 3177 corde
1966 3151 2033 3176 mo

1133 3192 1234 3273 alpad
1249 3202 1285 3226 se
1304 3192 1457 3227 revolvit
1469 3204 1481 3226 .·
1496 3202 1572 3226 non
1587 3191 1738 3225 intendo
1750 3191 1845 3234 quod
1861 3191 1951 3232 facit
1968 3191 2033 3223 Ec-

1133 3250 1150 3273 c
1170 3250 1299 3325 fglcl’cr
1325 3286 1546 3322 intentionem
1575 3286 1782 3321 habitualem
1807 3285 1974 3320 intellexit
1996 3285 2032 3319 S.

1134 3335 1256 3369 Doctor
1283 3334 1678 3377 virtualem;subjungit
1705 3335 1794 3368 enim
1821 3344 1867 3367 ex
1895 3334 2034 3368 virtuto

1133 3383 1266 3426 primoe
1284 3383 1498 3417 intentionis
1515 3383 1710 3427 perficitur
1727 3385 2008 3415 sacramentum.

1783 3477 1796 3513 1
1810 3480 1830 3510 δ’
