2170 3808
95 204 180 246 484
327 178 331 183 ’
668 199 868 252 QUAEST.
899 199 1019 255 Lvn,
1050 201 1169 243 ART.
1199 200 1234 242 v
1262 201 1327 244 nr
1355 202 1422 245 vr

44 283 48 286 ’
99 281 207 326 dam
230 281 585 340 congruentiam
610 279 742 324 locus
773 279 1003 337 coelestis,
1029 281 1107 337 qui
1131 285 1203 325 est
1225 294 1473 338 supremus
1502 283 1714 327 locorum
1730 316 1742 338 ,
1768 280 1880 339 quia
1902 282 1992 328 illae

101 343 375 389 substantiae
392 346 504 387 sunt
518 353 750 399 supremae
769 341 817 386 in
832 342 997 387 ordine
1019 343 1403 389 substantiarum.
1424 346 1599 401 Corpus
1622 349 1780 388 autem
1809 343 1990 403 Christi,

99 404 223 462 licet,
243 403 585 450 considerando
607 403 899 449 conditiones
912 410 1090 449 naturae
1110 417 1358 462 corporeae,
1374 406 1435 451 sit
1451 406 1572 451 infra
1597 404 1864 463 spirituales
1882 405 1994 450 sub-

101 467 314 521 stantiaS,
337 464 675 510 considerando
696 471 852 510 tamen
873 466 1149 523 dignitatem
1166 465 1367 523 unionis,
1389 468 1482 524 qua
1496 471 1568 513 est
1584 466 1890 524 personaliter
1903 469 1994 511 Deo

100 528 428 585 conjunctum,
457 527 642 573 excellit
670 528 945 584 dignitatem
968 529 1179 573 omnium
1199 527 1509 584 spiritualium
1530 527 1918 575 substantiarum.
1941 529 1996 573 Et

100 589 204 636 ideo
226 591 489 635 secundnm
525 590 758 648 praedictae
791 592 1109 647 congruentiae
1141 591 1370 636 rationem
1399 591 1594 638 debetur
1625 591 1668 636 ei
1699 591 1832 636 locus
1863 589 1996 636 altior

100 652 224 696 ultra
257 665 446 697 omnem
479 658 741 697 creaturam
764 653 902 697 etiam
941 653 1244 709 spiritualem.
1283 652 1412 698 Unde
1444 662 1492 699 et
1520 653 1768 711 Gregorius
1790 651 1902 697 dicit
1929 650 1995 707 (in

100 713 226 758 hom.
245 715 557 771 Ascensionis‚
583 718 638 759 29
655 715 703 759 in
724 717 902 770 Evang.
925 715 1049 760 circa
1071 716 1228 773 med.),
1250 715 1375 772 quod
1400 733 1420 753 «
1437 716 1517 773 qui
1538 717 1713 761 fecerat
1730 713 1902 771 omnia,
1921 726 1997 759 su-

99 787 184 832 per
204 776 361 821 omnia
385 790 471 822 sua
494 777 667 822 virtute
685 777 922 822 ferebatur
942 781 1015 832 (1).
1039 797 1058 818 »

155 837 222 882 Ad
239 843 440 895 primum
466 851 579 895 ergo
609 838 859 886 dicendum
876 873 888 893 ,
921 839 1047 896 quod
1079 839 1187 884 lieet
1221 839 1312 884 alia
1342 839 1521 885 ratione
1553 838 1838 885 attribuatur
1865 837 1997 885 locus

99 901 327 958 corporali
348 907 394 946 et
416 901 645 958 spirituali
670 901 970 959 substantiae,
994 907 1147 947 tamen
1173 903 1261 947 hoc
1280 906 1352 947 est
1373 902 1640 960 inutraque
1662 901 1842 946 ratione
1871 912 1997 946 com-

99 972 257 1018 mune,
285 963 409 1020 quod
434 962 634 1019 digniori
656 963 723 1008 rei
747 963 1016 1008 attribuitur
1039 964 1249 1020 superior
1271 963 1421 1008 locus.

155 1024 223 1069 Ad
241 1025 487 1069 secundum
507 1024 776 1081 dicendum,
799 1025 924 1082 quod
946 1026 1064 1070 ratio
1084 1026 1163 1070 illa
1192 1025 1402 1082 procedit
1421 1025 1480 1071 de
1510 1037 1704 1082 corpore
1738 1023 1904 1071 Christi
1925 1035 1997 1070 se-

100 1087 309 1132 cundum
341 1086 657 1132 conditionem
681 1093 860 1132 naturae
890 1101 1150 1145 corporeae,
1176 1101 1271 1132 non
1303 1093 1458 1132 autem
1483 1088 1742 1134 secundum
1770 1086 1997 1132 rationem

99 1160 304 1193 unionis

156 1211 222 1256 Ad
252 1214 439 1255 tertium
462 1211 711 1258 dicendum
727 1245 741 1270 ,
766 1212 890 1269 quod
919 1212 1204 1268 comparatio
1238 1211 1330 1257 ista
1352 1215 1506 1268 potest
1528 1210 1704 1257 attendi
1732 1210 1809 1256 vel
1835 1221 1999 1256 secun-

102 1272 214 1318 dum
233 1274 463 1318 rationem
482 1274 691 1319 locorum
714 1287 726 1319 :
753 1279 800 1319 et
819 1274 886 1319 sic
906 1275 1066 1319 nullus
1087 1275 1219 1319 locus
1249 1278 1322 1320 est
1344 1279 1440 1319 tam
1460 1274 1584 1318 altus
1610 1273 1692 1330 qui
1719 1273 1913 1318 excedat
1934 1272 2000 1319 di-

101 1335 324 1392 gnitatem
348 1335 603 1392 spiritualis
626 1336 915 1392 substantiae,
930 1337 1191 1382 secundnm
1214 1337 1339 1394 quod
1362 1336 1569 1393 procedit
1591 1335 1815 1392 obJecti03
1832 1335 1909 1380 vel
1930 1347 2000 1381 se—

101 1398 309 1442 cundum
330 1398 605 1455 dignitatem
627 1410 790 1443 eorum
814 1399 987 1455 quibus
1012 1399 1282 1444 attribuitur
1305 1399 1461 1455 locus3
1486 1398 1619 1444 etsie
1639 1398 1821 1454 corpori
1834 1396 1998 1443 Christi

102 1459 298 1505 debetur
319 1464 371 1504 ut
391 1460 451 1505 sit
472 1473 615 1517 supra
639 1461 906 1519 spirituales
928 1466 1184 1506 creaturas.

129 1538 481 1582 ARTICULUS
498 1539 582 1582 VI.
602 1560 659 1570 -—
690 1551 827 1582 uranu
849 1551 1048 1582 Ascnnsio
1074 1550 1235 1581 cunisri
1265 1551 1329 1582 srr
1353 1550 1483 1581 CAUSA
1504 1550 1679 1581 nos‘rnAE
1701 1549 1873 1581 saturis
1892 1538 1969 1591 (2).

157 1604 226 1649 Ad
247 1609 432 1651 sextum
456 1606 524 1651 sic
541 1606 820 1662 proceditur.
839 1610 860 1651 1
872 1640 882 1651 .
898 1607 1083 1651 Videtur
1101 1606 1227 1663 quod
1246 1606 1460 1650 ascens10
1483 1605 1648 1650 Christi
1666 1616 1762 1650 non
1781 1604 1843 1650 sit
1855 1616 2001 1649 causa

102 1672 276 1712 nostrae
298 1668 480 1712 salutis.
507 1668 716 1713 Christus
735 1669 859 1713 enim
890 1668 978 1713 suit
999 1681 1143 1713 causa
1172 1673 1343 1712 nostrae
1369 1667 1549 1723 salutis,
1572 1666 1852 1724 inquantum
1875 1666 2001 1712 salu-

105 1735 199 1774 tem
218 1735 427 1774 nostram
445 1730 631 1775 meruit.
646 1731 734 1776 Sed
752 1743 837 1788 per
856 1732 1176 1776 ascensionem
1200 1730 1317 1775 nihil
1334 1730 1471 1775 nobis
1492 1730 1677 1786 meruit,
1703 1729 1812 1787 quia
1835 1741 1999 1774 ascen-

102 1791 174 1838 sio
193 1793 394 1849 pertinet
412 1793 473 1839 ad
500 1794 743 1850 praemium
773 1794 1068 1840 exaltationis
1090 1794 1218 1851 ejus3
1243 1806 1337 1838 non
1363 1798 1435 1840 est
1457 1797 1616 1839 autem
1633 1792 1758 1838 idem
1780 1793 2001 1838 meritum

103 1859 152 1900 et
165 1855 410 1911 praemium
423 1890 436 1911 .,
453 1856 575 1901 sicut
588 1869 675 1901 nec
691 1855 769 1901 via
784 1860 831 1901 et
844 1857 1085 1901 terminus
1107 1859 1228 1914 Ergo
1245 1856 1429 1901 videtur
1448 1855 1577 1914 quod
1602 1855 1814 1901 ascensio
1837 1854 1998 1900 Christi

104 1929 200 1961 non
224 1918 285 1962 sit
306 1931 450 1962 causa
474 1924 646 1963 nostrae
665 1919 846 1964 salutis.

159 1983 203 2023 2.
226 1981 471 2036 Praeterea,
505 1982 542 2025 si
567 1982 780 2025 ascensio
813 1981 979 2036 Christi
1010 1986 1084 2026 est
1105 1993 1250 2027 causa
1270 1985 1445 2026 nostrae
1470 1979 1658 2034 salutis,
1683 1979 1886 2025 maxime
1913 1980 2003 2027 hoc

104 2041 290 2086 videtur
306 2043 535 2099 quantum
555 2043 614 2086 ad
637 2044 725 2088 hoc
746 2043 870 2100 qued
891 2044 1106 2088 ascensio
1128 2043 1231 2100 ejus
1250 2043 1311 2088 sit
1336 2055 1481 2088 causa
1502 2047 1672 2087 nostrae
1696 2042 1999 2088 ascensionis.

105 2104 195 2149 Sed
218 2104 307 2149 hoc
325 2105 544 2149 collatum
567 2108 639 2149 est
659 2104 795 2150 nobis
816 2118 899 2162 per
918 2106 1022 2164 eius
1045 2106 1330 2163 passionem,
1355 2106 1492 2163 quia,
1516 2110 1571 2150 ut
1592 2105 1762 2150 dicitur
1783 2105 1936 2160 (Hebr.
1955 2119 1999 2163 x,

104 2169 204 2225 19),
227 2167 441 2211 habemus
462 2168 679 2222 fiduciam
700 2170 750 2211 in
783 2170 976 2212 introitu
1012 2172 1274 2213 sanctorum
1305 2181 1388 2226 per
1411 2172 1678 2226 sanquinem
1701 2170 1858 2225 ipsius.
1881 2170 2001 2226 Ergo

104 2229 289 2274 videtur
311 2229 437 2285 quod
458 2230 672 2274 ascensio
694 2229 856 2274 Christi
883 2242 977 2274 non
1001 2232 1141 2275 fuerit
1158 2244 1303 2275 causa
1323 2234 1495 2275 nostrae
1513 2230 1694 2276 salutis.

158 2294 206 2337 3.
236 2295 463 2337 Praeterea
479 2327 490 2348 ,
516 2293 645 2338 salus
669 2293 804 2337 nobis
833 2306 917 2350 per
935 2294 1167 2338 Christum
1190 2295 1359 2339 collata
1379 2298 1453 2339 est
1484 2293 1768 2351 sempiterna
1784 2328 1797 2353 ,
1830 2306 2004 2341 secun·

106 2354 220 2400 dum
239 2354 354 2399 illud
379 2356 482 2407 (lsa.
505 2368 564 2410 ιι,
587 2358 625 2405 6)
649 2370 661 2400 :
681 2356 816 2398 Salus
839 2359 992 2399 autem
1015 2369 1115 2398 mea
1139 2359 1187 2398 in
1205 2360 1528 2412 sempiternum
1550 2360 1655 2402 erit.
1679 2357 1766 2402 Sed
1794 2357 2003 2403 Christus

106 2429 203 2461 non
222 2417 435 2463 ascendit
456 2417 505 2460 in
525 2417 713 2471 coelum,
738 2422 791 2462 ut
809 2418 873 2462 ibi
896 2418 943 2461 in
967 2418 1304 2474 sempiternum
1323 2423 1472 2475 esset3
1500 2418 1668 2464 dicitur
1686 2419 1812 2465 enim
1833 2420 1947 2476 (Act.
1968 2434 2000 2476 1,

106 2481 180 2535 11)
202 2492 212 2522 :
241 2480 635 2537 Quemadmodicm
655 2480 827 2523 vidistis
848 2493 948 2523 eum
964 2482 1276 2524 ascendentem
1294 2483 1342 2523 in
1362 2480 1539 2537 centum,
1558 2483 1629 2524 ita
1644 2483 1788 2525 veniet
1795 2495 1814 2537 ;
1833 2481 2002 2538 legitur

106 2542 246 2587 etiam
268 2542 429 2586 multis
453 2541 629 2585 sanctis
664 2553 714 2586 se
738 2540 1084 2586 demonstrasse
1115 2541 1163 2584 in
1196 2541 1331 2586 terris
1352 2547 1458 2598 post
1489 2553 1624 2586 suam
1654 2543 2000 2600 ascensionem,

107 2604 231 2649 sicut
252 2604 311 2649 de
331 2603 473 2648 Paulo
496 2603 666 2659 legitur
698 2606 813 2655 (Act.
838 2606 913 2657 ix).
939 2606 1056 2659 Ergo
1079 2603 1264 2649 videtur
1294 2603 1420 2661 quod
1451 2604 1555 2662 eJ’us
1578 2605 1790 2650 ascensio
1822 2618 1917 2651 non
1944 2606 2004 2652 sit

108 2679 253 2712 causa
275 2671 450 2711 nostrae
472 2666 654 2711 salutis.
838 2710 842 2717 ,

166 2729 251 2774 Sed
267 2732 430 2772 contra
447 2729 659 2786 estquod
677 2729 776 2786 ipse
796 2729 908 2773 dicit
929 2732 1073 2783 (Joan.
1092 2744 1178 2785 xw,
1197 2732 1241 2783 7)
1259 2744 1270 2774 ε
1292 2731 1496 2786 Expedit
1516 2730 1639 2774 vobis
1655 2734 1706 2775 ut
1723 2743 1802 2787 eqo
1815 2733 2003 2792 vadam,

108 2791 157 2836 id
180 2795 265 2846 est,
289 2796 341 2836 ut
361 2791 576 2836 recedam
598 2792 625 2834 a
644 2791 778 2836 vobis
803 2804 886 2848 per
910 2792 1231 2837 ascensionem
1250 2793 1328 2847 (3).

158 2861 449 2900 CONCLUSIO.
468 2882 511 2888 -
528 2861 720 2900 Ascensio
739 2860 893 2900 Christi
915 2860 1061 2900 salutis
1085 2863 1234 2900 nostrae
1252 2871 1374 2900 causa
1395 2860 1492 2910 fuit,
1515 2864 1611 2900 tum
1637 2871 1685 2901 ex
1711 2864 1825 2912 parte
1850 2866 2003 2918 nostra²

109 2916 314 2967 quatenus
334 2927 403 2967 per
430 2916 519 2968 ejus
544 2915 824 2956 ascensionem
851 2927 970 2956 mens
991 2919 1129 2956 nostra
1147 2921 1192 2956 in
1214 2916 1355 2967 ipsum
1374 2918 1585 2966 movetur,
1615 2919 1708 2956 tum
1729 2928 1776 2957 ex
1796 2921 1909 2968 parte
1932 2928 2006 2959 sua

110 2971 317 3021 quatenns
333 2970 451 3010 nohis
473 2971 586 3010 viam
605 2973 649 3009 in
666 2970 819 3011 coelum
835 2972 1081 3022 preparavit.

153 3099 199 3142 (l)
219 3100 268 3134 Ex
285 3100 383 3134 dictis
402 3103 496 3140 patet
519 3099 693 3134 Christum
715 3099 897 3135 exaltatum
914 3112 1019 3143 usque
1142 3102 1189 3144 (2)
1213 3101 1424 3137 Aflirmative
1440 3101 1620 3144 respondet
1639 3102 1675 3137 S.
1701 3102 1840 3145 Doctor‚
1863 3103 1922 3138 sed
1945 3103 2005 3140 oh-

109 3148 155 3183 ad
175 3159 372 3189 supremum
388 3147 541 3183 locorum
565 3148 808 3191 corporalium,
834 3161 902 3183 non
929 3149 1019 3190 quod
1102 3151 1303 3185 servandum
1330 3155 1381 3186 est
1404 3150 1495 3192 qued
1522 3148 1664 3184 dicendo
1687 3150 1914 3185 ascensionem
1936 3162 2007 3188 esse

111 3197 336 3232 necessarium
354 3197 397 3230 sit
409 3197 522 3230 dicere
543 3196 631 3237 quod
649 3197 697 3231 ibi
714 3196 777 3230 fixe
793 3203 944 3240 maneam
959 3198 1018 3232 sed
1103 3210 1235 3232 causam
1252 3199 1470 3241 efficientem,
1493 3210 1561 3233 non
1576 3197 1745 3238 intelligat
1768 3198 1877 3239 ipsum
1892 3205 2003 3235 actum

110 3246 194 3288 quia
217 3245 402 3280 secundum
421 3246 679 3284 congruentiam
704 3245 796 3280 locus
820 3246 878 3280 ille
904 3258 1019 3286 supre-
1103 3243 1326 3289 ascensionis,
1361 3246 1419 3281 sed
1441 3251 1512 3287 ejus
1535 3245 1724 3285 subjectum
1749 3257 1809 3280 seu
1833 3246 2003 3283 Christum

111 3305 189 3328 mus
215 3293 266 3327 illi
299 3293 454 3334 debetur,
485 3292 690 3334 ubic-umque
718 3293 778 3334 sit,
805 3299 840 3328 et
869 3293 910 3328 ad
941 3306 1018 3328 eum
1104 3296 1355 3330 ascendentem.

112 3341 277 3376 exaltatus
297 3342 362 3376 fuit
378 3342 413 3375 in
430 3341 485 3375 die
503 3341 726 3383 Ascensionss,
746 3343 838 3376 utin
855 3342 936 3378 coelo
948 3355 1018 3376 em·
1146 3345 1189 3385 (5)
1226 3344 1312 3377 Hinc
1346 3343 1431 3377 dicit
1461 3342 1644 3376 concilium
1678 3341 1856 3377 Nicaenum
1891 3356 1899 3376 :
1933 3341 2003 3384 Qui

113 3400 217 3429 pyreo
237 3390 402 3424 emineret
420 3401 521 3430 super
537 3400 664 3427 omnes.
683 3389 733 3423 Ita
752 3389 823 3424 fere
841 3391 877 3425 S.
895 3390 1018 3426 Thom.
1105 3394 1258 3434 propter
1278 3401 1345 3425 ‘nos
1364 3391 1525 3426 homines
1544 3394 1577 3424 et
1592 3393 1746 3434 propter
1757 3394 1926 3425 nostram
1939 3398 1999 3423 sa·

114 3437 221 3479 (Scnt.
239 3446 292 3477 111,
314 3438 391 3472 dist.
408 3439 461 3479 22,
478 3442 594 3479 quaest.
610 3446 664 3477 ιιι,
684 3442 749 3471 art.
768 3439 815 3479 5).
1107 3440 1216 3474 lucem
1234 3440 1397 3475 ascendit
1412 3441 1453 3473 in
1468 3440 1609 3474 coelum.
