2170 3808
223 199 304 239 540
778 187 978 238 QUAEST.
1010 186 1155 242 Lxlv,
1186 187 1304 230 ΛΒΤ.
1337 188 1389 230 ιν
1417 188 1483 230 ΕΤ
1509 189 1560 231 v.

225 271 436 313 municare
457 283 467 310 ε
486 267 622 309 dando
635 266 693 308 eis
707 269 871 306 tantam
886 267 1026 317 gratiae
1044 266 1363 319 plenitudinem,
1383 272 1431 309 ut
1447 279 1590 308 eorum
1606 268 1803 308 meritum
1819 270 2055 318 operaretur
2069 267 2128 310 αἱ

227 323 773 418 ωσιεφουῑὲτυωῐοῐῐθοωε,
793 326 833 362 et
854 323 939 362 solo
955 323 1130 374 imperio
1144 323 1301 376 absque
1313 327 1662 366 sacramentorum
1680 324 1765 363 ritu
1783 322 1975 389 effectum
1994 333 2124 364 sacra·

224 383 440 423 manticen
460 389 575 418 erren
600 409 610 419 .

279 441 555 499 Respondeo
581 440 834 485 dicendum
866 439 1006 500 quod,
1029 440 1150 485 sicut
1184 439 1360 485 dictum
1393 446 1463 486 est
1497 443 1602 495 (art.
1622 444 1800 497 praec),
1830 439 2040 484 Christus
2074 441 2125 487 in

225 504 531 552 sacramentis
554 503 715 547 habuit
752 503 987 559 duplicem
1010 506 1286 561 potestatem
1316 516 1327 544 ε
1367 514 1510 547 unam
1539 501 1845 557 auctoritatis,
1865 513 1973 558 quae
1995 513 2124 548 com-

221 566 340 625 petit
357 565 399 611 ei
420 565 682 611 secundum
703 565 827 622 quod
847 569 984 621 DeUS,
1006 569 1054 610 et
1077 564 1183 609 talis
1205 567 1413 621 potestas
1433 564 1549 610 nulli
1577 569 1803 609 creaturae
1821 563 1975 620 potuit
1995 575 2127 608 com·
2168 615 2170 617 ,

228 628 472 689 municari,
492 628 614 673 sicut
636 641 725 674 nec
740 628 899 674 divina
917 626 1150 682 essentia3
1176 626 1315 671 aliam
1338 631 1612 684 potestatem
1637 626 1799 672 habuit
1821 625 2165 682 excellentiaeffiss

226 703 333 749 quae
355 690 578 748 competit
598 691 639 735 ei
665 690 926 736 secundum
947 689 1071 747 quod
1091 689 1249 745 hom0,
1271 694 1317 733 et
1335 688 1477 734 talem
1492 693 1769 746 potestatem
1791 687 1943 745 potuit
1963 668 2170 751 minis-‘3

228 753 311 799 tris
342 752 718 806 communicare,
753 752 909 798 dando
946 751 1124 797 scilicet
1156 750 1225 796 eis
1260 755 1435 795 tantam
1476 751 1636 808 gratiae
1671 750 2040 809 plenitudinem,
2073 738 2170 807 uti}

226 826 389 861 eorum
399 814 620 860 meritum
639 818 912 871 operaretur
929 813 987 858 ad
1000 817 1401 858 sacramentorum
1420 812 1631 871 effectus,
1646 818 1700 858 ut
1710 813 1770 858 ad
1785 812 2142 859 invocationem<

228 877 471 922 nominum
501 875 710 933 ipsorum
735 876 1138 921 sanctificarentur
1159 879 1472 935 sacramenta,
1495 879 1544 920 et
1567 878 1622 920 ut
1643 874 1731 932 ipsi
1753 878 1948 933 possent
1968 885 2130 920 sacra-

227 944 385 985 menta
420 938 680 991 instituere,
704 943 750 982 et
782 939 885 983 sine
922 938 1015 983 ritu
1047 942 1447 983 sacramentorum
1472 937 1690 983 effectum
1726 940 2138 982 sacramentorum>

222 1001 437 1047 conferre
481 1001 580 1046 solo
621 1001 832 1058 imperio.
865 1004 1021 1046 Potest
1051 1000 1174 1046 enim
1209 999 1576 1045 instrumentum
1594 999 1918 1058 conjunctum,
1939 997 2146 1058 quando·

222 1064 364 1109 fuerit
382 1063 565 1121 fortiuS,
590 1064 722 1108 tanto
741 1063 892 1120 magis
912 1063 1133 1108 virtutem
1170 1073 1306 1108 suam
1325 1063 1640 1108 instrumento
1670 1066 1885 1119 separato
1908 1060 2128 1119 tribuere,
2150 1067 2157 1107 ς

223 1125 346 1171 sicut
362 1138 534 1171 manus
548 1125 733 1171 baculo.

279 1189 346 1234 Ad
366 1191 566 1245 primum
588 1201 700 1249 ergo
723 1188 990 1246 dicendum,
1014 1189 1138 1246 quod
1175 1189 1385 1234 Christus
1421 1200 1517 1234 non
1551 1201 1610 1233 ex
1640 1187 1818 1233 invidia
1834 1184 2134 1244 praetermisit
2166 1240 2170 1245 Ἴ

223 1256 502 1309 potestatem
546 1251 835 1296 excellentiae
879 1252 1096 1296 Ecclesiae
1140 1249 1367 1296 ministris
1405 1248 1775 1305 communicare,
1815 1249 1900 1295 sed
1944 1252 2134 1306 propter

224 1313 432 1359 fidelium
474 1313 742 1366 utilitatem,
764 1325 825 1357 ne
865 1313 913 1357 in
938 1314 1128 1358 homine
1150 1325 1283 1370 spem
1306 1317 1552 1372 ponerent,
1577 1316 1624 1357 et
1655 1324 1716 1357 ne
1746 1315 1906 1358 essent
1947 1309 2133 1355 diversa

227 1380 539 1431 sacramenta,
561 1388 619 1420 ex
641 1375 815 1433 quibus
838 1375 1004 1420 divisio
1034 1375 1082 1419 in
1116 1375 1322 1421 Ecclesia
1358 1374 1587 1432 oriretur3
1612 1373 1734 1419 sicut
1767 1373 1892 1431 apu'd
1915 1372 2022 1418 illos
2052 1371 2132 1429 qui
2168 1388 2170 1402 2

227 1438 447 1483 dicebant
470 1450 483 1483 t
507 1442 605 1495 qu
624 1451 723 1482 sum
740 1439 894 1496 Pauli,
911 1451 990 1494 eqo
1011 1441 1156 1482 autem
1177 1438 1360 1496 Apollo,
1387 1450 1464 1495 eqo
1484 1439 1589 1482 vero
1609 1436 1789 1495 Cephae,
1810 1439 1866 1481 ut
1893 1434 2064 1481 dicitur
2081 1436 2131 1489 (1.

225 1500 431 1546 Corinth.
453 1514 484 1556 1,
508 1502 594 1555 12).
2162 1547 2163 1550 ,

281 1562 347 1608 Ad
369 1563 615 1607 secundum
639 1562 907 1618 dicendum,
935 1561 1063 1619 quod
1089 1561 1290 1620 obJectio
1311 1561 1391 1607 illa
1409 1561 1619 1619 procedit
1641 1561 1699 1606 de
1720 1562 1952 1618 potestate
1973 1563 2136 1605 aucto-

228 1625 392 1680 ritatiS,
414 1637 522 1682 quae
543 1624 765 1669 convenit
802 1623 982 1669 Christo
1020 1624 1284 1670 secundum
1315 1623 1442 1682 qued
1462 1627 1536 1668 est
1567 1626 1706 1679 DeUS,
1727 1621 1835 1667 licet
1860 1624 1908 1668 et
1928 1625 2136 1678 potestas

229 1686 516 1731 excellentiae
537 1685 686 1743 possit
700 1685 954 1731 auctoritas
977 1686 1208 1731 nominari
1233 1698 1315 1743 per
1331 1684 1728 1743 comparationem
1751 1683 1810 1729 ad
1835 1682 1952 1728 alios
1974 1683 2138 1730 minis-

229 1753 339 1793 tros.
375 1749 506 1793 Unde
541 1761 684 1805 super
716 1748 831 1793 illud
857 1750 904 1803 (l.
933 1750 1035 1792 Cor.
1067 1763 1079 1791 1
1107 1764 1117 1793 :
1143 1751 1328 1792 Divtsus
1354 1751 1419 1792 est
1443 1749 1670 1802 Christus)
1705 1745 1816 1793 dicit
1838 1745 2000 1792 Glossa
2017 1746 2136 1800 (ord.

228 1821 332 1866 sup.
359 1809 503 1854 illud:
530 1813 625 1866 qu
641 1810 746 1853 vero
771 1809 947 1866 Cephae)
973 1809 1100 1866 quod
1127 1827 1146 1847 «
1171 1810 1323 1867 potuit
1344 1809 1411 1855 eis
1429 1809 1540 1855 dare
1569 1808 1895 1854 auctoritatem
1917 1807 2137 1864 baptismi
2163 1829 2170 1838 x

229 1871 402 1928 quibus
419 1871 619 1916 contulit
634 1871 964 1916 ministerium.
991 1890 1011 1910 »
1806 1884 1836 1935 χ

282 1933 349 1978 Ad
380 1936 567 1977 tertium
598 1933 870 1991 dicendum,
891 1932 1020 1991 quod
1037 1933 1098 1979 ad
1116 1934 1206 1978 hoc
1222 1933 1562 1979 inconveniens
1583 1932 1871 1989 evitandum,
1886 1944 1947 1978 ne
1961 1931 2138 1978 scilicet

230 1995 375 2040 multa
397 1995 550 2052 capita
577 1995 625 2040 in
649 1996 853 2041 Ecclesia
875 2000 1050 2054 essent,
1075 1995 1284 2043 Christus
1308 1996 1460 2041 noluit
1486 2000 1764 2053 potestatem
1786 2007 1885 2041 suae
1902 1994 2138 2040 excellen-

229 2057 303 2103 tiae
342 2057 568 2102 ministris
603 2058 967 2103 communicare.
1010 2058 1052 2103 Si
1090 2063 1247 2105 tamen
1278 2058 1690 2115 communicasset,
1715 2058 1817 2115 ipse
1849 2061 1978 2104 esset
1997 2062 2139 2114 caput

230 2119 559 2177 principaliter,
579 2121 654 2165 alii
679 2122 789 2166 vero
815 2121 1096 2166 secundario
1115 2124 1188 2177 (1).
1945 2152 1950 2161 ι

340 2184 686 2228 ARTictJLUs
708 2186 769 2228 V.
793 2208 847 2215 —
871 2197 1007 2227 ornum
1029 2198 1108 2227 ren
1131 2197 1266 2228 manos
1283 2195 1500 2227 mnis'rnos
1520 2196 1790 2227 SACRAMENTA
1815 2194 2021 2226 conranni

1053 2260 1220 2291 rossum·
1243 2247 1316 2303 (2).

231 2314 280 2348 De
299 2312 354 2349 his
377 2313 483 2348 etiam
504 2315 599 2349 Sent.
617 2323 665 2357 lv,
690 2314 768 2349 dist.
791 2316 823 2357 5,
844 2321 962 2358 quaest.
981 2326 1020 2358 n,
1044 2319 1110 2351 art.
1130 2316 1163 2355 2.
1187 2320 1221 2349 et
1241 2315 1318 2350 dist·
1335 2315 1371 2357 7,
1393 2319 1510 2358 quaest.
1527 2323 1589 2355 nl,
1607 2319 1673 2350 art.
1691 2314 1707 2350 4
1723 2341 1732 2356 ,
1751 2319 1870 2356 quaest.
1886 2322 1921 2358 1,
1938 2317 1974 2350 et
1990 2313 2138 2358 disum,
2161 2331 2164 2338 =

585 2367 700 2405 quaest.
716 2372 778 2404 111,
796 2368 861 2398 art.
876 2365 909 2404 5,
929 2370 1046 2406 quaest.
1062 2373 1083 2400 v
1100 2364 1139 2398 ad
1156 2365 1190 2404 5,
1210 2368 1245 2398 et
1264 2365 1361 2399 Cont.
1382 2369 1472 2404 gent.
1492 2363 1557 2397 lib.
1573 2371 1624 2405 lv,
1643 2374 1716 2405 cap.
1731 2363 1785 2398 76.

285 2417 352 2463 Ad
381 2417 597 2474 quintum
614 2418 680 2463 sic
699 2420 982 2475 proceditur.
1009 2423 1051 2464 1.
1073 2420 1261 2464 Videtur
1278 2418 1403 2477 quod
1427 2431 1511 2476 per
1533 2418 1681 2464 malos
1717 2418 1958 2464 ministros
1979 2431 2139 2463 sacra·
2162 2457 2166 2474 ,›

231 2483 389 2525 menta
411 2479 611 2524 conferri
635 2492 729 2524 non
763 2480 962 2537 possint.
985 2483 1284 2525 Sacramenta
1307 2480 1430 2525 enim
1464 2492 1600 2525 novae
1628 2479 1747 2536 legis
1780 2479 2058 2525 ordinantur
2079 2480 2140 2527 ad

230 2540 611 2605 emundationem
626 2541 791 2598 culpae,
810 2546 856 2586 et
877 2542 1174 2586 collationem
1194 2542 1368 2598 gratiae.
1387 2542 1474 2587 Sed
1496 2540 1624 2594 mali,
1646 2544 1752 2585 cum
1777 2540 1873 2585 sint
1888 2539 2137 2599 immundi,
2168 2544 2170 2550 '

231 2614 326 2647 non
347 2605 548 2659 possunt
571 2601 686 2647 alios
706 2604 733 2647 a
771 2609 963 2660 peccato
1002 2604 1250 2659 mundare,
1271 2602 1535 2649 secundum
1568 2602 1685 2647 illud
1717 2601 1873 2657 (Eccli.
1895 2615 2035 2658 xxxiv,
2055 2605 2100 2659 4)
2120 2615 2137 2649 ε
2165 2619 2170 2627 ⁴

230 2663 300 2707 Ab
331 2663 564 2707 immundo
586 2665 698 2719 quid
729 2665 1059 2709 mundabitur?
1087 2671 1135 2710 et
1157 2665 1297 2710 etiam
1323 2667 1430 2709 cum
1451 2663 1649 2720 gratiam
1674 2676 1768 2708 non
1797 2663 2018 2723 habeant,
2041 2677 2139 2712 non
2164 2712 2165 2715 ,

231 2725 417 2771 videtur
440 2724 566 2782 quod
589 2726 789 2781 gratiam
813 2727 1025 2772 conferre
1047 2726 1246 2785 possint,
1271 2726 1382 2784 quia
1405 2726 1564 2771 nullus
1594 2725 1672 2771 dat
1704 2726 1830 2783 quod
1847 2739 1942 2771 non
1979 2726 2136 2778 habet.
2163 2751 2166 2753 -

231 2790 330 2834 Non
350 2799 464 2844 ergo
486 2787 671 2832 videtur
690 2789 814 2846 quod
832 2802 914 2846 per
936 2790 1086 2834 malos
1106 2794 1399 2834 sacramenta
1418 2789 1617 2834 conferri
1639 2789 1837 2846 possint.

287 2853 330 2896 9..
351 2853 596 2908 Praeterea,
618 2855 714 2895 tota
741 2852 891 2897 virtus
913 2857 1314 2897 sacramentorum
1344 2851 1581 2897 derivatur
1601 2852 1628 2895 a
1659 2851 1853 2909 Christo,
1887 2855 1940 2896 ut
1961 2851 2165 2899 dictum2

232 2916 306 2958 est
327 2914 429 2968 (art.
456 2915 483 2958 3
510 2912 609 2970 huj.
634 2916 836 2970 quaest.).
859 2915 945 2960 Sed
975 2915 1081 2959 mali
1103 2918 1217 2959 sunt
1241 2913 1423 2971 praecisi
1447 2913 1474 2958 a
1498 2913 1694 2970 ChristO,
1722 2913 1831 2970 quia
1850 2925 1946 2958 non
1964 2912 2139 2960 habent

232 2975 521 3031 charitatem,
552 2987 637 3032 per
658 2988 799 3033 quam
833 2977 1043 3022 membra
1066 2976 1206 3035 capiti
1234 2976 1481 3034 uniuntur,
1509 2976 1771 3021 secundum
1792 2975 1910 3022 illud
1931 2978 1984 3031 (Ι.
2003 2977 2152 3034 Joan.⁴

232 3049 292 3095 iv,
317 3038 388 3094 16)
413 3052 424 3081 :
451 3039 538 3094 Qui
559 3042 714 3082 manet
736 3042 786 3082 in
808 3040 1056 3098 charitate,
1075 3043 1124 3083 in
1155 3044 1246 3083 Deo
1264 3042 1432 3095 manet,
1455 3042 1498 3083 et
1517 3043 1635 3083 Deus
1650 3042 1699 3082 in
1726 3052 1791 3083 εο.
1812 3040 1930 3096 Ergo
1953 3037 2140 3084 videtur
2162 3056 2170 3091 ·,

234 3097 360 3155 quod
379 3112 461 3156 per
476 3100 625 3144 malos
644 3106 937 3146 sacramenta
959 3101 1156 3147 conferri
1182 3114 1275 3145 non
1293 3101 1491 3157 possint.

275 3215 317 3257 (1)
333 3214 680 3250 Animadvertendum
700 3222 749 3252 est
767 3218 932 3258 apostolos
945 3231 1076 3259 semper
1090 3231 1147 3253 vo·
1279 3219 1325 3259 (2)
1347 3219 1393 3253 De
1418 3218 1484 3252 fide
1512 3222 1562 3252 est
1585 3222 1703 3251 contra
1726 3216 1926 3258 donatistas,
1945 3217 2131 3260 valdenses,

218 3261 306 3299 icari
319 3263 494 3297 ministros
503 3263 541 3301 (Ι.
555 3264 710 3305 Cor.1n):
726 3265 826 3307 Quid
838 3267 958 3308 iyitur
973 3271 1024 3301 est
1039 3266 1146 3310 Apol·
1231 3266 1456 3305 wicteffistas.
1476 3270 1685 3300 sacramenta
1711 3264 1823 3300 valide
1851 3277 1912 3307 per
1937 3265 2043 3300 malos
2064 3265 2134 3300 mi-

237 3310 395 3353 loPQuid
403 3311 490 3346 vero
501 3310 648 3346 Paulus
659 3314 677 3347 ?
689 3313 859 3348 ministri
868 3316 946 3358 ejus
959 3315 1021 3348 cui
1033 3314 1148 3349 credi·
1233 3316 1357 3351 nistros
1375 3314 1524 3349 conferri
1543 3325 1651 3355 posse,
1670 3317 1707 3347 ut
1724 3319 1817 3355 patet
1834 3325 1874 3348 ex
1897 3314 2020 3349 concil.
2037 3313 2132 3350 Tria.

236 3357 355 3393 distis.
381 3357 478 3393 dbia.
501 3358 550 3399 lv)
570 3370 579 3392 z
598 3359 663 3393 Sic
685 3369 752 3395 nos
768 3363 950 3396 existimet
976 3363 1080 3396 homo
1103 3365 1146 3397 ut
1233 3363 1321 3405 (sess.
1336 3372 1398 3402 vn,
1417 3374 1492 3397 can.
1510 3362 1564 3402 42)
1581 3374 1589 3395 :
1604 3362 1648 3396 Si
1662 3363 1743 3406 quis
1760 3362 1904 3396 dixerit
1920 3363 2134 3397 ministrum

236 3407 427 3442 ministros
445 3405 472 3440 C
475 3407 587 3441 hristi
600 3412 634 3442 et
654 3407 928 3451 dispensatores
947 3410 1145 3453 mysterio·
1230 3413 1275 3446 in
1292 3415 1438 3455 peccato
1467 3411 1621 3445 mortali
1639 3411 1871 3450 existentem,
1891 3410 1994 3444 modo
2010 3409 2134 3444 omnia

237 3463 322 3488 rum
340 3455 408 3490 Det‘
1232 3460 1451 3495 essentialia
1478 3469 1560 3503 quoe
1582 3458 1631 3492 ad
1649 3462 1917 3493 sacramentum
1941 3459 2132 3495 conficien-
