2170 3808
710 222 915 273 QUAEST.
947 223 1014 275 LI,
1039 223 1159 265 ART.
1185 223 1260 265 ΙΙΙ.
1841 220 1924 262 435

54 299 391 352 ARTICULUS
415 298 497 347 ΙΙΙ.
523 325 575 332 -
597 317 730 347 ornum
754 316 904 348 conpos
926 317 1086 348 cnmsrx
1107 318 1147 348 m
1169 316 1372 348 sepuzcno
1394 316 1540 347 runnu·
1562 312 1830 345 mmm-:nuum
1852 301 1923 356 (1).

130 371 182 402 De
198 371 255 401 his
273 370 376 400 etiam
395 369 497 405 infra,
514 368 634 404 quaest.
654 375 731 401 Lm,
749 369 812 397 art.
835 369 851 397 1
870 375 960 405 corp.
981 368 1015 397 et
1029 368 1070 397 ad
1091 368 1120 403 1,
1141 368 1176 396 et
1194 367 1289 397 Sent.
1305 375 1359 403 111,
1380 367 1460 397 dist.
1480 366 1533 403 21,
1553 365 1675 403 quaest.
1693 371 1716 401 1,
1733 363 1800 394 art.
1821 363 1852 400 2,

310 412 344 441 et
363 411 481 448 quaest.
500 417 541 445 11,
560 409 624 439 art.
647 409 663 438 1
683 409 725 439 ad
742 410 773 445 1,
796 410 831 439 et
855 409 980 446 opusc.
998 417 1039 444 11,
1060 416 1136 446 cap.
1155 408 1228 445 235,
1249 409 1283 438 et
1300 408 1423 445 opusc.
1442 415 1503 443 Lx,
1521 414 1596 444 cap.
1612 407 1666 437 20.

108 465 175 509 Ad
195 464 379 508 tertium
400 463 470 507 sic
491 461 770 517 proceditur.
797 465 834 505 1.
858 462 1047 505 Videtur
1073 460 1198 517 quod
1221 470 1391 514 corpus
1429 459 1596 503 Christi
1634 458 1684 501 in
1711 457 1928 512 sepulcro

58 527 197 573 suerit
217 526 539 570 incineratum.
561 522 688 569 Sicut
709 523 833 568 enim
856 534 983 568 mors
1007 526 1078 567 est
1098 532 1237 578 poena
1259 520 1435 576 peccati
1457 520 1595 576 primi
1618 519 1840 575 parentis,
1865 518 1930 562 ita

60 591 191 636 etiam
207 587 254 636 et
270 590 566 636 incineratio:
588 590 761 635 dictum
784 594 856 635 est
872 589 997 635 enirn
1019 589 1168 645 primo
1178 588 1353 633 homini
1373 595 1478 644 post
1498 591 1757 643 peccatum:
1776 584 1930 630 Pulvis

55 664 115 708 es,
136 655 180 695 et
202 654 251 696 in
269 653 499 710 pulverem
514 654 768 708 reverteriS,
793 655 846 695 ut
871 650 1038 695 dicitur
1057 651 1182 704 (Gen.
1205 662 1268 706 111,
1288 651 1374 701 19).
1397 648 1485 694 Sed
1502 647 1706 692 Christus
1731 651 1928 693 mortem

79 714 291 773 ustinuit‚
311 719 373 760 ut
396 726 483 759 nos
512 714 540 758 a
560 717 708 757 morte
730 713 959 758 liberaret.
986 715 1104 768 Ergo
1133 711 1272 756 etiam
1299 709 1543 755 incinerari
1576 709 1734 754 debuit
1759 721 1930 766 corpus

64 774 175 832 11118,
195 781 250 821 111
272 789 361 822 nos
380 777 440 822 ab
462 775 793 821 incineratione
812 776 1045 820 liberaret.

109 839 154 881 2.
170 839 409 894 Praeterea,
432 849 602 895 corpus
623 837 785 882 Christi
802 837 890 882 fuit
903 836 1111 893 ejusdem
1133 838 1312 880 naturae
1326 846 1434 879 cum
1448 833 1720 890 corporibus
1739 831 1928 877 nostris·

58 898 144 944 Sed
164 911 357 958 corpora
383 905 541 945 nostra
561 899 718 944 statim
739 904 844 957 post
876 902 1072 944 mortem
1094 897 1266 942 resolvi
1294 896 1538 954 incipiunt,
1561 900 1608 942 et
1635 895 1695 942 ad
1721 892 1930 953 putredi-

58 972 166 1005 nem
186 961 496 1019 disponuntur
521 963 593 1017 (2),
617 962 730 1019 quia
757 961 1002 1006 exhalante
1029 960 1177 1005 calido
1197 959 1395 1003 naturali
1414 957 1682 1015 supervenit
1704 956 1830 1002 calor
1849 968 1929 1001 ex-

59 1029 261 1082 traneuS,
276 1024 355 1080 qui
375 1023 756 1081 putrefactionem
774 1026 949 1067 causat.
972 1024 1089 1079 Ergo
1107 1021 1290 1066 videtur
1308 1020 1433 1078 quod
1449 1020 1659 1065 similiter
1674 1019 1721 1064 in
1738 1029 1930 1075 corpore

59 1083 217 1130 Christi
237 1086 465 1132 acciderit.

111 1148 152 1191 3.
174 1149 410 1204 Praeterea,
428 1148 550 1193 sicut
565 1148 739 1194 dictum
758 1149 828 1191 est
845 1148 945 1199 (art.
963 1149 985 1191 1
1002 1144 1100 1201 huj.
1114 1146 1316 1201 quaest.),
1340 1143 1547 1189 Christus
1567 1143 1751 1201 sepeliri
1765 1141 1931 1198 voluit,

59 1210 112 1251 ut
133 1208 260 1253 daret
279 1209 542 1254 hominibus
561 1221 691 1266 spem
715 1206 989 1264 resurgendi
1007 1206 1144 1251 etiam
1164 1206 1221 1250 de
1239 1204 1481 1261 sepulcris.
1505 1207 1624 1262 Ergo
1652 1203 1792 1249 etiam
1812 1203 1931 1249 inci-

59 1269 343 1334 nerationem
371 1270 465 1328 pati
487 1270 662 1326 debuit,
690 1273 744 1313 ut
763 1280 895 1324 spem
917 1267 1190 1324 resurgendi
1206 1266 1475 1311 incineratis
1501 1270 1607 1323 post
1633 1265 1930 1311 incineratio-

59 1339 160 1372 nem
183 1330 329 1376 daret.

112 1390 198 1434 Sed
228 1395 386 1435 contra
406 1395 480 1436 est
509 1390 634 1448 quod
657 1390 793 1444 (Psal.
814 1404 883 1446 xv,
900 1392 970 1444 10)
988 1390 1188 1435 dicitur:
1218 1392 1318 1434 Non
1336 1390 1466 1433 dabis
1489 1391 1697 1433 sanctum
1716 1392 1841 1432 tuum
1864 1390 1929 1432 vi·

58 1449 163 1493 dere
184 1454 532 1509 corruptionem,
557 1452 683 1509 quod
701 1455 1011 1496 Damascenus
1032 1450 1222 1507 exponit
1248 1452 1389 1506 (Orth.
1415 1451 1493 1496 fid.
1514 1450 1595 1496 lib.
1626 1464 1688 1507 111,
1713 1463 1815 1508 cap.
1838 1452 1928 1507 18),

58 1509 115 1555 de
129 1513 420 1569 corruptione
435 1525 539 1572 quae
555 1518 627 1557 est
643 1525 725 1569 per
742 1513 1069 1558 resolutionem
1091 1513 1139 1556 in
1162 1512 1408 1557 elementa.

33 1600 35 1602 ·
104 1578 395 1620 CONCLUSIO.
420 1602 469 1611 -
492 1581 550 1621 Ne
563 1591 673 1620 mors
682 1579 831 1620 Christi
844 1579 1075 1619 infirmitati
1093 1583 1249 1619 naturae
1263 1579 1352 1631 ejus
1366 1579 1648 1629 ascriberetur,
1661 1578 1936 1621 necessarium

58 1632 139 1673 fuit
156 1633 260 1674 utin
275 1636 458 1686 sepulcro
481 1646 628 1687 corpus
655 1635 863 1684 integrum
884 1639 923 1675 et
946 1636 1231 1686 incorruptum
1252 1639 1482 1675 servaretur
1506 1635 1657 1676 virtute
1681 1634 1929 1684 divinitatis,
2004 1682 2006 1685 p

58 1699 153 1739 quae
169 1688 277 1730 illud
298 1701 515 1742 nunquam
534 1690 726 1732 descruit.

114 1752 382 1808 Respondeo
399 1753 645 1798 dicendum
663 1752 789 1810 quod
802 1765 896 1797 non
911 1753 997 1796 fuit
1006 1753 1287 1806 conveniens
1308 1765 1476 1810 corpus
1490 1753 1656 1798 Christi
1677 1753 1928 1809 putrefieri,

64 1812 133 1856 vel
159 1824 451 1870 quocumque
483 1815 620 1859 modo
643 1813 902 1866 incinerari,
922 1813 1031 1871 quia
1061 1814 1330 1871 putrefactio
1360 1815 1695 1872 cujuscumque
1724 1815 1930 1870 corporis

59 1874 272 1931 provenit
299 1887 355 1919 ex
375 1875 638 1919 infirmitate
672 1879 850 1919 naturae
870 1875 995 1919 illius
1025 1875 1246 1932 corporis,
1280 1887 1384 1932 quae
1419 1888 1514 1920 non
1552 1879 1700 1932 potest
1731 1876 1930 1932 amplius
1966 1925 1974 1936 ,Ἴ

59 1945 229 1991 corpus
248 1936 486 1981 continere
518 1937 565 1980 in
601 1949 762 1981 unum.
784 1939 900 1981 Mors
929 1940 1083 1980 autem
1114 1936 1292 1995 Christi,
1325 1936 1447 1981 sicut
1474 1949 1615 1993 supra
1647 1936 1820 1981 dictum
1859 1940 1931 1981 est
1965 1938 1987 1959 '³‘

60 1997 239 2053 (quaest.
258 2009 396 2054 praec.
414 2003 500 2042 art.
517 2001 539 2043 1
559 1997 619 2043 ad
631 2000 688 2055 2),
710 2010 804 2042 non
823 1998 981 2043 debuit
1001 2010 1107 2044 esse
1120 2010 1178 2043 ex
1193 2002 1370 2043 naturae
1389 1998 1667 2054 infirmitate,
1690 2010 1750 2042 ne
1767 1999 1930 2044 crede·-

61 2063 188 2117 retur
205 2071 300 2103 non
316 2072 418 2105 esse
435 2060 721 2105 voluntaria:
739 2065 783 2106 et
802 2061 904 2105 ideo
923 2073 1018 2104 non
1037 2073 1094 2105 ex
1108 2062 1286 2117 morbo,
1300 2062 1382 2106 sed
1401 2061 1619 2117 passione
1642 2060 1768 2105 illata
1787 2060 1935 2105 voluit*

61 2121 192 2176 mori,
216 2122 291 2166 cui
310 2134 361 2166 se
379 2122 545 2166 obtulit
563 2122 745 2179 sponte.
760 2125 813 2167 Et
833 2121 938 2167 ideo
960 2123 1180 2180 Christus,
1199 2134 1258 2167 ne
1274 2134 1400 2167 mors
1419 2123 1520 2179 ejus
1542 2127 1720 2167 naturae
1736 2122 1932 2167 infirmi-

63 2181 140 2226 tati
160 2182 513 2236 adscriberetur,
534 2183 682 2227 noluit
692 2196 862 2241 corpus
877 2195 1015 2227 suum
1034 2182 1429 2240 qualitercumque
1451 2183 1702 2240 putrefieri,
1722 2187 1803 2227 aut
1820 2196 1932 2240 qua-

61 2243 365 2302 litercumque
394 2245 586 2302 resolvi3
612 2246 695 2291 sed
726 2247 784 2291 ad
808 2246 1123 2290 ostensionem
1140 2246 1320 2290 virtutis
1338 2245 1510 2289 divinae
1526 2245 1675 2290 voluit
1690 2257 1858 2302 corpus
1874 2246 1931 2290 il-

62 2305 144 2350 lud
164 2306 481 2363 incorruptum
499 2318 785 2363 permanere.
809 2308 935 2352 Unde
953 2308 1305 2364 chrysostomus
1331 2307 1442 2352 dicit
1471 2307 1535 2360 (in
1555 2308 1786 2351 Demonst.
1811 2309 1933 2363 quod

61 2371 182 2412 Deus
193 2370 268 2424 sit,
299 2372 421 2412 cont.
443 2368 620 2424 gentil.,
646 2370 808 2425 parum
830 2373 938 2414 ante
955 2370 1111 2423 med.)‚
1130 2367 1254 2425 quod
1281 2385 1301 2406 «
1320 2368 1584 2413 viventibus
1610 2368 1713 2413 aliis
1726 2369 1930 2414 homini-

61 2428 167 2489 bus,
190 2429 262 2474 his
280 2430 452 2475 scilieet
482 2430 791 2487 qui‚egerunt
812 2431 1014 2485 strenue,
1040 2431 1243 2475 arrident
1276 2429 1460 2487 propria
1486 2435 1642 2487 gesta3
1677 2430 1749 2476 his
1774 2436 1929 2478 autern

61 2491 377 2550 pereuntibus,
413 2497 622 2549 pereunt.
658 2493 746 2538 Sed
772 2493 819 2537 in
851 2493 1028 2537 Christo
1056 2497 1127 2538 est
1156 2497 1303 2537 totum
1330 2492 1613 2539 contrarium
1639 2507 1652 2538 ε
1682 2505 1791 2538 nam
1821 2499 1930 2540 ante

62 2565 246 2598 crucem
268 2553 424 2598 omnia
442 2557 554 2599 sunt
576 2558 742 2599 moesta
762 2559 809 2600 et
823 2555 1026 2611 infirma3
1050 2559 1104 2599 ut
1125 2559 1279 2599 autem
1295 2555 1543 2600 crucifixus
1557 2560 1645 2612 est,
1663 2556 1820 2600 omnia
1834 2556 1928 2601 cla·

62 2614 183 2661 riora
200 2619 311 2661 sunt
324 2616 445 2660 facta
459 2629 474 2673 3
494 2620 546 2660 ut
562 2628 748 2673 noscaS,
766 2629 860 2661 non
875 2629 1045 2674 purum
1062 2617 1295 2662 hominem
1315 2617 1604 2661 crucifixum.
1629 2635 1651 2657 »

116 2677 183 2722 Ad
196 2680 399 2734 primum
421 2688 532 2733 ergo
560 2677 823 2734 dicendum,
857 2679 980 2735 quod
1016 2679 1237 2733 Chr-istim,
1268 2681 1373 2722 cum
1407 2690 1502 2722 non
1536 2682 1661 2723 esset
1692 2679 1930 2737 subjectus

62 2743 265 2796 peccato,
278 2751 429 2796 neque
441 2739 577 2783 morti
591 2744 690 2784 erat
702 2740 948 2797 obnoxius,
969 2753 1119 2797 neque
1136 2739 1454 2785 incinerationi
1469 2754 1481 2795 ς
1494 2740 1753 2785 voluntarie
1771 2745 1928 2787 tamen

62 2804 257 2845 mortem
273 2800 492 2844 sustinuit
512 2805 698 2857 propter
710 2806 915 2846 nostram
937 2802 1151 2861 salutem,
1175 2801 1433 2846 secundum
1445 2801 1647 2847 rationes
1666 2814 1807 2859 supra
1828 2803 1929 2848 dic-

67 2865 136 2907 tas
165 2864 261 2918 (qu.
275 2873 412 2918 praee.
431 2865 515 2905 art.
539 2864 599 2915 1).
617 2861 661 2906 Si
680 2867 835 2907 autem
853 2876 1021 2921 corpus
1042 2863 1144 2920 ers
1166 2863 1330 2907 fuisset
1349 2863 1673 2920 putrefactum,
1689 2863 1764 2908 vel
1792 2877 1927 2909 reso-

64 2922 230 2977 lutum,
250 2922 400 2979 magis
425 2922 514 2966 hoc
539 2921 702 2968 fuisset
722 2923 778 2967 in*
793 2924 1116 2970 detrimentum
1141 2924 1301 2969 salutis
1324 2925 1555 2981 humanae,
1576 2924 1687 2969 dum
1710 2937 1803 2969 non
1826 2938 1926 2971 cre-

65 2984 248 3030 deretur
277 2983 327 3028 in
359 2995 414 3029 eo
447 2995 552 3029 esse
577 2983 726 3030 virtus
758 2985 924 3031 divina.
960 2987 1088 3032 Unde
1120 2999 1179 3031 ex
1204 2998 1402 3043 persona
1430 2986 1532 3042 ejus
1565 2986 1699 3039 (Psal.
1725 3000 1836 3043 xx1x,
1860 2991 1925 3038 10)

65 3045 261 3090 dicitur:
285 3049 392 3101 Quae
418 3045 594 3089 utilitas
626 3047 676 3089 in
705 3050 921 3103 sanquine
950 3062 1061 3104 meo,
1092 3049 1199 3091 ditm
1232 3049 1450 3091 descendo
1485 3050 1533 3091 in
1565 3050 1925 3105 corruptionem?

66 3106 199 3163 quasi
222 3106 366 3151 dicat:
391 3124 412 3144 ιι
435 3106 479 3150 Si
503 3118 671 3163 corpus
695 3118 851 3152 meum
872 3114 1120 3166 putrescat,
1139 3110 1358 3167 perdetur
1384 3109 1518 3154 effusi
1544 3110 1786 3167 sanguinis
1804 3111 1924 3155 utili-

66 3172 152 3214 tas.
170 3186 191 3208 »
216 3167 374 3222 (Gloss.
391 3168 489 3212 ord.
506 3168 743 3223 Augustini
765 3169 812 3212 in
833 3169 972 3214 istum
993 3171 1260 3227 psalmum.)

119 3229 185 3274 Ad
206 3230 446 3273 secundum
476 3229 737 3283 dicendum,
755 3230 878 3286 quod
906 3244 1072 3288 corpus
1090 3233 1251 3276 Christi
1282 3237 1505 3289 quantum
1527 3233 1587 3278 ad
1615 3233 1921 3278 conditionem

69 3294 244 3335 naturae
264 3291 494 3348 passibilis
515 3292 847 3347 putrefactibile
877 3292 965 3337 fuit
998 3295 1075 3349 (3),
1096 3295 1199 3339 licet
1235 3307 1327 3338 non
1359 3294 1582 3351 quantilm
1616 3294 1676 3339 ad
1706 3295 1919 3339 meritum

107 3390 150 3433 (Ἰ)
177 3390 280 3426 Docet
315 3390 352 3426 S.
386 3390 529 3424 Thomas
557 3401 623 3424 non
656 3390 802 3426 decuisse
835 3402 953 3431 corpus
1078 3392 1121 3433 (2)
1138 3392 1224 3426 Hinc
1240 3393 1308 3434 ipsa
1319 3405 1407 3427 mors
1420 3405 1479 3435 per
1493 3392 1705 3434 putredinem
1718 3393 1919 3434 designatur,

69 3437 190 3473 Christi
204 3436 326 3475 resolvi
343 3436 378 3471 in
398 3438 536 3472 cineres.
1069 3439 1115 3479 (5)
1133 3440 1185 3475 Ita
1197 3440 1359 3475 nimirum
1374 3445 1486 3475 utnon
1496 3440 1647 3475 obstante
1662 3440 1786 3477 unione
1801 3439 1920 3481 Verbi,
