2170 3808
839 192 1035 244 QUAEST.
1069 192 1174 245 Lm,
1205 193 1325 235 ART.
1353 192 1405 236 11.
1979 189 2056 232 451

246 271 334 317 Sed
353 275 513 316 contra
534 274 606 316 est
626 270 749 327 quod
769 270 934 316 dicitur
969 271 1137 329 (Matth.
1166 286 1236 326 xx,
1261 274 1360 328 19):
1399 272 1599 316 Tradent
1630 283 1728 314 eum
1765 269 1962 326 qentibus
1996 268 2062 318 ad

187 332 492 389 illudendum,
516 335 558 376 et
570 332 914 389 slaqellandum,
939 337 982 376 et
1005 333 1372 390 crucifiqendum,
1409 336 1454 376 et
1487 334 1623 376 tertia
1647 331 1723 375 die
1751 332 1954 387 resurqet
1983 331 2058 384 (1).

239 401 525 442 CONCLUSIO.
544 422 591 429 —
607 400 709 439 Gum
727 400 879 441 Christi
903 400 1140 442 resurrectio
1166 401 1385 441 necessaria
1406 402 1531 441 fuerit
1551 401 1603 441 ad
1624 398 1718 440 fidei
1737 402 1883 439 nostrae
1906 400 1994 437 tam
2012 396 2063 437 de

191 452 320 507 ipsius
341 456 570 504 divinitate,
587 454 715 506 quam
735 455 784 496 de
800 455 1054 496 humanitate
1075 455 1402 505 instructionem,
1432 455 1677 497 conveniens
1695 454 1775 494 fuit
1793 458 1840 494 ut
1861 452 1980 494 tertia
1996 451 2062 493 die

191 509 217 550 a
237 510 411 551 mortuis
432 513 666 560 resurgeret.

244 572 514 630 Respondeo
547 571 792 618 dicendum
823 572 962 631 qued,
994 573 1116 618 sicut
1146 573 1323 619 dictum
1350 576 1420 618 est
1458 573 1562 627 (art.
1590 574 1762 630 praec.),
1786 570 2062 616 resurrectio

190 634 351 680 Christi
387 633 647 680 necessaria
684 634 771 680 fuit
800 635 860 680 ad
895 631 1243 680 instructionem
1284 634 1391 680 fidei
1427 638 1612 679 nostrae.
1647 636 1727 678 Est
1760 637 1915 678 autem
1945 631 2062 678 fides
2122 644 2126 648 ·

192 699 350 741 nostra
374 698 424 740 et
459 693 517 740 de
545 694 782 741 divinitate
814 701 861 742 et
889 696 1176 742 humanitate
1194 696 1385 753 Christi3
1407 708 1499 741 non
1531 695 1656 740 enim
1676 695 1846 739 sufficit
1864 695 2062 741 alterum

188 755 292 802 sine
312 755 455 801 altero
474 756 678 813 credere,
704 762 756 801 ut
776 770 835 802 ex
847 757 1078 814 praedictis
1096 763 1218 815 patet
1237 760 1279 812 (2
1295 761 1339 814 2,
1356 762 1519 815 quaest.
1533 771 1581 810 11,
1606 761 1691 800 art.
1714 759 1739 800 7
1755 760 1800 800 et
1815 758 1868 810 8).
1888 758 1940 800 Et
1955 755 2063 803 ideo
2105 770 2109 773 ’

191 817 251 863 ad
280 818 368 863 hoc
398 818 521 875 quod
553 818 903 865 confirmaretur
922 820 1039 865 fides
1062 820 1119 864 de
1146 820 1340 864 veritate
1378 818 1629 864 divinitatis
1665 817 1828 874 ipsius,
1861 816 2064 872 oportuit
2083 857 2090 866 ,

193 878 316 936 quod
345 879 435 924 cito
456 884 731 936 resurgeret,
754 885 801 925 et
827 880 930 937 eJus
958 880 1232 925 resurrectio
1261 893 1357 925 non
1381 881 1640 926 differretur
1669 890 1820 935 usque
1841 877 1899 922 ad
1920 878 2092 933 finem

193 939 368 985 mundi.
391 940 455 985 Ad
478 941 565 985 hoc
584 946 737 986 autem
752 940 878 998 quod
890 942 1240 986 confirmaretur
1261 939 1377 986 fides
1399 942 1456 987 de
1474 941 1662 986 veritate
1677 938 1991 996 humanitatis,
2011 943 2062 984 et
2079 952 2119 980 ι.

193 1001 351 1046 mortis
365 1001 482 1058 eJus‚
506 1003 707 1059 oportuit
726 1015 902 1047 moram
921 1016 1024 1048 esse
1040 1004 1159 1048 inter
1177 1008 1372 1048 mortem
1394 1007 1441 1047 et
1454 1002 1853 1047 resurrectionem.
1876 1000 1920 1044 Si
1933 998 2061 1044 enim

183 1062 344 1108 statim
362 1068 467 1121 post
490 1068 683 1109 mortem
702 1065 1047 1122 resurrexisset,
1068 1065 1214 1110 videri
1235 1070 1390 1123 posset
1419 1064 1543 1121 qued
1568 1063 1670 1120 ers
1699 1075 1825 1108 mors
1840 1075 1949 1107 vera
1966 1074 2060 1106 non

191 1124 343 1181 fuerit,
365 1131 410 1171 et
431 1137 512 1183 per
533 1139 823 1183 consequens
840 1138 927 1170 nec
947 1126 1222 1171 resurrectio
1236 1139 1360 1171 vera.
1381 1126 1449 1172 Ad
1463 1126 1699 1171 veritatem
1719 1130 1874 1169 autem
1898 1123 2060 1169 mortis

184 1186 352 1232 Christi
365 1186 750 1233 manifestandam
768 1186 1027 1232 sufficiebat
1047 1187 1170 1244 quod
1189 1199 1339 1244 usque
1351 1187 1410 1233 ad
1431 1187 1616 1232 tertium
1637 1187 1760 1232 diem
1780 1186 1881 1242 ejus
1898 1197 2060 1231 resur-

187 1249 330 1293 rectio
349 1249 624 1306 differretur,
637 1249 747 1305 quia
763 1260 860 1293 non
881 1248 1231 1306 contingitquin
1251 1249 1370 1293 infra
1384 1248 1474 1293 hoc
1491 1253 1674 1304 tempus
1691 1248 1740 1292 in
1761 1247 1962 1303 homine,
1979 1246 2060 1304 qui

187 1316 399 1355 mortuus
421 1310 618 1367 videtur,
647 1314 755 1355 curn
772 1310 913 1367 vivat,
939 1315 1191 1367 appareant
1209 1311 1363 1368 aliqua
1384 1311 1554 1355 indicia
1569 1311 1688 1355 vitae.
1709 1312 1794 1354 Per
1817 1309 1905 1354 hoc
1922 1309 2059 1354 etiam

186 1371 311 1428 qued
327 1371 461 1416 tertia
482 1371 556 1417 die
576 1373 635 1426 (2)
652 1372 916 1424 resurrexit,
936 1373 1286 1418 commendatur
1307 1372 1527 1430 perfectio
1548 1371 1749 1427 ternarii,
1783 1370 1863 1428 qui
1882 1375 1951 1416 est
1971 1383 2060 1415 nu-

187 1442 343 1477 merus
359 1431 510 1477 omnis
526 1432 609 1486 rei,
623 1436 780 1489 utpote
795 1432 972 1478 habens
984 1433 1277 1491 principium,
1291 1434 1495 1479 medium
1507 1438 1554 1478 et
1567 1433 1723 1490 finem,
1739 1436 1793 1477 ut
1807 1432 1973 1477 dicitur
1983 1433 2059 1487 (De
2122 1444 2127 1456 ’

186 1494 320 1552 coelo,
343 1494 422 1538 lib.
447 1508 481 1548 ι,
496 1498 606 1539 text.
627 1497 687 1549 2).
707 1494 972 1540 ostenditur
989 1496 1127 1540 etiam
1148 1496 1405 1540 secundum
1426 1496 1698 1552 mysterium
1714 1493 1838 1551 qucd
1852 1494 2060 1540 Christus

187 1558 282 1600 una
301 1561 445 1601 morte
459 1556 545 1600 sua
562 1556 803 1613 corporali,
821 1569 924 1614 quae
936 1557 1021 1602 fuit
1041 1558 1123 1602 lux
1138 1563 1323 1615 propter
1340 1557 1584 1615 J'ustitiam,
1607 1557 1724 1602 duas
1737 1561 1918 1601 nostras
1932 1568 2060 1601 mor-

190 1621 256 1663 tes
291 1618 516 1662 destruxit
547 1619 737 1672 (scilicet
765 1619 972 1675 corporis
1000 1623 1048 1664 et
1081 1620 1282 1676 animae),
1306 1631 1411 1676 quae
1447 1623 1559 1664 sunt
1590 1618 1847 1664 tenebrosae
1873 1623 2059 1675 propter

187 1686 452 1736 peccatum;
476 1684 522 1724 et
543 1679 645 1725 ideo
663 1682 758 1724 una
775 1679 848 1725 die
867 1680 1047 1738 integra
1068 1686 1115 1726 et
1135 1680 1319 1727 duabus
1335 1680 1551 1726 noctibus
1563 1679 1816 1737 permansit
1829 1679 1877 1743 ip
1893 1683 2056 1737 morte,

190 1744 240 1785 ut
264 1741 550 1797 Augustinus
569 1741 680 1787 dicit
698 1744 777 1796 (De
796 1742 952 1787 Trinit.
983 1742 1063 1787 lib.
1090 1757 1148 1799 ιν,
1181 1755 1280 1801 cap.
1307 1745 1365 1798 6).
1386 1745 1470 1787 Per
1489 1742 1577 1787 hoc
1606 1742 1745 1787 etiam
1774 1740 2058 1797 significatur

182 1801 309 1859 quod
329 1815 411 1860 per
429 1803 812 1848 resurrectionem
828 1804 990 1848 Christi
1012 1804 1199 1849 tertium
1218 1815 1402 1863 tempus
1423 1803 1673 1860 incipiebat
1693 1819 1704 1848 t
1725 1815 1832 1847 nam
1856 1802 2058 1860 primum

183 1864 271 1909 fuit
289 1871 394 1909 ante
415 1865 583 1922 legem,
607 1865 864 1911 secundum
884 1866 1108 1923 sublege,
1129 1867 1316 1912 tertium
1334 1866 1422 1912 sub
1445 1866 1608 1923 gratia.
1631 1866 1823 1921 incoepit
1841 1865 1979 1909 etiam
2009 1865 2057 1909 in

185 1925 347 1972 Christi
366 1927 700 1972 resurrectione
718 1927 880 1972 tertius
898 1932 1048 1973 status
1060 1933 1348 1974 sanctorum:
1369 1940 1476 1974 nam
1497 1928 1676 1985 primus
1691 1927 1778 1972 fuit
1792 1926 1880 1971 sub
1896 1927 2058 1983 figuris

184 1987 316 2044 legis,
339 1989 576 2034 secundus
600 1989 689 2034 sub
708 1989 899 2035 veritate
918 1990 1043 2048 fidei,
1071 1990 1235 2037 tertius
1255 1991 1343 2036 erit
1369 1990 1418 2034 in
1444 1990 1698 2036 aeternitate
1723 1988 1897 2048 gloriae,
1916 2001 2057 2046 quam

89 2050 106 2058 “
182 2049 388 2094 Christus
406 2050 636 2095 inchoavit
653 2051 956 2108 resurgendo.

233 2111 300 2156 Ad
332 2114 532 2167 primum
565 2124 676 2169 ergo
709 2113 973 2169 dicendum,
999 2113 1123 2170 qued
1147 2117 1288 2171 caput
1317 2118 1363 2159 et
1397 2112 1606 2159 membra
1635 2112 1980 2159 conformantur
2006 2112 2056 2157 in

184 2177 364 2230 natura,
385 2174 467 2219 sed
480 2174 637 2218 nonin
656 2174 846 2232 virtute3
864 2175 1160 2221 excellentior
1177 2181 1248 2221 est
1268 2176 1392 2221 enim
1409 2177 1558 2220 virtus
1577 2175 1741 2233 capitis
1754 2174 1893 2232 quam
1908 2187 2057 2220 mem-

181 2232 387 2279 brorum.
409 2237 462 2279 Et
482 2234 585 2280 ideo
610 2236 670 2282 ad
696 2236 1105 2283 demonstrandam
1137 2237 1458 2284 excellentiam
1479 2237 1665 2283 virtutis
1698 2236 1863 2282 Christi
1886 2249 2056 2283 conve·

183 2295 318 2402 niiegs
349 2295 434 2341 fuit
451 2296 604 2403 ipfflg'n
626 2297 761 2343 tertia
779 2298 853 2344 die
880 2311 1144 2356 resurgere,
1165 2299 1359 2345 aliorum
1377 2296 1723 2345 resurrectione?
1738 2298 1879 2344 dilata
1904 2310 2056 2356 usque

178 2369 210 2401 a
298 2369 403 2402 nem
422 2370 534 2402 mun
571 2373 600 2403 ι.

237 2417 305 2463 Ad
325 2420 565 2463 secundum
588 2418 851 2477 dicendum,
875 2421 999 2479 quod
1028 2422 1229 2468 detentio
1248 2422 1534 2468 coactionem
1556 2422 1805 2480 quamdam
1824 2422 2052 2480 importat.

174 2478 385 2524 Christus
414 2484 567 2525 autem
606 2481 735 2526 nulla
767 2483 1043 2528 necessitate
1077 2484 1240 2528 mortis
1276 2484 1518 2529 tenebatur
1549 2483 1811 2537 adstrictus,
1844 2484 1926 2529 sed
1959 2489 2056 2530 erat

181 2543 298 2585 inter
310 2545 505 2586 mortuos
524 2543 665 2599 liber3
686 2551 730 2588 et
749 2544 851 2589 ideo
875 2545 1144 2602 aliquandiu
1161 2545 1210 2590 in
1238 2550 1386 2591 morte
1410 2545 1598 2602 mansit,
1625 2558 1719 2591 non
1740 2545 1872 2603 quasi
1895 2546 2055 2592 deten-

179 2605 275 2657 tuS,
300 2601 384 2647 sed
415 2603 599 2659 propria
626 2604 879 2659 voluntate,
901 2607 1125 2662 quamdiu
1156 2606 1380 2664 Judicavit
1415 2607 1504 2651 hoc
1531 2619 1634 2652 esse
1660 2607 1974 2652 necessarium
1995 2608 2056 2654 ad

182 2663 529 2708 instructionem
548 2665 653 2710 fidei
675 2670 860 2711 nostrae.
884 2667 1056 2712 Dicitur
1074 2672 1229 2713 autem
1249 2668 1404 2713 statim
1423 2668 1522 2713 fieri
1546 2669 1670 2725 quod
1691 2669 1742 2713 fit
1758 2668 1888 2714 brevi
1910 2669 2055 2714 inter-

180 2723 329 2780 posito
348 2728 568 2782 tempore.

235 2784 301 2828 Ad
333 2788 514 2854 tertium
534 2787 797 2844 dicendum,
818 2788 957 2847 quod,
984 2791 1104 2836 sicut
1128 2803 1270 2848 supra
1288 2791 1462 2836 dictum
1485 2796 1556 2836 est
1572 2793 1752 2848 (quaest.
1774 2805 1830 2847 m,
1849 2795 1932 2836 art.
1949 2795 1978 2837 4
1994 2792 2055 2838 ad

172 2847 236 2900 2),
253 2845 456 2891 Christus
476 2850 721 2894 resurrexit
742 2850 863 2895 circa
880 2852 1136 2897 diluculum
1160 2853 1456 2898 illucescente
1473 2852 1570 2910 J'am
1590 2854 1679 2910 die,
1706 2854 1764 2898 ad
1786 2853 2053 2911 significan-

180 2907 290 2953 dum
317 2907 441 2963 quod
469 2920 550 2964 per
573 2921 706 2954 suam
727 2914 1112 2958 resurrectionem
1136 2927 1221 2958 nos
1247 2915 1305 2959 ad
1334 2914 1485 2959 lucem
1514 2915 1671 2971 gloriae
1701 2914 1950 2960 inducebat
1968 2917 2050 2972 (3)·

171 2968 300 3013 »sicut
329 2974 540 3014 mortuus
569 2976 640 3015 est
671 2973 1083 3030 advesperascente
1104 2975 1201 3032 jam
1221 2976 1312 3032 die,
1339 2981 1386 3021 et
1407 2977 1650 3022 recedente
1672 2976 1719 3021 in
1742 2977 1970 3034 tenebras,
1993 2953 2054 3024 ad

179 3031 514 3076 ostendendum
536 3031 661 3089 quod
679 3046 761 3090 per
774 3047 907 3080 suam
929 3042 1124 3082 mortem
1147 3038 1403 3083 destrueret
1422 3039 1638 3084 tenebras
1655 3039 1802 3096 culpae
1822 3045 1867 3085 et
1885 3052 2050 3096 poenae.

179 3093 231 3135 Et
249 3095 401 3137 tamen
422 3093 588 3137 dicitur
613 3095 745 3139 tertia
767 3096 840 3141 die
862 3099 1187 3156 resurrexisse,
1209 3100 1474 3156 accipiendo
1494 3101 1616 3145 diem
1637 3114 1719 3157 pro
1742 3102 1816 3146 die
1837 3101 2049 3158 naturali,

221 3220 263 3262 (1)
279 3221 351 3256 IIuc
368 3235 498 3278 quoque
517 3224 666 3265 pertinet
694 3224 801 3265 figura
825 3227 917 3262 Jonae
935 3229 1066 3268 (Matth.
1193 3230 1236 3272 (2)
1253 3230 1351 3274 Quod
1379 3231 1638 3270 intelligendum
1658 3235 1708 3268 est
1733 3233 1773 3268 de
1796 3233 1852 3268 die
1878 3234 2049 3278 inchoata„

177 3267 239 3309 xn)
254 3272 288 3303 et
300 3270 389 3310 quod
401 3270 526 3306 dicitur
543 3273 659 3313 (Oseae,
682 3275 730 3313 vl)
751 3286 759 3306 ε
783 3275 985 3316 Vivificabit
999 3287 1068 3312 *nos
1148 3282 1242 3319 Juxta
1256 3278 1341 3313 illud
1363 3278 1455 3320 quod
1480 3279 1606 3315 dictum
1625 3285 1674 3316 est
1693 3282 1819 3323 (quaest.
1847 3289 1892 3320 LI.
1917 3285 1982 3316 art.
2004 3282 2050 3323 4).

177 3319 256 3359 pont
280 3316 369 3352 duos
392 3318 482 3360 dies,
499 3320 541 3354 ἰη
557 3320 616 3355 die
639 3321 750 3355 tertia
768 3323 963 3357 suscitabit
976 3334 1062 3365 nos,
1196 3326 1238 3368 (5)
1262 3326 1349 3360 Hinc
1373 3326 1520 3362 Ecclesia
1549 3328 1639 3362 canit
1656 3330 1691 3362 in
1717 3329 1839 3369 hymno
1866 3328 2049 3363 Resurrec-

177 3367 240 3419 etc,
264 3363 305 3405 (I.
329 3366 407 3401 Cor.
431 3367 487 3407 xv)
505 3379 513 3400 ι
542 3367 709 3403 Christus
727 3372 938 3404 resurrexit
957 3373 1065 3407 tertia
1150 3373 1275 3408 tionis:
1300 3375 1450 3409 Aurora
1469 3375 1561 3410 lucis
1581 3377 1717 3411 rutilat
1736 3403 1758 3410 ..
1784 3377 1874 3411 Cum
1893 3387 1963 3412 ’νοω
1981 3376 2049 3412 ille

170 3410 233 3444 >dte
247 3412 445 3447 secundum
461 3414 695 3456 Scripturas.
1149 3420 1371 3460 fortissimus
1395 3422 1517 3458 Victor
1531 3426 1650 3466 surqic
1668 3424 1710 3457 de
1728 3424 1872 3464 sunere.
