2170 3808
785 225 980 276 QUAEST.
1012 225 1112 277 le,
1142 225 1257 266 ART.
1287 225 1304 266 1
1333 225 1396 266 ET
1425 225 1477 267 11.
1987 226 2071 268 457

195 305 496 353 substantiam
539 304 858 361 perdidisse.»
898 307 988 350 Nec
1023 310 1175 349 tamen
1210 305 1300 349 illis
1328 303 1566 361 discipulis
1598 303 1646 347 in
1685 303 1837 360 specie
1871 303 2072 358 gloriosa

195 369 428 426 apparuit;
451 366 534 411 sed
553 366 673 411 sicut
701 366 749 410 in
783 363 1009 423 potestate
1041 367 1142 422 eJus
1173 371 1272 410 erat
1298 371 1352 410 ut
1375 377 1543 434 corpus
1585 376 1724 410 suum
1747 365 1980 409 videretur
1998 366 2072 410 vel

195 443 287 473 non
307 428 560 482 videretur,
589 428 653 471 ita
671 426 717 471 in
742 431 968 483 potestate
997 426 1100 482 ejus
1125 430 1222 470 erat
1242 431 1296 469 ut
1316 438 1374 470 ex
1392 427 1495 482 ejus
1509 430 1698 481 aspectu
1726 425 2036 470 formaretur
2023 438 2071 470 1n

195 490 338 535 oculis
350 488 626 533 intuentium
641 488 715 532 vel
726 489 873 532 forma
888 488 1103 545 gloriosa,
1121 486 1196 530 vel
1213 498 1306 529 non
1325 486 1438 542 glor
1429 498 1541 542 losa,
1553 491 1634 530 aut
1649 486 1786 531 etiam
1803 486 2068 542 commixta,

195 551 261 595 vel
282 549 675 607 qualitercumque
707 561 757 594 se
797 550 991 593 habens,
1026 547 1199 591 Modica
1233 551 1388 591 tamen
1420 546 1675 591 differentia
1705 547 1877 592 sufficit
1903 547 1963 592 ad
1984 548 2071 593 hoc

193 610 316 668 quod
336 610 501 667 aliquis
517 610 758 655 videatur
746 623 794 654 in
808 610 959 655 aliena
976 609 1130 665 effigie
1145 620 1381 665 apparere.

166 671 169 675 ’
289 674 627 717 ARTICULUS
649 675 707 717 11.
730 696 787 706 —
815 685 952 716 unum
973 684 1132 716 cumsn
1153 683 1309 714 conrus
1328 682 1639 713 nesunnzxnnrr
1660 683 1865 715 mmmmm
1893 673 1966 727 (1).

846 742 895 776 De
912 741 966 776 bis
980 740 1083 776 etiam
1104 739 1184 774 locis
1202 751 1276 781 sup.
1291 738 1422 774 induet.

245 795 310 840 Ad
329 795 585 841 secundum
609 796 675 840 sic
693 796 972 867 proceditur.
993 799 1036 841 1.
1066 794 1252 840 Videtur
1271 793 1396 851 quod
1424 804 1593 850 corpus
1613 792 1776 837 Christi
1796 806 1891 838 non
1911 806 2072 841 resur·

193 856 360 901 rexerit
379 857 629 911 integrum.
652 859 766 902 Sunt
782 857 908 903 enim
941 856 999 902 de
1020 855 1284 911 integritate
1307 854 1498 899 humani
1515 854 1721 910 corporis
1742 866 1850 899 caro
1885 860 1932 900 et
1967 868 2070 902 sans

192 918 322 974 guis;
346 930 448 975 quae
470 918 674 963 Christus
710 931 804 962 non
838 919 1020 963 videtur
1048 918 1268 962 habuisse
1291 931 1304 962 ε
1342 916 1510 962 dicitur
1541 916 1666 961 enim
1687 918 1737 969 (I.
1763 916 1966 961 Corinth.
1995 931 2067 973 xv,

192 979 263 1037 50)
279 994 291 1022 z
311 982 431 1024 Caro
446 984 491 1024 et
503 984 689 1036 sanquis
704 994 891 1037 reqnum
906 982 990 1023 Dei
1003 993 1090 1022 non
1100 980 1406 1036 possidebunt.
1424 977 1631 1023 Christus
1646 982 1802 1022 autem
1817 979 2070 1024 resurrexit

191 1039 241 1084 in
262 1041 407 1097 gloria
438 1042 570 1097 regni
604 1041 680 1085 Dei
712 1044 787 1096 (2).
809 1041 996 1086 Videtur
1018 1052 1128 1096 ergo
1160 1040 1284 1097 quod
1311 1051 1406 1083 non
1431 1039 1646 1083 habuerit
1674 1051 1865 1084 carnem
1890 1047 1936 1084 et
1961 1053 2070 1085 san-

192 1112 394 1157 gulnem.

248 1165 292 1207 2.
322 1165 563 1222 Praeterea,
587 1163 780 1220 sanguis
804 1167 875 1208 est
892 1174 1017 1207 unus
1042 1161 1101 1206 de
1125 1166 1324 1218 quatuor
1344 1161 1634 1206 humoribus.
1664 1161 1709 1206 Si
1731 1174 1842 1218 ergo
1864 1162 2071 1209 Christus

191 1223 352 1268 habuit
371 1225 663 1282 sanguinem,
678 1224 777 1281 pari
795 1223 972 1267 ratione
990 1222 1154 1267 habuit
1175 1227 1222 1267 et
1240 1222 1355 1266 alios
1378 1223 1614 1278 humoreS,
1637 1234 1698 1267 ex
1718 1223 1889 1279 quibus
1908 1237 2071 1269 causa·

191 1288 267 1328 tur
284 1287 516 1342 corruptio
534 1285 583 1329 in
604 1284 876 1341 corporibus
902 1283 1188 1327 animalium.
1221 1283 1292 1327 Sic
1316 1295 1428 1340 ergo
1454 1288 1726 1340 sequeretur
1755 1284 1879 1339 quod
1903 1297 2070 1342 corpus

190 1345 350 1390 Christi
374 1346 511 1390 fuerit
529 1345 838 1401 corruptibile,
862 1344 988 1402 quod
1008 1349 1079 1389 est
1100 1344 1451 1390 inconveniens.
1478 1347 1577 1388 Non
1599 1344 1740 1401 igitur
1761 1345 1967 1391 Christus
1987 1348 2072 1392 ha-

188 1406 290 1450 buit
303 1419 490 1451 carnem
508 1412 554 1452 et
570 1406 862 1463 sanguinem.

243 1471 285 1513 3.
314 1471 553 1524 Praeterea,
584 1481 754 1540 corpus
781 1468 963 1526 Christi,
993 1468 1117 1525 quod
1156 1468 1424 1524 resurrexit,
1453 1468 1502 1512 in
1529 1468 1701 1513 coelum
1730 1469 1952 1515 ascendit.
1984 1471 2072 1516 Sed

190 1529 364 1587 aliquid
383 1531 440 1575 de
461 1531 690 1588 sanguine
714 1531 816 1587 eJ'us
837 1531 886 1575 in
913 1530 1192 1587 quibusdam
1214 1530 1430 1575 Ecclesiis
1458 1535 1723 1575 reservatur
1738 1543 1823 1587 pro
1846 1531 2070 1589 reIIquiis.

190 1594 289 1635 Non
310 1604 420 1648 ergo
442 1592 693 1637 resurrexit
719 1604 890 1649 corpus
909 1591 1075 1637 Christi
1103 1604 1211 1636 cum
1236 1592 1498 1647 integritate
1522 1592 1729 1636 omnium
1753 1605 1943 1637 suarum
1967 1605 2073 1651 par-

191 1651 324 1696 tium.

247 1714 333 1759 Sed
359 1718 518 1759 contra
546 1719 617 1759 est
642 1714 767 1770 quod
792 1715 1015 1760 Dominus
1036 1714 1146 1759 dicit
1169 1716 1292 1770 (Luc.
1318 1714 1404 1759 ult.
1434 1716 1522 1770 39),
1556 1718 1662 1770 post
1686 1715 2072 1760 resurrectionem

192 1775 429 1833 discipulis
447 1776 674 1833 loquens:
698 1778 894 1832 Spiritus
912 1790 1094 1820 carnem
1115 1779 1162 1820 et
1182 1788 1285 1820 ossa
1304 1789 1396 1819 non
1418 1776 1570 1832 habet,
1589 1778 1706 1820 sicut
1722 1789 1792 1819 me
1813 1777 1974 1821 videtis
1987 1777 2074 1820 lia·

192 1838 308 1883 bere.

240 1906 526 1947 CONCLUSIO.
554 1927 599 1938 --
625 1905 731 1946 Gum
754 1904 904 1947 Christi
923 1906 1158 1946 resurrectio
1183 1906 1354 1957 perfecta
1369 1905 1518 1955 fuerit,
1533 1916 1680 1956 corpus
1696 1905 1846 1947 Christi
1867 1905 1914 1946 in
1935 1917 2073 1948 resur-

193 1960 365 2003 rectione
378 1960 494 2001 omni
507 1972 554 2000 ex
573 1964 687 2012 parte
701 1960 927 2010 gloriosum
941 1961 1034 2010 fuit,
1054 1963 1093 2000 et
1106 1961 1328 2011 integrum.

246 2031 516 2086 Respondeo
536 2029 780 2074 dicendum
803 2030 944 2086 quod,
970 2028 1090 2073 sicut
1112 2043 1254 2086 supra
1282 2030 1457 2075 dictum
1482 2033 1555 2075 est
1576 2031 1680 2084 (art.
1707 2030 1884 2087 praec.)‚
1904 2043 2073 2089 corpus

191 2093 354 2137 Christi
386 2093 433 2135 in
461 2092 796 2136 resurrectione
823 2091 911 2135 fuit
944 2090 1151 2147 ejusdem
1183 2096 1377 2148 naturae,
1415 2091 1500 2136 sed
1525 2091 1716 2136 alterius
1745 2091 1919 2147 gloriae.
1944 2093 2074 2138 Unde

191 2153 413 2211 quicquid
426 2153 485 2198 ad
501 2158 712 2197 naturam
731 2152 936 2208 corporis
954 2152 1143 2195 humani
1163 2152 1375 2208 pertinet,
1398 2156 1545 2196 totum
1555 2152 1640 2196 fuit
1652 2153 1700 2196 in
1720 2165 1911 2209 corpore
1923 2154 2074 2198 Chris·
2133 2193 2136 2196 Α

192 2216 227 2259 ti
248 2214 547 2270 resurgentis.
573 2213 859 2258 Manifestum
883 2216 954 2257 est
977 2218 1131 2258 autem
1158 2214 1280 2269 quod
1311 2214 1370 2258 ad
1396 2218 1609 2258 naturam
1642 2215 1847 2269 corporis
1880 2214 2074 2259 humani
2132 2214 2139 2223 ”

191 2277 424 2332 pertinent
438 2288 618 2333 carnes,
641 2279 689 2320 et
706 2287 828 2330 ossa,
850 2279 897 2319 et
911 2274 1120 2331 sanguis,
1145 2281 1191 2319 et
1208 2275 1299 2319 alia
1321 2274 1602 2331 hujusmodi.
1618 2277 1673 2319 Et
1690 2275 1794 2320 ideo
1809 2275 1964 2319 omnia
1984 2276 2075 2321 ista

192 2340 241 2383 in
265 2350 454 2394 corpore
477 2336 640 2381 Christi
663 2337 951 2393 resurgentis
972 2337 1186 2391 fuerunt,
1211 2342 1256 2381 et
1277 2337 1417 2381 etiam
1438 2336 1722 2392 integraliter
1745 2336 1923 2393 absque
1945 2340 2074 2384 omni

192 2399 519 2443 diminutione:
545 2398 747 2455 alioquin
771 2410 864 2442 non
894 2398 1056 2442 fuisset
1084 2398 1287 2453 perfecta
1310 2399 1600 2454 resurrectio,
1631 2398 1671 2443 si
1696 2411 1790 2442 non
1813 2398 1976 2443 fuisset
1996 2412 2072 2445 re-

192 2461 501 2516 dintegratum
534 2459 754 2516 quicquid
778 2471 861 2516 per
885 2464 1082 2504 mortem
1114 2459 1357 2504 ceciderat.
1390 2460 1517 2505 Unde
1540 2464 1586 2504 et
1613 2460 1835 2505 Dominus
1859 2461 2073 2507 fidelibus

194 2522 291 2567 suis
320 2521 558 2579 promittit,
592 2522 752 2566 dicens
783 2522 951 2575 (Matth.
981 2535 1024 2576 x,
1052 2522 1122 2574 30)
1149 2535 1161 2562 :
1187 2524 1339 2563 Vestri
1362 2525 1509 2565 autem
1539 2522 1698 2578 capilli
1734 2524 1896 2578 capitis
1924 2535 2074 2567 omnes

191 2586 418 2627 numerati
436 2586 555 2631 sunt:
575 2587 621 2627 et
643 2585 766 2640 (Luc.
787 2596 873 2641 xxi,
892 2585 961 2636 18)
985 2582 1153 2627 dicitur
1174 2597 1185 2625 t
1208 2583 1420 2637 Capillus
1445 2584 1502 2627 de
1520 2586 1670 2639 capite
1683 2587 1829 2627 vestro
1847 2597 1935 2626 non
1947 2588 2073 2641 peri-

193 2647 271 2690 bit.
298 2646 453 2690 Dicere
479 2650 632 2689 autem
664 2642 790 2700 quod
816 2656 986 2700 corpus
1021 2643 1184 2688 Christi
1206 2656 1413 2697 carnem,
1440 2648 1487 2689 et
1511 2656 1617 2688 ossa
1649 2656 1743 2688 non
1767 2643 1996 2700 habuerit,
2025 2649 2074 2692 et

193 2707 305 2751 alias
326 2707 589 2762 hujusmodi
609 2710 764 2761 partes
785 2707 990 2750 humano
1009 2705 1187 2762 corpori
1206 2706 1457 2760 naturales,
1476 2705 1675 2762 pertinet
1688 2705 1748 2750 ad
1766 2717 1967 2751 errorem
1985 2709 2073 2752 Eu-

194 2767 352 2824 tychii,
375 2767 892 2823 Constantinopolitanae
921 2766 1052 2811 urbis
1085 2766 1306 2823 episcopi,
1340 2767 1418 2823 qui
1453 2767 1635 2812 dicebat
1670 2771 1736 2818 (ut
1769 2766 1906 2810 habet
1938 2768 2070 2825 Greg.

193 2829 343 2872 Moral.
365 2828 445 2871 lib.
466 2842 548 2882 xiv,
571 2840 672 2884 cap.
694 2831 781 2884 29),
796 2829 922 2885 quod
943 2846 962 2865 «
979 2840 1148 2884 corpus
1171 2832 1382 2872 nostrum
1396 2828 1445 2871 in
1464 2828 1541 2872 illa
1561 2828 1913 2873 resurrectionis
1927 2829 2073 2885 gloria

196 2889 281 2933 erit
302 2888 611 2946 impalpabile,
629 2893 675 2933 et
696 2890 863 2946 ventis,
883 2902 1081 2946 aereque
1101 2888 1334 2945 subtilius3
1351 2893 1397 2933 et
1413 2888 1537 2945 quod
1551 2888 1773 2933 Dominus
1789 2891 2073 2945 postconfir-

195 2954 318 2994 mata
342 2949 481 2994 corda
500 2949 829 3005 discipulorum
847 2950 1150 3008 palpantium,
1174 2962 1312 2995 omne
1340 2950 1454 2995 illud
1481 2950 1607 3007 quod
1631 2950 1678 2994 in
1704 2962 1758 2994 eo
1781 2950 1957 3007 palpari
1986 2964 2073 3008 po·

198 3012 299 3065 tuit,
323 3012 370 3055 in
396 3011 696 3055 subtilitatem
722 3012 923 3068 aliquam
945 3012 1137 3067 redegit.
1165 3031 1184 3051 »
1207 3012 1336 3064 Quod
1367 3012 1537 3056 ibidem
1557 3012 1786 3068 improbat
1809 3013 2069 3069 Gregorius,

199 3076 243 3116 et
263 3073 401 3127 (hom.
423 3086 517 3115 xxvi
537 3072 585 3115 in
605 3076 778 3128 Evang.
802 3073 829 3117 a
849 3074 1033 3130 princ),
1059 3074 1167 3130 quia
1192 3085 1360 3130 corpus
1378 3073 1541 3118 Christi
1564 3079 1667 3130 post
1688 3075 2070 3120 resurrectionem

197 3131 490 3178 immutatum
517 3146 609 3177 non
635 3134 737 3191 fuit,
758 3135 1015 3180 secundum
1037 3136 1151 3179 illud
1173 3137 1317 3188 (Rom.
1342 3149 1400 3190 vx,
1424 3138 1465 3189 9)
1492 3149 1505 3180 ε
1531 3137 1737 3179 Christus
1758 3149 1992 3192 resuryens
2013 3150 2071 3181 ex

196 3198 382 3239 mortuis
392 3196 493 3250 jam
509 3209 597 3238 non
611 3199 821 3239 moritur.
842 3197 969 3240 Unde
988 3201 1034 3240 et
1051 3196 1126 3240 ille
1144 3209 1249 3253 quae
1271 3196 1448 3241 dixerat
1466 3197 1513 3240 in
1537 3200 1683 3241 morte
1704 3197 1968 3242 retractavit
1991 3201 2068 3252 (3).

237 3304 333 3346 (⁴)1d
348 3308 418 3345 est,
433 3315 509 3338 cum
527 3303 567 3339 iis
580 3304 738 3339 omnibus
758 3318 830 3347 quae
851 3305 892 3340 ad
912 3305 1090 3347 integrita-
1212 3305 1255 3348 (2)
1278 3305 1316 3340 Id
1334 3312 1384 3341 est
1402 3306 1439 3340 in
1460 3310 1548 3341 statu
1571 3306 1716 3356 glorioso
1743 3306 1874 3348 qualem
1903 3307 1940 3340 in
1966 3318 2068 3346 regno

194 3356 261 3387 tem
280 3353 428 3394 corporis
445 3353 627 3393 pertinent,
643 3353 756 3394 qualia
769 3357 849 3389 sunt
863 3365 946 3394 ossa,
965 3365 1042 3388 caro
1056 3356 1089 3387 et
1175 3354 1236 3388 Dei
1256 3354 1406 3389 habituri
1421 3360 1499 3390 sunt
1516 3339 1632 3389 sancti‘
1641 3367 1716 3390 cum
1735 3359 1922 3394 resurgent.

194 3400 344 3441 sanguis:
365 3400 566 3434 affirmative
585 3401 817 3442 respondetur,
846 3403 923 3444 quia
941 3402 1087 3442 eiusdem
1216 3403 1259 3444 (5)
1287 3404 1466 3445 Gregorius
1488 3405 1579 3438 enim
1602 3408 1719 3438 narrat
1742 3403 1963 3445 Eutychum,
1990 3415 2067 3440 eum

196 3446 261 3483 fuit
276 3452 414 3490 naturae,
430 3449 489 3483 etsi
510 3449 646 3483 alterius
663 3449 790 3490 gloriae.
1170 3455 1239 3492 jum
1250 3454 1334 3486 esset
1342 3451 1443 3486 morti
1459 3451 1641 3494 proximus,
1654 3455 1729 3486 ante
1752 3450 1864 3485 oculos
1875 3462 1994 3485 corum
2009 3451 2066 3492 qui
