2170 3808
126 242 212 286 378
454 209 459 221 “
771 239 973 292 QUAEsr.
1004 239 1162 294 van,
1195 238 1314 283 ΛΒΤ.
1345 239 1398 284 11.

130 327 231 369 tum
258 323 305 367 in
322 321 526 367 Ecclesia
545 323 708 365 tenent
726 319 951 377 episcopi,
973 320 1070 377 qui,
1092 324 1145 364 ut
1165 318 1333 364 dicitur
1356 320 1406 364 in
1438 321 1598 367 Glossa
1618 321 1732 377 (ord.
1770 321 1903 366 Bedae
1928 333 2036 378 sup.

130 385 245 430 illud
271 398 282 429 z
307 385 573 440 Desiqnavit
594 384 831 439 DominuS,
857 385 966 426 Luc.
986 384 1044 438 x),
1069 386 1230 426 tenent
1248 381 1405 426 locum
1426 384 1759 441 apostolorum,
1784 383 1841 428 de
1862 383 2037 441 quibus

132 447 301 493 dicitur
321 447 453 500 (Psal.
474 459 589 502 xmv,
607 447 678 500 17)
699 458 710 488 ε
737 447 990 489 constitues
1011 458 1085 487 eos
1099 447 1331 501 principes
1344 459 1478 502 super
1495 460 1669 489 omnem
1690 450 1880 490 terram.
1911 448 2034 504 Ergo

130 509 314 555 videtur
337 508 463 565 quod
477 507 711 564 baptizare
730 507 960 565 pertineat
981 507 1134 551 solum
1155 506 1217 551 ad
1233 507 1441 551 officium
1464 508 1684 566 episcopi.

187 575 229 616 3.
258 574 481 615 Praeterea
498 605 513 626 ‚
537 570 745 615 Isidorus
766 570 877 616 dicit
911 570 1016 624 (loc.
1043 571 1120 614 cit.
1155 575 1240 614 art.
1271 573 1447 627 praec.),
1469 571 1596 628 quod
1631 590 1651 610 «
1671 571 1730 616 ad
1759 571 2034 627 episcopum

129 633 333 690 pertinet
366 633 668 677 basilicarum
691 632 985 677 consecratio
1001 666 1013 685 ,
1035 631 1197 676 unctio
1221 631 1381 677 altaris
1413 636 1461 677 et
1484 633 1713 679 confectio
1743 633 2036 690 chrismatis3

129 695 232 753 ipse
254 695 440 740 ordines
460 695 803 740 ecclesiasticos
822 694 1076 751 distribuit,
1090 699 1137 739 et
1157 707 1316 739 sacras
1336 694 1541 751 virgines
1552 695 1800 741 benedicit.
1818 715 1837 734 »
1862 695 1947 742 Sed
1962 694 2037 740 his

130 758 351 802 omnibus
374 758 464 815 maj
473 771 529 803 us
548 763 620 802 est
641 761 992 802 sacramentum
1016 755 1251 814 baptismi.
1280 759 1400 813 Ergo
1424 757 1608 803 videtur
1620 758 1747 816 quod
1769 757 1918 803 multo
1939 769 2039 802 ma-

132 820 205 879 gis
224 821 283 865 ad
298 821 506 865 officium
529 820 678 864 solius
694 818 902 876 episcopi
917 819 1150 875 pertineat
1171 818 1423 875 baptizare.

188 883 275 928 Sed
293 887 453 927 contra
476 886 549 927 est
582 881 708 939 quod
738 880 943 925 Isidorus
972 881 1085 926 dicit
1116 883 1194 936 (De
1217 881 1453 926 offic-*lib
1489 895 1536 937 11,
1572 893 1677 939 cap.
1712 884 1785 938 24,
1810 879 1869 926 ad
1901 877 2030 937 fin.):

134 962 162 996 =‹v
175 947 363 991 Constat
384 944 616 1002 baptisma
639 942 753 988 solis
775 943 1098 988 sacerdotibus
1117 955 1223 988 esse
1246 943 1485 988 traditum.
1513 961 1534 983 »

181 1013 476 1054 CONCLUSIO.
499 1035 547 1041 -
563 1013 669 1052 cum
693 1023 761 1063 per
783 1011 1041 1063 baptismum
1064 1011 1189 1053 homo
1214 1012 1417 1066 particeps
1438 1012 1511 1053 fiat
1532 1013 1813 1053 ecclesiasticae
1835 1011 2038 1062 unitatis,

131 1068 251 1122 cujus
267 1068 523 1109 Eucharistia
539 1069 849 1107 sacramentum
865 1069 947 1117 est,
968 1066 1237 1108 manifestum
1262 1071 1322 1108 est
1339 1066 1503 1120 proprie
1521 1067 1575 1108 ad
1599 1067 1822 1108 sacerdotes
1839 1068 2039 1119 pertinere

130 1122 327 1176 baptismi
350 1127 656 1164 sacramentum
669 1122 921 1171 ministrare,
947 1121 1301 1174 quemadmodum
1317 1125 1358 1162 et
1372 1122 1678 1163 Eucharistiam
1694 1133 1940 1164 consecrare.

186 1186 463 1243 Respondeo
491 1185 745 1230 dicendum
768 1184 894 1242 quod
918 1185 1186 1230 sacerdotes
1223 1185 1284 1230 ad
1305 1185 1394 1230 hoc
1424 1190 1762 1230 consecrantur
1794 1190 1847 1230 ut
1881 1198 2038 1231 sacra-

130 1255 345 1293 mentum
366 1247 575 1305 corporis
598 1246 765 1291 Christi
797 1243 1078 1302 conficiant,
1099 1247 1221 1291 sicut
1253 1259 1397 1304 supra
1416 1247 1592 1292 dictum
1619 1252 1693 1292 est
1715 1249 1896 1304 (quaest.
1920 1261 2038 1307 txm,

132 1317 219 1358 art.
246 1316 273 1356 2
298 1318 342 1356 et
362 1315 404 1370 6,
438 1317 481 1356 et
500 1315 667 1368 quaest.
692 1324 791 1359 txv.
817 1314 903 1354 art.
926 1313 987 1364 3).
1009 1310 1127 1355 Illud
1149 1315 1306 1355 autem
1331 1314 1402 1355 est
1425 1315 1772 1355 sacramentum
1795 1310 2040 1356 ecclesias-

132 1374 236 1418 ticae
258 1374 466 1430 unitatiS,
484 1372 747 1417 secundum
768 1371 884 1416 illud
904 1371 1109 1427 Apostoli
1128 1373 1178 1426 (Ι.
1204 1373 1303 1416 Cor.
1324 1386 1365 1428 x,
1389 1375 1488 1425 ·17):
1522 1375 1644 1415 Unus
1670 1376 1806 1428 panis
1827 1377 1872 1416 et
1899 1386 2038 1416 unum

132 1449 294 1492 corpus
307 1435 443 1485 multi
454 1447 607 1476 sumus
623 1445 772 1476 omnes
788 1435 864 1488 qui
882 1433 938 1476 de
953 1446 1040 1475 uno
1054 1445 1174 1488 pane
1190 1437 1232 1476 et
1249 1434 1307 1477 de
1321 1446 1410 1476 uuo
1428 1433 1569 1477 calice
1583 1436 1932 1490 participamur.
1954 1437 2038 1479 Per

130 1497 417 1553 baptismum
441 1507 598 1539 autem
619 1495 790 1550 aliquis
813 1494 863 1537 fit
883 1494 1118 1550 particeps
1142 1495 1472 1539 ecclesiasticae
1492 1496 1716 1549 unitatis;
1739 1497 1868 1540 unde
1892 1501 1939 1541 et
1960 1509 2041 1541 ac-

130 1558 243 1615 cipit
261 1560 340 1615 jUs
360 1558 419 1602 ad
438 1567 653 1601 mensam
688 1555 869 1599 Domini
891 1554 1162 1599 accedendi.
1190 1558 1245 1599 Et
1267 1554 1372 1600 ideo
1391 1556 1513 1600 sicut
1534 1557 1594 1600 ad
1622 1557 1912 1610 sacerdotem
1935 1570 2041 1614 per·

131 1619 249 1664 tinet
272 1630 548 1664 consecrare
573 1616 911 1661 Eucharistiam
939 1616 1014 1670 (ad
1037 1616 1164 1673 quod
1188 1616 1503 1673 principaliter
1519 1618 1831 1662 sacerdotium
1854 1619 2040 1663 ordina-

131 1683 237 1736 tur),
261 1681 324 1725 ita
346 1680 403 1725 ad
429 1691 675 1736 proprium
688 1678 897 1723 officium
909 1678 1168 1723 sacerdotis
1188 1679 1388 1735 pertinet
1405 1678 1664 1736 baptizare3
1689 1679 1901 1737 ejusdem
1914 1681 2039 1726 enim

133 1742 317 1787 videtur
335 1754 439 1786 esse
460 1741 642 1798 operari
665 1744 836 1796 totum,
857 1744 904 1785 et
923 1746 1105 1797 partem
1126 1741 1174 1784 in
1198 1745 1296 1784 toto
1316 1740 1563 1797 disponere
1586 1743 1660 1798 (1).

185 1805 252 1849 Ad
272 1809 469 1860 primum
491 1815 603 1859 ergo
627 1802 894 1860 dicendum,
919 1802 1045 1860 quod
1065 1808 1318 1860 utrumque
1334 1803 1559 1860 officium,
1576 1804 1752 1849 scilicet
1768 1804 1968 1851 docendi
1992 1810 2039 1852 et

130 1866 410 1924 baptizandi,
445 1867 669 1910 Dominus
694 1865 916 1922 apostolis
953 1865 1173 1922 injunxit,
1207 1878 1407 1923 quorum
1440 1867 1591 1912 vicem
1615 1872 1783 1923 gerunt
1815 1867 2037 1926 episcopi,

131 1930 265 1974 aliter
285 1936 440 1974 tamen
465 1933 513 1973 et
530 1928 683 1973 aliter.
699 1930 813 1972 Nam
838 1927 1047 1972 officium
1076 1927 1276 1973 docendi
1296 1929 1527 1974 commisit
1547 1928 1615 1974 eis
1630 1928 1856 1988 Christus»,
1873 1933 1927 1974 ut
1951 1929 2040 1988 ipsi

131 2003 216 2050 per
238 2004 289 2035 se
312 1990 426 2035 illud
451 1994 740 2043 exercerent,
765 1989 991 2046 tanquam
1016 1988 1490 2046 principalissimum:
1513 1990 1641 2036 unde
1664 1997 1710 2036 et
1731 1991 1819 2048 ipsi
1843 1992 2039 2049 apostoli

131 2053 351 2101 dixerunt
372 2056 487 2108 (Act.
512 2067 572 2108 vi,
595 2055 638 2105 2)
658 2068 669 2097 :
695 2056 797 2097 Non
824 2056 892 2096 est
913 2064 1093 2108 aequum
1116 2066 1196 2096 uos
1214 2053 1471 2109 relinquere
1488 2055 1669 2097 verbum
1696 2058 1795 2110 Dei,
1820 2058 1866 2098 et
1885 2057 2039 2099 minis-

133 2120 263 2160 trare
285 2118 466 2159 mensis.
492 2114 708 2158 Officium
739 2118 897 2158 autem
924 2114 1188 2169 baptizandi
1216 2116 1451 2160 commisit
1472 2116 1721 2172 apostolis,
1746 2120 1799 2160 ut
1820 2129 1904 2173 per
1923 2117 2040 2163 alios

131 2177 463 2223 exercendum.
486 2176 615 2221 Unde
636 2180 683 2221 et
703 2176 954 2232 Apostolus
975 2176 1086 2221 dicit
1104 2179 1152 2231 (l.
1175 2178 1274 2222 Cor.
1300 2191 1331 2233 1,
1355 2180 1427 2230 17)
1446 2191 1458 2221 z
1483 2181 1583 2220 Non
1598 2181 1721 2221 misit
1739 2191 1809 2221 me
1827 2179 2039 2223 Christus

132 2240 386 2296 baptizare,
408 2239 489 2281 sed
512 2240 829 2295 eeanqelizare
845 2253 863 2295 ,-
882 2242 930 2283 et
951 2239 1040 2283 hoc
1061 2238 1167 2284 ideo
1190 2239 1301 2296 quia
1318 2240 1366 2283 in
1387 2240 1665 2296 baptizando
1685 2241 1799 2284 nihil
1822 2245 2040 2297 operatur

132 2302 353 2349 meritum
383 2305 428 2346 et
460 2301 690 2357 sapientia
722 2300 943 2357 ministri,
963 2301 1086 2345 sicut
1104 2301 1153 2345 in
1184 2302 1490 2360 docendo„ut
1514 2307 1641 2359 patet
1663 2315 1719 2346 ex
1743 2315 1886 2359 supra
1905 2303 2041 2349 dictis

135 2365 319 2421 (quaest.
347 2377 457 2414 LXIV,
482 2368 570 2407 art.
597 2366 641 2418 5,
659 2366 686 2407 6
708 2367 752 2406 et
766 2365 810 2417 9)
827 2378 839 2419 ς
858 2363 906 2407 in
922 2364 1061 2420 quus
1081 2364 1220 2408 etiam
1247 2365 1438 2422 signum
1457 2377 1545 2409 nec
1563 2365 1663 2421 ipse
1685 2364 1909 2410 Dominus
1930 2365 2043 2423 bap·

133 2425 305 2481 tizavit,
332 2425 416 2469 sed
432 2425 648 2481 discipuli
669 2425 789 2481 ejus,
811 2429 864 2470 ut
883 2425 1053 2470 dicitur
1068 2429 1214 2480 (Joan.
1237 2430 1313 2481 ιν).
1333 2430 1425 2472 Nec
1446 2431 1601 2471 tamen
1626 2440 1708 2483 per
1734 2428 1823 2472 hoc
1839 2427 2041 2473 excludi-

131 2493 208 2533 tur
239 2488 352 2545 quin
390 2488 595 2544 episcopi
630 2488 814 2544 possint
844 2487 1108 2545 baptizare,
1129 2490 1239 2545 quia
1269 2491 1395 2546 quod
1417 2494 1570 2547 potest
1597 2494 1801 2545 potestas
1830 2490 2040 2544 inferior,

131 2556 285 2607 potest
318 2556 364 2595 et
396 2550 639 2607 superior3
673 2550 801 2595 unde
832 2554 880 2595 et
912 2551 1162 2607 Apostolus
1194 2552 1366 2596 ibidem
1401 2553 1512 2596 dicit
1544 2564 1596 2595 se
1626 2552 1855 2608 quosdam
1886 2552 2040 2611 bapti·
2116 2573 2144 2595 .-

133 2615 282 2657 zasse.

188 2674 254 2720 Ad
277 2673 523 2717 secundum
545 2672 798 2718 dicendum
815 2706 828 2731 ,
852 2673 978 2731 quod
1001 2674 1050 2718 in
1084 2673 1289 2732 qualibet
1324 2674 1564 2731 republica
1595 2687 1651 2719 ea
1675 2687 1782 2732 quae
1814 2680 1928 2720 sunt
1950 2677 2039 2722 mi·

132 2748 266 2793 nora,
285 2736 518 2792 pertinent
533 2735 591 2780 ad
611 2736 834 2791 minores,
847 2736 1026 2794 majora
1037 2736 1147 2780 vero
1165 2736 1422 2793 majoribus
1441 2743 1755 2796 reservantur,
1777 2738 2040 2784 secundum

133 2798 247 2843 illud
267 2797 424 2841 (Exodi
445 2811 559 2849 xviii,
573 2800 644 2851 22)
666 2813 676 2842 :
700 2799 933 2854 Quidquid
949 2801 1100 2854 majus
1114 2800 1255 2852 fuerit
1273 2800 1477 2852 reserant
1494 2799 1558 2840 ad
1577 2802 1620 2841 te
1632 2814 1646 2852 ‚·
1668 2803 1710 2841 et
1725 2801 1815 2855 ipsi
1840 2804 2042 2845 tantum·

133 2861 267 2904 modo
292 2862 470 2901 minora
481 2861 714 2914 judicent.
735 2862 789 2903 Et
808 2859 912 2905 ideo
939 2860 998 2904 ad
1018 2860 1224 2905 minores
1246 2861 1447 2905 civitatis
1466 2860 1701 2917 principes
1723 2861 1923 2918 pertinet
1945 2863 2040 2908 dis-

133 2934 309 2980 ponere
329 2921 386 2966 de
412 2921 572 2965 infimo
595 2922 796 2978 populo3
822 2922 882 2967 ad
902 2935 1113 2966 summos
1132 2928 1288 2967 autem
1307 2923 1542 2979 principes
1560 2923 1762 2979 pertinet
1791 2924 2040 2981 disponere

132 2996 186 3029 ea
205 2996 310 3040 quae
333 2983 569 3039 pertinent
588 2983 648 3028 ad
672 2983 873 3040 majores
896 2984 1111 3028 civitatis.
1137 2987 1221 3029 Per
1243 2985 1529 3042 baptismum
1559 2990 1715 3029 autem
1742 2998 1833 3029 non
1864 2983 2039 3043 adipis-
2105 2993 2160 3041 213,-

132 3046 253 3092 citur
274 3045 444 3101 aliquis
465 3045 552 3088 nisi
579 3042 793 3090 infimum
823 3047 1021 3102 gradum
1045 3047 1093 3089 in
1119 3047 1292 3104 populo
1315 3047 1584 3091 christiano.
1608 3050 1659 3091 Et
1682 3047 1786 3092 ideo
1805 3048 2041 3106 baptizare

132 3108 333 3165 pertinet
355 3108 413 3151 ad
438 3107 643 3152 minores
671 3109 906 3165 principes
933 3109 1164 3164 Ecclesiae,
1184 3109 1230 3154 id
1252 3114 1322 3153 est
1351 3110 1411 3154 ad
1432 3109 1750 3167 presbyteros,
1772 3112 1850 3167 qui
1878 3116 2041 3157 tenent

131 3170 288 3242 locu-m
309 3171 607 3226 septuaginta
631 3170 834 3216 duorum
853 3171 1191 3228 discipulorum
1216 3172 1397 3229 Christi,
1421 3177 1474 3217 ut
1503 3172 1614 3217 dicit
1635 3172 1794 3217 Glossa
1816 3175 1968 3229 (Lucae
1993 3189 2038 3233 x,

134 3234 462 3338 miidnteffguzu
482 3293 753 3350 dicendum,
777 3294 918 3351 quod,
942 3293 1062 3339 sicut
1084 3308 1227 3351 supra
1261 3295 1435 3340 dictum
1459 3300 1532 3341 est
1555 3298 1738 3352 (quaest.
1773 3310 1872 3351 va,
1893 3305 1980 3343 art.
2014 3302 2040 3344 3

132 3355 182 3400 in
198 3368 326 3412 corp.
352 3355 475 3400 etad
498 3358 559 3412 4),
581 3363 927 3402 sacramentum
953 3357 1172 3414 baptismi
1202 3362 1274 3403 est
1295 3358 1603 3414 potissimum.
1624 3359 1926 3414 necessitate3
1956 3360 2036 3405 sed

175 3445 219 3488 (4)
254 3445 318 3479 Sed
349 3456 387 3478 ex
413 3449 489 3484 jure
516 3444 741 3480 eeclesiastico
774 3446 964 3488 requiritur
1000 3447 1042 3481 ad
1128 3452 1214 3489 gata.
1230 3449 1317 3483 Hinc
1336 3449 1502 3483 nonlicet
1525 3448 1666 3484 alterius
1687 3449 1930 3491 parochianum
1956 3449 2037 3492 bap-

132 3492 298 3529 licitatem
314 3491 471 3535 baptismi
487 3493 680 3534 jurisdictio
692 3494 865 3529 ordinaria
882 3499 939 3530 aut
953 3495 1041 3530 dele·
1128 3497 1234 3531 tizarc
1251 3497 1322 3531 sine
1341 3497 1478 3538 speciali
1495 3497 1667 3534 facultate.

2152 3472 2170 3520 {s
