2170 3808
718 238 918 301 QUAEJST.
947 247 1022 302 vl,
1050 247 1170 291 ART.
1197 246 1233 290 1.
1861 242 1916 286 59

37 330 303 388 imperator,
322 329 493 376 milites
514 340 609 374 non
626 334 910 374 venerantur
941 328 1044 385 ejus
1069 327 1349 384 imaginem:
1372 327 1456 372 sed
1478 334 1632 371 tamen
1667 323 1917 393 requiritur

38 403 146 438 cum
163 391 409 450 praesentia
431 389 499 436 rei
522 388 676 446 imago
693 388 857 447 ipsiuS,
876 395 930 434 ut
949 387 1214 446 perficiatur
1230 401 1290 433 ex
1300 387 1401 445 ipsa
1420 387 1487 433 rei
1505 385 1777 444 praesentia,
1798 387 1920 429 sxcut

40 453 193 511 imago
212 453 261 498 in
279 464 384 499 cera
403 450 638 509 perficitur
658 463 742 509 per
758 450 1112 508 impressionem
1131 449 1297 506 sigilli,
1317 454 1364 494 et
1378 449 1532 505 imago
1547 447 1748 493 hominis
1771 444 1918 491 resul-

37 519 104 560 tat
124 514 174 559 in
191 513 382 573 speculo
399 525 482 570 per
502 513 607 570 eJus
619 512 930 570 praesentiam.
953 510 1082 556 Unde
1099 510 1159 556 ad
1181 510 1508 566 perficiendam
1527 515 1733 555 mentem
1759 509 1919 553 huma-

36 587 148 620 nam
163 574 476 621 necessarium
492 573 580 618 fuit
598 574 722 630 qued
740 585 845 619 eam
863 572 952 618 sibi
965 572 1164 617 Verbum
1181 572 1259 616 Dei
1279 571 1482 616 univerit
1498 574 1573 626 (1).

92 637 160 682 Ad
176 636 419 681 secundum
438 634 705 691 dicendum,
729 633 854 691 qued
871 633 954 678 lux
975 632 1122 690 major
1139 637 1334 679 evacuat
1362 633 1516 676 lucem
1544 632 1772 676 minorem
1802 631 1919 676 alte-

36 699 137 742 11115
151 696 356 755 corporis
377 695 708 752 illuminantis;
728 708 823 741 non
840 699 997 740 tamen
1016 699 1228 752 evacuat,
1245 693 1330 739 sed
1347 692 1525 750 perficit
1542 692 1695 737 lucem
1714 691 1920 749 corporis

35 755 282 802 illuminati
302 771 315 802 :
338 756 397 802 ad
420 756 714 813 praesentiam
733 755 860 802 enim
882 755 994 800 solis
1019 755 1257 800 stellarum
1278 755 1357 799 lux
1378 754 1669 808 obscuratur,
1698 753 1778 797 sed
1800 751 1920 798 aeris

35 817 196 865 lumen
214 819 461 876 perficitur.
476 819 741 864 Intellectus
755 824 911 864 autem
924 831 1010 864 seu
1034 829 1169 863 mens
1186 817 1390 862 hominis
1409 822 1478 861 est
1492 815 1627 873 quasi
1646 814 1729 859 lux
1748 814 1921 860 illumi-

35 885 147 926 nata
165 882 192 926 6
213 881 316 926 luce
333 880 478 926 divini
495 880 629 925 Verbi
649 897 660 926 :
678 887 725 926 et
737 881 841 926 ideo
854 893 938 938 per
951 879 1246 938 praesentiam
1260 879 1393 923 Verbi
1414 890 1509 922 non
1522 882 1774 922 evacuatur
1786 888 1921 922 mens

34 941 252 1000 hominis,
271 943 354 988 sed
376 942 526 999 magis
546 943 796 1000 perficitur.

90 1005 157 1050 Ad
180 1008 363 1050 tertium
384 1005 650 1063 dicendum,
670 1005 796 1063 qued
820 1005 928 1050 licet
954 1003 1159 1062 potentia
1191 1003 1470 1048 intellectiva
1508 1014 1602 1047 non
1637 1001 1698 1046 sit
1722 999 1922 1058 aliquus

35 1067 242 1124 corporis
259 1072 416 1124 actus,
440 1067 541 1124 ipsa
561 1073 717 1112 tamen
752 1067 954 1112 essentia
972 1066 1139 1111 animae
1158 1066 1392 1120 humanae,
1419 1076 1523 1121 quae
1555 1068 1626 1109 est
1646 1062 1795 1107 forma
1818 1075 1920 1107 cor-

35 1128 178 1185 poris,
196 1128 447 1185 requiritur
465 1128 589 1185 qued
607 1128 668 1173 sit
689 1128 904 1183 nobilior,
919 1126 980 1172 ad
1007 1127 1095 1171 hoc
1122 1125 1247 1183 qued
1272 1125 1442 1170 habeat
1472 1123 1728 1181 potentiam
1747 1122 1921 1168 intelli-

34 1189 175 1244 gendi
196 1190 280 1246 (2)·,
301 1193 348 1234 et
363 1189 467 1235 ideo
489 1201 682 1234 necesse
697 1194 838 1234 estut
855 1200 1026 1244 corpus
1047 1187 1215 1232 melius
1232 1187 1509 1244 dispositum
1529 1185 1572 1231 ei
1594 1184 1888 1242 respondeat.

35 1415 97 1450 DE
115 1415 245 1452 MODO
267 1417 603 1453 ASSUMPTIONIS
625 1416 850 1459 QUANTUM
872 1418 932 1452 AD
949 1417 1161 1453 ORDINEM
1181 1406 1264 1466 (3),
1288 1417 1335 1451 IN
1358 1417 1446 1452 SEX
1467 1417 1725 1453 ARTICULOS
1746 1418 1916 1454 DIVISA.

85 1506 238 1547 Deinde
254 1506 600 1547 considerandum
614 1511 675 1547 est
692 1507 742 1547 de
759 1507 904 1547 ordine
921 1507 1217 1557 assumptionis
1235 1505 1460 1556 praedictae3
1479 1507 1583 1547 circa
1604 1507 1713 1558 quod
1733 1518 1923 1557 quaerun-

35 1562 106 1600 tur
123 1571 216 1600 sex:
238 1566 274 1600 1⁹
293 1561 442 1601 Utri1m
458 1561 589 1601 Filius
608 1561 679 1601 Dei
701 1561 967 1612 assumpserit
984 1572 1148 1601 carnem
1169 1560 1377 1612 mediante
1394 1561 1548 1600 anima.
1577 1582 1614 1589 -—
1640 1568 1678 1600 2⁰
1701 1561 1846 1600 Utrum
1861 1572 1924 1600 as—

37 1615 256 1667 sumpserit
274 1615 459 1656 animam
476 1615 682 1656 mediante
701 1615 849 1667 spiritu
868 1616 954 1656 sive
971 1619 1122 1656 mente.
1141 1637 1190 1644 -
1208 1620 1246 1654 3⁰
1265 1615 1413 1655 Utrum
1435 1616 1576 1655 anima
1590 1616 1712 1655 fuerit
1731 1615 1843 1667 prius
1858 1626 1922 1655 as-

37 1673 200 1721 sumpta
218 1671 242 1711 a
259 1670 387 1711 Verbo
406 1671 536 1723 quam
551 1683 657 1711 caro.
677 1693 726 1700 -
743 1677 784 1711 4⁰
800 1671 950 1712 Utrhm
965 1683 1057 1711 caro
1074 1670 1226 1711 Christi
1246 1671 1369 1710 fuerit
1391 1671 1504 1721 prius
1527 1672 1550 1710 a
1569 1672 1696 1711 Verbo
1710 1674 1923 1722 assumpta

37 1724 163 1774 quam
183 1725 332 1765 animas
352 1725 482 1765 unita.
502 1748 551 1754 —
575 1731 615 1764 5⁰
642 1726 789 1766 Utrum
818 1729 904 1766 tota
930 1726 1113 1766 humana
1136 1729 1286 1765 natura
1309 1724 1363 1765 sit
1384 1730 1597 1776 assumpta
1611 1756 1622 1775 ‚
1642 1725 1923 1765 mediantibus

38 1777 234 1828 partibus.
251 1799 300 1807 -
318 1786 357 1818 6⁶
374 1779 521 1819 Utrum
538 1782 594 1818 sit
614 1783 838 1831 assumpta,
859 1779 1066 1820 mediante
1086 1781 1230 1830 gratia.

32 1892 35 1894 q
66 1841 406 1883 ARTICULUS
431 1843 470 1884 1.
497 1864 555 1873 —
578 1854 715 1884 11111011
739 1855 870 1886 riuus
901 1855 971 1884 nm
1008 1855 1280 1885 assuiirsnnrr
1309 1855 1472 1885 cannen
1508 1855 1711 1885 1111011511,
1732 1855 1874 1885 mim.

40 1906 92 1942 De
107 1907 160 1943 his
176 1907 279 1942 etiam
304 1909 399 1942 Sent.
422 1901 476 1948 lit,
497 1907 574 1942 dist.
586 1908 620 1948 2,
653 1915 768 1949 quaest.
785 1918 825 1950 ιι,
840 1915 905 1944 art.
928 1910 960 1947 4.
977 1918 1012 1944 et
1034 1910 1111 1944 dist.
1127 1910 1160 1949 5.
1182 1915 1298 1950 quaest.
1314 1918 1348 1950 v,
1369 1914 1435 1944 art.
1454 1911 1493 1950 2,
1513 1916 1547 1943 et
1563 1911 1661 1945 Cont.
1680 1917 1772 1951 gent.
1792 1910 1855 1946 lib.
1873 1919 1922 1953 lv,

609 1967 680 1997 cap.
703 1958 757 1998 1⁴4,
776 1963 810 1992 et
825 1958 874 1991 De
891 1957 1003 1998 spirit.
1014 1963 1118 1992 creat.
1135 1964 1198 1991 ert.
1214 1959 1236 1992 5
1251 1957 1291 1991 ad
1307 1959 1340 1991 5.

94 2010 161 2056 Ad
179 2011 382 2069 primum
400 2011 469 2055 sic
485 2011 766 2068 proceditur.
790 2017 835 2057 1.
860 2012 1048 2057 Videtur
1067 2013 1192 2069 qued
1220 2013 1360 2057 Filius
1380 2014 1458 2057 Dei
1488 2026 1583 2056 non
1615 2015 1923 2070 assumpserit

39 2083 243 2128 carnem,
264 2072 497 2117 mediante
514 2074 685 2118 anima.
701 2074 945 2119 Perfectior
962 2075 1088 2119 enim
1118 2083 1190 2119 est
1212 2075 1380 2119 modus
1398 2087 1493 2131 quo
1510 2075 1649 2119 Filius
1662 2076 1738 2119 Dei
1761 2076 1922 2120 unitur

37 2133 251 2178 humanae
265 2139 443 2178 naturae
459 2138 508 2178 et
524 2134 735 2190 partibus
748 2135 788 2192 ej
796 2147 866 2189 us,
890 2136 1030 2191 quam
1051 2147 1145 2193 quo
1165 2142 1237 2180 est
1262 2135 1310 2179 in
1335 2135 1556 2179 omnibus
1575 2136 1813 2181 creaturis.
1835 2137 1923 2182 Sed
1994 2136 1996 2138 ’

38 2195 87 2239 111
106 2195 328 2240 creaturis
349 2199 422 2240 est
439 2194 703 2240 immediate
726 2208 809 2251 per
828 2196 1096 2254 essentiam,
1129 2197 1383 2253 potentiam
1404 2202 1451 2242 et
1470 2198 1783 2253 praesentiam.
1805 2201 1922 2256 Ergo

38 2257 186 2302 multe
207 2257 357 2313 magis
371 2256 509 2301 Filius
530 2257 609 2302 Dei
623 2257 886 2302 immediate
907 2259 1067 2303 unitur
1084 2260 1229 2313 carni,
1253 2266 1299 2303 et
1321 2271 1415 2303 non
1435 2260 1669 2304 mediante
1694 2260 1865 2304 anima.

94 2320 137 2362 2.
169 2320 408 2373 Praeterea,
431 2317 586 2363 anima
603 2322 650 2362 et
681 2330 788 2362 caro
811 2318 942 2363 unita
965 2325 1077 2363 sunt
1104 2320 1181 2364 Dei
1202 2320 1349 2365 Verbo
1368 2320 1416 2364 in
1449 2321 1627 2365 unitate
1655 2321 1923 2378 hypostasis

39 2390 125 2423 seu
144 2390 370 2435 personae.
394 2379 482 2424 Sed
502 2392 673 2436 corpus
699 2380 962 2425 immediate
980 2381 1179 2438 pertinet
1211 2381 1270 2427 ad
1291 2394 1541 2438 personam
1581 2381 1680 2426 sive
1707 2383 1923 2439 hyposta-

39 2439 128 2484 sim
138 2439 354 2495 hominis,
372 2440 494 2485 sicut
509 2445 555 2486 et
565 2440 745 2496 anima3
762 2441 970 2498 quinime
982 2442 1131 2498 magis
1144 2442 1327 2487 videtur
1339 2455 1390 2488 se
1402 2443 1459 2488 de
1474 2444 1735 2500 propinquo
1752 2444 1921 2489 habere

40 2501 98 2546 ad
120 2501 408 2558 hypostasim
430 2501 630 2546 hominis
650 2515 835 2558 corpus,
870 2503 995 2559 quod
1016 2510 1087 2548 est
1112 2504 1322 2561 materia,
1353 2505 1495 2561 quam
1529 2505 1699 2560 anima,
1724 2519 1827 2562 quae
1850 2511 1923 2551 est

39 2561 212 2618 forma3
233 2562 341 2619 quia
359 2562 634 2620 principium
652 2563 1046 2620 individuatio‘nis,
1068 2577 1171 2621 quae
1189 2565 1462 2622 importatur
1479 2566 1528 2610 in
1546 2567 1732 2611 nomine
1756 2569 1922 2625 hypos-

41 2622 170 2678 tasis,
189 2623 370 2668 videtur
387 2635 491 2669 esse
519 2625 727 2669 materia.
756 2627 873 2681 Ergo
910 2626 1052 2670 Filius
1079 2626 1157 2671 Dei
1180 2639 1275 2671 non
1306 2628 1561 2685 assumpsit
1589 2639 1792 2682 carnem,
1828 2641 1922 2674 me-

41 2683 196 2728 diante
215 2685 383 2729 anima.

95 2747 139 2791 3.
160 2748 399 2803 Praeterea,
421 2754 596 2793 remoto
617 2749 787 2805 medio,
807 2756 1077 2805 separantur
1097 2762 1152 2793 ea
1171 2762 1275 2806 quae
1293 2762 1375 2805 per
1404 2751 1611 2795 medium
1629 2751 1921 2808 conjungun-

43 2809 120 2849 tur
143 2821 156 2851 t
189 2807 311 2853 sicut
335 2811 513 2854 remote
539 2810 795 2867 superficie,
820 2818 1024 2856 cessaret
1041 2812 1168 2856 color
1193 2813 1220 2855 a
1247 2824 1457 2868 corpore,
1483 2813 1564 2869 qui
1586 2813 1708 2857 inest
1739 2817 1919 2870 corpori

43 2877 126 2922 per
156 2868 460 2924 superficiem.
492 2870 580 2916 Sed
610 2873 823 2927 separata
858 2884 942 2929 per
961 2878 1155 2917 mortem
1178 2873 1350 2930 anima,
1382 2873 1535 2918 adhuc
1564 2880 1774 2918 remanet
1810 2875 1920 2920 unio

45 2926 177 2971 Verbi
198 2928 258 2973 ad
271 2942 472 2987 earnem,
495 2937 551 2977 ut
565 2932 686 2976 infra
699 2933 874 2990 patebit
893 2936 1075 2991 (quaest.
1099 2947 1140 2991 1.,
1160 2939 1247 2978 art.
1266 2936 1295 2977 2
1312 2938 1360 2978 et
1377 2935 1436 2989 3).
1459 2936 1577 2991 Ergo
1601 2934 1801 2979 Verbum
1824 2948 1919 2982 non

43 2989 342 3046 conJ‘ungitur
360 2993 503 3049 carni,
517 2994 747 3040 mediante
768 2996 937 3042 anima.

101 3051 187 3096 Sed
201 3056 359 3096 contra
370 3059 442 3098 est
457 3055 581 3111 quod
602 3058 884 3112 Augustinus
906 3058 1016 3103 dicit
1040 3059 1103 3113 (in
1126 3058 1262 3114 epist.
1285 3058 1343 3102 ad
1362 3058 1658 3103 Volusianum
1683 3061 1780 3115 136,
1795 3059 1857 3103 al.
1874 3064 1915 3118 3,

44 3117 150 3158 ante
167 3113 309 3167 med.)
334 3130 346 3158 :
371 3117 502 3171 «Ipsa
524 3117 792 3172 magnitudo
811 3119 978 3163 divinae
999 3119 1182 3164 virtutis
1200 3119 1402 3163 animam
1437 3119 1524 3164 sihi
1559 3121 1846 3177 rationalem,
1874 3127 1914 3169 et

81 3223 126 3262 (1)
148 3223 196 3257 Ex
219 3221 392 3264 hypothesi
407 3224 496 3266 qued
526 3225 705 3260 humanam
735 3228 835 3261 etiam
861 3242 931 3263 car·
1017 3239 1099 3274 quw
1131 3235 1186 3263 est
1218 3229 1340 3271 forma
1372 3231 1562 3273 corporis,
1593 3232 1643 3265 sit
1668 3231 1831 3266 ‘nobilior
1867 3232 1919 3266 ad

44 3282 121 3304 116111
150 3271 378 3312 assumpserit.
412 3271 498 3306 Hinc
527 3275 665 3314 August.
696 3274 806 3316 (epist.
820 3278 931 3316 Lvn)r
1019 3279 1096 3318 hoc,
1114 3285 1177 3311 ete.

43 3329 110 3352 non
136 3324 186 3353 est
207 3317 308 3352 homo
329 3319 495 3360 perfectus
507 3321 535 3355 si
557 3320 610 3354 vel
627 3322 747 3355 animae
772 3334 861 3362 caro.
881 3323 934 3358 vel
1058 3326 1101 3365 (5)
1128 3325 1190 3359 Hic
1208 3325 1320 3364 agitur
1342 3325 1382 3360 de
1410 3326 1530 3360 ordine
1550 3327 1710 3367 temporis
1730 3326 1912 3361 secundnm

42 3365 163 3400 flnimae
181 3364 245 3405 ipsi
260 3377 354 3400 niens
370 3366 514 3401 humana
526 3367 684 3403 defuerit.
1019 3383 1120 3411 quem
1137 3372 1286 3406 Verbum
1312 3374 1404 3407 varia
1430 3380 1558 3408 natura}
1574 3374 1729 3408 humanae
1747 3372 1914 3407 elementa

83 3412 128 3454 (2)
155 3412 219 3447 vel
250 3413 395 3454 planiori
422 3416 667 3449 constructione
684 3444 692 3455 ,
722 3419 934 3462 requiritur
1018 3419 1312 3461 sibipersonaliter
1329 3423 1517 3462 assumpsit.

55 3469 164 3494 amen
186 3462 278 3502 qued
295 3463 377 3503 ipsa
399 3464 551 3496 essentis:
580 3465 710 3498 (inim-‘73
733 3466 931 3498 frati-‘fm‘z'fx
