2170 3808
781 219 978 270 Qursr.
1011 218 1135 271 va,
1167 218 1284 259 mir.
1315 219 1331 260 1
1364 218 1428 259 ET
1455 218 1506 261 11.
2012 219 2089 261 551

261 299 324 342 Ad
356 298 597 341 secundum
635 297 911 352 dicendum,
944 297 1067 354 quod
1101 297 1236 353 culpa
1263 303 1308 340 et
1332 309 1470 353 poena
1503 296 1817 341 diversitatem
1846 295 2020 340 habent
2048 301 2093 342 et

207 359 465 404 secundum
489 358 708 415 speciem,
737 359 1016 415 inquantum
1039 363 1148 402 sunt
1166 358 1361 403 diversae
1391 359 1570 414 species
1597 358 1839 414 culparum
1857 361 1902 402 et
1929 370 2093 414 poena-

207 432 334 475 rum3
357 425 402 464 et
423 420 680 465 secundum
702 420 909 465 diversos
927 420 1169 464 hominum
1189 423 1338 463 status
1356 424 1402 463 et
1420 420 1751 464 habitudines:
1772 423 1817 463 et
1836 419 2092 464 secundum

207 481 294 525 hoc
316 482 518 537 oportuit
536 481 831 538 multiplicari
847 486 1150 534 sacramenta,
1171 485 1224 525 ut
1244 493 1303 525 ex
1324 482 1459 525 dictis
1478 486 1602 537 patet
1624 482 1690 537 (in
1714 493 1839 537 corp.
1858 482 1980 534 art.).

260 544 325 587 Ad
352 547 535 587 tertium
556 544 822 604 dicendum,
845 544 967 601 quod
991 544 1039 587 in
1065 543 1325 587 actionibus
1354 543 1649 588 hierarchicis
1675 542 2030 587 considerantur
2047 546 2093 586 et

207 611 415 661 agent-es,
433 610 477 649 et
495 605 790 663 recipientes,
812 610 859 651 et
879 605 1099 649 actiones.
1120 608 1321 660 Agentes
1337 611 1493 648 autem
1514 610 1625 649 sunt
1642 603 1842 648 ministri
1860 601 2093 657 Ecclesiae,
2152 653 2154 655 ,

206 666 265 710 ad
280 678 398 723 quos
412 667 612 722 pertinet
633 669 811 713 ordInis
833 671 1179 712 sacramentum
1203 680 1214 708 τ
1240 666 1517 723 recipientes
1541 666 1697 710 autem
1715 669 1827 710 sunt
1848 665 1913 709 illi
1932 664 2011 722 qui
2033 664 2094 709 ad

206 738 547 774 sacramentum
571 730 814 786 accedunt,
838 730 916 787 qui
940 729 1262 786 producuntur
1285 741 1367 785 per
1388 727 1759 782 matrimonium3
1783 727 1989 771 actiones
2005 738 2093 771 au-

206 793 301 835 tem
324 796 435 836 sunt
463 793 695 850 purgatio,
714 791 990 837 illuminatio
1015 795 1061 836 et
1089 790 1324 847 perfectio.
1350 790 1438 835 Sed
1461 789 1559 834 sola
1581 789 1794 846 purgatio
1822 801 1917 832 non
1940 791 2094 844 potest

207 863 311 896 esse
323 859 667 899 sacramentum
688 854 968 910 novaelegis,
983 853 1109 910 quod
1132 852 1329 908 gratiam
1348 851 1551 907 confert,
1574 851 1657 895 sed
1673 850 1871 906 pertinet
1892 849 1952 894 ad
1965 861 2092 906 quae-

207 912 312 958 dam
334 917 703 972 sacramentalia,
728 929 834 974 quae
852 921 963 960 sunt
981 914 1292 959 catechismus
1309 919 1356 958 et
1376 914 1681 958 exorcismus.
1702 910 1916 967 Purgatio
1935 916 2092 956 autem

206 979 254 1019 et
267 974 542 1022 illuminatio
555 978 711 1035 simul,
729 977 986 1022 secundum
997 975 1268 1035 Dionysium
1288 976 1476 1030 (Eccles.
1498 974 1724 1019 hierarch.
1741 986 1844 1030 cap.
1857 975 1901 1025 3,
1924 973 2091 1029 partlm

207 1036 425 1097 aprina),
452 1037 684 1096 pertinent
699 1040 755 1086 ad
779 1040 1080 1096 baptismum,
1103 1044 1148 1084 et
1173 1042 1360 1095 propter
1381 1037 1635 1082 recidivum
1659 1035 1934 1080 secundario
1947 1035 2092 1092 perti-

208 1103 322 1142 nent
347 1100 405 1144 ad
430 1102 751 1157 poenitentiam
773 1107 820 1146 et
841 1106 1095 1145 extremam
1106 1100 1390 1144 unctionem.
1416 1098 1634 1142 Perfectio
1656 1106 1834 1151 autem,
1862 1097 2091 1153 quantum

208 1159 266 1204 ad
282 1161 499 1207 virtutem
519 1165 723 1221 quidem,
735 1176 839 1220 quae
851 1167 921 1207 est
933 1162 1066 1218 quasi
1080 1161 1303 1218 perfectio
1317 1160 1543 1218 formalis,
1562 1160 1763 1216 pertinet
1775 1159 1834 1203 ad
1846 1158 2087 1203 confirma-

210 1222 403 1278 tionem,
419 1228 641 1281 quantum
656 1230 811 1270 autem
832 1225 888 1270 ad
907 1224 1289 1268 consecutionem
1304 1222 1428 1279 finis,
1441 1221 1642 1279 pertinet
1661 1222 1720 1266 ad
1737 1220 2089 1266 Eucharistiam.

261 1286 328 1331 Ad
358 1293 570 1344 quartum
597 1288 863 1344 dicendum,
886 1287 1012 1343 quod
1029 1286 1077 1330 in
1100 1290 1390 1330 sacramento
1408 1283 1770 1329 confirmationis
1787 1284 1924 1328 datur
1938 1282 2091 1339 pleni-

207 1347 319 1391 tudo
350 1348 543 1404 Spiritus
573 1348 722 1393 sancti
754 1349 812 1393 ad
849 1348 1019 1404 robur-3
1049 1347 1096 1390 in
1124 1351 1332 1392 extrema
1368 1350 1526 1390 autem
1554 1345 1776 1389 unctione
1802 1350 2091 1400 praeparatur

205 1407 343 1453 homo
374 1416 426 1453 ut
451 1411 639 1467 recipiat
662 1410 927 1455 immediate
956 1410 1180 1466 gloriam,
1209 1420 1409 1466 quorum
1446 1411 1667 1452 neutrum
1694 1406 1912 1462 competit
1945 1406 2091 1450 veteri

205 1471 512 1516 Testamento.
533 1475 585 1516 Et
607 1473 709 1518 ideo
727 1473 842 1516 nihil
864 1472 1012 1529 potuit
1026 1471 1097 1515 his
1120 1470 1423 1515 sacramentis
1445 1469 1491 1512 in
1509 1469 1653 1514 veteri
1669 1468 1771 1524 1686
1790 1467 2090 1524 respondere.

205 1523 509 1577 Nihilominus
533 1539 686 1579 tamen
706 1538 999 1579 sacramenta
1018 1534 1066 1577 in
1088 1532 1233 1576 veteri
1252 1532 1356 1588 lege
1377 1531 1514 1588 plura
1533 1531 1725 1576 fuerunt
1743 1541 1955 1586 numero,
1980 1541 2091 1585 pro-

207 1598 310 1650 pter
322 1594 635 1641 diversitatem
655 1596 987 1641 sacrificiorum
1005 1599 1054 1640 et
1066 1594 1464 1639 caeremoniarum.

261 1655 327 1701 Ad
343 1662 545 1712 quintam
562 1658 825 1714 dicendum,
845 1657 970 1714 quod
993 1661 1156 1701 contra
1178 1652 1603 1711 concupiscentiam
1621 1664 1928 1698 venereorum
1950 1664 2091 1709 opor-

206 1716 294 1761 tuit
310 1719 569 1775 specialiter
592 1721 848 1765 remedium
871 1718 1079 1764 adhiberi
1098 1730 1181 1775 per
1206 1716 1392 1774 aliquod
1414 1718 1758 1760 sacramentum
1783 1713 1964 1771 :primo
1984 1715 2092 1772 qui-

207 1779 309 1825 dem
328 1781 436 1838 qnia
450 1795 532 1838 per
545 1782 813 1839 huJusmodi
832 1780 1258 1838 concupiscentiam
1276 1791 1370 1824 non
1394 1777 1547 1823 solum
1563 1777 1755 1822 vitiatur
1774 1788 1990 1833 persona,
2007 1777 2088 1822 sed

207 1843 346 1888 etiam
366 1849 554 1900 natura3
579 1844 786 1890 secundo
796 1850 983 1902 propter
1002 1842 1343 1888 vehementiam
1358 1840 1475 1897 ers,
1491 1851 1596 1896 quae
1607 1839 1836 1884 rationem
1855 1837 2087 1884 absorbet.

261 1906 329 1951 Ad
346 1911 521 1950 sextum
541 1906 807 1963 dicendum,
833 1905 958 1962 quod
986 1917 1109 1962 aqua
1135 1904 1384 1950 benedicta
1411 1906 1457 1948 et
1476 1902 1578 1946 aliae
1598 1900 1972 1946 consecrationes
1993 1913 2089 1946 non

206 1965 426 2012 dicuntur
444 1972 754 2025 sacramenta,
774 1967 884 2025 quia
903 1980 996 2012 non
1011 1967 1273 2023 perducunt
1291 1965 1350 2010 ad
1370 1963 1648 2009 sacramenti
1666 1963 1899 2018 effectum,
1920 1963 1998 2020 qui
2018 1967 2092 2008 est

206 2030 363 2084 gratiae
386 2031 670 2087 consecutiO,
691 2030 777 2076 sed
793 2035 904 2074 sunt
921 2028 1250 2086 dispositiones
1270 2026 1484 2084 quaedam
1504 2025 1564 2070 ad
1587 2029 1903 2079 sacramenta;
1923 2024 1998 2069 vel
2017 2036 2089 2070 re-

205 2090 435 2136 movendo
449 2092 716 2149 prohibens,
733 2091 853 2136 sicut
870 2103 991 2147 aqua
1009 2090 1253 2135 benedicta
1273 2088 1517 2133 ordinatur
1529 2091 1691 2131 contra
1705 2086 1899 2131 insidias
1916 2086 2089 2130 daemo-

206 2164 336 2206 num,
357 2158 402 2197 et
417 2157 578 2197 contra
596 2157 785 2211 peccata
805 2152 1026 2207 venialia,
1047 2152 1125 2196 vel
1142 2151 1282 2195 etiam
1298 2149 1596 2195 idoneitatem
1608 2149 1860 2205 quamdam
1877 2147 2089 2193 faciendo

205 2214 266 2259 ad
287 2215 563 2259 sacramenti
582 2215 912 2271 perfectionem
935 2219 981 2258 et
1002 2213 1361 2270 perceptionem,
1388 2211 1511 2255 sicut
1527 2214 1862 2255 consecrantur
1880 2209 2024 2253 altare
2043 2214 2089 2254 et

206 2287 317 2320 vasa
335 2281 522 2332 propter
543 2277 850 2322 reverentiam
873 2276 1187 2321 Eucharistiae.

260 2337 327 2383 Ad
347 2341 583 2395 septimum
606 2339 878 2393 dicendum,
912 2338 1038 2395 quod
1063 2336 1320 2382 oblationes
1346 2338 1393 2380 et
1419 2334 1612 2380 decimae
1632 2337 1764 2378 erant
1791 2337 1887 2377 tam
1915 2333 1963 2377 in
1985 2333 2089 2390 lege

205 2403 382 2444 naturae
404 2400 544 2456 quam
570 2399 617 2443 in
641 2400 746 2457 lege
768 2400 908 2458 Moysi
930 2399 1154 2445 ordinatae
1175 2400 1252 2452 (1),
1272 2410 1368 2442 non
1385 2396 1537 2442 solum
1565 2396 1613 2441 in
1639 2395 1902 2441 subsidium
1923 2394 2089 2441 minis-

203 2464 379 2506 trorum
409 2465 455 2506 et
484 2473 765 2518 pauperum,
797 2462 880 2507 sed
902 2461 1043 2505 etiam
1068 2461 1118 2504 in
1142 2460 1368 2516 figuram;
1401 2459 1453 2504 et'
1478 2458 1584 2504 ideo
1612 2463 1746 2503 erant
1777 2461 2085 2502 sacramenta.

202 2524 333 2569 Nunc
361 2528 516 2568 autem
543 2537 638 2568 non
669 2528 1023 2582 remanserunt,
1055 2523 1336 2580 inquantum
1369 2525 1481 2567 sunt
1510 2521 1745 2578 figuralia,
1783 2524 1830 2564 et
1860 2519 1964 2564 ideo
1993 2531 2087 2564 non

203 2590 316 2631 sunt
336 2591 641 2631 sacramenta.

257 2648 326 2693 Ad
357 2652 564 2692 octavum
595 2649 870 2705 dicendum,
903 2648 1030 2706 quod
1060 2647 1119 2691 ad
1152 2647 1429 2692 deletionem
1459 2645 1657 2691 venialis
1684 2642 1861 2701 peccati
1887 2655 1983 2687 non
2015 2655 2093 2707 ref-

204 2709 401 2766 quiritur
418 2710 590 2754 infusio
610 2711 787 2767 gratiae.
806 2710 936 2756 Unde
956 2710 1062 2754 cum
1082 2709 1130 2752 in
1158 2709 1365 2765 quolibet
1385 2711 1674 2752 sacramento
1696 2704 1961 2761 novaelegis
1983 2716 2087 2762 gra-

204 2772 268 2815 tia
295 2771 567 2816 infundatur
602 2774 684 2828 (2),
720 2773 902 2818 nullum
933 2776 1281 2817 sacramentum
1315 2782 1450 2814 novae
1480 2770 1597 2826 legis
1629 2767 1888 2812 instituitur
1914 2767 2089 2814 directe

205 2837 365 2879 contra
388 2833 584 2889 veniale,
605 2834 732 2890 quod
750 2835 926 2879 tollitur
947 2846 1030 2890 per
1047 2832 1260 2889 quaedam
1288 2830 1657 2885 sacramentalia,
1679 2829 1791 2886 puta
1813 2841 1896 2886 per
1917 2841 2087 2886 aquam

206 2895 496 2939 benedictam
525 2899 571 2938 et
599 2894 688 2938 alia
711 2895 993 2952 hUJusmodi.
1024 2893 1218 2947 Quidam
1247 2898 1404 2937 tamen
1427 2892 1589 2936 dicunt
1616 2899 1872 2945 extremam
1901 2891 2089 2936 unctio-

207 2969 311 3000 nem
331 2960 492 2999 contra
509 2956 688 3000 veniale
707 2962 951 3012 peccatum
973 2955 1193 3000 ordinari.
1217 2954 1304 2999 Sed
1327 2954 1385 2999 de
1411 2954 1499 2998 hoc
1520 2965 1607 2998 suo
1630 2953 1733 2997 loco
1754 2952 1931 2997 dicetur
1956 2954 2085 3010 (Sup-

204 3019 340 3074 piem.
364 3021 528 3072 quaest.
554 3031 653 3071 xxx,
675 3021 762 3062 art.
782 3022 842 3072 1).

231 3081 575 3123 ARTICULUS
604 3082 664 3122 ΙΙ.
691 3103 747 3110 -
774 3093 909 3123 urium
931 3092 1200 3123 sxcnxuauu
1223 3091 1537 3122 couvsnisnmn
1563 3090 1826 3122 onnmaurun
1847 3088 2060 3120 succuum!

932 3154 1072 3184 MODUM
1096 3153 1350 3183 PRAEDICTUM.

204 3202 251 3235 De
266 3201 318 3235 his
333 3202 434 3236 etiam
452 3203 547 3237 Sent.
561 3210 608 3242 Π,
629 3201 705 3236 dist.
720 3201 754 3241 2,
771 3206 885 3243 quaest.
900 3210 926 3242 1,
939 3207 1004 3237 art.
1018 3202 1052 3246 5,
1067 3206 1100 3236 et
1111 3201 1190 3237 dist.
1203 3202 1236 3243 7,
1253 3205 1368 3243 quaest.
1383 3209 1408 3243 1,
1421 3203 1486 3235 art.
1501 3201 1534 3244 ⁴,
1551 3200 1748 3243 quaestiune.
1763 3209 1817 3240 111,
1832 3203 1867 3235 et
1881 3200 1968 3243 Eph.
1985 3207 2007 3234 v
2022 3198 2085 3232 fin.

256 3250 323 3295 Ad
334 3250 593 3295 secundum
610 3250 675 3294 sic
693 3250 974 3305 proceditur.
990 3254 1034 3294 1.
1054 3250 1243 3295 Videtur
1257 3250 1380 3306 quod
1400 3250 1781 3293 inconvenienter
1799 3251 2087 3293 sacramenta

244 3359 392 3399 (tunna
405 3359 463 3393 illa
477 3371 549 3400 quas
563 3371 622 3393 suo
638 3358 712 3392 loco
727 3362 796 3392 tam
809 3357 848 3392 de
859 3358 1100 3400 oblationibus,
1225 3360 1270 3402 (2)
1287 3358 1347 3394 vel
1363 3359 1474 3401 prima
1490 3359 1527 3393 in
1541 3359 1760 3393 sacramentis
1780 3370 1856 3399 quae
1874 3358 2087 3399 appellantur

202 3408 301 3448 quam
315 3406 353 3440 de
369 3406 508 3440 decimis
523 3407 571 3448 (in
584 3407 605 3441 2
617 3406 652 3448 2,
669 3410 786 3448 quaest.
801 3414 927 3441 Lxxxvl
941 3410 974 3440 et
985 3412 1101 3447 quaest.
1184 3411 1425 3448 mortuorum,
1453 3407 1507 3442 vel
1533 3406 1678 3441 secunda
1705 3406 1742 3440 in
1761 3407 1989 3446 ‚sacramentis
2015 3416 2087 3446 ‹112ae

201 3455 353 3496 mxxxvii)
372 3454 485 3490 videre
505 3459 566 3489 est.
1187 3454 1347 3489 dicuntur
1363 3458 1532 3490 vivorum
