2170 3808
697 201 896 253 QUAEST.
924 201 1027 256 LXI,
1056 201 1176 244 ART.
1206 201 1260 244 111
1286 201 1352 244 ET
1380 201 1450 245 IV.
1934 202 2015 246 515

190 283 462 344 Respondeo
483 281 732 329 dicendum
754 282 880 339 quod
911 287 1200 327 sacramenta
1231 282 1492 327 necessaria
1527 284 1638 326 sunt
1672 282 1732 327 ad
1762 281 2016 326 humanam

135 348 351 403 salutem,
370 346 651 403 inquantum
686 348 799 389 sunt
836 343 1047 401 quaedam
1086 343 1325 389 sensibilia
1357 343 1493 399 signa
1525 342 1823 387 invisibilium
1859 354 2016 387 rerum

134 410 306 467 quibus
326 409 465 454 homo
479 404 810 452 sanctificatur.
821 405 985 451 Nullus
1003 409 1157 450 autem
1176 404 1451 450 sanctificari
1468 409 1620 462 potest
1630 412 1735 462 post
1754 408 2012 463 peccatum,

136 471 225 516 nisi
247 482 332 528 per
347 468 595 523 Christum,
622 480 751 523 quem
772 470 1006 526 proposuit
1035 471 1154 510 Deus
1191 469 1538 523 propitiatorem
1553 479 1641 524 per
1659 468 1795 522 fidem
1826 470 1876 511 in
1909 480 2016 510 san·

133 535 267 589 quine
285 533 442 588 ipsius,
470 529 536 573 ad
552 531 844 573 ostensionem
854 531 1053 585 Justitiae
1074 540 1235 582 suae...,
1255 531 1306 571 ut
1340 531 1401 571 sit
1422 530 1517 584 ipse
1525 529 1678 584 Justus
1698 532 1743 572 et
1750 530 2013 585 justificans
2070 545 2081 563 =.

134 605 235 637 eum
256 595 332 649 qui
347 604 406 636 ex
423 590 588 646 sideest
601 593 708 634 Jesu
724 591 901 635 Christi
919 591 1065 645 (Rom.
1082 602 1144 645 111,
1168 591 1256 642 25).
1276 590 1330 633 Et
1347 588 1452 634 ideo
1462 589 1704 645 oportebat
1722 594 1829 635 ante
1850 587 2014 636 Christi

133 655 388 700 adventum
410 663 516 698 esse
534 652 749 708 quaedam
772 652 906 709 signa
928 650 1142 707 visibilia,
1168 650 1338 708 quibus
1353 649 1493 695 homo
1523 650 1661 695 fidem
1685 663 1818 695 suam
1837 655 2013 709 protes-

134 718 308 761 taretur
325 715 382 761 de
398 714 555 759 futuro
573 714 819 759 Salvatoris
843 713 1061 759 adventu.
1086 715 1141 758 Et
1169 712 1437 770 hujusmodi
1459 711 1594 768 signa
1612 711 1831 757 dicuntur
1857 724 2015 757 sacra-

132 781 306 821 menta.
329 779 383 821 Et
402 775 483 825 ,sic
515 778 643 832 patet
677 776 802 833 quod
833 780 943 820 ante
975 773 1140 819 Christi
1179 774 1432 819 adventum
1464 785 1658 819 11666666
1684 772 1770 817 fuit
1799 772 2013 830 quaedam

132 841 423 883 sacramenta
439 836 635 883 institui.
1748 882 1750 884 .
2059 844 2062 847 ’

184 899 253 945 Ad
261 901 465 956 primum
487 910 598 955 ergo
620 898 883 955 dicendum,
904 897 1029 955 quod
1040 897 1194 955 passio
1213 896 1378 942 Christi
1389 902 1460 942 est
1478 908 1620 942 causa
1634 895 1786 941 finalis
1804 898 2013 940 veterum

130 964 542 1016 sacramentorum,
562 972 667 1017 quae
688 960 864 1005 scilicet
878 959 936 1004 ad
950 960 1099 1016 ipsam
1122 959 1475 1017 significandam
1489 962 1601 1004 sunt
1619 958 1848 1003 instituta.
1864 959 2013 1002 Causa

132 1025 288 1066 autem
310 1018 464 1066 finalis
491 1034 586 1066 non
605 1022 824 1078 praecedit
845 1025 1068 1078 tempore,
1087 1020 1169 1066 sed
1201 1020 1352 1065 solum
1370 1020 1420 1065 in
1449 1019 1707 1066 intentione
1724 1019 1921 1077 agentis,
1958 1021 2014 1064 Et

130 1081 234 1128 ideo
277 1095 371 1128 non
415 1086 487 1128 est
522 1082 858 1128 inconveniens
895 1082 1050 1140 aliqua
1083 1087 1371 1127 sacramenta
1408 1086 1515 1126 ante
1551 1082 1714 1127 Christi
1747 1081 2012 1139 passionem

130 1142 288 1189 fuisse.

187 1207 254 1252 Ad
274 1207 520 1251 secundum
537 1205 802 1262 dicendum,
823 1204 946 1260 quod
965 1208 1116 1249 status
1148 1204 1340 1248 humani
1377 1204 1561 1261 generis
1581 1209 1686 1260 post
1706 1209 1948 1261 peccatum
1967 1208 2015 1250 et

131 1271 239 1312 ante
271 1268 499 1314 Christum
532 1266 777 1323 dupliciter
797 1269 948 1323 potest
968 1265 1252 1310 considerari
1275 1281 1287 1309 ι
1323 1277 1420 1310 11116
1442 1266 1580 1310 modo
1616 1265 1874 1311 secundum
1904 1263 2013 1311 fidei

130 1329 372 1386 rationem,
385 1328 511 1374 61616
525 1339 711 1384 semper
727 1339 853 1372 unus
867 1327 1048 1372 etidem
1063 1330 1321 1384 permanet,
1331 1327 1441 1384 quia
1456 1327 1632 1373 66111661
1637 1326 2014 1384 justificabantur

129 1389 339 1435 homines
357 1389 598 1447 perfidem
618 1389 761 1434 futuri
781 1387 943 1434 Christi
965 1389 1192 1434 adventus
1207 1391 1289 1446 (1),
1323 1389 1414 1434 alio
1448 1390 1589 1434 modo
1618 1394 1772 1446 potest
1801 1390 2013 1436 conside—

130 1451 220 1496 rari
257 1452 517 1497 secundum
547 1451 857 1496 intensionem
887 1455 935 1496 61
958 1451 1281 1496 remissionem
1314 1452 1489 1508 peccati
1523 1456 1569 1497 et
1599 1464 1831 1509 expressae
1849 1452 2014 1510 cogni-

130 1512 267 1558 tionis
289 1513 347 1559 de
366 1514 543 1558 Christo
564 1529 575 1558 :
600 1526 710 1558 nam
748 1525 831 1570 per
852 1512 1137 1558 incrementa
1160 1518 1420 1570 temporum
1444 1518 1488 1557 et
1522 1518 1766 1570 peccatum
1795 1514 1935 1571 coepit
1964 1515 2014 1559 in

130 1574 316 1619 homine
345 1575 495 1631 magis
523 1574 767 1631 dominari,
787 1575 1020 1619 intantum
1050 1575 1177 1631 qued
1209 1575 1389 1620 ratione
1423 1575 1624 1620 hominis
1659 1588 1743 1632 per
1770 1581 2013 1634 peccatum

130 1635 431 1680 obtenebrata
468 1648 564 1680 non
597 1637 865 1681 sufficerent
900 1635 1074 1680 homini
1111 1636 1171 1681 ad
1206 1637 1330 1681 recte
1351 1636 1601 1682 vivendum
1636 1643 1866 1694 praecepta
1894 1639 2013 1693 legis

130 1700 326 1753 naturae,
349 1697 433 1742 sed
454 1709 647 1742 necesse
669 1697 757 1742 fuit
775 1696 1070 1743 determinari
1092 1702 1323 1755 praecepta
1342 1698 1390 1742 in
1413 1697 1518 1754 lege
1540 1698 1727 1756 scripta,
1752 1704 1923 1744 etcum
1939 1700 2013 1768 his

131 1758 345 1814 quaedam
366 1755 473 1804 fidei
510 1763 818 1804 sacramenta.
853 1758 1100 1815 Oportebat
1120 1760 1260 1804 etiam
1280 1759 1405 1817 quod
1426 1770 1511 1816 per
1526 1757 1811 1806 incrementa
1830 1766 2012 1818 tempo-

130 1831 236 1863 rum
258 1820 408 1876 magis
441 1819 749 1877 explicaretur
766 1821 967 1877 cognitio
992 1820 1114 1877 fidei,
1136 1821 1260 1878 quia,
1284 1826 1338 1866 ut
1365 1821 1611 1877 Gregorius
1634 1822 1744 1867 dicit
1779 1823 1921 1876 (hom.
1942 1837 2011 1867 xv1

129 1880 179 1925 in
198 1881 357 1926 Ezech.
387 1881 416 1925 a
446 1881 607 1939 med.)‚
631 1899 652 1921 α
677 1895 759 1939 per
775 1882 1062 1927 incrementa
1077 1886 1337 1940 temporum
1356 1883 1502 1928 crevit
1532 1882 1701 1928 divinae
1733 1884 2012 1940 cognitionis

130 1946 451 1998 augmentum.
470 1961 490 1982 »
525 1945 577 1987 Et
606 1942 710 1988 ideo
747 1943 885 1988 etiam
923 1955 1113 1989 necesse
1147 1944 1233 1988 fuit
1266 1944 1392 2000 quod
1416 1943 1465 1987 in
1488 1944 1632 1989 veteri
1661 1944 1765 2001 lege
1795 1947 2011 2002 quaedam

129 2007 419 2049 sacramenta
433 2003 539 2049 fidei
555 2016 696 2061 quam
713 2006 947 2051 habebant
958 2006 1015 2051 de
1029 2006 1205 2051 Christo
1218 2010 1432 2061 venturo,
1452 2006 1889 2064 determinarentur3
1906 2020 2012 2065 quae

128 2065 317 2122 quidem
336 2071 665 2123 comparantur
681 2067 740 2111 ad
758 2072 1048 2112 sacramenta
1069 2080 1173 2124 quae
1189 2068 1379 2112 fuerunt
1401 2072 1509 2112 ante
1530 2068 1698 2125 legem,
1720 2068 1840 2114 sicut
1861 2070 2011 2115 deter-

128 2127 357 2172 minatum
381 2128 440 2172 ad
463 2128 889 2185 indeterminatum,
912 2129 1021 2187 quia
1043 2129 1217 2174 scilicet
1244 2135 1351 2175 ante
1380 2130 1531 2186 legem
1554 2142 1650 2175 non
1682 2130 1770 2174 fuit
1791 2131 2010 2176 determi-

130 2188 237 2233 nate
273 2188 514 2245 praefixum
549 2189 724 2234 homini
760 2190 931 2247 quibus
962 2191 1267 2235 sacramentis
1298 2195 1507 2236 uteretur
1540 2193 1612 2247 (2),
1647 2192 1768 2236 sicut
1802 2192 1891 2237 fuit
1927 2206 2010 2250 per

130 2249 302 2306 legem,
325 2250 451 2307 quod
489 2254 588 2295 erat
618 2251 935 2296 necessarium
957 2256 1003 2296 et
1028 2257 1214 2308 propter
1232 2252 1663 2298 obtenebrationem
1679 2252 1798 2308 legis
1821 2257 2005 2300 natura-

130 2311 204 2367 lis,
231 2315 277 2356 et
297 2316 351 2357 ut
370 2315 493 2358 esset
514 2312 859 2358 (1616111111161161Ι
880 2314 988 2359 fidei
1011 2314 1300 2370 significatio.

184 2372 252 2417 Ad
276 2376 459 2418 tertium
486 2373 750 2432 dicendum,
772 2374 898 2432 quod
918 2380 1262 2421 sacramentum
1285 2375 1629 2433 Melchisedech,
1650 2377 1775 2433 quod
1796 2377 1883 2422 fuit
1900 2383 2010 2424 ante

128 2433 296 2489 legem,
314 2434 465 2492 magis
491 2435 774 2480 assimilatur
795 2441 1085 2481 sacramento
1118 2449 1251 2481 novae
1279 2436 1399 2494 legis
1429 2437 1478 2482 in
1499 2436 1706 2494 materia,
1730 2438 2009 2495 inquantum

130 2495 305 2542 scilicet
322 2497 486 2541 obtulit
501 2511 664 2554 panem
686 2501 729 2541 et
750 2501 917 2555 vinum,
940 2503 992 2543 ut
1005 2498 1203 2544 habetur
1221 2501 1402 2554 (Genes.
1425 2501 1511 2555 x1v)
1533 2499 1654 2544 sicut
1682 2500 1821 2544 etiam
1840 2502 2009 2546 sacrifi-

131 2557 256 2602 cium
279 2569 412 2602 novae
444 2558 562 2615 legis
589 2559 822 2604 oblatione
841 2560 974 2617 panis
996 2565 1042 2605 61
1060 2561 1155 2605 vini
1187 2561 1433 2618 perficitur.
1457 2564 1750 2606 Sacramenta
1772 2566 1929 2607 tamen
1946 2564 2009 2608 le-

132 2616 204 2675 gis
222 2618 428 2663 Mosaicae
444 2620 592 2675 magis
615 2621 929 2665 assimilantur
950 2622 1017 2666 rei
1037 2622 1309 2678 significatae
1341 2633 1428 2679 per
1456 2627 1810 2679 sacramentum,
1835 2624 2009 2670 scilicet

129 2680 336 2736 passioni
353 2681 535 2739 Christi,
553 2688 606 2726 ut
634 2687 759 2739 patet
779 2683 836 2728 de
855 2695 977 2740 agno
995 2684 1200 2740 paschali
1219 2688 1266 2729 et
1296 2683 1399 2728 aliis
1416 2683 1681 2741 hujusmodi
1697 2699 1710 2741 3
1735 2689 1783 2729 et
1799 2686 1886 2729 hoc
1903 2685 2009 2731 ideo

133 2751 193 2784 ne
212 2745 398 2797 propter
425 2742 772 2788 continuitatem
796 2745 1031 2802 temporis,
1057 2746 1096 2789 si
1117 2749 1409 2802 permaneret
1425 2745 1588 2790 eadem
1613 2752 2009 2792 sacramentorum

132 2801 325 2858 species,
340 2802 573 2847 videretur
591 2807 866 2850 sacramenti
888 2807 1098 2863 eJ'usdcm
1118 2819 1220 2851 esse
1236 2806 1536 2852 continuatio.

271 2871 612 2916 ARTICULUS
639 2875 723 2918 IV.
743 2897 797 2905 —
819 2888 955 2918 urium
986 2888 1083 2919 rosr
1108 2888 1309 2919 cnmswu
1338 2888 1569 2918 »6666111111
1595 2888 1695 2920 116611
1722 2889 1871 2926 Aucus

889 2950 1153 2981 SACRAMENTA
1178 2940 1254 2992 (3).

134 2998 184 3035 Do
209 2998 262 3034 his
277 3001 378 3035 etiam
397 3001 551 3044 Sent.1v,
574 3002 653 3038 dist.
675 3003 708 3046 4,
727 3008 842 3046 quaest.
859 3013 885 3047 1,
901 3007 1014 3088 11161ὧὲ,
1034 3012 1206 3089 quaest.5v8,
1220 3010 1256 3042 et
1287 3006 1364 3042 dist.
1383 3005 1416 3047 2,
1442 3010 1508 3041 art.
1521 3007 1554 3049 4,
1572 3012 1686 3048 quaest.
1704 3015 1729 3047 1,
1749 3011 1782 3042 61
1802 3009 1896 3042 Cont.
1916 3012 2012 3048 gent.

936 3066 946 3087 1
976 3080 984 3088 .
1004 3062 1051 3095 lv,
1068 3066 1138 3095 cap.
1200 3080 1208 3088 .

185 3102 250 3147 Ad
270 3107 488 3159 quartum
508 3103 575 3148 sic
588 3105 867 3161 proceditur.
883 3111 925 3151 1.
941 3108 1127 3152 Videtur
1143 3106 1269 3164 quod
1284 3111 1390 3164 post
1406 3107 1636 3151 Christum
1653 3120 1746 3151 non
1765 3109 2009 3156 debuerint
2057 3083 2065 3087 x

172 3240 216 3280 (1)
238 3240 282 3276 tJt
305 3243 338 3276 ct
354 3252 415 3283 per
429 3241 532 3276 fidem
551 3242 731 3284 passionis,
745 3255 819 3286 quoe
842 3244 946 3286 ipsius
970 3245 1026 3279 ad-
1110 3255 1164 3288 Lx,
1184 3251 1248 3282 art.
1263 3248 1285 3281 5
1300 3247 1341 3282 ad
1354 3247 1388 3289 5,
1400 3247 1688 3282 determinabatur
1705 3248 1753 3282 eis
1769 3248 1888 3289 quibus
1906 3248 2008 3284 rebus

130 3291 248 3323 ventus
274 3287 352 3323 finis
381 3289 458 3330 fuit,
486 3293 519 3324 et
544 3302 618 3331 quae
650 3292 740 3326 omni
774 3298 921 3332 tempore
954 3297 1027 3333 post
1110 3294 1326 3329 sensibilibus
1347 3295 1387 3328 ad
1407 3295 1467 3330 Dei
1483 3295 1610 3329 cultum
1630 3300 1822 3329 uterentur.

129 3341 303 3376 peccatum
322 3336 413 3371 credi
438 3337 554 3372 debuit
568 3342 657 3377 iuxta
672 3350 708 3372 ea
733 3350 806 3379 quae
821 3351 878 3372 suo
900 3340 970 3373 loco
989 3341 1024 3374 in
1150 3344 1193 3383 (5)
1212 3342 1409 3377 Debuerunt
1427 3355 1494 3377 esse
1511 3348 1720 3377 sacramenta
1742 3349 1816 3381 post
1837 3342 2009 3378 Christum

129 3382 152 3417 2
167 3383 200 3423 2,
221 3388 336 3425 quaest.
357 3392 394 3422 n,
412 3390 475 3419 art.
494 3386 514 3419 7
530 3397 566 3419 ex
585 3386 728 3426 proiesso
746 3387 833 3421 dicta
851 3391 939 3421 sunt.
1109 3401 1212 3430 eaque
1226 3391 1243 3423 a
1259 3390 1427 3425 veteribus
1444 3389 1586 3432 diversa,
1604 3395 1642 3426 ut
1656 3402 1694 3426 ex
1709 3390 1830 3425 concil.
1846 3390 2006 3425 Trident-

173 3430 215 3473 (2)
242 3433 289 3467 Ex
314 3433 470 3467 interim-i
495 3433 668 3476 instinctu,
691 3435 739 3470 ait
765 3432 881 3470 auclo'r
909 3442 1022 3477 quaest.
1106 3440 1174 3476 iam
1189 3436 1322 3471 laudato
1336 3442 1439 3479 patet.
