2170 3808
0 199 26 364 l

672 213 868 265 QUAEST.
902 213 1003 268 le,
1032 213 1148 256 ART.
1180 213 1231 256 lv
1259 213 1323 256 ET
1350 213 1400 256 V.
1899 212 1979 255 497

96 296 182 341 ult.
199 297 269 351 18)
294 308 305 338 ε
326 299 451 339 Data
468 298 536 339 est
553 293 664 337 mihi
688 298 831 336 omnis
848 298 1052 350 potestas
1075 298 1122 337 in
1146 294 1254 338 coelo
1281 296 1392 338 etin
1417 296 1542 341 terra
1555 307 1572 349 ,·
1595 291 1803 337 nondum
1823 295 1977 336 tamen

27 381 30 404 l
96 362 206 403 sunt
226 357 382 402 omnia
407 356 449 402 ei
477 354 686 412 subJecta
713 359 941 412 quantum
971 354 1030 400 ad
1065 355 1385 400 executionem
1416 367 1514 399 suae
1543 354 1785 411 potestatis
1809 364 1821 396 :
1853 353 1977 410 quod

30 410 35 470 'l
97 418 284 476 quidem
306 418 394 463 erit
411 416 460 462 in
485 416 668 471 sutum,
696 416 882 472 quando
911 416 969 461 de
990 415 1209 461 omnibus
1225 416 1511 460 voluntatem
1535 427 1669 461 suam
1691 412 1974 472 adimplebit,

96 479 323 536 quosdam
341 478 529 536 quidem
548 476 787 534 salvand0,
803 477 1030 534 quosdam
1053 480 1207 521 autem
1226 476 1478 532 puniendo,

149 540 214 584 Ad
235 543 415 584 tertium
434 538 700 595 dicendum,
720 539 843 595 qued
858 544 978 584 ante·
989 537 1351 583 incarnationem
1367 537 1633 595 huJusmodi
1651 537 1825 595 ,iudicia
1841 550 1976 583 exer-

95 601 320 646 cebantur
333 613 416 658 per
430 600 678 657 Christum,
702 601 979 657 inquantum
999 604 1070 644 est
1087 600 1164 644 Dei
1185 599 1382 643 Verbum
1403 612 1415 642 :
1441 599 1577 655 cujus
1594 599 1836 656 potestatis
1856 598 1976 644 facta

96 666 169 708 est
187 662 416 719 particeps
437 673 520 719 per
536 661 904 707 incarnationem
926 662 1080 707 anima
1103 661 1142 706 ei
1159 660 1463 718 personaliter
1473 660 1617 705 unita.

95 725 434 768 ARTICULUS
461 726 519 767 V.
550 747 606 756 -
634 737 776 768 ornum
806 737 908 769 ros-r
936 737 1122 768 sumnum
1152 735 1259 774 Quon
1287 735 1434 766 AGl'rUR
1463 735 1502 765 m
1531 734 1739 766 rnaesnn’rt
1766 734 1971 777 mmmm,

720 800 874 830 nnsrnr
899 799 1022 830 mun
1048 798 1235 829 summum
1265 787 1338 839 (1).

94 846 144 881 De
157 845 210 882 his
224 845 326 883 ettam
339 846 436 883 snnt.
449 855 501 891 lv,
515 847 596 883 dist.
611 847 665 885 47.
677 852 793 889 quaest.
813 857 837 887 1.
854 853 917 883 art.
930 848 964 889 l,
978 848 1175 890 quaestiuno.
1189 856 1214 887 ι,
1232 850 1266 881 et
1282 847 1380 882 Cont.
1397 848 1487 887 gent.
1504 844 1565 880 lib.
1582 853 1633 888 lv,
1647 855 1721 888 cap.
1735 844 1790 886 95,
1804 847 1840 880 et
1853 844 1918 887 Op.
1933 853 1972 886 ΙΙ,

507 906 579 937 cap.
595 895 669 938 2109,
685 901 718 930 et
735 897 855 938 Opusc·
878 906 912 937 x,
931 907 1003 938 cap.
1021 895 1076 938 27,
1092 900 1127 931 et
1143 896 1208 931 lsa.
1228 902 1306 935 xxx,
1323 894 1399 929 lect.
1414 895 1436 929 5
1449 894 1560 936 princ.

148 941 214 986 Ad
228 941 444 1000 quintum
462 942 530 987 sic
547 943 824 1000 proceditur.
846 947 889 988 1.
911 943 1095 989 Videtur
1119 941 1243 999 quod
1268 946 1374 998 post
1387 940 1615 1001 judicium
1639 938 1766 996 quod
1789 937 1973 1009 inprae-

95 1003 214 1048 senti
236 1009 441 1063 tempore
469 1006 638 1065 agitur,
666 1018 759 1050 non
788 1010 931 1051 restet
959 1005 1085 1050 aliud
1112 1004 1340 1062 J‘udicium
1368 1003 1597 1059 generale.
1632 1004 1745 1071 Post·
1763 1000 1973 1071 ultimam

94 1065 217 1110 enim
249 1067 598 1113 retributionem
629 1068 923 1124 praemiorum
948 1072 994 1112 et
1011 1078 1255 1124 poenarum
1277 1066 1447 1110 frustra
1469 1064 1712 1110 adhibetur
1729 1062 1971 1133 judiclum.

95 1127 182 1172 Sed
198 1128 246 1172 in
265 1129 353 1175 hoc
370 1130 587 1187 praesenti
612 1133 818 1186 tempore
838 1129 890 1174 fit
911 1129 1152 1173 retributio
1166 1128 1462 1184 praemiorum
1484 1131 1531 1171 et
1552 1137 1797 1183 poenarum
1822 1139 1835 1169 ι
1859 1124 1973 1168 d1x1t

94 1189 218 1234 enim
241 1191 461 1238 Dominus
479 1192 647 1236 latroni
667 1191 715 1236 in
738 1203 877 1236 cruce
908 1193 1056 1243 (Lucae
1074 1203 1191 1247 xxm,
1216 1191 1287 1243 43)
1308 1204 1319 1233 :
1347 1190 1491 1232 Hodie
1509 1202 1681 1232 mecum
1706 1190 1797 1231 eris
1822 1190 1870 1230 in
1889 1200 1972 1243 pa·

91 1252 280 1306 radis&
304 1257 352 1297 et
373 1255 496 1308 (Luc.
523 1266 608 1308 xvi,
634 1254 704 1306 22)
725 1252 893 1296 dicitur
949 1250 1041 1295 ned
1059 1253 1261 1293 mortuus
1290 1253 1356 1293 est
1378 1251 1518 1306 dives,
1549 1253 1593 1293 et
1613 1249 1810 1305 sepultus
1831 1252 1898 1292 est
1925 1251 1973 1291 in

91 1313 284 1366 inferno.
299 1315 418 1370 Ergo
438 1314 608 1358 frustra
629 1317 899 1369 expectatur
955 1313 1059 1356 nale
1072 1312 1318 1369 judicium.

145 1376 188 1418 2.
219 1375 442 1420 Praeterea
464 1376 655 1430 (Nahum
678 1388 708 1431 1,
735 1376 794 1431 9),
815 1374 983 1419 dicitur
999 1374 1258 1419 secundum
1278 1373 1416 1418 aliam
1439 1373 1638 1418 litteram
1663 1373 1973 1430 (septuaginta

90 1434 331 1491 Interpr.):
350 1439 449 1481 Non
460 1437 694 1493 judicabit
709 1441 828 1479 Deus
848 1437 976 1480 bisin
989 1438 1191 1493 mipsum
1206 1438 1282 1490 (2).
1298 1436 1385 1481 Sed
1401 1435 1448 1480 in
1473 1436 1561 1481 hoc
1582 1440 1786 1490 tempore
1802 1435 1880 1479 Dei
1892 1434 1973 1490 Ju-

90 1493 262 1540 dicium
290 1502 532 1548 exercetur
556 1502 602 1542 et
619 1499 844 1554 quantum
876 1498 933 1542 ad
968 1498 1252 1554 temporalia,
1280 1504 1325 1542 et
1352 1501 1581 1554 quantum
1611 1496 1670 1541 ad
1698 1495 1968 1553 spiritualia.

90 1556 208 1612 Ergo
230 1557 412 1603 videtur
429 1557 555 1615 qued
573 1571 664 1602 non
687 1559 748 1603 sit
765 1559 1106 1615 expectandum
1131 1559 1257 1603 aliud
1275 1559 1414 1603 finale
1428 1559 1672 1615 J'udicium.

145 1620 189 1663 3.
219 1621 456 1679 Praeterea,
476 1620 719 1677 praemium
754 1625 800 1665 et
832 1632 972 1677 poena
1000 1621 1284 1676 respondent
1324 1621 1490 1665 merito
1525 1624 1574 1666 et
1604 1619 1844 1664 demerito.
1885 1619 1972 1664 Sed

91 1680 307 1725 meritum
318 1686 365 1726 et
377 1681 651 1728 demeritum
670 1693 765 1727 non
785 1682 1018 1739 pertinent
1034 1684 1094 1727 ad
1114 1695 1300 1740 corpus,
1314 1682 1406 1728 nisi
1427 1683 1705 1739 inquantum
1720 1686 1792 1726 est
1803 1681 1988 1726 animae>

90 1739 468 1789 instrumentum.
486 1746 605 1802 Ergo
621 1756 708 1789 nec
728 1744 987 1801 praemium,
1003 1756 1084 1789 seu
1103 1757 1240 1801 poena
1258 1744 1456 1790 debetur
1469 1744 1667 1801 corpori,
1682 1743 1771 1787 nisi
1786 1750 1973 1800 proptor

90 1802 309 1848 animam.
332 1806 431 1850 Non
455 1817 566 1862 ergo
586 1805 836 1862 requiritur
857 1806 982 1851 aliud
1006 1806 1234 1863 Judicium
1257 1806 1305 1850 in
1336 1804 1453 1865 fine,
1478 1806 1535 1850 ad
1559 1806 1646 1850 hoc
1675 1805 1801 1863 qued
1833 1805 1971 1849 homo

89 1865 353 1919 praemietur
370 1871 451 1912 aut
470 1868 691 1924 puniatur
711 1867 760 1912 in
787 1880 996 1926 corpore,
1015 1874 1183 1925 praeter
1205 1867 1321 1913 illud
1343 1880 1437 1925 quo
1461 1880 1587 1913 nunc
1610 1867 1871 1924 puniuntur
1890 1871 1972 1912 aut

27 1925 29 1928 '
87 1927 389 1982 praemiantur
409 1929 589 1975 animae.

142 1988 229 2033 Sed
251 1993 413 2034 contra
433 1995 506 2036 est
522 1991 647 2048 quod
665 1991 834 2036 dicitur
855 1993 1000 2047 (Joan.
1016 2005 1090 2047 xu,
1106 1994 1177 2045 48)
1199 2006 1210 2036 :
1239 1992 1394 2036 Sermo
1413 2004 1541 2047 quem
1561 1992 1733 2035 locutus
1756 2004 1871 2046 sum,
1895 1990 1971 2034 ille

64 2050 307 2105 'iudicabit
319 2064 421 2096 eum
441 2055 492 2096 in
511 2056 749 2097 novissimo
773 2054 863 2098 die.
888 2053 980 2098 Erit
1003 2065 1116 2110 ergo
1136 2053 1369 2110 quoddam
1390 2052 1619 2110 judicium
1644 2051 1692 2096 in
1716 2051 1970 2096 novissimo

87 2110 178 2165 die,
192 2116 358 2167 praeter
371 2113 597 2168 judicium
620 2115 745 2171 quod
765 2127 892 2160 nunc
914 2115 1083 2171 agitur.

72 2219 75 2226 ¹
133 2172 425 2214 CONCLUSIO.
451 2196 500 2204 —
520 2175 626 2216 Cum
643 2175 692 2216 de
707 2187 749 2216 re
770 2175 910 2228 aliqua
931 2174 1121 2215 mutabili
1146 2177 1240 2215 ante
1261 2175 1427 2225 plenam
1443 2174 1534 2225 eJus
1552 2174 1966 2227 consummationem,

87 2227 310 2279 perfectum
336 2228 540 2280 judicium
565 2230 653 2271 dari
683 2236 876 2283 nequeat,
907 2235 1049 2282 praeter
1076 2230 1285 2282 judicium
1309 2230 1419 2281 quod
1460 2230 1506 2270 in
1538 2229 1758 2281 cujuslibet
1787 2229 1969 2275 hominis

87 2283 217 2322 morte
238 2281 300 2332 fit,
323 2283 448 2324 finale
461 2285 666 2336 judicium
682 2297 765 2327 esse
782 2289 952 2337 oportet,
975 2286 1018 2325 in
1039 2284 1264 2326 novissimo
1287 2284 1368 2325 die.

142 2337 412 2395 Respondeo
435 2340 682 2387 dicendum
703 2342 827 2399 qued
841 2341 1070 2399 judicium
1093 2342 1151 2386 de
1169 2341 1323 2397 aliqua
1338 2353 1388 2385 re
1406 2340 1619 2384 mutabili
1644 2341 1845 2396 perfecte
1867 2343 1966 2390 dari

87 2411 180 2444 non
197 2404 349 2456 potest
372 2405 478 2446 ante
506 2403 610 2460 ejus
627 2404 1098 2459 consummationem3
1123 2404 1243 2448 sicut
1259 2402 1488 2460 Judicium
1512 2403 1569 2448 de
1591 2403 1746 2460 aliqua
1768 2404 1964 2464 actione,

87 2460 238 2518 qualis
255 2461 331 2519 sit,
352 2461 552 2518 perfecte
570 2464 668 2510 dari
689 2477 781 2510 non
811 2470 979 2523 potest,
1005 2465 1255 2522 antequam
1279 2465 1338 2509 sit
1359 2469 1682 2509 consummata
1705 2469 1751 2510 et
1774 2466 1822 2510 in
1848 2479 1899 2512 se
1919 2474 1967 2514 et

87 2521 135 2566 in
179 2522 279 2568 suis
310 2523 578 2570 effectibus:
602 2526 711 2583 quia
745 2528 906 2572 multae
940 2527 1146 2572 actiones
1181 2526 1397 2571 videntur
1436 2539 1540 2571 esse
1573 2526 1727 2584 utiles,
1768 2539 1873 2584 quae
1910 2543 1965 2574 ex

89 2583 328 2634 effectibus
368 2586 747 2634 demonstrantur
782 2588 961 2634 nocivae
983 2603 995 2644 3
1037 2594 1084 2634 et
1123 2589 1333 2634 similiter
1375 2588 1433 2633 de
1474 2588 1661 2633 homine
1701 2588 1857 2645 aliquo
1890 2591 1965 2649 Ju-

89 2645 260 2691 dicium
278 2648 478 2704 perfecte
497 2649 597 2694 dari
616 2662 711 2695 non
727 2655 893 2707 potest,
910 2651 1062 2707 quoad
1081 2650 1184 2707 ers
1198 2651 1292 2695 vita
1307 2650 1595 2708 terminetur,
1620 2650 1675 2695 ee
1697 2650 1822 2707 qued
1840 2654 1964 2698 mul-

89 2706 303 2764 tipliciter
319 2714 470 2765 potest
488 2711 657 2755 mutari
680 2711 737 2757 de
760 2712 882 2757 bono
903 2712 950 2755 in
974 2712 1164 2764 malum,
1188 2717 1269 2756 aut
1284 2711 1309 2756 e
1332 2723 1576 2767 converSO,
1597 2711 1672 2756 vel
1696 2711 1754 2756 de
1768 2711 1893 2758 hono
1913 2714 1962 2760 in

85 2768 272 2824 melius,
292 2774 372 2813 aut
385 2770 443 2814 de
461 2770 584 2816 malo
604 2771 652 2816 in
677 2773 826 2830 peJus.
854 2774 981 2818 Unde
1003 2774 1247 2829 Apostolus
1266 2773 1376 2817 dicit
1397 2773 1621 2827 (Hebr.1x‚
1643 2773 1715 2829 27)
1741 2773 1867 2830 qued
1883 2776 1962 2819 ho-

90 2829 280 2873 minibus
300 2833 516 2875 statutum
530 2836 596 2878 est
609 2834 742 2878 semel
761 2838 902 2891 mori5
914 2838 1014 2891 post
1031 2834 1115 2878 hoc
1130 2838 1281 2877 autem
1288 2836 1528 2891 judicium.
1547 2833 1792 2879 Sciendum
1806 2839 1962 2882 tamen

89 2890 213 2947 qued
237 2889 345 2936 licet
361 2904 443 2948 per
468 2899 659 2940 mortem
677 2895 772 2941 vita
792 2896 993 2941 hominis
1025 2897 1288 2953 temporalis
1313 2896 1584 2941 terminetur
1608 2897 1865 2942 secundum
1891 2912 1958 2956 se,

88 2957 296 2998 remanet
315 2959 467 2999 tamen
489 2967 547 3000 ex
579 2957 747 3002 futuris
770 2959 1026 3004 secundum
1047 2959 1157 3015 quid
1177 2959 1461 3015 dependens.
1481 2961 1578 3003 Uno
1597 2958 1784 3015 quidem
1803 2961 1956 3018 modo,

88 3015 343 3061 secundum
359 3016 480 3073 qued
505 3018 656 3064 adhuc
678 3020 791 3065 vivit
815 3021 863 3065 in
886 3021 1120 3065 memoriis
1140 3021 1397 3074 hominum,
1416 3021 1464 3065 in
1487 3021 1657 3078 quibus
1679 3022 1959 3079 quandoque

87 3082 245 3122 contra
271 3078 511 3123 veritatem
535 3085 744 3126 remanet
764 3082 897 3127 bonae
920 3084 1054 3127 famae
1079 3083 1151 3126 vel
1178 3084 1326 3127 malae.
1353 3083 1450 3127 Alio
1484 3083 1621 3127 modo
1651 3084 1698 3127 in
1728 3083 1849 3141 filiis,
1879 3085 1958 3141 qui

88 3142 199 3184 sunt
219 3139 351 3195 quasi
374 3140 545 3197 aliquid
568 3142 726 3200 patris,
753 3144 1011 3200 secundum
1034 3144 1146 3189 illud
1167 3145 1317 3197 (Eccli.
1342 3158 1439 3200 xxx,
1460 3147 1499 3195 4)
1526 3160 1536 3188 :
1568 3147 1770 3189 Mortuus
1793 3149 1859 3189 est
1873 3160 1957 3202 pa·-

88 3203 157 3243 ter
181 3201 294 3257 eJ'uS‚
328 3204 372 3243 ει
397 3205 526 3256 quasi
549 3215 637 3245 non
662 3207 727 3246 est
755 3208 974 3261 mortuus,
1009 3206 1200 3248 similem
1234 3208 1352 3248 enim
1376 3205 1557 3261 reliquit
1585 3206 1671 3250 sibi
1690 3210 1792 3262 posi
1813 3220 1887 3262 se,·
1914 3212 1956 3251 et

127 3295 170 3338 (4)
188 3296 226 3330 In
246 3296 308 3330 hoc
323 3296 466 3331 articulo
485 3298 520 3332 S.
540 3298 663 3332 Doctor
682 3298 808 3333 refellit
827 3310 978 3334 errorem
1061 3300 1201 3340 symboli
1219 3311 1228 3334 ι
1249 3301 1431 3336 Venturus
1450 3302 1686 3346 estjudieare
1701 3303 1799 3338 vivos
1813 3307 1846 3337 et
1862 3311 1952 3337 mor-

89 3345 330 3385 gnosticorum,
345 3344 571 3380 saducaeorum
593 3351 627 3382 et
654 3345 898 3386 flagellantium
919 3347 977 3387 qui
1063 3351 1152 3382 tuos.

89 3392 427 3434 negaruntjudicium
444 3394 643 3436 universale,
662 3401 779 3430 contra
794 3395 861 3429 haec
878 3396 977 3430 verba
1064 3396 1155 3479 1αὲξὲ
1166 3396 1305 3436 Vulgata
1329 3408 1337 3431 z
1357 3397 1440 3433 Non
1468 3403 1660 3440 consurget
1682 3399 1821 3441 dnpleae
1846 3397 1950 3432 tribu·
