2170 3808
760 250 957 300 QUAEST.
987 249 1093 303 xrx,
1123 247 1241 290 ART.
1271 245 1306 290 1.
1576 262 1579 265 -
1894 245 1977 286 177

142 330 428 371 CONCLUSIO.
447 351 493 359 —
512 328 604 368 Non
622 338 768 378 unam,
790 328 859 369 sed
881 330 983 369 duas
1002 329 1252 379 operationes
1270 336 1354 365 esse
1372 324 1417 364 in
1435 323 1596 365 Christo
1618 322 1881 363 asserendum
1897 327 1974 384 pst,

97 383 193 424 cum
217 385 364 424 sintin
383 384 455 424 illo
473 383 564 423 duae
585 387 757 431 naturae,
772 383 916 422 divina
937 382 1090 423 scilicet
1102 386 1142 421 et
1164 380 1361 429 humana,
1383 390 1561 430 quarum
1578 381 1753 428 utraque
1775 386 1977 428 propriam

99 438 274 478 formam
291 443 331 479 et
350 439 562 486 virtutem,
585 449 655 494 per
673 448 800 489 quam
822 441 1026 488 operatur,
1048 435 1209 475 habeat.

149 501 416 558 Respondeo
437 500 683 546 dicendum
699 500 821 557 quod
845 499 1044 544 haeretici
1065 510 1206 554 supra
1227 496 1337 541 dicti
1357 498 1418 551 (1)
1435 498 1620 553 (quaest.
1642 507 1781 552 praec.
1807 498 1893 538 art.
1913 498 1933 539 4
1947 498 1973 548 ).

97 562 176 618 qui
212 566 466 620 posuerunt
483 562 539 617 ,in
562 562 739 606 Christo
767 572 910 605 unam
938 560 1241 614 voluntatem,
1264 561 1523 615 posuerunt
1549 557 1688 601 etiam
1723 555 1771 600 in
1801 555 1979 599 Christo

98 636 240 668 unam
262 624 588 680 operationem.
607 626 660 667 Et
678 627 730 667 ut
750 635 912 667 eorum
928 621 1084 678 opinio
1101 632 1294 665 erronea
1314 619 1481 662 melius
1499 617 1802 674 intelligatur,
1820 617 1977 661 consi-

99 684 351 732 derandum
360 690 430 730 est
444 685 567 741 quod
576 685 859 741 ubicumque
870 691 982 728 sunt
988 683 1122 740 plura
1133 681 1318 738 agentia
1327 680 1554 735 ordinata,
1564 679 1758 724 inferius
1768 683 1980 723 movetur

97 745 125 790 a
143 747 382 805 superiori,
399 747 519 792 sicut
535 746 585 791 in
605 747 791 792 homine
807 757 975 802 corpus
995 750 1207 789 movetur
1220 743 1280 787 ab
1299 742 1470 797 anima,
1493 744 1540 785 et
1553 739 1796 785 inferiores
1815 739 1937 784 vires
1952 741 1979 783 a

96 807 287 853 ratione.
313 807 383 852 Sic
401 808 542 863 igitur
559 807 764 852 actiones
778 812 825 852 et
838 811 993 851 motus
1014 805 1244 850 inferioris
1266 802 1479 861 principii
1502 808 1610 847 sunt
1624 801 1775 857 magis
1792 806 1980 857 operata

95 869 307 925 quaedam
330 868 469 926 quam
488 869 793 925 operationes.
820 867 869 911 ld
888 873 1043 911 autem
1068 866 1192 923 quod
1219 865 1419 922 pertinet
1440 864 1499 908 ad
1519 874 1789 920 supremum
1811 862 1979 917 princi-

96 929 244 987 pium,
273 934 344 974 est
364 930 547 987 proprie
565 930 794 987 operatio3
829 928 941 986 puta
970 929 1009 972 si
1029 928 1237 973 dicamus
1267 926 1316 970 in
1345 925 1547 980 homine,
1578 924 1702 981 quod
1723 923 1977 977 ambulare,

95 991 221 1048 quod
236 995 305 1036 est
321 992 511 1048 pedum,
526 996 571 1036 et
588 991 792 1048 palpare,
809 991 932 1047 quod
953 995 1025 1034 est
1042 1001 1285 1046 manuum,
1305 993 1416 1033 sunt
1432 987 1645 1044 quaedam
1660 985 1862 1030 hominis
1875 997 1982 1041 ope-

96 1057 210 1109 rata,
234 1065 431 1109 quorum
461 1065 608 1097 unum
629 1057 846 1109 operatur
864 1051 1016 1095 anima
1034 1063 1115 1107 per
1135 1051 1293 1108 pedes,
1313 1049 1440 1094 aliud
1467 1061 1550 1105 per
1574 1060 1769 1092 manus:
1799 1052 1846 1092 et
1872 1047 1982 1103 quia

96 1119 168 1158 est
186 1115 343 1160 eadem
370 1115 525 1159 anima
542 1127 740 1172 operans
770 1126 851 1170 per
867 1118 1135 1169 utrumque,
1165 1124 1223 1157 ex
1250 1116 1381 1168 parte
1408 1111 1557 1167 ipsius
1578 1109 1829 1167 operantis,
1855 1110 1981 1166 quod

97 1180 169 1220 est
178 1176 378 1233 primum
390 1177 662 1234 principium
676 1187 887 1231 movens,
902 1179 973 1219 est
986 1187 1081 1218 una
1095 1178 1141 1218 et
1157 1173 1424 1218 indifferens
1434 1172 1639 1230 operatio
1652 1188 1665 1227 ς
1685 1184 1744 1216 ex
1756 1177 1885 1228 parte
1898 1184 1981 1216 au-

98 1241 191 1280 tem
212 1237 416 1295 ipsorum
434 1242 724 1295 operatorum
742 1236 1000 1281 differentia
1014 1236 1264 1280 invenitur.
1286 1235 1410 1280 Sicut
1427 1240 1582 1279 autem
1600 1235 1648 1279 in
1665 1234 1850 1278 homine
1863 1246 1979 1289 puro

97 1310 265 1354 corpus
284 1304 492 1344 movetur
510 1299 569 1343 ab
584 1299 753 1355 anima,
774 1304 820 1342 et
834 1297 1065 1354 appetitus
1084 1297 1333 1341 sensitivus
1349 1296 1376 1340 a
1390 1296 1620 1352 rationali,
1639 1295 1702 1339 ita
1719 1295 1767 1339 in
1789 1296 1980 1339 Domino

96 1361 201 1404 Iesu
222 1361 396 1405 Christo
418 1362 623 1421 humana
643 1365 808 1404 natura
829 1359 1119 1413 movebatur,
1142 1363 1189 1403 et
1204 1358 1452 1415 regebatur
1470 1359 1498 1401 a
1517 1358 1691 1402 divina.
1709 1359 1762 1400 Et
1781 1357 1885 1401 ideo
1909 1357 1983 1402 di-

97 1421 262 1465 cebant
278 1421 403 1478 qued
430 1422 593 1466 eadem
619 1427 690 1466 est
706 1421 927 1478 operatio,
951 1426 998 1465 et
1026 1419 1295 1465 indifferens
1312 1432 1371 1464 ex
1392 1424 1524 1476 parte
1552 1419 1700 1475 ipsius
1729 1418 1982 1463 divinitatis

97 1484 350 1539 operantis3
371 1490 483 1528 sunt
499 1488 655 1528 tamen
672 1483 855 1527 diversa
875 1487 1078 1539 operata,
1102 1481 1382 1538 inquantum
1399 1481 1575 1526 scilicet
1592 1481 1806 1526 diviuitas
1821 1480 1982 1525 Christi

98 1544 222 1589 aliud
242 1546 408 1601 agebat
431 1558 513 1602 per
531 1545 747 1602 seipsam,
777 1544 898 1588 sicut
924 1543 1050 1599 quod
1071 1543 1283 1599 portabat
1301 1543 1459 1587 omnia
1491 1542 1638 1587 Verbo
1657 1542 1843 1586 virtutis
1865 1554 1980 1598 suae,

99 1605 224 1650 aliud
245 1612 401 1650 autem
432 1618 513 1662 per
542 1607 791 1649 humanam
819 1609 1050 1660 naturam,
1073 1604 1195 1648 sicut
1223 1603 1349 1660 quod
1371 1603 1670 1660 corporaliter
1697 1603 1978 1648 ambulabat.

100 1669 224 1712 Unde
255 1668 304 1711 in
326 1672 457 1712 sexta
484 1668 664 1725 synodo
689 1667 879 1721 (scilicet
902 1669 1053 1710 Const.
1089 1680 1150 1721 111,
1176 1677 1334 1721 gener.
1370 1668 1412 1721 6,
1444 1671 1535 1710 act.
1558 1668 1629 1721 10,
1653 1664 1775 1709 inter
1792 1666 1915 1709 med.
1936 1670 1984 1710 et

100 1729 198 1783 fin.)
221 1729 505 1774 inducuntur
528 1729 669 1774 verba
692 1728 844 1773 Severi
865 1727 1067 1772 haeretici
1085 1728 1152 1772 sic
1171 1727 1397 1772 dicentis:
1425 1744 1446 1766 «ι
1462 1729 1524 1770 Ea
1543 1739 1647 1784 quae
1665 1726 1923 1783 agebantur
1934 1735 1982 1772 et

99 1790 407 1846 operabantur
440 1791 499 1834 ab
526 1803 621 1835 uno
642 1791 833 1845 Christo,
858 1790 1057 1834 multum
1079 1789 1328 1835 differunt:
1366 1789 1580 1846 quaedam
1601 1789 1727 1834 enim
1754 1794 1866 1834 sunt
1890 1792 1982 1834 Deo

86 1851 311 1908 *decibilia
337 1854 414 1908 (2),
436 1852 648 1908 quaedam
678 1851 904 1907 humana3
935 1851 1078 1895 veluti
1100 1851 1397 1908 corporaliter
1423 1851 1592 1896 vadere
1624 1863 1766 1907 super
1792 1855 1979 1906 terram,

99 1913 303 1968 profecto
323 1914 576 1957 humanum
603 1917 703 1957 est:
722 1913 936 1957 cruribus
955 1912 1066 1958 vero
1081 1913 1276 1966 vexatis,
1296 1918 1343 1957 et
1366 1913 1605 1957 ambulare
1636 1925 1778 1969 super
1811 1919 1982 1958 terram

99 1974 283 2029 penitus
301 1987 395 2018 non
414 1974 688 2029 valentibus,
703 1986 871 2019 sanum
890 1985 1102 2030 gressum
1117 1975 1307 2029 donare,
1322 1978 1413 2019 Deo
1430 1974 1624 2019 decibile
1637 1980 1724 2018 est.
1739 1975 1826 2018 Sed
1838 1987 1979 2031 unus,

99 2035 287 2091 scilicet,
307 2035 600 2080 incarnatum
622 2036 837 2090 Verbum,
861 2037 948 2080 hoc
971 2041 1017 2080 et
1038 2036 1152 2081 illud
1172 2041 1390 2093 operatus
1405 2040 1496 2091 est,
1514 2041 1560 2080 et
1582 2048 1879 2092 nequaquam
1894 2037 1983 2082 hoc

97 2097 284 2152 quidem
315 2097 470 2154 hujus,
496 2098 582 2141 hoc
615 2098 724 2141 vero
752 2098 894 2153 hujus
922 2103 993 2142 est
1017 2102 1224 2142 naturae:
1256 2110 1410 2154 neque
1431 2098 1486 2142 eo
1514 2098 1638 2154 quod
1671 2098 1852 2143 diversa
1872 2105 1982 2144 sunt

97 2163 407 2214 operamenta,
429 2157 534 2202 ideo
553 2158 670 2203 duas
692 2158 972 2214 operatrices
990 2163 1198 2214 naturaS,
1212 2164 1349 2214 atque
1364 2159 1536 2203 formas
1544 2158 1670 2215 Juste
1681 2159 1976 2205 definimus.»

99 2219 184 2264 Sed
203 2219 251 2264 in
271 2220 358 2264 hoc
378 2219 744 2276 decipiebantur;
765 2220 875 2276 quia
893 2219 1011 2264 actio
1030 2221 1132 2277 eJus
1156 2220 1282 2276 quod
1303 2225 1516 2265 movetur
1533 2220 1591 2265 ah
1618 2220 1779 2278 altero,
1803 2228 1876 2266 est
1893 2222 1980 2267 du-

98 2280 230 2336 plex:
265 2293 358 2325 una
380 2281 564 2338 quidem
585 2293 725 2338 quam
761 2281 901 2326 habet
923 2282 1182 2326 secundum
1206 2282 1438 2338 propriam
1461 2282 1679 2339 formam3
1705 2281 1794 2326 alia
1824 2290 1979 2329 autem

99 2354 238 2397 quam
252 2342 388 2387 habet
405 2343 662 2387 secundum
678 2343 801 2399 quod
816 2348 1028 2387 movetur
1045 2344 1104 2386 ab
1120 2343 1210 2387 alio
1227 2358 1238 2386 :
1256 2344 1375 2388 sieut
1389 2344 1565 2388 securis
1583 2344 1789 2400 operatio
1811 2357 1980 2390 secun-

99 2402 210 2447 dum
225 2404 454 2460 propriam
471 2404 665 2448 formam
686 2409 757 2448 est
770 2404 956 2460 incisio3
976 2405 1233 2448 secundum
1248 2410 1403 2449 autem
1421 2405 1547 2462 qued
1567 2410 1778 2450 movetur
1793 2405 1852 2450 ab
1870 2407 1980 2451 arti-

97 2463 197 2520 fiee,
232 2465 434 2521 operatio
455 2466 558 2522 eJus
586 2471 657 2510 est
679 2466 828 2510 facere
853 2478 1112 2510 scamnum.
1137 2466 1347 2522 Operatio
1378 2466 1520 2522 igitur
1549 2480 1654 2524 quae
1682 2472 1755 2511 est
1782 2467 1982 2525 aliquus

98 2524 164 2569 rei
186 2526 441 2571 secundum
459 2538 592 2570 suam
614 2527 827 2582 formam,
851 2531 921 2571 est
941 2526 1126 2583 propria
1148 2527 1267 2583 ejus,
1289 2540 1376 2572 nec
1395 2528 1594 2584 pertinet
1611 2528 1672 2572 ad
1698 2534 1979 2585 moventem,

98 2585 188 2629 nisi
211 2587 465 2631 secundum
484 2587 609 2644 quod
626 2587 768 2632 utitur
786 2587 863 2644 huj
872 2587 1052 2632 usmodi
1068 2599 1118 2632 re
1134 2588 1192 2633 ad
1214 2600 1348 2632 suam
1371 2590 1707 2645 operationem;
1725 2591 1845 2634 sicut
1858 2591 1980 2635 cale-

98 2646 249 2692 facere
280 2653 350 2692 est
383 2649 568 2704 propria
601 2649 807 2706 operatio
840 2650 980 2707 ignis,
1012 2662 1108 2693 non
1135 2655 1292 2694 autem
1311 2650 1445 2707 fabri,
1472 2651 1561 2695 nisi
1582 2655 1811 2706 quate-nus
1835 2653 1980 2698 utitur

99 2708 206 2764 igne
225 2709 284 2754 ad
303 2709 662 2756 calefaciendum
679 2712 869 2756 ferrum.
891 2711 978 2756 Sed
1003 2711 1081 2755 illa
1104 2712 1307 2768 operatio
1326 2724 1431 2768 quae
1448 2717 1521 2756 est
1548 2713 1613 2758 rei
1637 2714 1787 2757 solum
1809 2726 1980 2760 secun-

101 2769 212 2814 dum
229 2770 353 2826 quod
371 2776 582 2817 movetur
602 2772 661 2817 ab
679 2773 785 2830 alio,
808 2786 903 2817 non
925 2778 997 2818 est
1014 2773 1105 2818 alia
1124 2778 1292 2830 praeter
1320 2774 1634 2830 operationem
1655 2776 1884 2820 moventis
1905 2777 1979 2833 ip-

102 2842 225 2886 sam3
243 2831 360 2876 sicut
374 2832 520 2878 facere
538 2846 781 2879 scamnum
795 2848 890 2879 non
909 2840 980 2880 est
998 2836 1208 2880 seorsum
1223 2835 1429 2890 operatio
1444 2836 1623 2880 securis
1640 2835 1699 2879 ab
1713 2838 1978 2892 operatione

102 2893 286 2937 artificis
314 2895 398 2949 (3),
421 2895 502 2940 sed
526 2897 702 2942 securis
723 2898 963 2955 participat
996 2898 1407 2943 instrumentaliter
1434 2898 1748 2954 operationem
1770 2900 1974 2946 artificis.

100 2955 154 2998 Et
166 2954 269 2998 ideo
286 2955 565 3012 ubicumque
586 2970 779 3004 movens
796 2964 842 3004 et
859 2964 1037 3004 motum
1050 2959 1221 3003 habent
1238 2959 1444 3004 diversas
1458 2960 1648 3016 formas,
1677 2971 1762 3004 seu
1782 2960 1979 3010 virtutes

100 3016 372 3074 operativas,
392 3016 455 3061 ihi
471 3023 649 3074 oportet
666 3020 789 3076 quod
805 3022 865 3066 sit
878 3022 968 3066 alia
986 3022 1190 3078 operatio
1209 3021 1456 3078 moventis,
1479 3026 1525 3066 et
1540 3022 1629 3065 alia
1648 3023 1854 3079 operatio
1867 3038 1975 3081 pro-

99 3077 198 3133 pria
220 3079 360 3123 moti:
385 3079 490 3123 lieet
507 3085 684 3125 motum
713 3083 952 3139 participet
980 3084 1295 3140 operationem
1320 3083 1565 3140 moventiS,
1592 3089 1639 3128 et
1658 3096 1851 3130 movens
1870 3092 1978 3132 uta-

101 3142 178 3183 tur
198 3141 462 3195 operatione
483 3142 610 3198 moti,
633 3147 680 3187 et
709 3144 776 3188 sic
796 3149 1047 3203 utrumque
1069 3150 1176 3202 agat
1198 3157 1306 3189 cum
1327 3146 1649 3191 communione
1675 3146 1880 3192 alterius.
1905 3150 1976 3194 Sic

139 3267 185 3309 (Ι)
220 3266 358 3301 Scilicet
387 3267 552 3302 Macarius
591 3268 846 3313 Antiochenus‚
891 3273 994 3312 Cyrus
1077 3283 1155 3306 nem
1177 3275 1226 3308 est
1250 3273 1316 3308 alia
1338 3275 1488 3315 operatio
1510 3275 1551 3309 ab
1579 3286 1617 3309 ea
1638 3287 1711 3316 qum
1733 3276 1870 3317 proprie
1886 3276 1974 3311 fabri

100 3314 356 3353 Alexandrinus.
378 3315 512 3354 Sergius
531 3317 928 3358 constantinopolitanus.
1078 3326 1138 3362 est,
1160 3320 1239 3354 licet
1262 3321 1371 3362 quoad
1393 3323 1591 3357 exercitium
1606 3323 1651 3357 sit
1671 3323 1801 3364 eadem,
1823 3323 1900 3363 quia
1913 3335 1974 3364 por

141 3361 183 3401 (2)
198 3362 294 3395 Idest
308 3365 545 3405 conor-nentia
557 3365 643 3404 Deo,
654 3375 702 3399 ex
714 3370 993 3409 ςινωοοοιοπριπῆ.
1077 3366 1174 3400 illum
1203 3367 1325 3402 scindit
1345 3370 1459 3411 faber,
1483 3382 1546 3404 nec
1563 3371 1632 3410 ipsa
1658 3370 1782 3404 scindit
1809 3369 1873 3404 nisi
1896 3372 1973 3404 cum

141 3409 184 3449 (5)
203 3407 318 3449 Neque
333 3410 440 3450 quoad
455 3411 745 3453 specificationem,
762 3425 869 3454 neque
885 3415 994 3454 quoad
1078 3415 1267 3456 applicatur
1284 3416 1324 3451 ad
1340 3417 1574 3453 scindendum.

99 3456 320 3504 exercitium5
348 3457 434 3492 sicut
460 3458 610 3494 scindere
641 3460 750 3503 quoad
775 3462 993 3503 specificatio·
