2170 3808
657 214 855 265 QUAEST.
888 213 1043 267 LXVII,
1076 213 1193 255 ART.
1225 213 1278 254 lv
1306 213 1371 254 ET
1401 212 1450 255 V.
1969 212 2047 254 581

156 294 323 339 mulier
341 295 390 338 in
411 307 525 339 casu
545 294 835 338 necessitatis
851 293 1098 350 baptizare.
1128 292 1171 336 Si
1201 297 1358 338 tamen
1378 291 1545 338 mulier
1564 291 1708 336 etIam
1741 295 1871 336 extra
1889 303 2051 335 casum

157 355 448 400 necessitatis
482 355 750 414 baptizaret,
778 367 870 399 non
894 359 1020 399 esset
1047 353 1424 414 rebaptizandus,
1447 354 1570 399 sicut
1590 353 1712 398 etde
1733 352 1853 396 laico
1876 352 2051 397 dictum
2113 367 2115 369 ’

157 420 229 461 est
251 419 355 469 (ant.
389 418 575 473 praec.);
601 422 813 472 peccaret
835 422 991 460 tamen
1017 414 1119 472 ipsa
1138 415 1396 472 baptizans,
1422 421 1469 460 et
1491 415 1568 459 alii
1591 415 1671 471 qui
1697 414 1754 458 ad
1774 416 1862 459 hoc
1879 425 2049 470 coope-

155 482 386 534 rarentur,
409 477 484 522 vel
505 477 791 534 baptismum
821 479 881 522 ab
908 490 964 522 ea
989 476 1304 534 suscipiendo,
1324 477 1401 522 vel
1422 477 1465 522 ei
1491 477 1821 533 baptizandum
1847 475 2051 533 aliquem

156 538 410 584 offerendo.

211 602 553 644 ARTICULUS
580 602 641 644 V.
667 625 724 633 —
747 614 880 644 uranu
909 613 992 644 non
1025 612 1271 645 narramus
1304 612 1446 645 Possn·
1477 612 1783 644 sacmnmruii
1813 611 1996 643 mr'rism

945 675 1162 706 conranni:
1181 663 1258 716 (1).
1555 666 1558 668 ’

634 731 683 766 De
701 730 754 766 his
771 731 874 766 etiam
885 742 999 771 supra,
1016 735 1082 765 art.
1099 731 1132 770 5.
1150 735 1185 765 et
1199 730 1283 765 locis
1295 729 1422 765 ibidem
1436 730 1571 765 notatis.

209 784 277 829 Ad
297 785 513 841 quintum
547 785 616 829 sic
648 785 927 842 proceditur.
952 788 994 830 1.
1019 784 1206 828 Videtur
1229 784 1352 841 quod
1372 785 1448 829 ille
1467 783 1548 841 qui
1578 796 1673 828 non
1703 787 1776 829 est
1792 783 2050 840 baptizatus

157 858 253 891 non
284 846 430 903 possit
460 851 808 892 sacramentum
840 846 1059 903 baptismi
1089 847 1318 891 conferre.
1347 846 1511 891 Nullus
1540 845 1665 891 enim
1695 846 1774 891 dat
1803 845 1929 901 quod
1953 855 2049 888 non

155 907 311 953 habet.
344 908 431 952 Sed
454 921 547 952 non
584 909 843 966 baptizatus
874 921 969 953 non
1001 907 1140 952 habet
1163 912 1510 954 sacramentum
1541 907 1773 964 baptismi.
1806 910 1924 963 Ergo
1954 918 2046 950 non

156 974 308 1026 potest
321 970 476 1026 ipsum
491 971 718 1016 conferre.

210 1034 253 1077 2.
273 1035 514 1092 Praeterea,
537 1039 884 1079 sacramentum
908 1033 1128 1090 baptismi
1158 1033 1338 1077 confert
1358 1033 1543 1090 aliquis,
1563 1032 1846 1090 inquantum
1871 1034 1941 1075 est
1966 1030 2050 1074 mi-

158 1093 303 1138 nister
321 1095 553 1140 Ecclesiae.
586 1095 672 1140 Sed
694 1095 771 1140 ille
790 1095 870 1151 qui
893 1107 986 1139 non
1006 1099 1078 1139 est
1117 1093 1397 1150 baptizatus,
1418 1094 1549 1138 nullo
1585 1094 1725 1139 modo
1747 1092 1948 1149 pertinet
1990 1091 2049 1135 ad

157 1159 422 1217 Ecclesiam,
442 1160 621 1206 scilicet
639 1172 728 1205 nec
746 1173 813 1216 re,
839 1172 927 1204 nec
945 1165 1251 1204 sacramento.
1278 1162 1398 1215 Ergo
1419 1171 1515 1203 non
1531 1163 1684 1214 potest
1704 1160 2049 1202 sacramentum

156 1220 373 1277 baptismi
389 1223 617 1267 conferre.

213 1287 256 1328 3.
295 1286 533 1338 Praeterea,
555 1284 709 1339 majus
731 1287 803 1327 est
825 1286 1168 1326 sacramentum
1189 1281 1399 1326 conferre
1414 1281 1555 1337 quam
1570 1281 1824 1337 suscipere.
1850 1278 1937 1323 Sed
1953 1291 2048 1323 non

156 1344 416 1399 baptizatus
435 1356 527 1388 non
546 1349 697 1400 potest
715 1344 804 1388 alia
818 1347 1108 1388 sacramenta
1137 1342 1390 1399 suscipere.
1412 1345 1531 1398 Ergo
1551 1342 1697 1387 multo
1720 1341 1877 1386 minus
1896 1344 2049 1396 potest

156 1405 344 1462 aliquod
365 1411 708 1450 sacramentum
723 1406 950 1450 conferre.

212 1467 300 1513 Sed
321 1472 484 1512 eontra
505 1474 575 1513 est
595 1468 722 1524 quod
740 1468 944 1512 Isidorus
960 1467 1071 1512 dicit
1084 1466 1296 1519 (habetur
1310 1479 1412 1523 cap.
1432 1470 1482 1510 Si
1503 1470 1602 1523 quis
1619 1479 1702 1524 per
1719 1467 2045 1523 ignorantiam,

155 1533 199 1585 1,
224 1534 391 1586 quaest.
417 1530 477 1583 1)‘:
502 1547 523 1568 ιι
547 1533 786 1574 Romanus
808 1529 1017 1586 pontifex
1038 1542 1133 1573 non
1152 1529 1388 1573 hominem
1407 1528 1586 1585 judicat
1625 1528 1704 1585 qui
1725 1526 1944 1583 baptizat,
1966 1526 2045 1571 sed

157 1590 375 1647 Spiritum
396 1591 474 1635 Dei
497 1591 852 1636 subministrare
874 1591 1070 1646 gratiam
1101 1590 1335 1647 baptismi,
1359 1591 1466 1634 licet
1483 1602 1697 1648 paganus
1720 1589 1780 1633 sit
1798 1588 1878 1645 qui
1899 1587 2050 1644 bapti-

156 1656 246 1696 zat.
268 1671 289 1691 n
329 1652 416 1697 Sed
455 1652 535 1696 ille
558 1653 637 1710 qui
671 1657 743 1697 est
759 1652 1036 1710 baptizatus,
1059 1665 1155 1696 non
1178 1652 1346 1697 dicitur
1378 1664 1607 1708 paganus.
1631 1654 1752 1707 Ergo
1776 1650 1918 1695 etiam
1953 1661 2048 1697 non

155 1712 416 1770 baptizatus
439 1719 592 1770 potest
613 1714 821 1759 conferre
844 1719 1191 1759 sacramentum
1216 1715 1451 1771 baptismi.

203 1781 489 1821 CONCLUSIO.
518 1803 566 1811 -—
590 1782 726 1821 Potest
748 1793 831 1821 non
854 1781 1086 1833 baptizatus
1107 1781 1363 1832 baptismum
1394 1782 1438 1820 in
1459 1780 1593 1821 debita
1624 1779 1809 1820 Ecclesiae
1830 1778 1983 1826 forma,
2009 1781 2049 1817 et

154 1836 201 1875 in
224 1847 319 1876 casu
349 1836 599 1877 necessitatis
625 1836 821 1885 conferre,
846 1844 931 1888 'quo
955 1848 1038 1876 non
1066 1840 1300 1877 occurrente
1321 1837 1358 1877 si
1384 1836 1609 1887 baptizaret
1636 1835 1813 1886 graviter
1835 1837 2046 1884 peccaret,

154 1896 438 1931 verumtamen
462 1895 766 1932 sacramentum
789 1891 985 1942 baptismi
1007 1892 1218 1932 conferret.

211 1954 484 2011 Respondeo
503 1954 753 1999 dicendum
773 1954 896 2010 quod
929 1955 1051 1998 hanc
1087 1955 1394 2011 quaestionem
1413 1953 1701 2010 Augustinus
1721 1950 2048 1996 indetermina-

157 2019 251 2060 tam
274 2016 471 2073 reliquit.
503 2016 618 2060 Dicit
650 2016 777 2061 enim
808 2018 988 2069 (Contra
1009 2017 1259 2074 Epistolam
1275 2016 1585 2074 parmeniani,
1616 2015 1699 2059 lib.
1735 2028 1780 2073 11,
1801 2026 1904 2068 cap.
1930 2015 2001 2069 13,
2020 2012 2048 2056 a

155 2076 298 2132 med.)
320 2091 333 2121 ε
358 2094 378 2115 «
402 2080 506 2122 Haec
524 2078 713 2134 quidem
730 2077 821 2121 alia
837 2078 1034 2134 quaestio
1054 2082 1141 2134 est,
1173 2082 1328 2123 utrum
1352 2085 1397 2122 et
1420 2078 1479 2122 ab
1498 2077 1570 2121 his
1585 2077 1664 2134 qui
1687 2074 1928 2131 nunquam
1951 2075 2048 2118 fue-

154 2145 266 2183 runt
282 2138 536 2196 christiani,
555 2139 702 2194 possit
721 2139 981 2196 baptismus
1002 2139 1100 2185 dari
1119 2155 1131 2195 ς
1158 2152 1243 2184 nec
1273 2139 1449 2196 aliquid
1478 2138 1652 2184 temere
1684 2137 1793 2181 inde
1813 2136 2048 2180 affirman-

155 2200 268 2247 dum
290 2206 378 2257 est,
398 2201 499 2246 sine
522 2202 795 2246 auctoritate
815 2202 928 2246 tanti
952 2203 1153 2259 concilii,
1174 2203 1399 2259 quantum
1421 2206 1560 2246 tantae
1580 2200 1648 2244 rei
1666 2198 1852 2244 sufficit.
1874 2216 1894 2235 υ
1916 2199 2049 2242 Post-

154 2263 347 2307 modum
368 2262 480 2307 vero
501 2276 584 2319 per
600 2263 848 2307 Ecclesiam
864 2264 1222 2308 determinatum
1238 2268 1310 2309 est
1326 2263 1452 2320 quod
1470 2275 1564 2307 non
1587 2260 1819 2317 baptizati,
1840 2258 1939 2304 sive
1954 2259 2048 2303 sint

154 2323 316 2379 Judaei,
355 2324 452 2369 sive
475 2325 662 2380 pagani,
697 2329 895 2381 possunt
917 2330 1262 2370 sacramentum
1301 2324 1519 2381 baptismi
1541 2324 1767 2376 conferre,
1796 2321 2048 2366 dummodo

154 2386 202 2431 in
222 2386 370 2431 forma
399 2387 614 2432 Ecclesiae
641 2386 888 2443 baptizent.
911 2388 1039 2432 Unde
1065 2388 1312 2433 Nicolausl
1331 2400 1451 2444 papa
1470 2385 1722 2443 respondet
1740 2387 1818 2438 (De
1836 2395 2044 2428 consecr.

154 2448 262 2493 dist.
284 2451 329 2503 4,
351 2460 455 2504 cap.
477 2452 547 2504 24,
570 2449 629 2493 ad
651 2449 866 2493 consulta
893 2450 1076 2505 Bulgar.
1099 2463 1201 2507 cap.
1223 2451 1322 2504 104)
1343 2465 1354 2494 :
1384 2468 1404 2488 «
1424 2453 1459 2494 A
1480 2448 1683 2505 quodam
1705 2447 1879 2501 Judaeo,
1897 2446 2048 2491 nesci-

153 2508 214 2553 tis
232 2510 390 2553 utrum
416 2509 683 2566 christiano,
707 2522 767 2554 an
790 2522 974 2567 pagano
997 2513 1072 2567 (2),
1096 2511 1269 2556 multos
1292 2512 1340 2555 in
1360 2510 1508 2568 patria
1527 2514 1683 2554 vestra
1702 2508 1908 2552 asseritis
1932 2507 2048 2564 bap—

153 2570 341 2628 tizatos3
365 2575 413 2616 et
441 2571 554 2628 quid
578 2571 690 2617 inde
716 2572 776 2616 sit
805 2573 1058 2629 agendum,
1087 2573 1349 2617 consulitis.
1371 2574 1423 2617 Hi
1457 2571 1678 2628 profecto,
1703 2569 1743 2614 si
1775 2570 1823 2613 in
1859 2569 2047 2615 nomIne

153 2637 330 2677 sanctae
351 2632 582 2677 Trinitatis
598 2633 816 2691 baptizati
836 2634 947 2689 sint,
969 2635 1242 2691 rebaptizari
1264 2647 1360 2679 non
1388 2634 1580 2689 debent,
1613 2652 1633 2671 υ
1661 2632 1700 2676 si
1722 2636 1876 2675 autem
1900 2631 2048 2675 forma

153 2694 368 2738 Ecclesiae
410 2706 505 2738 non
539 2695 680 2740 fuerit
713 2696 985 2751 observata,
1027 2702 1376 2741 sacramentum
1409 2695 1629 2752 baptismi
1667 2707 1761 2738 non
1793 2692 2045 2739 confertur.

152 2756 208 2798 Et
230 2754 297 2798 sic
332 2754 687 2811 intelligendum
731 2762 804 2803 est
847 2758 972 2814 quod
1009 2758 1257 2815 Gregorius
1291 2760 1345 2802 111
1379 2757 1541 2801 scribit
1561 2754 1795 2800 Bonifacio
1810 2754 2044 2811 episcopo,

154 2815 290 2871 epist.
314 2818 356 2869 1,
375 2827 480 2859 can.
502 2820 522 2860 1
552 2819 615 2870 (et
634 2816 829 2862 habetur
864 2822 926 2863 De
948 2825 1207 2864 consecrat.
1229 2831 1330 2873 cap.
1354 2821 1425 2871 52,
1443 2818 1551 2863 dist.
1573 2820 1643 2872 4):
1672 2835 1691 2855 «
1715 2819 1838 2869 Quos
1858 2815 1885 2859 a
1905 2827 2039 2871 paga-

151 2875 229 2920 nis
241 2875 421 2933 baptiza
429 2882 498 2921 tos
511 2889 615 2922 esse
627 2879 884 2935 asseruisti,
905 2880 1081 2925 scilicet
1095 2880 1313 2925 Ecclesiae
1331 2880 1480 2924 forma
1498 2892 1591 2923 non
1613 2880 1811 2932 servata,
1830 2882 1882 2921 ut
1895 2878 2048 2923 denuo

152 2936 360 2993 baptizes
375 2938 420 2981 in
442 2939 631 2983 nomine
649 2940 897 2997 Trinitatis,
914 2941 1502 2998 mandamus.»—Ethujus
1520 2941 1634 2985 ratio
1651 2945 1723 2985 est
1733 2939 1843 2996 quia
1856 2939 1978 2983 sicut
1988 2951 2047 2984 ex

152 3003 283 3056 parte
302 2999 525 3056 materiae,
547 3005 776 3058 quantum
801 3004 859 3047 ad
883 3004 1208 3048 necessitatem
1232 3003 1526 3059 sacramenti,
1545 3003 1718 3047 sufficit
1740 3013 2048 3058 quaecumque

152 3072 291 3117 aqua,
316 3061 380 3105 ita
396 3060 534 3105 etIam
564 3062 735 3107 sufficit
753 3075 807 3107 ex
833 3071 964 3120 parte
983 3065 1181 3109 ministri
1212 3065 1496 3122 quicumque
1528 3065 1682 3108 homo.
1712 3066 1764 3107 Et
1785 3062 1890 3108 ideo
1907 3062 2046 3107 etiam

153 3134 248 3167 non
281 3122 541 3179 baptizatus
574 3123 622 3166 in
655 3124 850 3169 articulo
890 3127 1181 3171 necessitatis
1210 3127 1441 3182 baptizare
1473 3130 1644 3183 potest,
1677 3130 1731 3170 ut
1767 3125 1807 3170 si
1836 3124 1929 3170 duo
1951 3136 2046 3168 non

193 3252 238 3305 (1)
258 3254 305 3286 De
330 3253 397 3288 fide
417 3259 468 3288 est
493 3255 698 3295 baptismum
724 3256 770 3290 ita
795 3256 957 3292 collatum
985 3270 1054 3292 esse
1138 3257 1302 3300 faciendi
1319 3258 1413 3300 quod
1433 3257 1523 3300 facit
1538 3258 1715 3299 Ecclesia,
1731 3267 1807 3292 non
1827 3267 1903 3292 esse
1916 3266 2044 3291 verum

155 3299 302 3333 validum
325 3303 416 3339 juxta
443 3301 529 3335 illud
551 3302 674 3336 concil.
694 3303 850 3337 Trident.
872 3306 959 3342 (sess.
984 3314 1050 3344 vn,
1139 3306 1384 3348 baptismum,·
1401 3307 1597 3339 anathema
1615 3306 1678 3340 sit.

154 3357 228 3380 can.
242 3347 275 3385 4)
293 3360 301 3379 :
319 3347 362 3381 St
378 3349 461 3391 quis
478 3349 617 3384 dimerse
631 3349 850 3392 baptismum
865 3353 927 3394 qui
945 3354 1055 3386 etiam
1181 3352 1226 3390 (2)
1248 3352 1362 3386 Judaeo
1383 3364 1503 3394 nempe
1530 3353 1678 3392 natione,
1704 3351 1763 3386 sed
1796 3353 1911 3386 utrum
1933 3351 2044 3385 chris-

153 3394 268 3428 datur
298 3395 341 3428 ab
374 3397 555 3431 haereticis
591 3399 633 3431 in
660 3400 807 3432 nomine
842 3400 968 3433 Patris
982 3425 990 3439 ‚
1023 3404 1056 3434 et
1142 3399 1235 3432 tiano
1255 3399 1459 3440 professione
1479 3399 1530 3433 vel
1545 3412 1674 3441 pagano
1692 3399 1845 3438 nescitis.
1864 3405 1929 3432 etc.

154 3440 263 3483 Filii,
301 3446 333 3477 et
366 3442 536 3484 Spiritus
566 3446 708 3485 sancti,
739 3456 818 3479 cum
853 3446 1057 3481 intentione
