2170 3808
239 251 296 294 66
914 251 1111 303 QUAEST.
1143 251 1217 307 VI,
1249 251 1366 294 ART.
1396 253 1464 295 VI.

300 334 640 377 ARTICULUS
654 335 737 376 VI.
752 358 805 364 —
822 346 959 376 arnum
975 347 1141 376 numm
1158 347 1314 376 NATURA
1332 348 1394 377 sn
1408 347 1613 378 ASSUMPTA
1630 348 1835 378 ιιεοιΑΝΤΕ
1852 347 1998 380 cnm-ul
2015 338 2086 392 (1).

248 407 298 442 De
313 407 367 443 his
381 408 484 443 etiam
506 410 601 443 Sent.
615 417 670 447 ιιι,
688 408 813 449 dist.2,
833 412 949 450 quoest.
964 417 1004 450 11,
1027 412 1094 443 art.
1112 409 1134 443 2
1148 415 1181 442 ct
1202 409 1279 442 dist.
1296 409 1349 446 ⁴5,
1364 415 1483 451 quoest.
1499 418 1551 450 ιιι.
1572 414 1637 445 art.
1658 411 1690 453 4,
1707 414 1741 444 et
1762 411 1808 444 Dc
1828 410 1927 460 verit3
1949 415 2064 452 quaest.
2079 418 2143 454 xx,

901 461 966 491 art.
983 457 1015 497 2,
1030 461 1065 492 et
1082 457 1205 498 opusc.
1232 466 1270 498 ιι,
1290 468 1363 498 cap.
1383 457 1459 492 202.

297 519 364 565 Ad
384 523 566 563 sextum
587 518 656 562 sic
673 518 953 575 proceditur.
975 522 1017 563 1.
1038 519 1225 564 Videtur
1244 519 1368 576 quod
1389 519 1529 565 Filius
1547 521 1625 567 Dei
1651 520 1956 578 assumpserit
1974 521 2145 567 huma-

241 592 351 625 nam
371 584 585 624 naturam
605 580 840 625 mediante
860 580 1022 638 gratia.
1041 583 1126 625 Per
1139 580 1334 636 gratiam
1354 580 1479 625 enim
1496 581 1688 627 unimur
1706 584 1811 627 Deo.
1833 583 1920 628 Sed
1938 583 2158 629 humana.

240 647 407 688 natura
435 642 484 687 in
515 643 694 689 Christo
722 644 926 689 maxime
957 644 1044 689 fuit
1079 645 1171 689 Deo
1201 645 1349 690 unita.
1377 647 1497 700 Ergo
1529 645 1607 691 illa
1638 645 1752 691 unio
1785 645 1907 691 facta
1938 646 2027 692 fuit
2061 659 2138 705 per

239 705 451 762 gratiam.

293 769 335 812 2.
368 769 609 825 Praeterea,
635 768 758 813 sicut
779 780 950 825 corpus
970 767 1085 812 vivit
1108 780 1193 825 per
1215 768 1417 813 animam
1431 803 1443 825 ,
1467 782 1572 827 quae
1594 774 1667 816 est
1691 771 1794 829 ejus
1818 769 2055 828 perfectiO,
2078 771 2145 816 ita

239 829 395 874 anima
414 842 496 888 per
513 831 724 888 gratiam.
743 832 829 875 Sed
849 831 1051 875 humana
1068 835 1233 875 natura
1250 831 1460 876 redditur
1474 829 1682 890 congrua
1701 833 1760 878 ad
1776 831 2143 890 assumptionem

238 903 321 949 per
338 893 542 938 animam
567 897 642 951 (2),
662 898 717 938 ut
738 893 913 939 dictum
937 898 1008 938 est
1031 896 1131 945 (art.
1155 896 1182 937 5
1201 893 1298 950 huj.
1321 896 1523 950 quaest.).
1545 897 1664 952 Ergo
1687 899 1734 940 et
1757 895 1914 939 anima
1934 905 2145 951 congrua

238 954 449 1001 redditur
462 956 522 1001 ad
540 956 909 1013 assumptionem
927 968 1011 1012 per
1027 955 1239 1012 gratiam.
1255 958 1375 1013 Ergo
1392 956 1535 1001 Filius
1553 957 1629 1002 Dei
1647 957 1902 1014 assumpsit
1919 956 2141 1015 animam,

237 1016 474 1063 mediante
497 1018 660 1074 gratia.

294 1080 338 1138 3.
368 1081 609 1137 Praeterea,
633 1079 921 1136 Augustinus
946 1079 1024 1134 (De
1045 1078 1204 1124 Trinit.
1228 1079 1309 1125 lib.
1332 1093 1405 1136 xv,
1429 1092 1530 1136 cap.
1556 1081 1628 1134 11)
1654 1079 1764 1125 dicit
1795 1079 1921 1137 quod
1940 1078 2143 1126 Verbum

232 1138 549 1197 incarnatum,
564 1146 634 1187 est
651 1142 774 1187 sicut
786 1141 981 1186 verbum
1000 1146 1209 1186 nostrum
1227 1141 1273 1186 in
1290 1153 1419 1186 voce.
1437 1141 1518 1186 Sed
1541 1140 1738 1186 verbum
1751 1146 1964 1186 nostrum
1981 1139 2143 1186 unitur

237 1201 367 1258 voci,
395 1203 627 1248 mediante
653 1203 833 1259 spiritu.
867 1205 988 1259 Ergo
1019 1203 1220 1247 Verbum
1249 1203 1327 1248 Dei
1357 1202 1519 1247 unitur
1549 1202 1677 1247 carni
1706 1202 1940 1247 mediante
1971 1201 2142 1259 Spiritu

237 1268 422 1322 sanct03
444 1269 491 1310 et
513 1265 577 1309 ita
597 1265 832 1310 mediante
853 1264 1016 1321 gratia,
1036 1277 1142 1322 quae
1172 1265 1355 1322 Spiritui
1387 1269 1550 1310 sancto
1576 1264 1842 1310 attribuitur
1869 1266 1945 1323 (3),
1968 1276 2140 1310 secun·

237 1325 349 1371 dum
367 1326 484 1372 illud
495 1330 545 1383 (Ι.
561 1329 661 1372 Cor.
679 1342 753 1384 xn,
771 1331 814 1382 4)
831 1342 842 1372 z
857 1331 1109 1371 Divisiones
1127 1331 1387 1384 qratiarum
1404 1332 1525 1384 sunt,
1546 1329 1669 1371 idem
1687 1331 1838 1371 autem
1852 1330 2054 1384 spiritu-5.

293 1389 378 1435 Sed
400 1394 561 1434 contra
582 1394 654 1436 est
675 1390 799 1447 quod
819 1389 968 1447 gratia
988 1394 1060 1435 est
1078 1390 1316 1450 quoddam
1341 1389 1558 1434 accidens
1581 1390 1765 1447 animae,
1788 1393 1842 1434 ut
1861 1389 1910 1433 in
1934 1388 2141 1435 secunda

235 1455 368 1507 parte
390 1451 599 1497 habitum
621 1457 693 1497 est
715 1456 751 1507 (1
776 1455 826 1509 2,
851 1455 1017 1508 quaest.
1041 1465 1116 1507 cx,
1145 1456 1229 1496 art.
1254 1455 1313 1505 2).
1337 1452 1452 1496 Unio
1475 1456 1631 1496 autem
1651 1451 1785 1496 Verbi
1807 1451 1867 1497 ad
1884 1450 2141 1498 humanam

235 1516 450 1558 naturam
472 1519 545 1559 est
566 1514 686 1559 facta
709 1514 969 1559 secundum
991 1514 1358 1570 subsistentiam,
1377 1518 1423 1559 et
1441 1526 1535 1558 non
1557 1513 1816 1559 secundum
1835 1513 2070 1571 accidens,
2086 1516 2141 1560 ut

235 1583 295 1617 ex
305 1585 446 1630 supra
459 1574 594 1620 dictis
609 1578 735 1632 patet
749 1576 932 1632 (quaest.
945 1588 992 1631 11,
1004 1578 1089 1619 art.
1101 1577 1158 1630 6).
1172 1577 1290 1632 Ergo
1303 1579 1470 1619 natura
1486 1575 1691 1619 humana
1706 1587 1802 1619 non
1814 1579 1886 1620 est
1899 1578 2138 1632 assumpta

234 1634 467 1681 mediante
490 1637 654 1692 gratia.

282 1703 576 1745 CONCLUSIO.
605 1727 653 1734 -
677 1705 802 1745 Nullo
823 1705 947 1744 modo
964 1703 1095 1745 Filius
1114 1705 1183 1744 Dei
1209 1704 1439 1745 humanam
1462 1706 1686 1757 assumpsit
1707 1708 1902 1745 naturam
1929 1705 2141 1748 mediante

233 1759 379 1809 gratia,
401 1759 482 1799 nisi
504 1772 571 1812 per
594 1760 767 1800 modum
786 1772 918 1800 causae
939 1760 1175 1808 efficientis3
1194 1764 1316 1811 prout
1343 1760 1433 1811 ipsa
1453 1759 1634 1811 gratuita
1658 1761 1730 1799 Dei
1752 1759 1963 1810 voluntas,
1977 1771 2025 1801 ea
2044 1760 2137 1813 ipsa

232 1816 365 1864 gratia
386 1816 536 1866 extitit,
561 1828 653 1868 quae
676 1827 766 1856 eam
792 1816 870 1856 sibi
893 1815 1045 1855 univit.

288 1878 560 1935 Respondeo
584 1878 834 1924 dicendum
860 1878 986 1936 quod
1016 1878 1066 1922 in
1092 1878 1270 1922 Christo
1297 1877 1484 1934 ponitur
1513 1878 1662 1934 gratia
1688 1877 1894 1934 unionis,
1918 1881 1966 1923 et
1989 1878 2140 1935 gratia

233 1939 498 1984 habitualis.
521 1941 671 1985 Gratia
689 1953 802 1997 ergo
824 1953 916 1985 non
939 1944 1092 1997 potest
1112 1939 1307 1996 intelligi
1332 1947 1383 1984 ut
1405 1940 1610 1985 medium
1633 1939 1682 1983 in
1707 1939 2028 1998 assumptione
2045 1941 2139 1987 hu·-

233 2012 382 2046 manae
403 2007 602 2059 naturae3
633 2003 732 2048 sive
756 2003 1003 2060 loquamur
1021 2002 1080 2048 de
1102 2003 1251 2059 gratia
1274 2002 1480 2058 unionis,
1506 2002 1605 2047 sive
1631 2002 1691 2047 de
1719 2002 1868 2059 gratia
1895 2001 2135 2049 habituali.

233 2063 382 2108 Gratia
401 2064 526 2109 enim
545 2065 734 2110 unionis
755 2070 827 2110 est
852 2066 1006 2122 ipsum
1030 2077 1133 2110 esse
1156 2065 1417 2122 personale,
1439 2065 1566 2122 quod
1591 2063 1737 2121 gratis
1757 2064 1982 2110 divinitus
2002 2065 2141 2112 datur

234 2125 449 2169 humanae
473 2130 651 2170 naturae
676 2127 725 2169 in
752 2139 953 2182 persona
970 2126 1130 2181 Verbi3
1153 2126 1280 2182 quod
1301 2125 1488 2182 quidem
1508 2130 1579 2170 est
1602 2126 1829 2171 terminus
1853 2127 2139 2183 assumptio-

233 2185 308 2230 nis
330 2201 342 2230 :
367 2187 516 2242 gratia
546 2192 703 2232 autem
733 2187 985 2232 habitualis
1014 2187 1253 2244 pertinens
1280 2188 1339 2238 ad
1370 2187 1660 2243 spiritualem
1687 2187 1981 2234 sanctitatem
2011 2189 2139 2236 illius

231 2247 452 2304 hominis,
464 2253 537 2293 est
551 2249 747 2293 effectus
762 2249 951 2306 quidam
966 2260 1262 2305 consequens
1278 2248 1519 2304 unionem,
1535 2249 1794 2294 secundum
1813 2249 1930 2295 illud
1945 2252 2092 2306 (Joan.
2104 2265 2137 2311 1,

232 2311 332 2365 14):
354 2312 559 2355 Vidimus
582 2311 776 2367 qlorz‘am
798 2314 910 2367 effla,
933 2314 1064 2366 quast
1084 2314 1306 2367 um‘qeniti
1327 2312 1358 2353 ὰ
1379 2314 1534 2367 Patre,
1561 2312 1746 2367 plenum
1767 2315 1930 2368 qratia:
1951 2316 1996 2358 et
2016 2317 2138 2366 veri-

233 2375 362 2416 tatis.
382 2374 466 2416 Per
484 2372 609 2429 quod
634 2372 770 2417 datur
788 2372 983 2428 intelligi
1009 2371 1133 2429 quod
1157 2385 1217 2417 ex
1238 2373 1326 2417 hoc
1348 2373 1450 2428 ipso
1473 2373 1599 2429 quod
1621 2373 1698 2418 ille
1721 2375 1861 2419 homo
1882 2378 1955 2419 est
1971 2375 2138 2433 unige-

233 2433 361 2479 nitus
379 2434 407 2478 ὲ
422 2436 554 2479 Patre
572 2435 714 2491 (quod
733 2434 872 2479 habet
890 2447 974 2491 per
988 2435 1243 2490 unionem),
1260 2435 1399 2479 habet
1418 2435 1753 2492 plenitudinem
1774 2436 1935 2493 gratiae
1951 2441 1998 2484 et
2014 2439 2137 2485 veri-

233 2498 355 2543 tatis.
381 2498 425 2542 Si
445 2497 556 2542 vero
579 2497 866 2555 intelligatur
888 2498 1035 2554 gratia
1058 2498 1275 2542 voluntas
1293 2498 1370 2543 Dei
1394 2498 1570 2556 aliquid
1593 2499 1738 2557 gratis
1758 2499 1937 2547 faciens
1957 2501 2033 2547 vel
2054 2502 2136 2548 do-

232 2572 376 2617 nans,
398 2558 466 2604 sic
484 2558 597 2604 unio
615 2559 738 2604 facta
760 2564 830 2605 est
852 2572 936 2617 per
955 2559 1175 2618 gratiam,
1197 2573 1291 2605 non
1311 2560 1433 2605 sicut
1454 2573 1537 2617 per
1555 2561 1761 2606 medium
1773 2595 1786 2611 .
1806 2562 1892 2609 sed
1910 2561 2032 2609 sicut
2050 2576 2136 2622 per

231 2633 423 2667 causam
441 2621 736 2666 efficientem.

286 2683 354 2729 Ad
369 2687 571 2741 primum
590 2696 701 2739 ergo
720 2683 985 2741 dicendum,
1005 2683 1130 2741 quod
1154 2684 1264 2728 unio
1284 2690 1444 2729 nostra
1462 2685 1522 2730 ad
1539 2688 1683 2731 Deum
1707 2690 1778 2731 est
1799 2699 1883 2743 per
1902 2687 2134 2744 operatio-

233 2758 362 2802 nem,
387 2746 666 2803 inquantum
689 2746 865 2791 scilicet
890 2758 997 2791 eum
1023 2746 1354 2802 cognoscimus
1374 2753 1417 2792 et
1439 2759 1681 2792 amamus:
1699 2754 1746 2792 et
1768 2747 1873 2793 ideo
1894 2748 2000 2793 talis
2019 2749 2135 2797 unio

231 2813 303 2854 est
324 2821 408 2866 per
430 2808 627 2865 gratiam
649 2808 957 2865 habitualem,
982 2808 1262 2865 inquantum
1285 2809 1491 2866 operatio
1511 2810 1715 2866 perfecta
1737 2810 1946 2867 procedit
1967 2809 2028 2855 ab
2049 2811 2133 2857 ha-

232 2869 347 2916 bitu.
369 2871 457 2916 Sed
476 2870 589 2915 unio
609 2876 787 2915 naturae
814 2871 1031 2916 humanae
1049 2871 1107 2915 ad
1128 2871 1328 2915 Verbum
1351 2871 1430 2915 Dei
1454 2875 1526 2915 est
1555 2871 1814 2917 secundum
1841 2884 1946 2917 esse
1967 2885 2133 2930 perso-

231 2932 351 2986 nale,
369 2932 495 2989 quod
514 2945 609 2976 non
632 2932 865 2989 dependet
883 2932 942 2977 ab
962 2931 1117 2989 aliquo
1136 2932 1314 2989 habitu,
1331 2933 1413 2977 sed
1434 2932 1698 2978 immediate
1721 2932 1899 2990 abipsa
1919 2937 2105 2981 natura.

285 2995 353 3039 Ad
370 2997 614 3040 secundum
633 2996 898 3052 dicendum,
914 2995 1037 3053 quod
1060 2995 1215 3039 anima
1233 3004 1305 3040 est
1323 2995 1543 3052 perfectio
1561 2994 1881 3041 substantialis
1897 2997 2128 3054 corporis;

270 3131 313 3173 (⁴)
330 3130 370 3165 ln
391 3130 455 3164 hoc
481 3129 625 3165 articulo
642 3132 680 3166 S.
702 3132 829 3166 Doctor
851 3130 1009 3172 profligat
1030 3142 1130 3166 erro—
1259 3131 1301 3173 (2)
1322 3131 1370 3165 Ita
1389 3143 1464 3164 cum
1490 3131 1564 3165 cod.
1583 3130 1700 3166 Alean.
1719 3131 1861 3174 aliisque
1883 3130 1968 3167 editi
1989 3132 2126 3174 passim.

229 3190 303 3213 rem
326 3178 598 3212 nestorianorum
622 3179 681 3221 qui
708 3179 892 3214 docuerant
918 3179 1041 3214 Filium
1068 3180 1130 3213 Dei
1218 3178 1286 3220 AL,
1303 3190 1373 3222 per
1394 3181 1569 3223 qratiam.

228 3231 385 3262 naturam
417 3226 598 3260 humanam
630 3238 690 3267 per
719 3228 862 3267 gratiam
898 3227 1130 3268 assumpsisse,
1260 3229 1300 3267 (5)
1322 3227 1362 3261 Ut
1384 3228 1554 3269 principio
1575 3231 1610 3262 et
1637 3227 1767 3261 auctori
1795 3239 1855 3269 per
1886 3228 2129 3270 appropriatio·

229 3273 321 3315 quod
340 3272 390 3307 his
410 3272 522 3308 verbis
547 3273 684 3308 damnat
707 3274 827 3308 concil.
857 3274 1094 3310 Florentinum
1122 3286 1130 3308 :
1217 3287 1294 3309 nem
1320 3276 1449 3309 tantum
1470 3303 1479 3315 ,
1506 3274 1568 3310 etsi
1594 3286 1660 3308 non
1682 3283 1844 3316 perpetuo
1871 3288 1956 3318 usu,
1981 3277 2060 3312 eum
2091 3279 2128 3313 et

228 3321 478 3356 Sacrosancta
508 3321 673 3355 Ecclesia
698 3322 991 3358 anathematizat
1024 3323 1130 3358 Theo·
1218 3324 1304 3358 Filio
1320 3323 1514 3357 tribuatur:
1537 3324 1609 3357 Act.
1626 3330 1682 3363 xv,
1702 3324 1885 3365 R0m.xv1‚
1906 3325 1934 3360 Ι.
1955 3325 2032 3360 Cor.
2047 3333 2121 3367 ΧΠ,
2134 3361 2142 3370 ,

228 3369 357 3404 dorem
383 3369 690 3411 Mopsuestanum
719 3380 762 3403 ac
791 3370 1004 3405 Nestorium
1036 3381 1131 3406 asse·
1217 3373 1261 3406 ΙΙ.
1279 3373 1355 3405 Cor.
1371 3381 1448 3412 xm,
1470 3371 1544 3406 Gal.
1565 3375 1627 3404 let
1641 3379 1687 3413 vl,
1701 3371 1826 3413 Philip.
1849 3381 1900 3415 lv,
1916 3373 1944 3408 1.
1968 3373 2084 3408 Thess.
2102 3381 2126 3409 v

227 3420 362 3458 rentes,
389 3417 654 3452 humanitatem
683 3416 754 3452 Dei
770 3417 871 3451 Filio
892 3420 1038 3453 unitam
1056 3429 1132 3453 esse
1220 3427 1252 3454 et
1268 3421 1310 3454 ll.
1327 3421 1440 3454 Thess.
1462 3429 1515 3460 ιιι,
1536 3422 1599 3453 etc.
1627 3419 1720 3453 Patri
1746 3426 1857 3454 autem
1874 3423 1947 3455 tum
1974 3421 2073 3456 Rom.
2096 3430 2123 3463 ι,

227 3473 298 3506 per
312 3465 486 3506 qratiam.
1219 3475 1288 3501 tum
1318 3468 1344 3500 l.
1367 3468 1443 3500 Cor.
1462 3476 1472 3500 1
1497 3471 1531 3501 et
1546 3466 1591 3500 11.
1612 3467 1688 3499 Cor.
1708 3475 1732 3508 1,
1755 3467 1874 3508 Ephes.
1900 3477 1924 3510 1,
1941 3468 2070 3510 Philip.
2094 3475 2123 3510 ι,

1217 3515 1338 3549 Coloss.
1362 3525 1387 3555 ι,
1403 3521 1468 3549 etc.
