<?xml version="1.0" encoding="UTF-8"?>
<!DOCTYPE html PUBLIC "-//W3C//DTD XHTML 1.0 Transitional//EN"
    "http://www.w3.org/TR/xhtml1/DTD/xhtml1-transitional.dtd">
<html xmlns="http://www.w3.org/1999/xhtml" xml:lang="en" lang="en">
 <head>
  <title>
</title>
<meta http-equiv="Content-Type" content="text/html;charset=utf-8" />
  <meta name='ocr-system' content='tesseract 3.04.00' />
  <meta name='ocr-capabilities' content='ocr_page ocr_carea ocr_par ocr_line ocrx_word'/>
</head>
<body>
  <div class='ocr_page' id='page_1' title='image "./summatheologica06thomuoft_0648.png"; bbox 0 0 2170 3808; ppageno 0'>
   <div class='ocr_carea' id='block_1_1' title="bbox 176 263 1553 318">
    <p class='ocr_par' dir='ltr' id='par_1_1' title="bbox 176 263 1553 318">
     <span class='ocr_line' id='line_1_1' title="bbox 176 263 1553 318; baseline -0.005 -4"><span class='ocrx_word' id='word_1_1' title='bbox 176 271 260 314; x_wconf 73' lang='lat'>612</span> <span class='ocrx_word' id='word_1_2' title='bbox 707 264 909 316; x_wconf 85' lang='lat' dir='ltr'><strong>QUAEST.</strong></span> <span class='ocrx_word' id='word_1_3' title='bbox 940 265 1080 318; x_wconf 86' lang='lat' dir='ltr'>LXIX,</span> <span class='ocrx_word' id='word_1_4' title='bbox 1113 263 1422 307; x_wconf 81' lang='lat' dir='ltr'><strong>ART.V11ET</strong></span> <span class='ocrx_word' id='word_1_5' title='bbox 1449 265 1553 308; x_wconf 87' lang='lat' dir='ltr'>Vlll.</span> 
     </span>
    </p>
   </div>
   <div class='ocr_carea' id='block_1_2' title="bbox 179 345 2083 1212">
    <p class='ocr_par' dir='ltr' id='par_1_2' title="bbox 179 345 2079 714">
     <span class='ocr_line' id='line_1_2' title="bbox 235 345 2079 407; baseline -0.003 -9"><span class='ocrx_word' id='word_1_6' title='bbox 235 355 277 398; x_wconf 93' lang='grc'>2.</span> <span class='ocrx_word' id='word_1_7' title='bbox 307 354 558 407; x_wconf 85' lang='lat' dir='ltr'>Praeterea,</span> <span class='ocrx_word' id='word_1_8' title='bbox 588 347 853 404; x_wconf 75' lang='lat' dir='ltr'>baptismus</span> <span class='ocrx_word' id='word_1_9' title='bbox 875 345 1002 390; x_wconf 89' lang='lat' dir='ltr'>omni</span> <span class='ocrx_word' id='word_1_10' title='bbox 1035 350 1272 402; x_wconf 86' lang='lat' dir='ltr'>tempore,</span> <span class='ocrx_word' id='word_1_11' title='bbox 1307 356 1367 388; x_wconf 88' lang='lat' dir='ltr'>ex</span> <span class='ocrx_word' id='word_1_12' title='bbox 1401 357 1495 401; x_wconf 90' lang='lat' dir='ltr'>quo</span> <span class='ocrx_word' id='word_1_13' title='bbox 1524 345 1766 390; x_wconf 86' lang='lat' dir='ltr'>institutus</span> <span class='ocrx_word' id='word_1_14' title='bbox 1794 346 1904 403; x_wconf 87' lang='lat' dir='ltr'>fuit,</span> <span class='ocrx_word' id='word_1_15' title='bbox 1939 346 2079 392; x_wconf 86' lang='lat' dir='ltr'>habet</span> 
     </span>
     <span class='ocr_line' id='line_1_3' title="bbox 180 406 2080 465; baseline -0.003 -6"><span class='ocrx_word' id='word_1_16' title='bbox 180 426 320 459; x_wconf 89' lang='lat' dir='ltr'>suum</span> <span class='ocrx_word' id='word_1_17' title='bbox 339 413 573 458; x_wconf 83' lang='lat' dir='ltr'>effectum.</span> <span class='ocrx_word' id='word_1_18' title='bbox 594 409 683 454; x_wconf 85' lang='lat' dir='ltr'>Sed</span> <span class='ocrx_word' id='word_1_19' title='bbox 702 408 893 464; x_wconf 86' lang='lat' dir='ltr'>quidam</span> <span class='ocrx_word' id='word_1_20' title='bbox 913 407 1129 464; x_wconf 87' lang='lat' dir='ltr'>baptizati</span> <span class='ocrx_word' id='word_1_21' title='bbox 1153 413 1264 450; x_wconf 86' lang='lat' dir='ltr'>sunt</span> <span class='ocrx_word' id='word_1_22' title='bbox 1285 406 1515 462; x_wconf 87' lang='lat' dir='ltr'>baptismo</span> <span class='ocrx_word' id='word_1_23' title='bbox 1538 407 1700 451; x_wconf 83' lang='lat' dir='ltr'>Christi</span> <span class='ocrx_word' id='word_1_24' title='bbox 1719 412 1828 452; x_wconf 90' lang='lat' dir='ltr'>ante</span> <span class='ocrx_word' id='word_1_25' title='bbox 1850 409 1952 464; x_wconf 85' lang='lat' dir='ltr'>eJ&#39;us</span> <span class='ocrx_word' id='word_1_26' title='bbox 1971 420 2080 465; x_wconf 90' lang='lat' dir='ltr'>pas-</span> 
     </span>
     <span class='ocr_line' id='line_1_4' title="bbox 181 468 2079 541; baseline -0.003 -21"><span class='ocrx_word' id='word_1_27' title='bbox 181 475 378 530; x_wconf 90' lang='lat' dir='ltr'>sionem,</span> <span class='ocrx_word' id='word_1_28' title='bbox 406 471 939 541; x_wconf 71' lang='lat' dir='ltr'>uthabetur(soan.131),</span> <span class='ocrx_word' id='word_1_29' title='bbox 962 469 1150 527; x_wconf 88' lang='lat' dir='ltr'>quibus,</span> <span class='ocrx_word' id='word_1_30' title='bbox 1171 468 1212 512; x_wconf 91' lang='lat' dir='ltr'>si</span> <span class='ocrx_word' id='word_1_31' title='bbox 1232 473 1346 512; x_wconf 91' lang='lat' dir='ltr'>tunc</span> <span class='ocrx_word' id='word_1_32' title='bbox 1364 468 1691 522; x_wconf 84' lang='lat' dir='ltr'>decessissent,</span> <span class='ocrx_word' id='word_1_33' title='bbox 1710 469 1932 514; x_wconf 81' lang='lat' dir='ltr'>introitus</span> <span class='ocrx_word' id='word_1_34' title='bbox 1946 470 2079 526; x_wconf 88' lang='lat' dir='ltr'>regni</span> 
     </span>
     <span class='ocr_line' id='line_1_5' title="bbox 181 529 2079 590; baseline -0.004 -7"><span class='ocrx_word' id='word_1_35' title='bbox 181 536 387 583; x_wconf 89' lang='lat' dir='ltr'>coelestis</span> <span class='ocrx_word' id='word_1_36' title='bbox 411 534 619 579; x_wconf 75' lang='lat' dir='ltr'>nondum</span> <span class='ocrx_word' id='word_1_37' title='bbox 642 532 846 590; x_wconf 89' lang='lat' dir='ltr'>patebat,</span> <span class='ocrx_word' id='word_1_38' title='bbox 871 532 919 575; x_wconf 93' lang='lat' dir='ltr'>in</span> <span class='ocrx_word' id='word_1_39' title='bbox 940 532 1065 588; x_wconf 87' lang='lat' dir='ltr'>quod</span> <span class='ocrx_word' id='word_1_40' title='bbox 1090 531 1248 574; x_wconf 85' lang='lat' dir='ltr'>nullus</span> <span class='ocrx_word' id='word_1_41' title='bbox 1274 535 1383 574; x_wconf 85' lang='lat' dir='ltr'>ante</span> <span class='ocrx_word' id='word_1_42' title='bbox 1404 529 1634 575; x_wconf 81' lang='lat' dir='ltr'>Christum</span> <span class='ocrx_word' id='word_1_43' title='bbox 1657 531 1880 588; x_wconf 88' lang='lat' dir='ltr'>introivit</span> <span class='ocrx_word' id='word_1_44' title='bbox 1905 544 2079 576; x_wconf 91' lang='lat' dir='ltr'>secun-</span> 
     </span>
     <span class='ocr_line' id='line_1_6' title="bbox 181 592 2079 651; baseline -0.003 -8"><span class='ocrx_word' id='word_1_45' title='bbox 181 601 293 645; x_wconf 79' lang='lat' dir='ltr'>dum</span> <span class='ocrx_word' id='word_1_46' title='bbox 313 597 429 642; x_wconf 91' lang='lat' dir='ltr'>illud</span> <span class='ocrx_word' id='word_1_47' title='bbox 447 595 591 651; x_wconf 86' lang='lat' dir='ltr'>(Mich.</span> <span class='ocrx_word' id='word_1_48' title='bbox 615 609 672 649; x_wconf 92' lang='lat'>11,</span> <span class='ocrx_word' id='word_1_49' title='bbox 692 597 797 649; x_wconf 88' lang='lat'>13):</span> <span class='ocrx_word' id='word_1_50' title='bbox 818 595 1036 637; x_wconf 78' lang='lat' dir='ltr'>Ascendit</span> <span class='ocrx_word' id='word_1_51' title='bbox 1057 594 1116 646; x_wconf 85' lang='lat'>(1)</span> <span class='ocrx_word' id='word_1_52' title='bbox 1141 592 1349 648; x_wconf 75' lang='lat' dir='ltr'>pandens</span> <span class='ocrx_word' id='word_1_53' title='bbox 1371 595 1462 635; x_wconf 77' lang='lat' dir='ltr'>iter</span> <span class='ocrx_word' id='word_1_54' title='bbox 1491 597 1598 636; x_wconf 79' lang='lat' dir='ltr'>ante</span> <span class='ocrx_word' id='word_1_55' title='bbox 1621 606 1710 638; x_wconf 80' lang='lat' dir='ltr'>eos.</span> <span class='ocrx_word' id='word_1_56' title='bbox 1745 595 1845 638; x_wconf 90' lang='lat' dir='ltr'>Non</span> <span class='ocrx_word' id='word_1_57' title='bbox 1868 598 1940 638; x_wconf 87' lang='lat' dir='ltr'>est</span> <span class='ocrx_word' id='word_1_58' title='bbox 1965 605 2079 651; x_wconf 86' lang='lat' dir='ltr'>ergo</span> 
     </span>
     <span class='ocr_line' id='line_1_7' title="bbox 179 654 1377 714; baseline -0.007 -9"><span class='ocrx_word' id='word_1_59' title='bbox 179 661 374 705; x_wconf 82' lang='lat' dir='ltr'>effectus</span> <span class='ocrx_word' id='word_1_60' title='bbox 398 657 615 714; x_wconf 80' lang='lat' dir='ltr'>bapt1smi</span> <span class='ocrx_word' id='word_1_61' title='bbox 636 656 814 714; x_wconf 90' lang='lat' dir='ltr'>apertio</span> <span class='ocrx_word' id='word_1_62' title='bbox 831 656 989 712; x_wconf 85' lang='lat' dir='ltr'>J‘anuae</span> <span class='ocrx_word' id='word_1_63' title='bbox 1010 655 1140 710; x_wconf 85' lang='lat' dir='ltr'>regni</span> <span class='ocrx_word' id='word_1_64' title='bbox 1161 654 1377 698; x_wconf 89' lang='lat' dir='ltr'>coelestis.</span> 
     </span>
    </p>

    <p class='ocr_par' dir='ltr' id='par_1_3' title="bbox 180 715 2082 1015">
     <span class='ocr_line' id='line_1_8' title="bbox 236 715 2081 776; baseline -0.003 -9"><span class='ocrx_word' id='word_1_65' title='bbox 236 724 278 767; x_wconf 88' lang='lat'>3.</span> <span class='ocrx_word' id='word_1_66' title='bbox 311 724 534 765; x_wconf 86' lang='lat' dir='ltr'>Praeterea</span> <span class='ocrx_word' id='word_1_67' title='bbox 550 754 563 776; x_wconf 92' lang='lat'>,</span> <span class='ocrx_word' id='word_1_68' title='bbox 586 718 806 775; x_wconf 88' lang='lat' dir='ltr'>baptizati</span> <span class='ocrx_word' id='word_1_69' title='bbox 831 718 1118 762; x_wconf 81' lang='lat' dir='ltr'>adhuc‘sunt</span> <span class='ocrx_word' id='word_1_70' title='bbox 1147 716 1334 760; x_wconf 86' lang='lat' dir='ltr'>obnoxii</span> <span class='ocrx_word' id='word_1_71' title='bbox 1361 715 1496 760; x_wconf 87' lang='lat' dir='ltr'>morti</span> <span class='ocrx_word' id='word_1_72' title='bbox 1519 719 1567 761; x_wconf 88' lang='lat' dir='ltr'>et</span> <span class='ocrx_word' id='word_1_73' title='bbox 1595 715 1698 762; x_wconf 88' lang='lat' dir='ltr'>aliis</span> <span class='ocrx_word' id='word_1_74' title='bbox 1731 715 2081 774; x_wconf 83' lang='lat' dir='ltr'>poenalitatibus</span> 
     </span>
     <span class='ocr_line' id='line_1_9' title="bbox 181 778 2082 839; baseline -0.003 -11"><span class='ocrx_word' id='word_1_75' title='bbox 181 784 287 828; x_wconf 83' lang='lat' dir='ltr'>vitae</span> <span class='ocrx_word' id='word_1_76' title='bbox 305 783 566 839; x_wconf 74' lang='lat' dir='ltr'>praesentis,</span> <span class='ocrx_word' id='word_1_77' title='bbox 587 786 641 826; x_wconf 89' lang='lat' dir='ltr'>ut</span> <span class='ocrx_word' id='word_1_78' title='bbox 656 793 799 838; x_wconf 87' lang='lat' dir='ltr'>supra</span> <span class='ocrx_word' id='word_1_79' title='bbox 818 779 994 825; x_wconf 88' lang='lat' dir='ltr'>dictum</span> <span class='ocrx_word' id='word_1_80' title='bbox 1016 783 1088 824; x_wconf 88' lang='lat' dir='ltr'>est</span> <span class='ocrx_word' id='word_1_81' title='bbox 1108 781 1211 833; x_wconf 86' lang='lat' dir='ltr'>(art.</span> <span class='ocrx_word' id='word_1_82' title='bbox 1228 781 1255 823; x_wconf 87' lang='grc'><strong>3</strong></span> <span class='ocrx_word' id='word_1_83' title='bbox 1274 778 1374 834; x_wconf 87' lang='lat' dir='ltr'>huj.</span> <span class='ocrx_word' id='word_1_84' title='bbox 1394 780 1595 834; x_wconf 65' lang='lat' dir='ltr'>quaest).</span> <span class='ocrx_word' id='word_1_85' title='bbox 1618 779 1704 823; x_wconf 89' lang='lat' dir='ltr'>Sed</span> <span class='ocrx_word' id='word_1_86' title='bbox 1729 779 1846 823; x_wconf 92' lang='lat' dir='ltr'>nulli</span> <span class='ocrx_word' id='word_1_87' title='bbox 1866 784 1937 823; x_wconf 90' lang='lat' dir='ltr'>est</span> <span class='ocrx_word' id='word_1_88' title='bbox 1952 791 2082 834; x_wconf 90' lang='lat' dir='ltr'>aper-</span> 
     </span>
     <span class='ocr_line' id='line_1_10' title="bbox 181 839 2081 900; baseline -0.003 -9"><span class='ocrx_word' id='word_1_89' title='bbox 181 850 256 891; x_wconf 87' lang='lat' dir='ltr'>tus</span> <span class='ocrx_word' id='word_1_90' title='bbox 281 846 435 891; x_wconf 90' lang='lat' dir='ltr'>aditus</span> <span class='ocrx_word' id='word_1_91' title='bbox 454 844 586 900; x_wconf 81' lang='lat' dir='ltr'>regni</span> <span class='ocrx_word' id='word_1_92' title='bbox 611 842 834 898; x_wconf 87' lang='lat' dir='ltr'>coelestis,</span> <span class='ocrx_word' id='word_1_93' title='bbox 861 841 1086 899; x_wconf 79' lang='lat' dir='ltr'>quamdiu</span> <span class='ocrx_word' id='word_1_94' title='bbox 1103 840 1335 885; x_wconf 86' lang='lat' dir='ltr'>obnoxius</span> <span class='ocrx_word' id='word_1_95' title='bbox 1355 845 1427 885; x_wconf 89' lang='lat' dir='ltr'>est</span> <span class='ocrx_word' id='word_1_96' title='bbox 1448 852 1615 897; x_wconf 81' lang='lat' dir='ltr'>poenae,</span> <span class='ocrx_word' id='word_1_97' title='bbox 1640 840 1761 885; x_wconf 86' lang='lat' dir='ltr'>sicut</span> <span class='ocrx_word' id='word_1_98' title='bbox 1784 846 1912 898; x_wconf 85' lang='lat' dir='ltr'>patet</span> <span class='ocrx_word' id='word_1_99' title='bbox 1933 839 1991 886; x_wconf 91' lang='lat' dir='ltr'>de</span> <span class='ocrx_word' id='word_1_100' title='bbox 2007 839 2081 885; x_wconf 89' lang='lat' dir='ltr'>his</span> 
     </span>
     <span class='ocr_line' id='line_1_11' title="bbox 180 901 2078 965; baseline -0.003 -15"><span class='ocrx_word' id='word_1_101' title='bbox 180 908 259 965; x_wconf 85' lang='lat' dir='ltr'>qui</span> <span class='ocrx_word' id='word_1_102' title='bbox 278 914 390 952; x_wconf 89' lang='lat' dir='ltr'>sunt</span> <span class='ocrx_word' id='word_1_103' title='bbox 413 909 461 951; x_wconf 92' lang='lat' dir='ltr'>in</span> <span class='ocrx_word' id='word_1_104' title='bbox 480 904 766 963; x_wconf 86' lang='lat' dir='ltr'>purgatorio.</span> <span class='ocrx_word' id='word_1_105' title='bbox 788 906 885 948; x_wconf 92' lang='lat' dir='ltr'>Non</span> <span class='ocrx_word' id='word_1_106' title='bbox 906 915 1017 959; x_wconf 89' lang='lat' dir='ltr'>ergo</span> <span class='ocrx_word' id='word_1_107' title='bbox 1037 903 1230 948; x_wconf 87' lang='lat' dir='ltr'>effectus</span> <span class='ocrx_word' id='word_1_108' title='bbox 1251 901 1470 959; x_wconf 81' lang='lat' dir='ltr'>baptismi</span> <span class='ocrx_word' id='word_1_109' title='bbox 1489 905 1561 946; x_wconf 85' lang='lat' dir='ltr'>est</span> <span class='ocrx_word' id='word_1_110' title='bbox 1579 903 1754 958; x_wconf 83' lang='lat' dir='ltr'>apertio</span> <span class='ocrx_word' id='word_1_111' title='bbox 1769 903 1928 960; x_wconf 79' lang='lat' dir='ltr'>Januae</span> <span class='ocrx_word' id='word_1_112' title='bbox 1947 901 2078 958; x_wconf 88' lang='lat' dir='ltr'>regni</span> 
     </span>
     <span class='ocr_line' id='line_1_12' title="bbox 180 970 401 1015; baseline 0.005 -1"><span class='ocrx_word' id='word_1_113' title='bbox 180 970 401 1015; x_wconf 58' lang='lat' dir='ltr'>coelestis</span> 
     </span>
    </p>

    <p class='ocr_par' dir='ltr' id='par_1_4' title="bbox 180 1025 2083 1212">
     <span class='ocr_line' id='line_1_13' title="bbox 238 1025 2081 1085; baseline -0.003 -9"><span class='ocrx_word' id='word_1_114' title='bbox 238 1032 326 1077; x_wconf 88' lang='lat' dir='ltr'>Sed</span> <span class='ocrx_word' id='word_1_115' title='bbox 349 1035 510 1075; x_wconf 80' lang='lat' dir='ltr'>contra</span> <span class='ocrx_word' id='word_1_116' title='bbox 542 1033 614 1075; x_wconf 89' lang='lat' dir='ltr'>est</span> <span class='ocrx_word' id='word_1_117' title='bbox 645 1028 772 1085; x_wconf 88' lang='lat' dir='ltr'>quod</span> <span class='ocrx_word' id='word_1_118' title='bbox 795 1039 939 1085; x_wconf 88' lang='lat' dir='ltr'>super</span> <span class='ocrx_word' id='word_1_119' title='bbox 967 1027 1081 1072; x_wconf 88' lang='lat' dir='ltr'>illud</span> <span class='ocrx_word' id='word_1_120' title='bbox 1110 1029 1261 1082; x_wconf 79' lang='lat' dir='ltr'>(Lucae</span> <span class='ocrx_word' id='word_1_121' title='bbox 1286 1029 1378 1081; x_wconf 64' lang='lat'>110:</span> <span class='ocrx_word' id='word_1_122' title='bbox 1409 1028 1635 1082; x_wconf 80' lang='lat' dir='ltr'>Apertum</span> <span class='ocrx_word' id='word_1_123' title='bbox 1661 1030 1729 1070; x_wconf 78' lang='lat' dir='ltr'>est</span> <span class='ocrx_word' id='word_1_124' title='bbox 1758 1026 1939 1081; x_wconf 63' lang='lat' dir='ltr'>coelum,</span> <span class='ocrx_word' id='word_1_125' title='bbox 1970 1025 2081 1071; x_wconf 92' lang='lat' dir='ltr'>dicit</span> 
     </span>
     <span class='ocr_line' id='line_1_14' title="bbox 181 1087 2083 1146; baseline -0.003 -8"><span class='ocrx_word' id='word_1_126' title='bbox 181 1094 340 1139; x_wconf 86' lang='lat' dir='ltr'>Glossa</span> <span class='ocrx_word' id='word_1_127' title='bbox 359 1093 494 1138; x_wconf 82' lang='lat' dir='ltr'>Bedae</span> <span class='ocrx_word' id='word_1_128' title='bbox 517 1091 667 1137; x_wconf 85' lang='lat' dir='ltr'>ordin.</span> <span class='ocrx_word' id='word_1_129' title='bbox 693 1104 703 1132; x_wconf 91' lang='lat'>:</span> <span class='ocrx_word' id='word_1_130' title='bbox 737 1108 758 1128; x_wconf 75' lang='grc' dir='ltr'>«ι</span> <span class='ocrx_word' id='word_1_131' title='bbox 781 1090 934 1134; x_wconf 88' lang='lat' dir='ltr'>Virtus</span> <span class='ocrx_word' id='word_1_132' title='bbox 963 1089 1039 1134; x_wconf 83' lang='lat' dir='ltr'>hle</span> <span class='ocrx_word' id='word_1_133' title='bbox 1064 1088 1358 1146; x_wconf 87' lang='lat' dir='ltr'>baptismatis</span> <span class='ocrx_word' id='word_1_134' title='bbox 1382 1087 1658 1146; x_wconf 77' lang='lat' dir='ltr'>ostenditur,</span> <span class='ocrx_word' id='word_1_135' title='bbox 1682 1087 1740 1133; x_wconf 91' lang='lat' dir='ltr'>de</span> <span class='ocrx_word' id='word_1_136' title='bbox 1766 1100 1859 1143; x_wconf 83' lang='lat' dir='ltr'>quo</span> <span class='ocrx_word' id='word_1_137' title='bbox 1884 1087 2083 1145; x_wconf 84' lang='lat' dir='ltr'>quisque</span> 
     </span>
     <span class='ocr_line' id='line_1_15' title="bbox 180 1151 1454 1212; baseline -0.004 -12"><span class='ocrx_word' id='word_1_138' title='bbox 180 1156 288 1201; x_wconf 73' lang='lat' dir='ltr'>cum</span> <span class='ocrx_word' id='word_1_139' title='bbox 308 1155 560 1212; x_wconf 85' lang='lat' dir='ltr'>egreditur,</span> <span class='ocrx_word' id='word_1_140' title='bbox 587 1152 720 1209; x_wconf 89' lang='lat' dir='ltr'>regni</span> <span class='ocrx_word' id='word_1_141' title='bbox 740 1152 945 1196; x_wconf 87' lang='lat' dir='ltr'>coelestis</span> <span class='ocrx_word' id='word_1_142' title='bbox 964 1152 1005 1196; x_wconf 89' lang='lat' dir='ltr'>ei</span> <span class='ocrx_word' id='word_1_143' title='bbox 1021 1152 1167 1208; x_wconf 86' lang='lat' dir='ltr'>J‘anua</span> <span class='ocrx_word' id='word_1_144' title='bbox 1189 1151 1409 1208; x_wconf 89' lang='lat' dir='ltr'>aperitur.</span> <span class='ocrx_word' id='word_1_145' title='bbox 1434 1169 1454 1190; x_wconf 84' lang='lat'><strong><em>»</em></strong></span> 
     </span>
    </p>
   </div>
   <div class='ocr_carea' id='block_1_3' title="bbox 178 1217 2081 1331">
    <p class='ocr_par' dir='ltr' id='par_1_5' title="bbox 178 1217 2081 1331">
     <span class='ocr_line' id='line_1_16' title="bbox 228 1217 2081 1272; baseline -0.003 -8"><span class='ocrx_word' id='word_1_146' title='bbox 228 1223 519 1264; x_wconf 86' lang='lat' dir='ltr'><strong>CONCLUSIO.</strong></span> <span class='ocrx_word' id='word_1_147' title='bbox 539 1244 589 1251; x_wconf 89' lang='lat'><em>-</em></span> <span class='ocrx_word' id='word_1_148' title='bbox 604 1221 710 1261; x_wconf 77' lang='lat' dir='ltr'>Gum</span> <span class='ocrx_word' id='word_1_149' title='bbox 724 1232 793 1272; x_wconf 86' lang='lat' dir='ltr'>per</span> <span class='ocrx_word' id='word_1_150' title='bbox 809 1220 1063 1271; x_wconf 78' lang='lat' dir='ltr'>baptismum</span> <span class='ocrx_word' id='word_1_151' title='bbox 1078 1219 1236 1272; x_wconf 86' lang='lat' dir='ltr'>quaevis</span> <span class='ocrx_word' id='word_1_152' title='bbox 1251 1220 1373 1270; x_wconf 86' lang='lat' dir='ltr'>culpa</span> <span class='ocrx_word' id='word_1_153' title='bbox 1386 1223 1427 1259; x_wconf 85' lang='lat' dir='ltr'>et</span> <span class='ocrx_word' id='word_1_154' title='bbox 1439 1230 1571 1271; x_wconf 82' lang='lat' dir='ltr'>poenae</span> <span class='ocrx_word' id='word_1_155' title='bbox 1590 1218 1728 1258; x_wconf 88' lang='lat' dir='ltr'>omnis</span> <span class='ocrx_word' id='word_1_156' title='bbox 1744 1221 1881 1259; x_wconf 80' lang='lat' dir='ltr'>reatus</span> <span class='ocrx_word' id='word_1_157' title='bbox 1895 1217 2081 1269; x_wconf 70' lang='lat' dir='ltr'>tollatur,</span> 
     </span>
     <span class='ocr_line' id='line_1_17' title="bbox 178 1274 1544 1331; baseline -0.002 -13"><span class='ocrx_word' id='word_1_158' title='bbox 178 1278 322 1331; x_wconf 87' lang='lat' dir='ltr'>ipsum</span> <span class='ocrx_word' id='word_1_159' title='bbox 340 1289 503 1330; x_wconf 89' lang='lat' dir='ltr'>quoque</span> <span class='ocrx_word' id='word_1_160' title='bbox 511 1277 687 1329; x_wconf 86' lang='lat' dir='ltr'>januam</span> <span class='ocrx_word' id='word_1_161' title='bbox 705 1276 820 1327; x_wconf 82' lang='lat' dir='ltr'>regui</span> <span class='ocrx_word' id='word_1_162' title='bbox 837 1276 1015 1316; x_wconf 83' lang='lat' dir='ltr'>coelestis</span> <span class='ocrx_word' id='word_1_163' title='bbox 1030 1276 1184 1327; x_wconf 85' lang='lat' dir='ltr'>aperire</span> <span class='ocrx_word' id='word_1_164' title='bbox 1198 1274 1445 1315; x_wconf 88' lang='lat' dir='ltr'>credendum</span> <span class='ocrx_word' id='word_1_165' title='bbox 1469 1279 1544 1315; x_wconf 84' lang='lat' dir='ltr'>est.</span> 
     </span>
    </p>
   </div>
   <div class='ocr_carea' id='block_1_4' title="bbox 178 1335 2082 1647">
    <p class='ocr_par' dir='ltr' id='par_1_6' title="bbox 178 1335 2082 1647">
     <span class='ocr_line' id='line_1_18' title="bbox 235 1335 2081 1397; baseline -0.003 -12"><span class='ocrx_word' id='word_1_166' title='bbox 235 1341 507 1397; x_wconf 89' lang='lat' dir='ltr'>Respondeo</span> <span class='ocrx_word' id='word_1_167' title='bbox 526 1338 778 1384; x_wconf 90' lang='lat' dir='ltr'>dicendum</span> <span class='ocrx_word' id='word_1_168' title='bbox 798 1336 925 1395; x_wconf 78' lang='lat' dir='ltr'>quod</span> <span class='ocrx_word' id='word_1_169' title='bbox 944 1339 1124 1394; x_wconf 88' lang='lat' dir='ltr'>aperire</span> <span class='ocrx_word' id='word_1_170' title='bbox 1138 1338 1334 1395; x_wconf 79' lang='lat' dir='ltr'>Januam</span> <span class='ocrx_word' id='word_1_171' title='bbox 1356 1336 1491 1393; x_wconf 85' lang='lat' dir='ltr'>regni</span> <span class='ocrx_word' id='word_1_172' title='bbox 1509 1335 1730 1392; x_wconf 84' lang='lat' dir='ltr'>coelestis,</span> <span class='ocrx_word' id='word_1_173' title='bbox 1752 1338 1825 1380; x_wconf 89' lang='lat' dir='ltr'>est</span> <span class='ocrx_word' id='word_1_174' title='bbox 1845 1346 2081 1379; x_wconf 86' lang='lat' dir='ltr'>removere</span> 
     </span>
     <span class='ocr_line' id='line_1_19' title="bbox 178 1397 2082 1459; baseline -0.003 -13"><span class='ocrx_word' id='word_1_175' title='bbox 178 1402 567 1459; x_wconf 89' lang='lat' dir='ltr'>impedimentum</span> <span class='ocrx_word' id='word_1_176' title='bbox 599 1413 694 1458; x_wconf 90' lang='lat' dir='ltr'>quo</span> <span class='ocrx_word' id='word_1_177' title='bbox 724 1399 831 1457; x_wconf 89' lang='lat' dir='ltr'>quis</span> <span class='ocrx_word' id='word_1_178' title='bbox 858 1399 1110 1456; x_wconf 87' lang='lat' dir='ltr'>impeditur</span> <span class='ocrx_word' id='word_1_179' title='bbox 1131 1411 1328 1455; x_wconf 85' lang='lat' dir='ltr'>regnum</span> <span class='ocrx_word' id='word_1_180' title='bbox 1349 1399 1539 1443; x_wconf 71' lang='lat' dir='ltr'>coeleste</span> <span class='ocrx_word' id='word_1_181' title='bbox 1569 1397 1774 1442; x_wconf 87' lang='lat' dir='ltr'>introire.</span> <span class='ocrx_word' id='word_1_182' title='bbox 1808 1399 1901 1441; x_wconf 87' lang='lat' dir='ltr'>Hoc</span> <span class='ocrx_word' id='word_1_183' title='bbox 1925 1401 2082 1440; x_wconf 89' lang='lat' dir='ltr'>autem</span> 
     </span>
     <span class='ocr_line' id='line_1_20' title="bbox 178 1460 2078 1521; baseline -0.004 -13"><span class='ocrx_word' id='word_1_184' title='bbox 178 1463 567 1521; x_wconf 88' lang='lat' dir='ltr'>impedimentum</span> <span class='ocrx_word' id='word_1_185' title='bbox 590 1467 662 1507; x_wconf 92' lang='lat' dir='ltr'>est</span> <span class='ocrx_word' id='word_1_186' title='bbox 684 1462 823 1518; x_wconf 88' lang='lat' dir='ltr'>culpa</span> <span class='ocrx_word' id='word_1_187' title='bbox 846 1465 893 1506; x_wconf 92' lang='lat' dir='ltr'>et</span> <span class='ocrx_word' id='word_1_188' title='bbox 914 1465 1072 1506; x_wconf 89' lang='lat' dir='ltr'>reatus</span> <span class='ocrx_word' id='word_1_189' title='bbox 1094 1473 1261 1517; x_wconf 81' lang='lat' dir='ltr'>poenae.</span> <span class='ocrx_word' id='word_1_190' title='bbox 1284 1460 1536 1505; x_wconf 86' lang='lat' dir='ltr'>Ostensum</span> <span class='ocrx_word' id='word_1_191' title='bbox 1555 1464 1627 1506; x_wconf 88' lang='lat' dir='ltr'>est</span> <span class='ocrx_word' id='word_1_192' title='bbox 1643 1463 1801 1504; x_wconf 90' lang='lat' dir='ltr'>autem</span> <span class='ocrx_word' id='word_1_193' title='bbox 1819 1472 1960 1515; x_wconf 85' lang='lat' dir='ltr'>supra</span> <span class='ocrx_word' id='word_1_194' title='bbox 1974 1461 2078 1513; x_wconf 82' lang='lat' dir='ltr'>(art.</span> 
     </span>
     <span class='ocr_line' id='line_1_21' title="bbox 181 1522 2079 1584; baseline -0.004 -10"><span class='ocrx_word' id='word_1_195' title='bbox 181 1531 203 1574; x_wconf 84' lang='lat'><strong>1</strong></span> <span class='ocrx_word' id='word_1_196' title='bbox 234 1534 280 1574; x_wconf 88' lang='lat' dir='ltr'>et</span> <span class='ocrx_word' id='word_1_197' title='bbox 300 1531 327 1573; x_wconf 90' lang='grc'>2</span> <span class='ocrx_word' id='word_1_198' title='bbox 365 1528 464 1584; x_wconf 79' lang='lat' dir='ltr'>huj.</span> <span class='ocrx_word' id='word_1_199' title='bbox 498 1530 665 1584; x_wconf 85' lang='lat' dir='ltr'>quaest.</span> <span class='ocrx_word' id='word_1_200' title='bbox 669 1528 701 1582; x_wconf 93' lang='lat'>)‚</span> <span class='ocrx_word' id='word_1_201' title='bbox 736 1524 862 1583; x_wconf 72' lang='lat' dir='ltr'>qued</span> <span class='ocrx_word' id='word_1_202' title='bbox 884 1536 967 1582; x_wconf 87' lang='lat' dir='ltr'>per</span> <span class='ocrx_word' id='word_1_203' title='bbox 999 1524 1283 1581; x_wconf 88' lang='lat' dir='ltr'>baptismum</span> <span class='ocrx_word' id='word_1_204' title='bbox 1312 1524 1465 1569; x_wconf 92' lang='lat' dir='ltr'>omnis</span> <span class='ocrx_word' id='word_1_205' title='bbox 1488 1524 1626 1580; x_wconf 91' lang='lat' dir='ltr'>culpa</span> <span class='ocrx_word' id='word_1_206' title='bbox 1656 1528 1704 1569; x_wconf 89' lang='lat' dir='ltr'>et</span> <span class='ocrx_word' id='word_1_207' title='bbox 1735 1522 1888 1568; x_wconf 87' lang='lat' dir='ltr'>omnis</span> <span class='ocrx_word' id='word_1_208' title='bbox 1918 1530 2079 1567; x_wconf 86' lang='lat' dir='ltr'>reatus</span> 
     </span>
     <span class='ocr_line' id='line_1_22' title="bbox 178 1583 2081 1647; baseline -0.004 -12"><span class='ocrx_word' id='word_1_209' title='bbox 178 1602 331 1647; x_wconf 87' lang='lat' dir='ltr'>poenae</span> <span class='ocrx_word' id='word_1_210' title='bbox 360 1589 553 1634; x_wconf 86' lang='lat' dir='ltr'>tollitur.</span> <span class='ocrx_word' id='word_1_211' title='bbox 576 1588 707 1633; x_wconf 85' lang='lat' dir='ltr'>Unde</span> <span class='ocrx_word' id='word_1_212' title='bbox 728 1598 1025 1644; x_wconf 90' lang='lat' dir='ltr'>consequens</span> <span class='ocrx_word' id='word_1_213' title='bbox 1048 1591 1120 1631; x_wconf 88' lang='lat' dir='ltr'>est</span> <span class='ocrx_word' id='word_1_214' title='bbox 1141 1585 1267 1643; x_wconf 80' lang='lat' dir='ltr'>quod</span> <span class='ocrx_word' id='word_1_215' title='bbox 1282 1586 1476 1631; x_wconf 87' lang='lat' dir='ltr'>effectus</span> <span class='ocrx_word' id='word_1_216' title='bbox 1492 1585 1707 1642; x_wconf 87' lang='lat' dir='ltr'>baptismi</span> <span class='ocrx_word' id='word_1_217' title='bbox 1724 1585 1785 1629; x_wconf 88' lang='lat' dir='ltr'>sit</span> <span class='ocrx_word' id='word_1_218' title='bbox 1802 1596 1911 1640; x_wconf 88' lang='lat' dir='ltr'>ape1</span> <span class='ocrx_word' id='word_1_219' title='bbox 1918 1584 1978 1628; x_wconf 88' lang='lat' dir='ltr'>tio</span> <span class='ocrx_word' id='word_1_220' title='bbox 2007 1583 2081 1641; x_wconf 85' lang='lat' dir='ltr'>ja-</span> 
     </span>
    </p>
   </div>
   <div class='ocr_carea' id='block_1_5' title="bbox 179 1649 2080 1783">
    <p class='ocr_par' dir='ltr' id='par_1_7' title="bbox 179 1649 2080 1769">
     <span class='ocr_line' id='line_1_23' title="bbox 179 1649 764 1707; baseline -0.005 -12"><span class='ocrx_word' id='word_1_221' title='bbox 179 1663 287 1695; x_wconf 88' lang='lat' dir='ltr'>nuae</span> <span class='ocrx_word' id='word_1_222' title='bbox 310 1651 443 1707; x_wconf 88' lang='lat' dir='ltr'>regni</span> <span class='ocrx_word' id='word_1_223' title='bbox 465 1649 671 1695; x_wconf 87' lang='lat' dir='ltr'>coelestis</span> <span class='ocrx_word' id='word_1_224' title='bbox 691 1650 764 1702; x_wconf 86' lang='grc'>(2).</span> 
     </span>
     <span class='ocr_line' id='line_1_24' title="bbox 233 1706 2080 1783; baseline -0.002 -27"><span class='ocrx_word' id='word_1_225' title='bbox 233 1713 301 1757; x_wconf 88' lang='lat' dir='ltr'>Ad</span> <span class='ocrx_word' id='word_1_226' title='bbox 320 1717 523 1783; x_wconf 46' lang='lat' dir='ltr'>primunt</span> <span class='ocrx_word' id='word_1_227' title='bbox 543 1723 655 1768; x_wconf 88' lang='lat' dir='ltr'>ergo</span> <span class='ocrx_word' id='word_1_228' title='bbox 679 1709 932 1756; x_wconf 89' lang='lat' dir='ltr'>dicendum</span> <span class='ocrx_word' id='word_1_229' title='bbox 947 1744 959 1766; x_wconf 91' lang='lat'>,</span> <span class='ocrx_word' id='word_1_230' title='bbox 986 1708 1113 1766; x_wconf 77' lang='lat' dir='ltr'>quod</span> <span class='ocrx_word' id='word_1_231' title='bbox 1136 1708 1398 1767; x_wconf 84' lang='lat' dir='ltr'>baptismus</span> <span class='ocrx_word' id='word_1_232' title='bbox 1420 1709 1655 1753; x_wconf 86' lang='lat' dir='ltr'>intantum</span> <span class='ocrx_word' id='word_1_233' title='bbox 1680 1707 1829 1765; x_wconf 88' lang='lat' dir='ltr'>aperit</span> <span class='ocrx_word' id='word_1_234' title='bbox 1846 1706 2080 1764; x_wconf 88' lang='lat' dir='ltr'>baptizato</span> 
     </span>
    </p>
   </div>
   <div class='ocr_carea' id='block_1_6' title="bbox 174 1769 2082 3445">
    <p class='ocr_par' dir='ltr' id='par_1_8' title="bbox 174 1769 2082 1893">
     <span class='ocr_line' id='line_1_25' title="bbox 174 1769 2082 1845; baseline -0.002 -26"><span class='ocrx_word' id='word_1_235' title='bbox 174 1775 368 1845; x_wconf 71' lang='lat' dir='ltr'>ianuam</span> <span class='ocrx_word' id='word_1_236' title='bbox 392 1774 525 1832; x_wconf 88' lang='lat' dir='ltr'>regni</span> <span class='ocrx_word' id='word_1_237' title='bbox 542 1773 764 1827; x_wconf 83' lang='lat' dir='ltr'>coelestis,</span> <span class='ocrx_word' id='word_1_238' title='bbox 785 1773 1066 1828; x_wconf 85' lang='lat' dir='ltr'>inquantum</span> <span class='ocrx_word' id='word_1_239' title='bbox 1089 1771 1357 1830; x_wconf 86' lang='lat' dir='ltr'>incorporat</span> <span class='ocrx_word' id='word_1_240' title='bbox 1371 1783 1480 1818; x_wconf 91' lang='lat' dir='ltr'>eum</span> <span class='ocrx_word' id='word_1_241' title='bbox 1500 1771 1706 1828; x_wconf 87' lang='lat' dir='ltr'>passioni</span> <span class='ocrx_word' id='word_1_242' title='bbox 1727 1769 1910 1827; x_wconf 86' lang='lat' dir='ltr'>Christi,</span> <span class='ocrx_word' id='word_1_243' title='bbox 1932 1770 2082 1815; x_wconf 84' lang='lat' dir='ltr'>virtu-</span> 
     </span>
     <span class='ocr_line' id='line_1_26' title="bbox 179 1834 916 1893; baseline -0.005 -11"><span class='ocrx_word' id='word_1_244' title='bbox 179 1842 272 1882; x_wconf 90' lang='lat' dir='ltr'>tem</span> <span class='ocrx_word' id='word_1_245' title='bbox 297 1837 398 1893; x_wconf 86' lang='lat' dir='ltr'>ejus</span> <span class='ocrx_word' id='word_1_246' title='bbox 421 1836 598 1880; x_wconf 90' lang='lat' dir='ltr'>homini</span> <span class='ocrx_word' id='word_1_247' title='bbox 621 1834 916 1892; x_wconf 90' lang='lat' dir='ltr'>applicando.</span> 
     </span>
    </p>

    <p class='ocr_par' dir='ltr' id='par_1_9' title="bbox 176 1894 2081 2140">
     <span class='ocr_line' id='line_1_27' title="bbox 233 1894 2079 1954; baseline -0.003 -11"><span class='ocrx_word' id='word_1_248' title='bbox 233 1897 301 1943; x_wconf 88' lang='lat' dir='ltr'>Ad</span> <span class='ocrx_word' id='word_1_249' title='bbox 320 1900 566 1942; x_wconf 71' lang='lat' dir='ltr'>secandum</span> <span class='ocrx_word' id='word_1_250' title='bbox 588 1896 841 1943; x_wconf 89' lang='lat' dir='ltr'>dicendum</span> <span class='ocrx_word' id='word_1_251' title='bbox 855 1929 867 1952; x_wconf 90' lang='lat'>,</span> <span class='ocrx_word' id='word_1_252' title='bbox 893 1895 1020 1954; x_wconf 82' lang='lat' dir='ltr'>quod</span> <span class='ocrx_word' id='word_1_253' title='bbox 1043 1895 1234 1953; x_wconf 88' lang='lat' dir='ltr'>quando</span> <span class='ocrx_word' id='word_1_254' title='bbox 1255 1895 1412 1954; x_wconf 89' lang='lat' dir='ltr'>passio</span> <span class='ocrx_word' id='word_1_255' title='bbox 1437 1896 1603 1940; x_wconf 88' lang='lat' dir='ltr'>Christi</span> <span class='ocrx_word' id='word_1_256' title='bbox 1633 1894 1842 1940; x_wconf 73' lang='lat' dir='ltr'>nondum</span> <span class='ocrx_word' id='word_1_257' title='bbox 1860 1898 1959 1939; x_wconf 87' lang='lat' dir='ltr'>erat</span> <span class='ocrx_word' id='word_1_258' title='bbox 1979 1905 2079 1939; x_wconf 85' lang='lat' dir='ltr'>rea·</span> 
     </span>
     <span class='ocr_line' id='line_1_28' title="bbox 178 1955 2081 2016; baseline -0.002 -13"><span class='ocrx_word' id='word_1_259' title='bbox 178 1959 282 2004; x_wconf 90' lang='lat' dir='ltr'>liter</span> <span class='ocrx_word' id='word_1_260' title='bbox 302 1961 533 2016; x_wconf 83' lang='lat' dir='ltr'>perfecta,</span> <span class='ocrx_word' id='word_1_261' title='bbox 558 1960 642 2004; x_wconf 86' lang='lat' dir='ltr'>sed</span> <span class='ocrx_word' id='word_1_262' title='bbox 673 1959 825 2004; x_wconf 80' lang='lat' dir='ltr'>solum</span> <span class='ocrx_word' id='word_1_263' title='bbox 845 1958 892 2003; x_wconf 91' lang='lat' dir='ltr'>in</span> <span class='ocrx_word' id='word_1_264' title='bbox 922 1957 1014 2003; x_wconf 89' lang='lat' dir='ltr'>fide</span> <span class='ocrx_word' id='word_1_265' title='bbox 1046 1957 1362 2014; x_wconf 80' lang='lat' dir='ltr'>credentium,</span> <span class='ocrx_word' id='word_1_266' title='bbox 1392 1958 1654 2015; x_wconf 88' lang='lat' dir='ltr'>baptismus</span> <span class='ocrx_word' id='word_1_267' title='bbox 1675 1955 2081 2014; x_wconf 84' lang='lat' dir='ltr'>proportionaliter</span> 
     </span>
     <span class='ocr_line' id='line_1_29' title="bbox 176 2017 2080 2079; baseline -0.003 -13"><span class='ocrx_word' id='word_1_268' title='bbox 176 2021 400 2066; x_wconf 67' lang='lat' dir='ltr'>caus-&lt;ibat</span> <span class='ocrx_word' id='word_1_269' title='bbox 415 2022 576 2079; x_wconf 86' lang='lat' dir='ltr'>januae</span> <span class='ocrx_word' id='word_1_270' title='bbox 593 2021 899 2079; x_wconf 78' lang='lat' dir='ltr'>apertionem,</span> <span class='ocrx_word' id='word_1_271' title='bbox 925 2032 1019 2064; x_wconf 92' lang='lat' dir='ltr'>non</span> <span class='ocrx_word' id='word_1_272' title='bbox 1042 2021 1231 2077; x_wconf 87' lang='lat' dir='ltr'>quidem</span> <span class='ocrx_word' id='word_1_273' title='bbox 1254 2020 1302 2064; x_wconf 89' lang='lat' dir='ltr'>in</span> <span class='ocrx_word' id='word_1_274' title='bbox 1323 2033 1389 2074; x_wconf 85' lang='lat' dir='ltr'>re,</span> <span class='ocrx_word' id='word_1_275' title='bbox 1414 2021 1495 2065; x_wconf 88' lang='lat' dir='ltr'>sed</span> <span class='ocrx_word' id='word_1_276' title='bbox 1515 2020 1563 2064; x_wconf 89' lang='lat' dir='ltr'>in</span> <span class='ocrx_word' id='word_1_277' title='bbox 1587 2032 1693 2077; x_wconf 74' lang='lat' dir='ltr'>spe,</span> <span class='ocrx_word' id='word_1_278' title='bbox 1719 2017 1935 2074; x_wconf 86' lang='lat' dir='ltr'>baptizati</span> <span class='ocrx_word' id='word_1_279' title='bbox 1954 2017 2080 2063; x_wconf 88' lang='lat' dir='ltr'>enim</span> 
     </span>
     <span class='ocr_line' id='line_1_30' title="bbox 180 2081 1912 2140; baseline -0.002 -12"><span class='ocrx_word' id='word_1_280' title='bbox 180 2088 292 2130; x_wconf 83' lang='lat' dir='ltr'>tunc</span> <span class='ocrx_word' id='word_1_281' title='bbox 313 2085 594 2130; x_wconf 87' lang='lat' dir='ltr'>decedentes</span> <span class='ocrx_word' id='word_1_282' title='bbox 613 2097 671 2129; x_wconf 87' lang='lat' dir='ltr'>ex</span> <span class='ocrx_word' id='word_1_283' title='bbox 693 2088 821 2129; x_wconf 84' lang='lat' dir='ltr'>certa</span> <span class='ocrx_word' id='word_1_284' title='bbox 838 2096 921 2140; x_wconf 90' lang='lat' dir='ltr'>spe</span> <span class='ocrx_word' id='word_1_285' title='bbox 942 2083 1185 2128; x_wconf 87' lang='lat' dir='ltr'>introitum</span> <span class='ocrx_word' id='word_1_286' title='bbox 1203 2083 1338 2140; x_wconf 88' lang='lat' dir='ltr'>regni</span> <span class='ocrx_word' id='word_1_287' title='bbox 1360 2083 1563 2128; x_wconf 89' lang='lat' dir='ltr'>coelestis</span> <span class='ocrx_word' id='word_1_288' title='bbox 1586 2081 1912 2139; x_wconf 86' lang='lat' dir='ltr'>expectabant.</span> 
     </span>
    </p>

    <p class='ocr_par' dir='ltr' id='par_1_10' title="bbox 176 2142 2080 2455">
     <span class='ocr_line' id='line_1_31' title="bbox 234 2142 2080 2202; baseline -0.002 -11"><span class='ocrx_word' id='word_1_289' title='bbox 234 2147 300 2191; x_wconf 91' lang='lat' dir='ltr'>Ad</span> <span class='ocrx_word' id='word_1_290' title='bbox 319 2150 503 2190; x_wconf 76' lang='lat' dir='ltr'>tertium</span> <span class='ocrx_word' id='word_1_291' title='bbox 529 2145 807 2202; x_wconf 87' lang='lat' dir='ltr'>dicendum,</span> <span class='ocrx_word' id='word_1_292' title='bbox 839 2145 966 2202; x_wconf 80' lang='lat' dir='ltr'>quod</span> <span class='ocrx_word' id='word_1_293' title='bbox 995 2145 1255 2202; x_wconf 89' lang='lat' dir='ltr'>baptizatus</span> <span class='ocrx_word' id='word_1_294' title='bbox 1280 2158 1375 2190; x_wconf 92' lang='lat' dir='ltr'>non</span> <span class='ocrx_word' id='word_1_295' title='bbox 1399 2150 1471 2190; x_wconf 92' lang='lat' dir='ltr'>est</span> <span class='ocrx_word' id='word_1_296' title='bbox 1492 2144 1723 2189; x_wconf 85' lang='lat' dir='ltr'>obnoxius</span> <span class='ocrx_word' id='word_1_297' title='bbox 1750 2142 1888 2188; x_wconf 88' lang='lat' dir='ltr'>morti</span> <span class='ocrx_word' id='word_1_298' title='bbox 1917 2147 1963 2187; x_wconf 90' lang='lat' dir='ltr'>et</span> <span class='ocrx_word' id='word_1_299' title='bbox 1984 2155 2080 2200; x_wconf 90' lang='lat' dir='ltr'>poe-</span> 
     </span>
     <span class='ocr_line' id='line_1_32' title="bbox 177 2207 2077 2267; baseline -0.002 -15"><span class='ocrx_word' id='word_1_300' title='bbox 177 2209 451 2254; x_wconf 88' lang='lat' dir='ltr'>nalitatibus</span> <span class='ocrx_word' id='word_1_301' title='bbox 472 2210 581 2254; x_wconf 85' lang='lat' dir='ltr'>vitae</span> <span class='ocrx_word' id='word_1_302' title='bbox 610 2208 857 2267; x_wconf 79' lang='lat' dir='ltr'>praesentis</span> <span class='ocrx_word' id='word_1_303' title='bbox 875 2213 1078 2265; x_wconf 85' lang='lat' dir='ltr'>propter</span> <span class='ocrx_word' id='word_1_304' title='bbox 1099 2213 1281 2252; x_wconf 85' lang='lat' dir='ltr'>reatum</span> <span class='ocrx_word' id='word_1_305' title='bbox 1310 2220 1551 2264; x_wconf 81' lang='lat' dir='ltr'>personae,</span> <span class='ocrx_word' id='word_1_306' title='bbox 1582 2207 1663 2252; x_wconf 91' lang='lat' dir='ltr'>sed</span> <span class='ocrx_word' id='word_1_307' title='bbox 1689 2210 1876 2262; x_wconf 88' lang='lat' dir='ltr'>propter</span> <span class='ocrx_word' id='word_1_308' title='bbox 1905 2208 2077 2249; x_wconf 89' lang='lat' dir='ltr'>statum</span> 
     </span>
     <span class='ocr_line' id='line_1_33' title="bbox 176 2266 2076 2328; baseline -0.003 -12"><span class='ocrx_word' id='word_1_309' title='bbox 176 2275 379 2328; x_wconf 71' lang='lat' dir='ltr'>naturae,</span> <span class='ocrx_word' id='word_1_310' title='bbox 418 2278 464 2316; x_wconf 91' lang='lat' dir='ltr'>et</span> <span class='ocrx_word' id='word_1_311' title='bbox 488 2271 592 2317; x_wconf 82' lang='lat' dir='ltr'>ideo</span> <span class='ocrx_word' id='word_1_312' title='bbox 621 2274 812 2328; x_wconf 85' lang='lat' dir='ltr'>propter</span> <span class='ocrx_word' id='word_1_313' title='bbox 842 2270 930 2314; x_wconf 92' lang='lat' dir='ltr'>hoc</span> <span class='ocrx_word' id='word_1_314' title='bbox 961 2282 1057 2315; x_wconf 91' lang='lat' dir='ltr'>non</span> <span class='ocrx_word' id='word_1_315' title='bbox 1088 2270 1341 2327; x_wconf 89' lang='lat' dir='ltr'>impeditur</span> <span class='ocrx_word' id='word_1_316' title='bbox 1364 2269 1423 2314; x_wconf 90' lang='lat' dir='ltr'>ab</span> <span class='ocrx_word' id='word_1_317' title='bbox 1454 2269 1647 2314; x_wconf 90' lang='lat' dir='ltr'>introitu</span> <span class='ocrx_word' id='word_1_318' title='bbox 1679 2268 1810 2325; x_wconf 90' lang='lat' dir='ltr'>regni</span> <span class='ocrx_word' id='word_1_319' title='bbox 1843 2266 2076 2325; x_wconf 87' lang='lat' dir='ltr'>coelestis,</span> 
     </span>
     <span class='ocr_line' id='line_1_34' title="bbox 176 2330 2077 2391; baseline -0.003 -13"><span class='ocrx_word' id='word_1_320' title='bbox 176 2335 365 2391; x_wconf 85' lang='lat' dir='ltr'>quando</span> <span class='ocrx_word' id='word_1_321' title='bbox 388 2334 546 2378; x_wconf 85' lang='lat' dir='ltr'>anima</span> <span class='ocrx_word' id='word_1_322' title='bbox 570 2337 814 2390; x_wconf 88' lang='lat' dir='ltr'>separatur</span> <span class='ocrx_word' id='word_1_323' title='bbox 837 2331 864 2376; x_wconf 82' lang='lat' dir='ltr'>a</span> <span class='ocrx_word' id='word_1_324' title='bbox 886 2345 1080 2388; x_wconf 88' lang='lat' dir='ltr'>corpore</span> <span class='ocrx_word' id='word_1_325' title='bbox 1101 2345 1184 2389; x_wconf 89' lang='lat' dir='ltr'>per</span> <span class='ocrx_word' id='word_1_326' title='bbox 1208 2337 1436 2389; x_wconf 89' lang='lat' dir='ltr'>mortem,</span> <span class='ocrx_word' id='word_1_327' title='bbox 1467 2331 1602 2389; x_wconf 89' lang='lat' dir='ltr'>quasi</span> <span class='ocrx_word' id='word_1_328' title='bbox 1627 2331 1725 2389; x_wconf 81' lang='lat' dir='ltr'>jam</span> <span class='ocrx_word' id='word_1_329' title='bbox 1754 2330 1993 2388; x_wconf 87' lang='lat' dir='ltr'>persoluto</span> <span class='ocrx_word' id='word_1_330' title='bbox 2023 2340 2077 2374; x_wconf 91' lang='lat' dir='ltr'>eo</span> 
     </span>
     <span class='ocr_line' id='line_1_35' title="bbox 176 2396 801 2455; baseline -0.003 -14"><span class='ocrx_word' id='word_1_331' title='bbox 176 2397 304 2455; x_wconf 91' lang='lat' dir='ltr'>quod</span> <span class='ocrx_word' id='word_1_332' title='bbox 326 2402 506 2441; x_wconf 82' lang='lat' dir='ltr'>natmae</span> <span class='ocrx_word' id='word_1_333' title='bbox 529 2396 801 2443; x_wconf 88' lang='lat' dir='ltr'>debebatur.</span> 
     </span>
    </p>

    <p class='ocr_par' dir='ltr' id='par_1_11' title="bbox 175 2460 2074 2629">
     <span class='ocr_line' id='line_1_36' title="bbox 275 2460 1979 2506; baseline -0.001 -5"><span class='ocrx_word' id='word_1_334' title='bbox 275 2461 620 2503; x_wconf 84' lang='lat' dir='ltr'><strong>ARTICULUS</strong></span> <span class='ocrx_word' id='word_1_335' title='bbox 642 2460 772 2502; x_wconf 86' lang='lat' dir='ltr'><strong>VIII.</strong></span> <span class='ocrx_word' id='word_1_336' title='bbox 797 2481 852 2489; x_wconf 94' lang='lat'><strong>—</strong></span> <span class='ocrx_word' id='word_1_337' title='bbox 875 2471 1012 2500; x_wconf 74' lang='lat' dir='ltr'>uuum</span> <span class='ocrx_word' id='word_1_338' title='bbox 1042 2471 1269 2506; x_wconf 78' lang='lat' dir='ltr'><strong>BAPTISMUS</strong></span> <span class='ocrx_word' id='word_1_339' title='bbox 1298 2471 1462 2502; x_wconf 55' lang='lat' dir='ltr'>nant-,AT</span> <span class='ocrx_word' id='word_1_340' title='bbox 1492 2471 1533 2501; x_wconf 76' lang='lat' dir='ltr'>m</span> <span class='ocrx_word' id='word_1_341' title='bbox 1563 2469 1741 2501; x_wconf 69' lang='lat' dir='ltr'>oumsns</span> <span class='ocrx_word' id='word_1_342' title='bbox 1771 2467 1979 2506; x_wconf 62' lang='lat' dir='ltr'>AEouusu</span> 
     </span>
     <span class='ocr_line' id='line_1_37' title="bbox 1011 2532 1244 2562; baseline 0 0"><span class='ocrx_word' id='word_1_343' title='bbox 1011 2532 1244 2562; x_wconf 77' lang='lat' dir='ltr'><strong>EFFECTUII.</strong></span> 
     </span>
     <span class='ocr_line' id='line_1_38' title="bbox 175 2587 2074 2629; baseline -0.001 -6"><span class='ocrx_word' id='word_1_344' title='bbox 175 2589 226 2624; x_wconf 85' lang='lat' dir='ltr'>De</span> <span class='ocrx_word' id='word_1_345' title='bbox 236 2587 290 2622; x_wconf 88' lang='lat' dir='ltr'>his</span> <span class='ocrx_word' id='word_1_346' title='bbox 307 2587 408 2622; x_wconf 77' lang='lat' dir='ltr'>etiam</span> <span class='ocrx_word' id='word_1_347' title='bbox 424 2588 517 2622; x_wconf 81' lang='lat' dir='ltr'>Sent.</span> <span class='ocrx_word' id='word_1_348' title='bbox 532 2596 581 2627; x_wconf 81' lang='lat' dir='ltr'>lv,</span> <span class='ocrx_word' id='word_1_349' title='bbox 594 2587 672 2622; x_wconf 82' lang='lat' dir='ltr'>dist.</span> <span class='ocrx_word' id='word_1_350' title='bbox 688 2588 721 2628; x_wconf 69' lang='grc'>4,</span> <span class='ocrx_word' id='word_1_351' title='bbox 735 2590 852 2629; x_wconf 76' lang='lat' dir='ltr'>quoest.</span> <span class='ocrx_word' id='word_1_352' title='bbox 864 2596 905 2627; x_wconf 80' lang='lat'>11.</span> <span class='ocrx_word' id='word_1_353' title='bbox 922 2589 988 2621; x_wconf 79' lang='lat' dir='ltr'>art.</span> <span class='ocrx_word' id='word_1_354' title='bbox 1002 2588 1036 2628; x_wconf 83' lang='lat'>5,</span> <span class='ocrx_word' id='word_1_355' title='bbox 1052 2592 1167 2628; x_wconf 85' lang='lat' dir='ltr'>quaest.</span> <span class='ocrx_word' id='word_1_356' title='bbox 1183 2595 1196 2620; x_wconf 88' lang='lat'>1</span> <span class='ocrx_word' id='word_1_357' title='bbox 1211 2591 1246 2622; x_wconf 76' lang='lat' dir='ltr'>et</span> <span class='ocrx_word' id='word_1_358' title='bbox 1269 2596 1310 2628; x_wconf 86' lang='lat'>11,</span> <span class='ocrx_word' id='word_1_359' title='bbox 1327 2590 1361 2622; x_wconf 85' lang='lat' dir='ltr'>et</span> <span class='ocrx_word' id='word_1_360' title='bbox 1370 2587 1447 2622; x_wconf 84' lang='lat' dir='ltr'>dist.</span> <span class='ocrx_word' id='word_1_361' title='bbox 1463 2588 1516 2627; x_wconf 70' lang='lat'>¹¹8,</span> <span class='ocrx_word' id='word_1_362' title='bbox 1533 2589 1680 2629; x_wconf 57' lang='lat' dir='ltr'>quaesta,</span> <span class='ocrx_word' id='word_1_363' title='bbox 1693 2589 1758 2620; x_wconf 76' lang='lat' dir='ltr'>art.</span> <span class='ocrx_word' id='word_1_364' title='bbox 1773 2587 1807 2628; x_wconf 84' lang='lat'>5,</span> <span class='ocrx_word' id='word_1_365' title='bbox 1822 2588 1938 2627; x_wconf 82' lang='lat' dir='ltr'>quaest.</span> <span class='ocrx_word' id='word_1_366' title='bbox 1953 2592 1967 2619; x_wconf 82' lang='lat' dir='ltr'><strong>I</strong></span> <span class='ocrx_word' id='word_1_367' title='bbox 1981 2596 2074 2628; x_wconf 81' lang='lat' dir='ltr'>corp.</span> 
     </span>
    </p>

    <p class='ocr_par' dir='ltr' id='par_1_12' title="bbox 175 2639 2075 3010">
     <span class='ocr_line' id='line_1_39' title="bbox 230 2639 2073 2699; baseline -0.001 -12"><span class='ocrx_word' id='word_1_368' title='bbox 230 2642 298 2688; x_wconf 86' lang='lat' dir='ltr'>Ad</span> <span class='ocrx_word' id='word_1_369' title='bbox 327 2646 542 2687; x_wconf 86' lang='lat' dir='ltr'>octavum</span> <span class='ocrx_word' id='word_1_370' title='bbox 571 2642 639 2686; x_wconf 91' lang='lat' dir='ltr'>sic</span> <span class='ocrx_word' id='word_1_371' title='bbox 668 2641 952 2699; x_wconf 77' lang='lat' dir='ltr'>proceditur.</span> <span class='ocrx_word' id='word_1_372' title='bbox 977 2645 1020 2686; x_wconf 80' lang='lat'>1.</span> <span class='ocrx_word' id='word_1_373' title='bbox 1051 2641 1240 2686; x_wconf 86' lang='lat' dir='ltr'>Videtur</span> <span class='ocrx_word' id='word_1_374' title='bbox 1268 2641 1395 2699; x_wconf 80' lang='lat' dir='ltr'>quod</span> <span class='ocrx_word' id='word_1_375' title='bbox 1417 2641 1679 2698; x_wconf 90' lang='lat' dir='ltr'>baptismus</span> <span class='ocrx_word' id='word_1_376' title='bbox 1710 2653 1804 2684; x_wconf 92' lang='lat' dir='ltr'>non</span> <span class='ocrx_word' id='word_1_377' title='bbox 1831 2639 1999 2684; x_wconf 89' lang='lat' dir='ltr'>habeat</span> <span class='ocrx_word' id='word_1_378' title='bbox 2025 2639 2073 2685; x_wconf 93' lang='lat' dir='ltr'>in</span> 
     </span>
     <span class='ocr_line' id='line_1_40' title="bbox 175 2702 2071 2762; baseline -0.002 -12"><span class='ocrx_word' id='word_1_379' title='bbox 175 2704 394 2750; x_wconf 90' lang='lat' dir='ltr'>omnibus</span> <span class='ocrx_word' id='word_1_380' title='bbox 417 2704 646 2762; x_wconf 83' lang='lat' dir='ltr'>aequalem</span> <span class='ocrx_word' id='word_1_381' title='bbox 677 2703 912 2748; x_wconf 87' lang='lat' dir='ltr'>effectum.</span> <span class='ocrx_word' id='word_1_382' title='bbox 945 2703 1147 2748; x_wconf 88' lang='lat' dir='ltr'>Effectus</span> <span class='ocrx_word' id='word_1_383' title='bbox 1180 2704 1305 2748; x_wconf 88' lang='lat' dir='ltr'>enim</span> <span class='ocrx_word' id='word_1_384' title='bbox 1335 2704 1556 2761; x_wconf 86' lang='lat' dir='ltr'>baptismi</span> <span class='ocrx_word' id='word_1_385' title='bbox 1584 2708 1655 2748; x_wconf 90' lang='lat' dir='ltr'>est</span> <span class='ocrx_word' id='word_1_386' title='bbox 1686 2703 1884 2747; x_wconf 88' lang='lat' dir='ltr'>remotio</span> <span class='ocrx_word' id='word_1_387' title='bbox 1907 2702 2071 2759; x_wconf 81' lang='lat' dir='ltr'>culpae.</span> 
     </span>
     <span class='ocr_line' id='line_1_41' title="bbox 176 2764 2075 2824; baseline -0.002 -12"><span class='ocrx_word' id='word_1_388' title='bbox 176 2767 266 2812; x_wconf 89' lang='lat' dir='ltr'>Sed</span> <span class='ocrx_word' id='word_1_389' title='bbox 283 2767 331 2810; x_wconf 92' lang='lat' dir='ltr'>in</span> <span class='ocrx_word' id='word_1_390' title='bbox 351 2766 636 2824; x_wconf 87' lang='lat' dir='ltr'>quibusdam</span> <span class='ocrx_word' id='word_1_391' title='bbox 658 2766 794 2823; x_wconf 90' lang='lat' dir='ltr'>plura</span> <span class='ocrx_word' id='word_1_392' title='bbox 816 2771 1007 2822; x_wconf 87' lang='lat' dir='ltr'>peccata</span> <span class='ocrx_word' id='word_1_393' title='bbox 1026 2765 1145 2810; x_wconf 89' lang='lat' dir='ltr'>tollit</span> <span class='ocrx_word' id='word_1_394' title='bbox 1173 2766 1316 2822; x_wconf 79' lang='lat' dir='ltr'>quam</span> <span class='ocrx_word' id='word_1_395' title='bbox 1340 2767 1387 2811; x_wconf 92' lang='lat' dir='ltr'>in</span> <span class='ocrx_word' id='word_1_396' title='bbox 1419 2766 1549 2823; x_wconf 69' lang='lat' dir='ltr'>aliis,</span> <span class='ocrx_word' id='word_1_397' title='bbox 1575 2777 1686 2810; x_wconf 89' lang='lat' dir='ltr'>nam</span> <span class='ocrx_word' id='word_1_398' title='bbox 1708 2764 1758 2808; x_wconf 88' lang='lat' dir='ltr'>in</span> <span class='ocrx_word' id='word_1_399' title='bbox 1777 2764 1935 2822; x_wconf 89' lang='lat' dir='ltr'>pueris</span> <span class='ocrx_word' id='word_1_400' title='bbox 1958 2764 2075 2809; x_wconf 87' lang='lat' dir='ltr'>tollit</span> 
     </span>
     <span class='ocr_line' id='line_1_42' title="bbox 175 2826 2072 2885; baseline -0.003 -11"><span class='ocrx_word' id='word_1_401' title='bbox 175 2829 327 2874; x_wconf 78' lang='lat' dir='ltr'>solum</span> <span class='ocrx_word' id='word_1_402' title='bbox 353 2833 598 2885; x_wconf 89' lang='lat' dir='ltr'>peccatum</span> <span class='ocrx_word' id='word_1_403' title='bbox 633 2828 879 2885; x_wconf 86' lang='lat' dir='ltr'>originale,</span> <span class='ocrx_word' id='word_1_404' title='bbox 902 2828 949 2872; x_wconf 92' lang='lat' dir='ltr'>in</span> <span class='ocrx_word' id='word_1_405' title='bbox 983 2827 1156 2872; x_wconf 87' lang='lat' dir='ltr'>adultis</span> <span class='ocrx_word' id='word_1_406' title='bbox 1189 2834 1348 2873; x_wconf 90' lang='lat' dir='ltr'>autem</span> <span class='ocrx_word' id='word_1_407' title='bbox 1386 2828 1526 2872; x_wconf 88' lang='lat' dir='ltr'>etiam</span> <span class='ocrx_word' id='word_1_408' title='bbox 1558 2830 1749 2885; x_wconf 87' lang='lat' dir='ltr'>peccata</span> <span class='ocrx_word' id='word_1_409' title='bbox 1779 2826 1993 2883; x_wconf 87' lang='lat' dir='ltr'>actualia,</span> <span class='ocrx_word' id='word_1_410' title='bbox 2023 2826 2072 2870; x_wconf 92' lang='lat' dir='ltr'>in</span> 
     </span>
     <span class='ocr_line' id='line_1_43' title="bbox 175 2887 2071 2948; baseline -0.002 -12"><span class='ocrx_word' id='word_1_411' title='bbox 175 2891 455 2948; x_wconf 86' lang='lat' dir='ltr'>quibusdam</span> <span class='ocrx_word' id='word_1_412' title='bbox 468 2891 620 2947; x_wconf 87' lang='lat' dir='ltr'>plura,</span> <span class='ocrx_word' id='word_1_413' title='bbox 636 2890 684 2934; x_wconf 90' lang='lat' dir='ltr'>in</span> <span class='ocrx_word' id='word_1_414' title='bbox 699 2890 982 2947; x_wconf 87' lang='lat' dir='ltr'>quibusdam</span> <span class='ocrx_word' id='word_1_415' title='bbox 993 2890 1103 2934; x_wconf 80' lang='lat' dir='ltr'>vero</span> <span class='ocrx_word' id='word_1_416' title='bbox 1118 2891 1356 2946; x_wconf 87' lang='lat' dir='ltr'>pauciora.</span> <span class='ocrx_word' id='word_1_417' title='bbox 1375 2892 1474 2935; x_wconf 92' lang='lat' dir='ltr'>Non</span> <span class='ocrx_word' id='word_1_418' title='bbox 1491 2902 1604 2946; x_wconf 89' lang='lat' dir='ltr'>ergo</span> <span class='ocrx_word' id='word_1_419' title='bbox 1616 2888 1843 2946; x_wconf 79' lang='lat' dir='ltr'>aequalem</span> <span class='ocrx_word' id='word_1_420' title='bbox 1855 2887 2071 2933; x_wconf 87' lang='lat' dir='ltr'>effectum</span> 
     </span>
     <span class='ocr_line' id='line_1_44' title="bbox 177 2952 927 3010; baseline -0.003 -12"><span class='ocrx_word' id='word_1_421' title='bbox 177 2953 315 2999; x_wconf 89' lang='lat' dir='ltr'>habet</span> <span class='ocrx_word' id='word_1_422' title='bbox 336 2953 597 3010; x_wconf 88' lang='lat' dir='ltr'>baptism-us</span> <span class='ocrx_word' id='word_1_423' title='bbox 619 2952 667 2997; x_wconf 91' lang='lat' dir='ltr'>in</span> <span class='ocrx_word' id='word_1_424' title='bbox 691 2952 927 2997; x_wconf 88' lang='lat' dir='ltr'>omnibus.</span> 
     </span>
    </p>

    <p class='ocr_par' dir='ltr' id='par_1_13' title="bbox 175 3012 2072 3246">
     <span class='ocr_line' id='line_1_45' title="bbox 229 3012 2072 3072; baseline -0.001 -12"><span class='ocrx_word' id='word_1_425' title='bbox 229 3019 272 3061; x_wconf 83' lang='grc'>2.</span> <span class='ocrx_word' id='word_1_426' title='bbox 305 3018 547 3071; x_wconf 84' lang='lat' dir='ltr'>Praeterea,</span> <span class='ocrx_word' id='word_1_427' title='bbox 571 3028 653 3072; x_wconf 89' lang='lat' dir='ltr'>per</span> <span class='ocrx_word' id='word_1_428' title='bbox 676 3014 961 3072; x_wconf 91' lang='lat' dir='ltr'>baptismum</span> <span class='ocrx_word' id='word_1_429' title='bbox 983 3014 1291 3060; x_wconf 88' lang='lat' dir='ltr'>conferuntur</span> <span class='ocrx_word' id='word_1_430' title='bbox 1313 3015 1491 3060; x_wconf 89' lang='lat' dir='ltr'>homini</span> <span class='ocrx_word' id='word_1_431' title='bbox 1511 3015 1661 3071; x_wconf 78' lang='lat' dir='ltr'>grafia</span> <span class='ocrx_word' id='word_1_432' title='bbox 1681 3019 1728 3059; x_wconf 91' lang='lat' dir='ltr'>et</span> <span class='ocrx_word' id='word_1_433' title='bbox 1748 3012 1961 3057; x_wconf 85' lang='lat' dir='ltr'>virtutes.</span> <span class='ocrx_word' id='word_1_434' title='bbox 1983 3012 2072 3058; x_wconf 87' lang='lat' dir='ltr'>Sed</span> 
     </span>
     <span class='ocr_line' id='line_1_46' title="bbox 175 3073 2071 3134; baseline -0.002 -14"><span class='ocrx_word' id='word_1_435' title='bbox 175 3076 366 3134; x_wconf 89' lang='lat' dir='ltr'>quidam</span> <span class='ocrx_word' id='word_1_436' title='bbox 388 3081 493 3133; x_wconf 88' lang='lat' dir='ltr'>post</span> <span class='ocrx_word' id='word_1_437' title='bbox 513 3076 801 3133; x_wconf 88' lang='lat' dir='ltr'>baptismum</span> <span class='ocrx_word' id='word_1_438' title='bbox 824 3076 1044 3122; x_wconf 86' lang='lat' dir='ltr'>videntur</span> <span class='ocrx_word' id='word_1_439' title='bbox 1066 3076 1237 3122; x_wconf 88' lang='lat' dir='ltr'>habere</span> <span class='ocrx_word' id='word_1_440' title='bbox 1266 3077 1492 3134; x_wconf 86' lang='lat' dir='ltr'>maj0rem</span> <span class='ocrx_word' id='word_1_441' title='bbox 1526 3076 1723 3132; x_wconf 82' lang='lat' dir='ltr'>gratiam</span> <span class='ocrx_word' id='word_1_442' title='bbox 1750 3079 1797 3119; x_wconf 87' lang='lat' dir='ltr'>et</span> <span class='ocrx_word' id='word_1_443' title='bbox 1824 3073 2071 3130; x_wconf 85' lang='lat' dir='ltr'>perfectio-</span> 
     </span>
     <span class='ocr_line' id='line_1_47' title="bbox 176 3135 2071 3196; baseline -0.002 -14"><span class='ocrx_word' id='word_1_444' title='bbox 176 3149 284 3183; x_wconf 89' lang='lat' dir='ltr'>nem</span> <span class='ocrx_word' id='word_1_445' title='bbox 303 3138 531 3182; x_wconf 87' lang='lat' dir='ltr'>virtutum</span> <span class='ocrx_word' id='word_1_446' title='bbox 553 3139 694 3195; x_wconf 79' lang='lat' dir='ltr'>quam</span> <span class='ocrx_word' id='word_1_447' title='bbox 715 3138 793 3182; x_wconf 88' lang='lat' dir='ltr'>alii</span> <span class='ocrx_word' id='word_1_448' title='bbox 812 3138 1047 3195; x_wconf 88' lang='lat' dir='ltr'>baptizati.</span> <span class='ocrx_word' id='word_1_449' title='bbox 1071 3141 1170 3183; x_wconf 92' lang='lat' dir='ltr'>Non</span> <span class='ocrx_word' id='word_1_450' title='bbox 1194 3151 1308 3196; x_wconf 87' lang='lat' dir='ltr'>ergo</span> <span class='ocrx_word' id='word_1_451' title='bbox 1330 3139 1591 3196; x_wconf 88' lang='lat' dir='ltr'>baptismus</span> <span class='ocrx_word' id='word_1_452' title='bbox 1609 3137 1746 3182; x_wconf 88' lang='lat' dir='ltr'>habet</span> <span class='ocrx_word' id='word_1_453' title='bbox 1760 3135 1988 3192; x_wconf 84' lang='lat' dir='ltr'>aequalem</span> <span class='ocrx_word' id='word_1_454' title='bbox 2005 3135 2071 3180; x_wconf 85' lang='lat' dir='ltr'>ef-</span> 
     </span>
     <span class='ocr_line' id='line_1_48' title="bbox 176 3200 673 3246; baseline 0.002 -2"><span class='ocrx_word' id='word_1_455' title='bbox 176 3200 351 3246; x_wconf 86' lang='lat' dir='ltr'>fectum</span> <span class='ocrx_word' id='word_1_456' title='bbox 367 3200 415 3243; x_wconf 92' lang='lat' dir='ltr'>in</span> <span class='ocrx_word' id='word_1_457' title='bbox 436 3201 673 3245; x_wconf 88' lang='lat' dir='ltr'>omnibus.</span> 
     </span>
    </p>

    <p class='ocr_par' dir='ltr' id='par_1_14' title="bbox 175 3260 2068 3445">
     <span class='ocr_line' id='line_1_49' title="bbox 228 3260 2066 3334; baseline -0.002 -29"><span class='ocrx_word' id='word_1_458' title='bbox 228 3264 272 3307; x_wconf 86' lang='lat'>3.</span> <span class='ocrx_word' id='word_1_459' title='bbox 302 3264 545 3318; x_wconf 73' lang='lat' dir='ltr'>Praeterea,</span> <span class='ocrx_word' id='word_1_460' title='bbox 572 3267 740 3307; x_wconf 83' lang='lat' dir='ltr'>natura</span> <span class='ocrx_word' id='word_1_461' title='bbox 765 3262 1005 3320; x_wconf 89' lang='lat' dir='ltr'>perficitur</span> <span class='ocrx_word' id='word_1_462' title='bbox 1026 3276 1109 3320; x_wconf 91' lang='lat' dir='ltr'>per</span> <span class='ocrx_word' id='word_1_463' title='bbox 1132 3264 1348 3334; x_wconf 83' lang='lat' dir='ltr'>gratiam,</span> <span class='ocrx_word' id='word_1_464' title='bbox 1372 3264 1494 3309; x_wconf 90' lang='lat' dir='ltr'>sicut</span> <span class='ocrx_word' id='word_1_465' title='bbox 1522 3260 1715 3307; x_wconf 86' lang='lat' dir='ltr'>materia</span> <span class='ocrx_word' id='word_1_466' title='bbox 1739 3272 1824 3316; x_wconf 88' lang='lat' dir='ltr'>per</span> <span class='ocrx_word' id='word_1_467' title='bbox 1854 3260 2066 3304; x_wconf 81' lang='lat' dir='ltr'>sormam.</span> 
     </span>
     <span class='ocr_line' id='line_1_50' title="bbox 175 3321 2068 3395; baseline -0.002 -27"><span class='ocrx_word' id='word_1_468' title='bbox 175 3323 264 3369; x_wconf 88' lang='lat' dir='ltr'>Sed</span> <span class='ocrx_word' id='word_1_469' title='bbox 286 3324 435 3367; x_wconf 79' lang='lat' dir='ltr'>folma</span> <span class='ocrx_word' id='word_1_470' title='bbox 458 3325 680 3380; x_wconf 80' lang='lat' dir='ltr'>recipitur</span> <span class='ocrx_word' id='word_1_471' title='bbox 697 3324 746 3368; x_wconf 87' lang='lat' dir='ltr'>in</span> <span class='ocrx_word' id='word_1_472' title='bbox 771 3326 965 3369; x_wconf 82' lang='lat' dir='ltr'>materia</span> <span class='ocrx_word' id='word_1_473' title='bbox 985 3326 1245 3370; x_wconf 82' lang='lat' dir='ltr'>secundum</span> <span class='ocrx_word' id='word_1_474' title='bbox 1270 3325 1373 3395; x_wconf 81' lang='lat' dir='ltr'>ejus</span> <span class='ocrx_word' id='word_1_475' title='bbox 1399 3325 1717 3382; x_wconf 86' lang='lat' dir='ltr'>capacitatem.</span> <span class='ocrx_word' id='word_1_476' title='bbox 1745 3324 1857 3365; x_wconf 89' lang='lat' dir='ltr'>Cum</span> <span class='ocrx_word' id='word_1_477' title='bbox 1889 3332 2002 3377; x_wconf 83' lang='lat' dir='ltr'>ergo</span> <span class='ocrx_word' id='word_1_478' title='bbox 2019 3321 2068 3365; x_wconf 90' lang='lat' dir='ltr'>in</span> 
     </span>
     <span class='ocr_line' id='line_1_51' title="bbox 175 3381 2068 3445; baseline -0.003 -15"><span class='ocrx_word' id='word_1_479' title='bbox 175 3386 454 3444; x_wconf 86' lang='lat' dir='ltr'>quibusdam</span> <span class='ocrx_word' id='word_1_480' title='bbox 474 3386 733 3444; x_wconf 87' lang='lat' dir='ltr'>baptizatis,</span> <span class='ocrx_word' id='word_1_481' title='bbox 766 3387 906 3431; x_wconf 87' lang='lat' dir='ltr'>etiam</span> <span class='ocrx_word' id='word_1_482' title='bbox 931 3389 1106 3445; x_wconf 89' lang='lat' dir='ltr'>pueris,</span> <span class='ocrx_word' id='word_1_483' title='bbox 1132 3388 1193 3432; x_wconf 86' lang='lat' dir='ltr'>sit</span> <span class='ocrx_word' id='word_1_484' title='bbox 1209 3387 1359 3443; x_wconf 86' lang='lat' dir='ltr'>major</span> <span class='ocrx_word' id='word_1_485' title='bbox 1373 3387 1605 3444; x_wconf 87' lang='lat' dir='ltr'>capacitas</span> <span class='ocrx_word' id='word_1_486' title='bbox 1627 3382 1908 3428; x_wconf 88' lang='lat' dir='ltr'>naturalium</span> <span class='ocrx_word' id='word_1_487' title='bbox 1927 3381 2068 3439; x_wconf 78' lang='lat' dir='ltr'>quam</span> 
     </span>
    </p>
   </div>
   <div class='ocr_carea' id='block_1_7' title="bbox 213 3472 2068 3570">
    <p class='ocr_par' dir='ltr' id='par_1_15' title="bbox 213 3472 2068 3570">
     <span class='ocr_line' id='line_1_52' title="bbox 213 3472 2068 3522; baseline -0.005 -5"><span class='ocrx_word' id='word_1_488' title='bbox 213 3475 258 3518; x_wconf 73' lang='grc' dir='ltr'>(Ι)</span> <span class='ocrx_word' id='word_1_489' title='bbox 273 3475 427 3516; x_wconf 79' lang='lat' dir='ltr'>V1¹l‚gata</span> <span class='ocrx_word' id='word_1_490' title='bbox 448 3476 637 3511; x_wconf 78' lang='lat' dir='ltr'>Ascendet.</span> <span class='ocrx_word' id='word_1_491' title='bbox 1164 3488 1211 3512; x_wconf 77' lang='lat' dir='ltr'>ex</span> <span class='ocrx_word' id='word_1_492' title='bbox 1223 3488 1323 3522; x_wconf 78' lang='lat' dir='ltr'>aqua</span> <span class='ocrx_word' id='word_1_493' title='bbox 1337 3481 1371 3513; x_wconf 81' lang='lat' dir='ltr'>et</span> <span class='ocrx_word' id='word_1_494' title='bbox 1386 3478 1536 3521; x_wconf 78' lang='lat' dir='ltr'>Spiritu</span> <span class='ocrx_word' id='word_1_495' title='bbox 1547 3480 1670 3511; x_wconf 75' lang='lat' dir='ltr'>sancto</span> <span class='ocrx_word' id='word_1_496' title='bbox 1688 3485 1764 3509; x_wconf 80' lang='lat' dir='ltr'>non</span> <span class='ocrx_word' id='word_1_497' title='bbox 1780 3472 2068 3517; x_wconf 75' lang='lat' dir='ltr'>potestintroire</span> 
     </span>
     <span class='ocr_line' id='line_1_53' title="bbox 213 3522 1738 3570; baseline -0.001 -13"><span class='ocrx_word' id='word_1_498' title='bbox 213 3522 257 3565; x_wconf 88' lang='lat'>(2)</span> <span class='ocrx_word' id='word_1_499' title='bbox 272 3523 359 3558; x_wconf 87' lang='lat' dir='ltr'>Hinc</span> <span class='ocrx_word' id='word_1_500' title='bbox 372 3523 500 3558; x_wconf 85' lang='lat' dir='ltr'>dicitur</span> <span class='ocrx_word' id='word_1_501' title='bbox 516 3536 526 3557; x_wconf 89' lang='grc'>.-</span> <span class='ocrx_word' id='word_1_502' title='bbox 541 3524 583 3558; x_wconf 76' lang='lat' dir='ltr'>Si</span> <span class='ocrx_word' id='word_1_503' title='bbox 602 3525 683 3567; x_wconf 73' lang='lat' dir='ltr'>quis</span> <span class='ocrx_word' id='word_1_504' title='bbox 702 3534 779 3559; x_wconf 78' lang='lat' dir='ltr'>mm</span> <span class='ocrx_word' id='word_1_505' title='bbox 793 3527 948 3560; x_wconf 78' lang='lat' dir='ltr'>renatus</span> <span class='ocrx_word' id='word_1_506' title='bbox 963 3526 1079 3569; x_wconf 74' lang='lat' dir='ltr'>suerit</span> <span class='ocrx_word' id='word_1_507' title='bbox 1163 3527 1206 3559; x_wconf 76' lang='lat' dir='ltr'>in</span> <span class='ocrx_word' id='word_1_508' title='bbox 1221 3536 1379 3570; x_wconf 75' lang='lat' dir='ltr'>reqnum</span> <span class='ocrx_word' id='word_1_509' title='bbox 1401 3525 1469 3559; x_wconf 81' lang='lat' dir='ltr'>Dei</span> <span class='ocrx_word' id='word_1_510' title='bbox 1489 3525 1671 3566; x_wconf 79' lang='lat' dir='ltr'>(Ioan.1n,</span> <span class='ocrx_word' id='word_1_511' title='bbox 1692 3522 1738 3563; x_wconf 76' lang='lat'>5).</span> 
     </span>
    </p>
   </div>
  </div>
 </body>
</html>
