2170 3808
739 213 943 265 QUAEST.
970 213 1104 265 LXIV,
1130 212 1251 255 ART.
1278 211 1312 254 1.
1882 210 1961 253 535

86 303 155 343 per
177 291 433 331 ministerium
452 297 462 327 :
481 293 520 328 et
541 288 645 327 circa
663 288 737 326 hoc
765 293 990 337 quaeruntur
1013 289 1147 326 decem
1179 295 1188 323 :
1219 288 1259 325 1⁰
1277 287 1411 325 Utrum
1434 285 1541 325 solus
1562 286 1665 324 neus
1686 284 1852 324 interius
1867 293 1962 335 ope-

83 351 191 383 retur
226 344 265 381 in
294 341 563 381 sacramentis.
589 360 640 368 -
663 339 711 377 2⁰
732 339 866 378 Utrum
906 340 1096 377 institutio
1132 345 1465 376 sacramentorum
1488 339 1539 377 sit
1574 337 1704 376 solnm
1732 337 1753 375 a
1790 337 1884 375 Deo.
1911 357 1959 364 —-

82 397 131 435 50
155 395 211 434 De
232 397 428 442 potestate
444 401 560 441 quam
582 390 769 429 Christus
792 391 928 429 habuit
947 391 984 428 in
1009 389 1278 428 sacramentis.
1297 409 1344 417 -
1363 390 1408 427 4ο
1430 389 1567 428 Utrum
1592 389 1696 427 illam
1721 392 1958 437 potestatem

83 445 258 496 potuerit
279 443 364 484 aliis
387 443 686 482 communicare.
701 462 752 470 —·
766 442 811 479 50
827 442 963 480 Utrum
985 446 1158 489 potestas
1192 441 1395 478 ministerii
1418 442 1454 477 in
1478 441 1733 479 sacramentis
1754 439 1963 478 conveniat

84 498 209 537 malis.
225 493 335 534 -60
363 495 498 534 Utrum
522 493 609 531 mali
634 498 794 541 peccent
816 492 1080 540 dispensando
1097 498 1352 531 sacramenta.
1367 513 1420 519 —
1435 491 1478 529 7⁰
1501 490 1636 530 Utrum
1659 491 1787 541 angeli
1811 491 1964 540 possint

85 559 176 588 esse
215 546 383 587 ministri
425 551 774 584 sacramentorum.
808 564 855 570 >-
878 544 923 582 80
946 543 1082 582 Utrum
1118 543 1282 581 intentio
1311 543 1478 582 ministri
1501 543 1723 592 requiratur
1746 543 1786 581 in
1821 552 1960 581 sacra-

84 599 241 640 mentis.
264 618 314 628 --
337 597 382 635 9⁰
405 597 541 636 Utrum
571 597 790 644 requiratur
812 596 866 634 ibi
889 599 996 634 recta
1020 594 1131 639 tides,
1162 595 1215 632 ita
1245 594 1396 632 scilicet
1419 593 1525 642 quod
1547 592 1714 632 infidelis
1735 603 1813 633 non
1836 593 1963 643 possit

86 651 242 692 tradere
262 654 522 690 sacramenta.
540 667 590 677 —
606 648 675 686 100
700 648 835 686 Utrum
859 647 1079 695 requiratur
1102 646 1154 684 ibi
1180 651 1289 684 recta
1315 646 1493 683 intentio.

138 709 590 750 ARTIGULUS
612 710 656 749 Ι.
682 724 729 732 --
750 712 892 743 UTRUM
921 711 1049 742 sonus
1073 712 1180 742 Deus
1205 710 1427 741 ornemur.
1450 699 1649 741 iuremus
1671 710 1726 741 an
1749 710 1965 744 nrrsscrul

849 775 1113 804 SACRAMENTl
1143 766 1212 814 (1).
1279 813 1281 816 ι

260 826 312 856 De
330 825 385 854 his
404 825 510 855 etiam
526 824 627 861 infru,
651 824 718 855 art.
739 826 772 860 5,
797 824 830 854 et
846 823 939 853 Sent.
959 831 1009 857 xv,
1031 824 1112 852 ‹lis-t.
1134 824 1165 857 5.
1190 825 1308 860 quaest.
1334 831 1373 858 n,
1395 823 1460 852 art.
1487 824 1516 857 2,
1535 822 1738 859 quaestiuno.
1759 828 1799 853 11.

136 871 205 926 Ad
227 871 428 927 primum
454 870 522 915 sic
541 870 822 925 proceditur.
851 874 889 913 1.
913 869 1100 913 Videtur
1123 870 1247 925 qued
1267 880 1362 913 non
1393 868 1525 914 solus
1552 871 1690 922 Deus,
1713 867 1797 913 sed
1830 868 1970 914 etiam

89 933 304 978 minister
326 931 524 976 interiuS
561 935 776 987 operetur
800 931 856 975 ad
881 929 1094 975 effectum
1127 931 1422 975 sacramenti.
1450 930 1645 974 interior
1667 929 1791 974 enim
1817 940 1971 975 sacra-

85 994 231 1041 menti
252 993 444 1039 effectus
462 996 533 1037 est
551 997 601 1037 ut
620 994 762 1037 homo
779 995 1002 1048 purgetur
1018 991 1045 1036 a
1059 992 1279 1048 peccatis,
1298 996 1343 1035 et
1358 991 1647 1036 illuminetur
1661 1002 1744 1046 per
1756 991 1968 1047 gratiam.

85 1056 172 1102 Sed
195 1055 252 1101 ad
288 1055 531 1102 ministros
567 1055 783 1099 Ecclesiae
819 1055 1017 1110 pertinet
1060 1065 1275 1110 purgare,
1302 1053 1567 1098 illuminare
1592 1057 1635 1097 et
1658 1053 1894 1108 perficere,
1921 1057 1973 1098 ut

86 1121 212 1174 patet
229 1129 309 1174 per
328 1117 605 1174 Dionysium
625 1117 814 1173 (Eccles.
835 1116 1064 1160 hierarch.
1084 1127 1183 1171 cap.
1200 1120 1242 1170 5,
1265 1116 1293 1160 a
1311 1115 1494 1171 princ).
1517 1118 1634 1172 Ergo
1651 1116 1831 1160 videtur
1847 1115 1973 1171 quod

87 1189 183 1226 non
208 1178 339 1225 solus
362 1181 501 1232 Dede,
527 1179 610 1223 sed
633 1179 772 1223 etiam
794 1177 998 1223 ministri
1022 1177 1241 1222 Ecclesiae
1258 1177 1455 1221 interius
1473 1180 1723 1232 operentur
1738 1177 1795 1222 ad
1819 1188 1970 1222 sacra.-

89 1241 232 1286 menti
258 1239 488 1285 effectum.

146 1307 185 1346 2.
214 1305 454 1355 Praeterea,
484 1301 532 1345 in
557 1301 805 1346 collatione
826 1304 1225 1346 sacramentorum
1239 1301 1451 1357 quaedam
1472 1301 1737 1346 orationum
1750 1300 1976 1358 suffragia

90 1368 432 1419 proponuntur.
458 1363 546 1407 Sed
563 1363 1042 1419 orationesjustorum
1062 1367 1172 1408 sunt
1192 1363 1343 1419 magis
1361 1363 1483 1418 apud
1504 1366 1649 1407 Deum
1668 1363 1972 1419 exaudibileS,

95 1425 234 1482 quam
277 1436 694 1482 quorumcumque,
721 1426 978 1470 secundum
1015 1426 1132 1470 illud
1166 1425 1313 1481 (Joan.
1339 1436 1402 1478 1x,
1426 1425 1495 1482 31)
1523 1440 1533 1469 ε
1557 1427 1605 1469 Si
1626 1428 1723 1480 quis
1743 1428 1822 1470 Dei
1844 1427 1977 1470 cultor

0 1470 13 1492 ²
91 1491 165 1539 est,
190 1490 230 1529 et
263 1488 518 1538 voluntatem
551 1488 642 1541 eJ'us
677 1489 800 1540 facit,
841 1488 951 1530 hunc
973 1490 1083 1531 Deus
1121 1488 1314 1530 eaeaudit.
1340 1490 1458 1543 Ergo
1478 1487 1660 1532 videtur
1681 1487 1806 1545 qued
1831 1489 1973 1544 majo-

96 1561 194 1593 rem
214 1548 430 1594 effectum
455 1550 732 1594 sacramenti
748 1553 1063 1605 consequatur
1081 1550 1159 1594 ille
1181 1550 1260 1606 qui
1280 1550 1442 1605 recipit
1458 1550 1612 1605 ipsum
1630 1550 1657 1594 a
1674 1551 1799 1595 bono
1818 1550 1977 1595 minis-

94 1615 184 1655 tro.
213 1610 287 1655 Sic
312 1621 423 1667 ergo
445 1614 490 1655 et
510 1611 725 1655 minister
745 1611 922 1668 aliquid
945 1615 1163 1666 operatur
1187 1612 1244 1657 ad
1268 1611 1537 1656 interiorem
1561 1611 1792 1667 effectum,
1815 1617 1859 1657 et
1881 1623 1977 1657 non

94 1672 226 1716 solus
251 1674 390 1717 Deus,
1987 1698 1989 1700 “

147 1737 188 1777 3.
215 1735 455 1787 Praeterea,
482 1734 668 1791 dignior
691 1739 761 1780 est
783 1736 925 1780 homo
947 1735 1087 1792 quam
1106 1746 1182 1780 res
1205 1736 1478 1781 inanimata.
1502 1737 1589 1781 Sed
1616 1747 1691 1781 res
1716 1737 1973 1782 inanimata

92 1794 268 1851 aliquid
302 1800 518 1851 operatur
558 1797 614 1841 ad
651 1797 919 1842 interiorem
958 1797 1174 1843 effectum
1200 1813 1210 1841 :
1239 1809 1348 1843 nam
1374 1815 1396 1837 «
1420 1810 1540 1855 aqua
1569 1810 1740 1854 corpus
1763 1799 1912 1855 tangit
1934 1801 1979 1844 et

93 1867 174 1901 cor
203 1857 364 1911 abluit,
386 1875 408 1898 »
434 1862 486 1902 ut
516 1859 807 1915 Augustinus
839 1859 949 1904 dicit
983 1859 1146 1916 (Super
1179 1862 1312 1906 Joan.
1355 1865 1487 1906 tract.
1522 1865 1590 1914 80,
1619 1861 1647 1905 a
1677 1861 1834 1918 med.).
1858 1865 1976 1918 Ergo

93 1917 236 1963 homo
262 1918 439 1976 aliquid
463 1924 681 1975 operatur
704 1921 761 1966 ad
784 1921 1054 1966 interiorem
1079 1921 1295 1967 effectum
1332 1924 1629 1978 sacramenti,
1655 1927 1700 1967 et
1720 1934 1816 1968 non
1844 1924 1976 1969 solus

93 1981 232 2025 Deus.

66 2051 82 2058 Χ
148 2042 236 2087 Sed
259 2045 406 2087 contra
427 2048 499 2089 est
520 2045 644 2100 quod
679 2045 848 2090 dicitur
871 2045 1017 2102 (Rom.
1043 2057 1147 2100 vm,
1172 2047 1242 2103 33)
1262 2062 1272 2091 :
1297 2051 1407 2092 Deus
1430 2051 1587 2103 estqui
1602 2049 1827 2102 justificat.
1863 2047 1978 2092 Ciim

101 2114 211 2160 ergo
229 2103 423 2150 interior
436 2105 629 2151 effectus
648 2107 857 2152 omnium
875 2112 1274 2154 sacramentorum
1292 2110 1353 2154 sit
1360 2110 1650 2165 justificatiO,
1662 2110 1840 2156 videtur
1853 2107 1978 2166 qubd

93 2166 225 2211 solus
249 2168 373 2212 Deus
398 2173 613 2223 operetur
636 2170 904 2214 interiorem
931 2169 1147 2215 effectum
1173 2173 1469 2216 sacramenti.

144 2227 426 2269 CONCLUSlO.
444 2231 732 2281 —Quanquam
766 2233 868 2271 Deus
891 2234 1017 2281 solus,
1038 2240 1081 2273 ut
1114 2245 1235 2284 agens
1260 2235 1489 2285 principale,
1509 2235 1560 2275 ad
1596 2236 1824 2275 interiorem
1850 2234 1974 2276 effec-

95 2290 179 2326 tum
201 2290 433 2327 sacramenti
453 2296 655 2338 operetur,
678 2291 983 2331 ministerialiter
1006 2298 1135 2332 tamen
1159 2294 1275 2333 homo
1304 2294 1353 2333 ad
1375 2295 1479 2333 idem
1501 2295 1654 2343 operari
1678 2299 1823 2344 potest.

149 2343 427 2398 Respondeo
445 2346 692 2391 dicendum
707 2347 830 2404 qued
849 2350 1029 2404 operari
1045 2350 1248 2406 aliquem
1262 2349 1455 2396 effectus
1469 2352 1699 2408 contingit
1712 2351 1980 2407 dupliciterx

93 2414 190 2449 uno
216 2405 357 2451 modo
383 2418 466 2461 per
488 2408 678 2452 modum
699 2409 973 2465 principalis
996 2412 1179 2467 agentis
1199 2427 1209 2465 ;
1236 2412 1328 2457 alio
1342 2413 1482 2457 modo
1499 2425 1581 2468 per
1603 2414 1793 2458 modum
1811 2414 1981 2459 instru-

93 2465 252 2510 menti.
279 2468 434 2513 Primo
450 2468 592 2525 igitur
613 2470 752 2515 modo
768 2471 900 2516 solus
926 2474 1048 2517 Deus
1074 2477 1291 2528 operatur
1312 2475 1581 2520 interiorem
1597 2475 1811 2520 effectum
1830 2486 1981 2520 sacra-

92 2527 253 2582 menti,
277 2534 375 2575 tum
414 2532 523 2587 quia
547 2532 677 2576 solus
703 2535 825 2578 Deus
848 2534 1055 2578 illabitur
1077 2536 1260 2590 animae,
1287 2537 1335 2580 in
1362 2549 1453 2593 qua
1476 2538 1755 2582 sacramenti
1783 2538 1977 2583 effectus

95 2592 251 2638 existit
271 2608 283 2647 ;
308 2604 404 2638 non
427 2597 581 2637 autem
604 2598 756 2648 potest
781 2594 838 2652 (2)
861 2596 1037 2652 aliquid
1059 2597 1324 2642 immediate
1345 2600 1526 2654 operari
1544 2600 1622 2643 ubi
1645 2610 1742 2644 non
1759 2604 1830 2645 est
1850 2615 1860 2654 ;
1880 2603 1977 2644 tum

95 2654 206 2709 quia
228 2655 399 2712 gratia,
421 2666 521 2710 quae
546 2659 617 2700 est
639 2656 832 2701 interior
855 2659 1136 2702 sacramenti
1153 2659 1361 2714 effectus,
1388 2665 1458 2705 est
1479 2660 1506 2705 a
1528 2662 1631 2706 solo
1647 2665 1757 2717 Dee,
1778 2666 1829 2707 ut
1844 2662 1888 2706 in
1906 2672 1980 2706 se-

97 2716 250 2761 cunda
272 2720 400 2772 parte
426 2717 599 2762 dictum
623 2722 692 2763 est
716 2718 752 2775 (1
780 2724 821 2774 2,
848 2726 1012 2776 quaest.
1039 2732 1145 2775 exn,
1172 2727 1256 2766 art.
1286 2722 1340 2779 1).
1366 2724 1610 2768 character
1634 2725 1790 2779 etiam,
1810 2724 1889 2781 qui
1908 2726 1979 2769 est

97 2777 292 2823 interior
311 2778 618 2834 quorumdam
654 2786 1051 2827 sacramentorum
1077 2783 1287 2838 effectus,
1324 2789 1395 2829 est
1416 2786 1564 2830 virtus
1588 2786 1977 2840 instrumentaliS,

98 2850 201 2895 quae
218 2844 378 2884 manat
394 2839 421 2884 a
439 2841 681 2896 principali
702 2848 881 2899 agente,
902 2846 1023 2900 quod
1044 2849 1113 2890 est
1131 2848 1269 2891 Deus.
1286 2848 1498 2892 Secundo
1515 2852 1668 2892 autem
1685 2849 1824 2893 modo
1838 2846 1980 2893 homo

97 2904 254 2956 potest
270 2902 450 2957 operari
467 2902 524 2946 ad
542 2902 808 2949 interiorem
833 2906 1047 2951 effectum
1070 2909 1364 2963 sacramenti,
1378 2906 1656 2965 inquantum
1671 2915 1887 2966 operatur
1898 2921 1992 2966 per..

99 2963 292 3008 modum
315 2964 535 3007 ministri.
556 2966 669 3008 Nam
686 2967 845 3011 eadem
867 2969 984 3013 ratio
1005 2974 1074 3014 est
1091 2971 1293 3015 ministri
1316 2975 1360 3015 et
1376 2972 1673 3017 instrumenti
1693 2989 1705 3016 :
1728 2973 1971 3029 utriusque

99 3023 224 3067 enim
249 3025 370 3070 actio
395 3025 598 3070 exteriuS
623 3027 878 3082 exhibetur,
900 3031 982 3074 sed
1003 3031 1196 3078 sortitur
1215 3031 1432 3077 effectum
1456 3034 1724 3080 interiorem
1742 3047 1797 3080 ex
1812 3035 1983 3079 virtute

97 3085 374 3141 principalis
399 3087 596 3143 agmine,
623 3089 744 3145 quod
768 3094 837 3134 est
858 3093 993 3137 Deus.

142 3185 190 3227 (1)
208 3189 318 3226 Hujus
336 3190 476 3220 articuli
497 3191 652 3221 doctrina
671 3192 874 3224 adversatur
889 3195 1003 3226 hoere-
1071 3206 1135 3229 non
1159 3201 1209 3229 est
1229 3210 1242 3234 ,·
1264 3202 1342 3230 hinc
1363 3203 1589 3239 quorumdam
1610 3205 1793 3235 verborum
1815 3204 1980 3234 omissio·-

100 3236 181 3267 ticis
193 3238 250 3272 qul
264 3237 452 3268 docuerunt
464 3237 627 3276 Spiritum
642 3241 798 3271 sanctum
814 3243 856 3272 ab
869 3243 1007 3274 homine
1072 3255 1147 3277 nem
1169 3248 1390 3284 deprehendit
1412 3249 1546 3280 Garcia.
1567 3252 1650 3282 Cod.
1680 3253 1801 3283 Alcen.
1826 3262 1833 3281 ι
1853 3250 1895 3281 In
1913 3257 1981 3292 qua

101 3284 175 3315 (181'1
194 3292 306 3321 POSSG·
1072 3297 1276 3327 sacramenti
1304 3296 1442 3340 effectus
1475 3298 1630 3332 consistit
1643 3310 1658 3336 ,·
1675 3309 1741 3333 non
1768 3301 1885 3341 potest
1909 3307 1979 3331 au-

161 3331 194 3371 2)
213 3332 267 3362 Ita
287 3340 364 3362 cum
379 3334 459 3364 Mss.
482 3335 638 3371 pluribus
658 3337 743 3365 editi
757 3338 899 3373 passim.
916 3339 1006 3368 Edit.
1074 3344 1150 3379 tem,
1172 3346 1235 3375 etc.

103 3379 199 3411 Rom.
226 3390 233 3410 :
253 3379 296 3411 In
315 3388 382 3422 qua
404 3382 610 3414 sacramenti
631 3382 768 3424 effectus
801 3383 930 3423 extistit,
951 3385 1008 3417 ubi
