<?xml version="1.0" encoding="UTF-8"?>
<!DOCTYPE html PUBLIC "-//W3C//DTD XHTML 1.0 Transitional//EN"
    "http://www.w3.org/TR/xhtml1/DTD/xhtml1-transitional.dtd">
<html xmlns="http://www.w3.org/1999/xhtml" xml:lang="en" lang="en">
 <head>
  <title>
</title>
<meta http-equiv="Content-Type" content="text/html;charset=utf-8" />
  <meta name='ocr-system' content='tesseract 3.04.00' />
  <meta name='ocr-capabilities' content='ocr_page ocr_carea ocr_par ocr_line ocrx_word'/>
</head>
<body>
  <div class='ocr_page' id='page_1' title='image "./summatheologica06thomuoft_0505.png"; bbox 0 0 2170 3808; ppageno 0'>
   <div class='ocr_carea' id='block_1_1' title="bbox 106 0 356 88">
    <p class='ocr_par' dir='ltr' id='par_1_1' title="bbox 106 0 356 88">
     <span class='ocr_line' id='line_1_1' title="bbox 106 0 342 23; baseline -0.004 -1"><span class='ocrx_word' id='word_1_1' title='bbox 106 0 138 22; x_wconf 59' lang='lat'>³¹2¹,</span> <span class='ocrx_word' id='word_1_2' title='bbox 154 0 202 23; x_wconf 59' lang='grc' dir='ltr'>’ς</span> <span class='ocrx_word' id='word_1_3' title='bbox 289 0 318 22; x_wconf 61' lang='lat'>21,</span> <span class='ocrx_word' id='word_1_4' title='bbox 338 0 342 2; x_wconf 64' lang='grc'>’</span> 
     </span>
     <span class='ocr_line' id='line_1_2' title="bbox 140 39 356 60; baseline -0.005 -1"><span class='ocrx_word' id='word_1_5' title='bbox 140 44 142 46; x_wconf 80' lang='grc'>’</span> <span class='ocrx_word' id='word_1_6' title='bbox 195 43 210 60; x_wconf 64' lang='lat' dir='ltr'>st*</span> <span class='ocrx_word' id='word_1_7' title='bbox 219 43 227 59; x_wconf 80' lang='grc'>“;</span> <span class='ocrx_word' id='word_1_8' title='bbox 245 50 254 60; x_wconf 64' lang='lat' dir='ltr'>r,</span> <span class='ocrx_word' id='word_1_9' title='bbox 265 50 270 58; x_wconf 77' lang='grc'>-,</span> <span class='ocrx_word' id='word_1_10' title='bbox 351 39 356 47; x_wconf 75' lang='grc'><strong>“</strong></span> 
     </span>
     <span class='ocr_line' id='line_1_3' title="bbox 184 58 266 88; baseline -0.024 -8"><span class='ocrx_word' id='word_1_11' title='bbox 184 58 198 73; x_wconf 50' lang='lat'>⁴¹⁸</span> <span class='ocrx_word' id='word_1_12' title='bbox 214 61 247 88; x_wconf 42' lang='lat' dir='ltr'>&#39;iffi</span> <span class='ocrx_word' id='word_1_13' title='bbox 262 60 266 68; x_wconf 81' lang='lat'>¹</span> 
     </span>
    </p>
   </div>
   <div class='ocr_carea' id='block_1_2' title="bbox 672 247 1962 304">
    <p class='ocr_par' dir='ltr' id='par_1_2' title="bbox 672 247 1962 304">
     <span class='ocr_line' id='line_1_4' title="bbox 672 247 1962 304; baseline -0.003 -12"><span class='ocrx_word' id='word_1_14' title='bbox 672 250 869 302; x_wconf 84' lang='lat' dir='ltr'>QUAEST.</span> <span class='ocrx_word' id='word_1_15' title='bbox 899 251 983 304; x_wconf 80' lang='lat' dir='ltr'>LV,</span> <span class='ocrx_word' id='word_1_16' title='bbox 1011 251 1126 293; x_wconf 79' lang='lat' dir='ltr'><strong>ART.</strong></span> <span class='ocrx_word' id='word_1_17' title='bbox 1157 250 1192 292; x_wconf 85' lang='lat' dir='ltr'>V</span> <span class='ocrx_word' id='word_1_18' title='bbox 1219 250 1284 292; x_wconf 85' lang='lat' dir='ltr'>ET</span> <span class='ocrx_word' id='word_1_19' title='bbox 1309 250 1378 292; x_wconf 86' lang='lat' dir='ltr'>vl.</span> <span class='ocrx_word' id='word_1_20' title='bbox 1881 247 1962 289; x_wconf 76' lang='lat'>469</span> 
     </span>
    </p>
   </div>
   <div class='ocr_carea' id='block_1_3' title="bbox 28 326 1999 3037">
    <p class='ocr_par' dir='ltr' id='par_1_3' title="bbox 28 326 1961 1369">
     <span class='ocr_line' id='line_1_5' title="bbox 95 326 1961 390; baseline -0.004 -13"><span class='ocrx_word' id='word_1_21' title='bbox 95 345 198 390; x_wconf 87' lang='lat' dir='ltr'>quae</span> <span class='ocrx_word' id='word_1_22' title='bbox 216 333 437 377; x_wconf 88' lang='lat' dir='ltr'>rationem</span> <span class='ocrx_word' id='word_1_23' title='bbox 453 333 704 376; x_wconf 82' lang='lat' dir='ltr'>humanam</span> <span class='ocrx_word' id='word_1_24' title='bbox 720 331 920 387; x_wconf 81' lang='lat' dir='ltr'>excedit3</span> <span class='ocrx_word' id='word_1_25' title='bbox 946 334 1124 388; x_wconf 79' lang='lat' dir='ltr'>oportet</span> <span class='ocrx_word' id='word_1_26' title='bbox 1145 330 1269 375; x_wconf 85' lang='lat' dir='ltr'>enim</span> <span class='ocrx_word' id='word_1_27' title='bbox 1287 328 1512 386; x_wconf 88' lang='lat' dir='ltr'>principia</span> <span class='ocrx_word' id='word_1_28' title='bbox 1534 340 1592 373; x_wconf 85' lang='lat' dir='ltr'>ex</span> <span class='ocrx_word' id='word_1_29' title='bbox 1613 326 1773 372; x_wconf 87' lang='lat' dir='ltr'>eodem</span> <span class='ocrx_word' id='word_1_30' title='bbox 1793 338 1961 382; x_wconf 85' lang='lat' dir='ltr'>genere</span> 
     </span>
     <span class='ocr_line' id='line_1_6' title="bbox 95 389 1959 450; baseline -0.003 -11"><span class='ocrx_word' id='word_1_31' title='bbox 95 395 269 439; x_wconf 81' lang='lat' dir='ltr'>assumi</span> <span class='ocrx_word' id='word_1_32' title='bbox 290 395 363 450; x_wconf 79' lang='lat'>(1),</span> <span class='ocrx_word' id='word_1_33' title='bbox 387 397 437 437; x_wconf 92' lang='lat' dir='ltr'>ut</span> <span class='ocrx_word' id='word_1_34' title='bbox 458 392 624 437; x_wconf 88' lang='lat' dir='ltr'>dicitur</span> <span class='ocrx_word' id='word_1_35' title='bbox 644 394 832 445; x_wconf 87' lang='lat' dir='ltr'>(Poster.</span> <span class='ocrx_word' id='word_1_36' title='bbox 851 393 930 437; x_wconf 86' lang='lat' dir='ltr'>lib.</span> <span class='ocrx_word' id='word_1_37' title='bbox 958 407 988 448; x_wconf 88' lang='lat'>1,</span> <span class='ocrx_word' id='word_1_38' title='bbox 1009 397 1122 437; x_wconf 84' lang='lat' dir='ltr'>text.</span> <span class='ocrx_word' id='word_1_39' title='bbox 1139 395 1226 446; x_wconf 72' lang='lat'>⁶20).</span> <span class='ocrx_word' id='word_1_40' title='bbox 1250 391 1461 435; x_wconf 84' lang='lat' dir='ltr'>Probavit</span> <span class='ocrx_word' id='word_1_41' title='bbox 1478 394 1631 435; x_wconf 89' lang='lat' dir='ltr'>autem</span> <span class='ocrx_word' id='word_1_42' title='bbox 1651 389 1718 434; x_wconf 89' lang='lat' dir='ltr'>eis</span> <span class='ocrx_word' id='word_1_43' title='bbox 1731 401 1959 434; x_wconf 82' lang='lat' dir='ltr'>resurrec-</span> 
     </span>
     <span class='ocr_line' id='line_1_7' title="bbox 95 451 1961 510; baseline -0.003 -11"><span class='ocrx_word' id='word_1_44' title='bbox 95 454 268 500; x_wconf 91' lang='lat' dir='ltr'>tionem</span> <span class='ocrx_word' id='word_1_45' title='bbox 291 467 422 499; x_wconf 87' lang='lat' dir='ltr'>suam</span> <span class='ocrx_word' id='word_1_46' title='bbox 444 466 525 510; x_wconf 89' lang='lat' dir='ltr'>per</span> <span class='ocrx_word' id='word_1_47' title='bbox 547 454 864 499; x_wconf 85' lang='lat' dir='ltr'>auctoritatem</span> <span class='ocrx_word' id='word_1_48' title='bbox 884 466 1028 499; x_wconf 84' lang='lat' dir='ltr'>sacrae</span> <span class='ocrx_word' id='word_1_49' title='bbox 1047 453 1307 509; x_wconf 85' lang='lat' dir='ltr'>Scripturae,</span> <span class='ocrx_word' id='word_1_50' title='bbox 1331 464 1437 509; x_wconf 85' lang='lat' dir='ltr'>quae</span> <span class='ocrx_word' id='word_1_51' title='bbox 1457 457 1528 496; x_wconf 89' lang='lat' dir='ltr'>est</span> <span class='ocrx_word' id='word_1_52' title='bbox 1555 451 1660 497; x_wconf 86' lang='lat' dir='ltr'>fidei</span> <span class='ocrx_word' id='word_1_53' title='bbox 1684 451 1961 495; x_wconf 81' lang='lat' dir='ltr'>fundamen-—</span> 
     </span>
     <span class='ocr_line' id='line_1_8' title="bbox 95 512 1960 573; baseline -0.003 -13"><span class='ocrx_word' id='word_1_54' title='bbox 95 520 210 573; x_wconf 82' lang='lat' dir='ltr'>tum,</span> <span class='ocrx_word' id='word_1_55' title='bbox 227 517 332 561; x_wconf 75' lang='lat' dir='ltr'>cum</span> <span class='ocrx_word' id='word_1_56' title='bbox 353 515 498 560; x_wconf 91' lang='lat' dir='ltr'>dixit·</span> <span class='ocrx_word' id='word_1_57' title='bbox 523 517 645 570; x_wconf 77' lang='lat'><em>01007</em></span> <span class='ocrx_word' id='word_1_58' title='bbox 646 517 711 558; x_wconf 79' lang='lat' dir='ltr'>tet</span> <span class='ocrx_word' id='word_1_59' title='bbox 735 516 914 572; x_wconf 84' lang='lat' dir='ltr'>impleri</span> <span class='ocrx_word' id='word_1_60' title='bbox 935 517 1085 558; x_wconf 80' lang='lat' dir='ltr'>omnia</span> <span class='ocrx_word' id='word_1_61' title='bbox 1112 525 1207 569; x_wconf 78' lang='lat' dir='ltr'>quae</span> <span class='ocrx_word' id='word_1_62' title='bbox 1235 515 1408 569; x_wconf 81' lang='lat' dir='ltr'>scripta</span> <span class='ocrx_word' id='word_1_63' title='bbox 1425 516 1530 556; x_wconf 77' lang='lat' dir='ltr'>sunt</span> <span class='ocrx_word' id='word_1_64' title='bbox 1555 516 1604 555; x_wconf 79' lang='lat' dir='ltr'>in</span> <span class='ocrx_word' id='word_1_65' title='bbox 1633 513 1744 569; x_wconf 78' lang='lat' dir='ltr'>leqe,</span> <span class='ocrx_word' id='word_1_66' title='bbox 1769 515 1812 554; x_wconf 81' lang='lat' dir='ltr'>et</span> <span class='ocrx_word' id='word_1_67' title='bbox 1828 512 1960 567; x_wconf 85' lang='lat' dir='ltr'>psal-—</span> 
     </span>
     <span class='ocr_line' id='line_1_9' title="bbox 95 572 1961 635; baseline -0.001 -15"><span class='ocrx_word' id='word_1_68' title='bbox 95 580 194 635; x_wconf 80' lang='lat' dir='ltr'>mis,</span> <span class='ocrx_word' id='word_1_69' title='bbox 217 581 259 621; x_wconf 76' lang='lat' dir='ltr'>et</span> <span class='ocrx_word' id='word_1_70' title='bbox 292 575 520 633; x_wconf 71' lang='lat' dir='ltr'>prophetis</span> <span class='ocrx_word' id='word_1_71' title='bbox 555 576 612 618; x_wconf 85' lang='lat' dir='ltr'>de</span> <span class='ocrx_word' id='word_1_72' title='bbox 641 587 733 631; x_wconf 87' lang='lat' dir='ltr'>me,</span> <span class='ocrx_word' id='word_1_73' title='bbox 757 581 810 620; x_wconf 90' lang='lat' dir='ltr'>ut</span> <span class='ocrx_word' id='word_1_74' title='bbox 836 576 1030 620; x_wconf 85' lang='lat' dir='ltr'>habetur</span> <span class='ocrx_word' id='word_1_75' title='bbox 1060 577 1183 630; x_wconf 65' lang='lat' dir='ltr'>‘&#39;Luc-</span> <span class='ocrx_word' id='word_1_76' title='bbox 1216 573 1302 618; x_wconf 90' lang='lat' dir='ltr'>ult.</span> <span class='ocrx_word' id='word_1_77' title='bbox 1330 575 1420 627; x_wconf 76' lang='lat'>44).</span> <span class='ocrx_word' id='word_1_78' title='bbox 1451 572 1495 616; x_wconf 89' lang='lat' dir='ltr'>si</span> <span class='ocrx_word' id='word_1_79' title='bbox 1524 576 1679 617; x_wconf 89' lang='lat' dir='ltr'>autem</span> <span class='ocrx_word' id='word_1_80' title='bbox 1711 572 1961 628; x_wconf 81' lang='lat' dir='ltr'>accipiatur</span> 
     </span>
     <span class='ocr_line' id='line_1_10' title="bbox 95 633 1960 693; baseline -0.002 -12"><span class='ocrx_word' id='word_1_81' title='bbox 95 637 299 683; x_wconf 86' lang='lat' dir='ltr'>secundo</span> <span class='ocrx_word' id='word_1_82' title='bbox 316 638 452 681; x_wconf 89' lang='lat' dir='ltr'>modo</span> <span class='ocrx_word' id='word_1_83' title='bbox 474 641 814 693; x_wconf 79' lang='lat' dir='ltr'>argumentum,</span> <span class='ocrx_word' id='word_1_84' title='bbox 835 637 903 680; x_wconf 89' lang='lat' dir='ltr'>sic</span> <span class='ocrx_word' id='word_1_85' title='bbox 924 636 1090 681; x_wconf 87' lang='lat' dir='ltr'>dicitur</span> <span class='ocrx_word' id='word_1_86' title='bbox 1107 634 1312 679; x_wconf 88' lang='lat' dir='ltr'>Christus</span> <span class='ocrx_word' id='word_1_87' title='bbox 1330 645 1464 678; x_wconf 90' lang='lat' dir='ltr'>suam</span> <span class='ocrx_word' id='word_1_88' title='bbox 1481 633 1864 677; x_wconf 84' lang='lat' dir='ltr'>resurrectionem</span> <span class='ocrx_word' id='word_1_89' title='bbox 1882 646 1960 678; x_wconf 87' lang='lat' dir='ltr'>ar·-</span> 
     </span>
     <span class='ocr_line' id='line_1_11' title="bbox 95 694 1960 755; baseline -0.002 -11"><span class='ocrx_word' id='word_1_90' title='bbox 95 699 327 755; x_wconf 88' lang='lat' dir='ltr'>gumentis</span> <span class='ocrx_word' id='word_1_91' title='bbox 349 699 625 752; x_wconf 69' lang='lat' dir='ltr'>declarasse,</span> <span class='ocrx_word' id='word_1_92' title='bbox 648 697 923 754; x_wconf 86' lang='lat' dir='ltr'>inquantum</span> <span class='ocrx_word' id='word_1_93' title='bbox 951 709 1033 754; x_wconf 85' lang='lat' dir='ltr'>per</span> <span class='ocrx_word' id='word_1_94' title='bbox 1051 697 1263 754; x_wconf 82' lang='lat' dir='ltr'>quaedam</span> <span class='ocrx_word' id='word_1_95' title='bbox 1285 694 1515 741; x_wconf 88' lang='lat' dir='ltr'>evidentia</span> <span class='ocrx_word' id='word_1_96' title='bbox 1535 694 1670 750; x_wconf 87' lang='lat' dir='ltr'>signa</span> <span class='ocrx_word' id='word_1_97' title='bbox 1691 706 1741 739; x_wconf 89' lang='lat' dir='ltr'>se</span> <span class='ocrx_word' id='word_1_98' title='bbox 1759 695 1867 738; x_wconf 83' lang='lat' dir='ltr'>vere</span> <span class='ocrx_word' id='word_1_99' title='bbox 1883 708 1960 740; x_wconf 88' lang='lat' dir='ltr'>re-</span> 
     </span>
     <span class='ocr_line' id='line_1_12' title="bbox 95 756 1959 814; baseline -0.002 -10"><span class='ocrx_word' id='word_1_100' title='bbox 95 761 351 805; x_wconf 83' lang='lat' dir='ltr'>surrexisse</span> <span class='ocrx_word' id='word_1_101' title='bbox 365 758 567 804; x_wconf 84' lang='lat' dir='ltr'>ostendit</span> <span class='ocrx_word' id='word_1_102' title='bbox 583 761 655 814; x_wconf 78' lang='lat'><strong>(2).</strong></span> <span class='ocrx_word' id='word_1_103' title='bbox 677 760 834 805; x_wconf 90' lang='lat' dir='ltr'>Unde&#39;</span> <span class='ocrx_word' id='word_1_104' title='bbox 823 772 870 803; x_wconf 87' lang='lat' dir='ltr'>m</span> <span class='ocrx_word' id='word_1_105' title='bbox 891 761 1061 812; x_wconf 78' lang='lat' dir='ltr'>Graeco,</span> <span class='ocrx_word' id='word_1_106' title='bbox 1084 757 1163 802; x_wconf 90' lang='lat' dir='ltr'>ubi</span> <span class='ocrx_word' id='word_1_107' title='bbox 1187 770 1272 802; x_wconf 90' lang='lat' dir='ltr'>nos</span> <span class='ocrx_word' id='word_1_108' title='bbox 1294 757 1547 802; x_wconf 87' lang='lat' dir='ltr'>habemus.</span> <span class='ocrx_word' id='word_1_109' title='bbox 1571 760 1625 799; x_wconf 86' lang='lat' dir='ltr'>ln</span> <span class='ocrx_word' id='word_1_110' title='bbox 1648 756 1802 798; x_wconf 76' lang='lat' dir='ltr'>multis</span> <span class='ocrx_word' id='word_1_111' title='bbox 1818 769 1959 813; x_wconf 73' lang='lat' dir='ltr'>arqu-</span> 
     </span>
     <span class='ocr_line' id='line_1_13' title="bbox 96 817 1960 893; baseline -0.001 -28"><span class='ocrx_word' id='word_1_112' title='bbox 96 825 269 878; x_wconf 72' lang='lat' dir='ltr'>mentiS,</span> <span class='ocrx_word' id='word_1_113' title='bbox 302 823 402 866; x_wconf 90' lang='lat' dir='ltr'>loco</span> <span class='ocrx_word' id='word_1_114' title='bbox 430 821 688 877; x_wconf 88' lang='lat' dir='ltr'>argumenti</span> <span class='ocrx_word' id='word_1_115' title='bbox 718 821 920 893; x_wconf 80' lang='lat' dir='ltr'>ponitur,</span> <span class='ocrx_word' id='word_1_116' title='bbox 955 821 1160 876; x_wconf 73' lang='grc' dir='ltr'>τεκμήριον,</span> <span class='ocrx_word' id='word_1_117' title='bbox 1193 819 1317 876; x_wconf 88' lang='lat' dir='ltr'>quod</span> <span class='ocrx_word' id='word_1_118' title='bbox 1350 823 1421 864; x_wconf 91' lang='lat' dir='ltr'>est</span> <span class='ocrx_word' id='word_1_119' title='bbox 1457 818 1644 875; x_wconf 88' lang='lat' dir='ltr'>signum</span> <span class='ocrx_word' id='word_1_120' title='bbox 1676 817 1866 862; x_wconf 87' lang='lat' dir='ltr'>evidens</span> <span class='ocrx_word' id='word_1_121' title='bbox 1900 819 1960 863; x_wconf 87' lang='lat' dir='ltr'>ad</span> 
     </span>
     <span class='ocr_line' id='line_1_14' title="bbox 28 878 1959 954; baseline -0.002 -27"><span class='ocrx_word' id='word_1_122' title='bbox 28 913 39 920; x_wconf 68' lang='lat'>,</span> <span class='ocrx_word' id='word_1_123' title='bbox 96 884 400 940; x_wconf 86' lang='lat' dir='ltr'>probandum.</span> <span class='ocrx_word' id='word_1_124' title='bbox 422 885 531 936; x_wconf 86' lang='lat' dir='ltr'>Quae</span> <span class='ocrx_word' id='word_1_125' title='bbox 552 882 739 939; x_wconf 88' lang='lat' dir='ltr'>quidem</span> <span class='ocrx_word' id='word_1_126' title='bbox 761 884 894 954; x_wconf 79' lang='lat' dir='ltr'>signa</span> <span class='ocrx_word' id='word_1_127' title='bbox 917 881 1264 927; x_wconf 86' lang='lat' dir='ltr'>resurrectionis</span> <span class='ocrx_word' id='word_1_128' title='bbox 1278 881 1484 927; x_wconf 83' lang='lat' dir='ltr'>Christus</span> <span class='ocrx_word' id='word_1_129' title='bbox 1500 879 1702 924; x_wconf 89' lang='lat' dir='ltr'>ostendit</span> <span class='ocrx_word' id='word_1_130' title='bbox 1722 878 1959 935; x_wconf 87' lang='lat' dir='ltr'>discipulis</span> 
     </span>
     <span class='ocr_line' id='line_1_15' title="bbox 95 940 1959 1002; baseline -0.002 -14"><span class='ocrx_word' id='word_1_131' title='bbox 95 950 281 1002; x_wconf 88' lang='lat' dir='ltr'>propter</span> <span class='ocrx_word' id='word_1_132' title='bbox 293 946 416 990; x_wconf 90' lang='lat' dir='ltr'>duo:</span> <span class='ocrx_word' id='word_1_133' title='bbox 441 944 585 1001; x_wconf 82' lang='lat' dir='ltr'>primo</span> <span class='ocrx_word' id='word_1_134' title='bbox 607 946 794 1002; x_wconf 89' lang='lat' dir='ltr'>quidem</span> <span class='ocrx_word' id='word_1_135' title='bbox 812 945 920 1001; x_wconf 91' lang='lat' dir='ltr'>quia</span> <span class='ocrx_word' id='word_1_136' title='bbox 944 957 1037 988; x_wconf 93' lang='lat' dir='ltr'>non</span> <span class='ocrx_word' id='word_1_137' title='bbox 1071 948 1202 988; x_wconf 85' lang='lat' dir='ltr'>erant</span> <span class='ocrx_word' id='word_1_138' title='bbox 1219 944 1358 988; x_wconf 89' lang='lat' dir='ltr'>corda</span> <span class='ocrx_word' id='word_1_139' title='bbox 1375 954 1534 987; x_wconf 86' lang='lat' dir='ltr'>corum</span> <span class='ocrx_word' id='word_1_140' title='bbox 1558 940 1778 998; x_wconf 87' lang='lat' dir='ltr'>disposita</span> <span class='ocrx_word' id='word_1_141' title='bbox 1794 941 1853 985; x_wconf 91' lang='lat' dir='ltr'>ad</span> <span class='ocrx_word' id='word_1_142' title='bbox 1871 940 1959 985; x_wconf 91' lang='lat' dir='ltr'>hoc</span> 
     </span>
     <span class='ocr_line' id='line_1_16' title="bbox 94 1002 1956 1063; baseline -0.002 -11"><span class='ocrx_word' id='word_1_143' title='bbox 94 1006 218 1063; x_wconf 76' lang='lat' dir='ltr'>quod</span> <span class='ocrx_word' id='word_1_144' title='bbox 231 1008 288 1052; x_wconf 91' lang='lat' dir='ltr'>de</span> <span class='ocrx_word' id='word_1_145' title='bbox 304 1007 423 1051; x_wconf 88' lang='lat' dir='ltr'>facili</span> <span class='ocrx_word' id='word_1_146' title='bbox 443 1005 580 1051; x_wconf 86' lang='lat' dir='ltr'>fidem</span> <span class='ocrx_word' id='word_1_147' title='bbox 602 1007 951 1052; x_wconf 83' lang='lat' dir='ltr'>resurrectionis</span> <span class='ocrx_word' id='word_1_148' title='bbox 971 1005 1246 1062; x_wconf 84' lang='lat' dir='ltr'>acciperent.</span> <span class='ocrx_word' id='word_1_149' title='bbox 1263 1003 1416 1049; x_wconf 83' lang='lat' dir='ltr'>Unde</span> <span class='ocrx_word' id='word_1_150' title='bbox 1405 1016 1503 1060; x_wconf 76' lang='lat' dir='ltr'>ipse</span> <span class='ocrx_word' id='word_1_151' title='bbox 1520 1003 1629 1049; x_wconf 88' lang='lat' dir='ltr'>dicit</span> <span class='ocrx_word' id='word_1_152' title='bbox 1646 1002 1714 1048; x_wconf 88' lang='lat' dir='ltr'>eis</span> <span class='ocrx_word' id='word_1_153' title='bbox 1731 1005 1852 1057; x_wconf 89' lang='lat' dir='ltr'>(Luc.</span> <span class='ocrx_word' id='word_1_154' title='bbox 1870 1003 1956 1048; x_wconf 88' lang='lat' dir='ltr'>ult.</span> 
     </span>
     <span class='ocr_line' id='line_1_17' title="bbox 94 1065 1957 1122; baseline -0.002 -10"><span class='ocrx_word' id='word_1_155' title='bbox 94 1069 166 1122; x_wconf 77' lang='lat'>25)</span> <span class='ocrx_word' id='word_1_156' title='bbox 191 1083 202 1111; x_wconf 74' lang='grc' dir='ltr'><em>τ</em></span> <span class='ocrx_word' id='word_1_157' title='bbox 221 1071 259 1112; x_wconf 92' lang='lat' dir='ltr'><em>O</em></span> <span class='ocrx_word' id='word_1_158' title='bbox 280 1070 411 1112; x_wconf 82' lang='lat' dir='ltr'>stulti</span> <span class='ocrx_word' id='word_1_159' title='bbox 431 1073 470 1111; x_wconf 85' lang='lat' dir='ltr'>et</span> <span class='ocrx_word' id='word_1_160' title='bbox 490 1071 618 1113; x_wconf 83' lang='lat' dir='ltr'>tardi</span> <span class='ocrx_word' id='word_1_161' title='bbox 636 1070 769 1113; x_wconf 87' lang='lat' dir='ltr'>corde</span> <span class='ocrx_word' id='word_1_162' title='bbox 790 1070 855 1112; x_wconf 84' lang='lat' dir='ltr'>ad</span> <span class='ocrx_word' id='word_1_163' title='bbox 871 1067 1168 1112; x_wconf 82' lang='lat' dir='ltr'>credendum!</span> <span class='ocrx_word' id='word_1_164' title='bbox 1190 1071 1237 1111; x_wconf 90' lang='lat' dir='ltr'>et</span> <span class='ocrx_word' id='word_1_165' title='bbox 1258 1069 1406 1119; x_wconf 86' lang='lat' dir='ltr'>(Marc.</span> <span class='ocrx_word' id='word_1_166' title='bbox 1419 1066 1504 1110; x_wconf 86' lang='lat' dir='ltr'>ult.</span> <span class='ocrx_word' id='word_1_167' title='bbox 1526 1069 1596 1118; x_wconf 71' lang='lat'>14)</span> <span class='ocrx_word' id='word_1_168' title='bbox 1614 1080 1625 1107; x_wconf 73' lang='grc' dir='ltr'><strong><em>ε</em></strong></span> <span class='ocrx_word' id='word_1_169' title='bbox 1652 1065 1957 1122; x_wconf 76' lang='lat' dir='ltr'>Exprobravit</span> 
     </span>
     <span class='ocr_line' id='line_1_18' title="bbox 94 1126 1956 1183; baseline -0.001 -11"><span class='ocrx_word' id='word_1_170' title='bbox 94 1130 187 1173; x_wconf 79' lang='lat' dir='ltr'>illis</span> <span class='ocrx_word' id='word_1_171' title='bbox 207 1131 568 1175; x_wconf 81' lang='lat' dir='ltr'>incredulitatem</span> <span class='ocrx_word' id='word_1_172' title='bbox 588 1144 740 1175; x_wconf 83' lang='lat' dir='ltr'>eorum</span> <span class='ocrx_word' id='word_1_173' title='bbox 765 1135 812 1174; x_wconf 80' lang='lat' dir='ltr'>et</span> <span class='ocrx_word' id='word_1_174' title='bbox 839 1131 1060 1174; x_wconf 83' lang='lat' dir='ltr'>duritiam</span> <span class='ocrx_word' id='word_1_175' title='bbox 1080 1129 1247 1172; x_wconf 79' lang='lat' dir='ltr'>cordis,</span> <span class='ocrx_word' id='word_1_176' title='bbox 1275 1127 1485 1172; x_wconf 77' lang='lat' dir='ltr'>Secundo</span> <span class='ocrx_word' id='word_1_177' title='bbox 1509 1132 1561 1171; x_wconf 88' lang='lat' dir='ltr'>ut</span> <span class='ocrx_word' id='word_1_178' title='bbox 1582 1139 1664 1183; x_wconf 91' lang='lat' dir='ltr'>per</span> <span class='ocrx_word' id='word_1_179' title='bbox 1692 1126 1956 1183; x_wconf 79' lang='lat' dir='ltr'>huJusmodi</span> 
     </span>
     <span class='ocr_line' id='line_1_19' title="bbox 94 1188 1954 1248; baseline -0.002 -13"><span class='ocrx_word' id='word_1_180' title='bbox 94 1190 228 1248; x_wconf 86' lang='lat' dir='ltr'>signa</span> <span class='ocrx_word' id='word_1_181' title='bbox 248 1191 316 1237; x_wconf 90' lang='lat' dir='ltr'>eis</span> <span class='ocrx_word' id='word_1_182' title='bbox 333 1196 518 1236; x_wconf 87' lang='lat' dir='ltr'>ostensa</span> <span class='ocrx_word' id='word_1_183' title='bbox 540 1192 774 1237; x_wconf 83' lang='lat' dir='ltr'>efficacius</span> <span class='ocrx_word' id='word_1_184' title='bbox 795 1202 954 1236; x_wconf 89' lang='lat' dir='ltr'>eorum</span> <span class='ocrx_word' id='word_1_185' title='bbox 980 1189 1292 1234; x_wconf 88' lang='lat' dir='ltr'>testimonium</span> <span class='ocrx_word' id='word_1_186' title='bbox 1315 1189 1598 1244; x_wconf 88' lang='lat' dir='ltr'>redderetur,</span> <span class='ocrx_word' id='word_1_187' title='bbox 1621 1188 1878 1233; x_wconf 84' lang='lat' dir='ltr'>secundum</span> <span class='ocrx_word' id='word_1_188' title='bbox 1898 1188 1954 1233; x_wconf 93' lang='lat' dir='ltr'>il-</span> 
     </span>
     <span class='ocr_line' id='line_1_20' title="bbox 92 1252 1955 1310; baseline -0.001 -14"><span class='ocrx_word' id='word_1_189' title='bbox 92 1252 173 1298; x_wconf 92' lang='lat' dir='ltr'>lud</span> <span class='ocrx_word' id='word_1_190' title='bbox 191 1255 242 1307; x_wconf 83' lang='lat'>(1.</span> <span class='ocrx_word' id='word_1_191' title='bbox 263 1256 392 1298; x_wconf 84' lang='lat' dir='ltr'>Joan.</span> <span class='ocrx_word' id='word_1_192' title='bbox 414 1268 445 1307; x_wconf 77' lang='lat'>1,</span> <span class='ocrx_word' id='word_1_193' title='bbox 469 1258 511 1307; x_wconf 93' lang='grc'>1)</span> <span class='ocrx_word' id='word_1_194' title='bbox 530 1268 542 1298; x_wconf 89' lang='lat'>:</span> <span class='ocrx_word' id='word_1_195' title='bbox 561 1255 693 1310; x_wconf 81' lang='lat' dir='ltr'>Quod</span> <span class='ocrx_word' id='word_1_196' title='bbox 707 1254 913 1309; x_wconf 59' lang='lat' dir='ltr'>videmiae,</span> <span class='ocrx_word' id='word_1_197' title='bbox 934 1254 979 1295; x_wconf 84' lang='lat' dir='ltr'>et</span> <span class='ocrx_word' id='word_1_198' title='bbox 997 1252 1270 1307; x_wconf 81' lang='lat' dir='ltr'>audivimus,</span> <span class='ocrx_word' id='word_1_199' title='bbox 1295 1254 1338 1295; x_wconf 81' lang='lat' dir='ltr'>et</span> <span class='ocrx_word' id='word_1_200' title='bbox 1353 1263 1509 1294; x_wconf 80' lang='lat' dir='ltr'>manus</span> <span class='ocrx_word' id='word_1_201' title='bbox 1523 1253 1685 1294; x_wconf 82' lang='lat' dir='ltr'>nostrae</span> <span class='ocrx_word' id='word_1_202' title='bbox 1701 1253 1955 1294; x_wconf 84' lang='lat' dir='ltr'>contrecta-</span> 
     </span>
     <span class='ocr_line' id='line_1_21' title="bbox 91 1314 695 1369; baseline 0.003 -13"><span class='ocrx_word' id='word_1_203' title='bbox 91 1317 337 1369; x_wconf 78' lang='lat' dir='ltr'>verunt....‚</span> <span class='ocrx_word' id='word_1_204' title='bbox 360 1314 443 1357; x_wconf 80' lang='lat' dir='ltr'>hoc</span> <span class='ocrx_word' id='word_1_205' title='bbox 463 1317 695 1358; x_wconf 83' lang='lat' dir='ltr'>testamur.</span> 
     </span>
    </p>

    <p class='ocr_par' dir='ltr' id='par_1_4' title="bbox 90 1373 1957 1554">
     <span class='ocr_line' id='line_1_22' title="bbox 144 1373 1957 1435; baseline -0.001 -14"><span class='ocrx_word' id='word_1_206' title='bbox 144 1375 210 1421; x_wconf 88' lang='lat' dir='ltr'>Ad</span> <span class='ocrx_word' id='word_1_207' title='bbox 232 1380 431 1432; x_wconf 76' lang='lat' dir='ltr'>primum</span> <span class='ocrx_word' id='word_1_208' title='bbox 450 1388 562 1432; x_wconf 86' lang='lat' dir='ltr'>ergo</span> <span class='ocrx_word' id='word_1_209' title='bbox 579 1375 842 1435; x_wconf 90' lang='lat' dir='ltr'>dicendum,</span> <span class='ocrx_word' id='word_1_210' title='bbox 866 1373 991 1432; x_wconf 75' lang='lat' dir='ltr'>quod</span> <span class='ocrx_word' id='word_1_211' title='bbox 1010 1374 1276 1419; x_wconf 87' lang='lat' dir='ltr'>Ambrosius</span> <span class='ocrx_word' id='word_1_212' title='bbox 1294 1373 1357 1418; x_wconf 90' lang='lat' dir='ltr'>ibi</span> <span class='ocrx_word' id='word_1_213' title='bbox 1379 1373 1583 1431; x_wconf 87' lang='lat' dir='ltr'>loquitur</span> <span class='ocrx_word' id='word_1_214' title='bbox 1597 1373 1656 1418; x_wconf 92' lang='lat' dir='ltr'>de</span> <span class='ocrx_word' id='word_1_215' title='bbox 1674 1374 1957 1430; x_wconf 83' lang='lat' dir='ltr'>argumentis</span> 
     </span>
     <span class='ocr_line' id='line_1_23' title="bbox 91 1435 1956 1494; baseline -0.001 -13"><span class='ocrx_word' id='word_1_216' title='bbox 91 1437 345 1482; x_wconf 84' lang='lat' dir='ltr'>secundum</span> <span class='ocrx_word' id='word_1_217' title='bbox 358 1437 582 1482; x_wconf 89' lang='lat' dir='ltr'>rationem</span> <span class='ocrx_word' id='word_1_218' title='bbox 593 1438 843 1482; x_wconf 84' lang='lat' dir='ltr'>humanam</span> <span class='ocrx_word' id='word_1_219' title='bbox 862 1437 1230 1494; x_wconf 80' lang='lat' dir='ltr'>procedentibus3</span> <span class='ocrx_word' id='word_1_220' title='bbox 1247 1448 1351 1493; x_wconf 83' lang='lat' dir='ltr'>quae</span> <span class='ocrx_word' id='word_1_221' title='bbox 1366 1436 1568 1481; x_wconf 89' lang='lat' dir='ltr'>invalida</span> <span class='ocrx_word' id='word_1_222' title='bbox 1582 1438 1694 1480; x_wconf 90' lang='lat' dir='ltr'>sunt</span> <span class='ocrx_word' id='word_1_223' title='bbox 1709 1435 1768 1480; x_wconf 90' lang='lat' dir='ltr'>ad</span> <span class='ocrx_word' id='word_1_224' title='bbox 1784 1448 1839 1479; x_wconf 89' lang='lat' dir='ltr'>ea</span> <span class='ocrx_word' id='word_1_225' title='bbox 1853 1448 1956 1493; x_wconf 87' lang='lat' dir='ltr'>quae</span> 
     </span>
     <span class='ocr_line' id='line_1_24' title="bbox 90 1498 1490 1554; baseline -0.001 -11"><span class='ocrx_word' id='word_1_226' title='bbox 90 1503 202 1543; x_wconf 85' lang='lat' dir='ltr'>sunt</span> <span class='ocrx_word' id='word_1_227' title='bbox 222 1498 327 1543; x_wconf 84' lang='lat' dir='ltr'>fidei</span> <span class='ocrx_word' id='word_1_228' title='bbox 347 1499 647 1554; x_wconf 87' lang='lat' dir='ltr'>ostendenda,</span> <span class='ocrx_word' id='word_1_229' title='bbox 668 1499 787 1544; x_wconf 90' lang='lat' dir='ltr'>sieut</span> <span class='ocrx_word' id='word_1_230' title='bbox 799 1504 1039 1543; x_wconf 90' lang='lat' dir='ltr'>ostensum</span> <span class='ocrx_word' id='word_1_231' title='bbox 1057 1503 1126 1543; x_wconf 90' lang='lat' dir='ltr'>est</span> <span class='ocrx_word' id='word_1_232' title='bbox 1146 1498 1209 1552; x_wconf 87' lang='lat' dir='ltr'>(in</span> <span class='ocrx_word' id='word_1_233' title='bbox 1222 1510 1347 1554; x_wconf 88' lang='lat' dir='ltr'>corp.</span> <span class='ocrx_word' id='word_1_234' title='bbox 1372 1499 1490 1552; x_wconf 87' lang='lat' dir='ltr'>art..)</span> 
     </span>
    </p>

    <p class='ocr_par' dir='ltr' id='par_1_5' title="bbox 92 1550 1956 1853">
     <span class='ocr_line' id='line_1_25' title="bbox 146 1550 1956 1618; baseline -0.001 -14"><span class='ocrx_word' id='word_1_235' title='bbox 146 1560 212 1605; x_wconf 87' lang='lat' dir='ltr'>Ad</span> <span class='ocrx_word' id='word_1_236' title='bbox 240 1562 482 1604; x_wconf 79' lang='lat' dir='ltr'>secundum</span> <span class='ocrx_word' id='word_1_237' title='bbox 517 1561 778 1617; x_wconf 87' lang='lat' dir='ltr'>dicendum,</span> <span class='ocrx_word' id='word_1_238' title='bbox 795 1561 919 1618; x_wconf 78' lang='lat' dir='ltr'>quod</span> <span class='ocrx_word' id='word_1_239' title='bbox 937 1561 1152 1606; x_wconf 89' lang='lat' dir='ltr'>meritum</span> <span class='ocrx_word' id='word_1_240' title='bbox 1171 1559 1276 1604; x_wconf 84' lang='lat' dir='ltr'>fidei</span> <span class='ocrx_word' id='word_1_241' title='bbox 1295 1565 1364 1604; x_wconf 88' lang='lat' dir='ltr'>est</span> <span class='ocrx_word' id='word_1_242' title='bbox 1390 1572 1448 1604; x_wconf 82' lang='lat' dir='ltr'>ex</span> <span class='ocrx_word' id='word_1_243' title='bbox 1475 1560 1562 1604; x_wconf 87' lang='lat' dir='ltr'>hoe</span> <span class='ocrx_word' id='word_1_244' title='bbox 1589 1550 1711 1615; x_wconf 77' lang='lat' dir='ltr'>quod</span> <span class='ocrx_word' id='word_1_245' title='bbox 1740 1558 1877 1603; x_wconf 90' lang='lat' dir='ltr'>homo</span> <span class='ocrx_word' id='word_1_246' title='bbox 1898 1571 1956 1604; x_wconf 84' lang='lat' dir='ltr'>ex</span> 
     </span>
     <span class='ocr_line' id='line_1_26' title="bbox 92 1620 1955 1678; baseline -0.001 -12"><span class='ocrx_word' id='word_1_247' title='bbox 92 1621 310 1666; x_wconf 85' lang='lat' dir='ltr'>mandato</span> <span class='ocrx_word' id='word_1_248' title='bbox 325 1621 401 1665; x_wconf 91' lang='lat' dir='ltr'>Dei</span> <span class='ocrx_word' id='word_1_249' title='bbox 420 1622 565 1667; x_wconf 87' lang='lat' dir='ltr'>eredit</span> <span class='ocrx_word' id='word_1_250' title='bbox 583 1622 708 1678; x_wconf 90' lang='lat' dir='ltr'>quod</span> <span class='ocrx_word' id='word_1_251' title='bbox 731 1634 825 1665; x_wconf 90' lang='lat' dir='ltr'>non</span> <span class='ocrx_word' id='word_1_252' title='bbox 849 1623 986 1668; x_wconf 90' lang='lat' dir='ltr'>videt.</span> <span class='ocrx_word' id='word_1_253' title='bbox 1016 1622 1141 1667; x_wconf 89' lang='lat' dir='ltr'>Unde</span> <span class='ocrx_word' id='word_1_254' title='bbox 1162 1621 1239 1665; x_wconf 90' lang='lat' dir='ltr'>illa</span> <span class='ocrx_word' id='word_1_255' title='bbox 1258 1621 1357 1665; x_wconf 89' lang='lat' dir='ltr'>sola</span> <span class='ocrx_word' id='word_1_256' title='bbox 1378 1621 1494 1665; x_wconf 89' lang='lat' dir='ltr'>ratio</span> <span class='ocrx_word' id='word_1_257' title='bbox 1517 1621 1732 1665; x_wconf 88' lang='lat' dir='ltr'>meritum</span> <span class='ocrx_word' id='word_1_258' title='bbox 1754 1620 1955 1665; x_wconf 80' lang='lat' dir='ltr'>excludit</span> 
     </span>
     <span class='ocr_line' id='line_1_27' title="bbox 93 1682 1955 1742; baseline 0.001 -16"><span class='ocrx_word' id='word_1_259' title='bbox 93 1694 197 1739; x_wconf 86' lang='lat' dir='ltr'>quae</span> <span class='ocrx_word' id='word_1_260' title='bbox 213 1682 322 1727; x_wconf 84' lang='lat' dir='ltr'>facit</span> <span class='ocrx_word' id='word_1_261' title='bbox 342 1683 486 1728; x_wconf 89' lang='lat' dir='ltr'>videri</span> <span class='ocrx_word' id='word_1_262' title='bbox 505 1696 587 1740; x_wconf 88' lang='lat' dir='ltr'>per</span> <span class='ocrx_word' id='word_1_263' title='bbox 602 1684 840 1729; x_wconf 90' lang='lat' dir='ltr'>scientiam</span> <span class='ocrx_word' id='word_1_264' title='bbox 864 1685 909 1728; x_wconf 92' lang='lat' dir='ltr'>id</span> <span class='ocrx_word' id='word_1_265' title='bbox 929 1685 1053 1742; x_wconf 87' lang='lat' dir='ltr'>quod</span> <span class='ocrx_word' id='word_1_266' title='bbox 1070 1684 1352 1729; x_wconf 89' lang='lat' dir='ltr'>eredendum</span> <span class='ocrx_word' id='word_1_267' title='bbox 1370 1682 1666 1740; x_wconf 77' lang='lat' dir='ltr'>proponitur3</span> <span class='ocrx_word' id='word_1_268' title='bbox 1691 1686 1736 1727; x_wconf 88' lang='lat' dir='ltr'>et</span> <span class='ocrx_word' id='word_1_269' title='bbox 1759 1682 1864 1726; x_wconf 87' lang='lat' dir='ltr'>talis</span> <span class='ocrx_word' id='word_1_270' title='bbox 1885 1687 1955 1727; x_wconf 90' lang='lat' dir='ltr'>est</span> 
     </span>
     <span class='ocr_line' id='line_1_28' title="bbox 92 1743 1952 1802; baseline 0.001 -14"><span class='ocrx_word' id='word_1_271' title='bbox 92 1744 209 1788; x_wconf 85' lang='lat' dir='ltr'>ratio</span> <span class='ocrx_word' id='word_1_272' title='bbox 225 1745 578 1789; x_wconf 87' lang='lat' dir='ltr'>demonstrativa</span> <span class='ocrx_word' id='word_1_273' title='bbox 593 1749 664 1800; x_wconf 90' lang='lat'>(3).</span> <span class='ocrx_word' id='word_1_274' title='bbox 682 1746 950 1802; x_wconf 86' lang='lat' dir='ltr'>Hujusmodi</span> <span class='ocrx_word' id='word_1_275' title='bbox 966 1750 1120 1792; x_wconf 91' lang='lat' dir='ltr'>autem</span> <span class='ocrx_word' id='word_1_276' title='bbox 1137 1746 1361 1791; x_wconf 86' lang='lat' dir='ltr'>rationem</span> <span class='ocrx_word' id='word_1_277' title='bbox 1380 1746 1585 1790; x_wconf 88' lang='lat' dir='ltr'>Christus</span> <span class='ocrx_word' id='word_1_278' title='bbox 1597 1756 1690 1789; x_wconf 91' lang='lat' dir='ltr'>non</span> <span class='ocrx_word' id='word_1_279' title='bbox 1707 1743 1952 1790; x_wconf 87' lang='lat' dir='ltr'>induxitad</span> 
     </span>
     <span class='ocr_line' id='line_1_29' title="bbox 93 1807 980 1853; baseline 0.003 -3"><span class='ocrx_word' id='word_1_280' title='bbox 93 1807 474 1852; x_wconf 86' lang='lat' dir='ltr'>resurrectionem</span> <span class='ocrx_word' id='word_1_281' title='bbox 492 1819 625 1851; x_wconf 87' lang='lat' dir='ltr'>suam</span> <span class='ocrx_word' id='word_1_282' title='bbox 644 1807 980 1853; x_wconf 87' lang='lat' dir='ltr'>declarandam.</span> 
     </span>
    </p>

    <p class='ocr_par' dir='ltr' id='par_1_6' title="bbox 79 1868 1954 2591">
     <span class='ocr_line' id='line_1_30' title="bbox 146 1868 1952 1926; baseline 0 -14"><span class='ocrx_word' id='word_1_283' title='bbox 146 1868 213 1914; x_wconf 76' lang='lat' dir='ltr'>Ad</span> <span class='ocrx_word' id='word_1_284' title='bbox 229 1871 412 1912; x_wconf 80' lang='lat' dir='ltr'>tertium</span> <span class='ocrx_word' id='word_1_285' title='bbox 424 1868 687 1924; x_wconf 88' lang='lat' dir='ltr'>dicendum,</span> <span class='ocrx_word' id='word_1_286' title='bbox 714 1868 852 1925; x_wconf 74' lang='lat' dir='ltr'>quod,</span> <span class='ocrx_word' id='word_1_287' title='bbox 874 1870 995 1914; x_wconf 88' lang='lat' dir='ltr'>sicut</span> <span class='ocrx_word' id='word_1_288' title='bbox 1016 1869 1190 1915; x_wconf 88' lang='lat' dir='ltr'>dictum</span> <span class='ocrx_word' id='word_1_289' title='bbox 1207 1873 1278 1914; x_wconf 90' lang='lat' dir='ltr'>est</span> <span class='ocrx_word' id='word_1_290' title='bbox 1295 1869 1361 1922; x_wconf 78' lang='lat' dir='ltr'>(in</span> <span class='ocrx_word' id='word_1_291' title='bbox 1380 1869 1517 1914; x_wconf 89' lang='lat' dir='ltr'>solut.</span> <span class='ocrx_word' id='word_1_292' title='bbox 1542 1869 1717 1926; x_wconf 68' lang='lat' dir='ltr'>praec),</span> <span class='ocrx_word' id='word_1_293' title='bbox 1739 1868 1952 1913; x_wconf 82' lang='lat' dir='ltr'>meritum</span> 
     </span>
     <span class='ocr_line' id='line_1_31' title="bbox 91 1929 1953 1987; baseline 0.001 -13"><span class='ocrx_word' id='word_1_294' title='bbox 91 1929 402 1987; x_wconf 81' lang='lat' dir='ltr'>beatitudiniS,</span> <span class='ocrx_word' id='word_1_295' title='bbox 428 1931 552 1987; x_wconf 89' lang='lat' dir='ltr'>quod</span> <span class='ocrx_word' id='word_1_296' title='bbox 572 1935 733 1975; x_wconf 87' lang='lat' dir='ltr'>causat</span> <span class='ocrx_word' id='word_1_297' title='bbox 754 1930 885 1987; x_wconf 84' lang='lat' dir='ltr'>fides,</span> <span class='ocrx_word' id='word_1_298' title='bbox 914 1944 1009 1976; x_wconf 90' lang='lat' dir='ltr'>non</span> <span class='ocrx_word' id='word_1_299' title='bbox 1030 1933 1227 1977; x_wconf 86' lang='lat' dir='ltr'>totaliter</span> <span class='ocrx_word' id='word_1_300' title='bbox 1243 1931 1518 1987; x_wconf 81' lang='lat' dir='ltr'>excluditur,</span> <span class='ocrx_word' id='word_1_301' title='bbox 1543 1930 1632 1976; x_wconf 88' lang='lat' dir='ltr'>nisi</span> <span class='ocrx_word' id='word_1_302' title='bbox 1658 1931 1795 1975; x_wconf 90' lang='lat' dir='ltr'>homo</span> <span class='ocrx_word' id='word_1_303' title='bbox 1814 1930 1953 1976; x_wconf 83' lang='lat' dir='ltr'>nollet</span> 
     </span>
     <span class='ocr_line' id='line_1_32' title="bbox 79 1992 1954 2053; baseline 0 -16"><span class='ocrx_word' id='word_1_304' title='bbox 79 1993 278 2053; x_wconf 15' lang='lat' dir='ltr'>*credere</span> <span class='ocrx_word' id='word_1_305' title='bbox 306 1993 396 2038; x_wconf 89' lang='lat' dir='ltr'>nisi</span> <span class='ocrx_word' id='word_1_306' title='bbox 418 2005 472 2037; x_wconf 90' lang='lat' dir='ltr'>ea</span> <span class='ocrx_word' id='word_1_307' title='bbox 493 2004 599 2050; x_wconf 87' lang='lat' dir='ltr'>quae</span> <span class='ocrx_word' id='word_1_308' title='bbox 625 1993 765 2038; x_wconf 89' lang='lat' dir='ltr'>videt.</span> <span class='ocrx_word' id='word_1_309' title='bbox 795 1993 882 2038; x_wconf 89' lang='lat' dir='ltr'>Sed</span> <span class='ocrx_word' id='word_1_310' title='bbox 900 1994 1025 2050; x_wconf 82' lang='lat' dir='ltr'>quod</span> <span class='ocrx_word' id='word_1_311' title='bbox 1049 1994 1216 2050; x_wconf 89' lang='lat' dir='ltr'>aliquis</span> <span class='ocrx_word' id='word_1_312' title='bbox 1239 2006 1294 2039; x_wconf 91' lang='lat' dir='ltr'>ea</span> <span class='ocrx_word' id='word_1_313' title='bbox 1310 2006 1413 2051; x_wconf 86' lang='lat' dir='ltr'>quae</span> <span class='ocrx_word' id='word_1_314' title='bbox 1437 2005 1532 2038; x_wconf 91' lang='lat' dir='ltr'>non</span> <span class='ocrx_word' id='word_1_315' title='bbox 1553 1993 1678 2038; x_wconf 92' lang='lat' dir='ltr'>videt</span> <span class='ocrx_word' id='word_1_316' title='bbox 1698 1992 1855 2038; x_wconf 87' lang='lat' dir='ltr'>credat</span> <span class='ocrx_word' id='word_1_317' title='bbox 1873 2005 1954 2049; x_wconf 92' lang='lat' dir='ltr'>per</span> 
     </span>
     <span class='ocr_line' id='line_1_33' title="bbox 86 2052 1953 2112; baseline 0.001 -15"><span class='ocrx_word' id='word_1_318' title='bbox 86 2053 246 2110; x_wconf 66' lang='lat' dir='ltr'>‘aliqua</span> <span class='ocrx_word' id='word_1_319' title='bbox 264 2053 398 2110; x_wconf 86' lang='lat' dir='ltr'>signa</span> <span class='ocrx_word' id='word_1_320' title='bbox 411 2053 528 2110; x_wconf 88' lang='lat' dir='ltr'>visa,</span> <span class='ocrx_word' id='word_1_321' title='bbox 549 2065 643 2097; x_wconf 91' lang='lat' dir='ltr'>non</span> <span class='ocrx_word' id='word_1_322' title='bbox 666 2054 867 2099; x_wconf 80' lang='lat' dir='ltr'>totaliter</span> <span class='ocrx_word' id='word_1_323' title='bbox 887 2052 1024 2099; x_wconf 90' lang='lat' dir='ltr'>fidem</span> <span class='ocrx_word' id='word_1_324' title='bbox 1046 2060 1255 2112; x_wconf 83' lang='lat' dir='ltr'>evacuat,</span> <span class='ocrx_word' id='word_1_325' title='bbox 1278 2067 1365 2100; x_wconf 87' lang='lat' dir='ltr'>nee</span> <span class='ocrx_word' id='word_1_326' title='bbox 1381 2054 1597 2099; x_wconf 89' lang='lat' dir='ltr'>meritum</span> <span class='ocrx_word' id='word_1_327' title='bbox 1620 2054 1746 2111; x_wconf 84' lang='lat' dir='ltr'>ejus3</span> <span class='ocrx_word' id='word_1_328' title='bbox 1775 2054 1896 2099; x_wconf 89' lang='lat' dir='ltr'>sicut</span> <span class='ocrx_word' id='word_1_329' title='bbox 1909 2058 1953 2098; x_wconf 91' lang='lat' dir='ltr'>et</span> 
     </span>
     <span class='ocr_line' id='line_1_34' title="bbox 91 2115 1951 2175; baseline 0.002 -16"><span class='ocrx_word' id='word_1_330' title='bbox 91 2115 283 2161; x_wconf 87' lang='lat' dir='ltr'>Thomas</span> <span class='ocrx_word' id='word_1_331' title='bbox 309 2116 384 2160; x_wconf 86' lang='lat' dir='ltr'>cui</span> <span class='ocrx_word' id='word_1_332' title='bbox 411 2115 586 2161; x_wconf 86' lang='lat' dir='ltr'>dictum</span> <span class='ocrx_word' id='word_1_333' title='bbox 615 2119 688 2161; x_wconf 85' lang='lat' dir='ltr'>est</span> <span class='ocrx_word' id='word_1_334' title='bbox 709 2118 853 2169; x_wconf 81' lang='lat' dir='ltr'>(Joan.</span> <span class='ocrx_word' id='word_1_335' title='bbox 876 2130 947 2173; x_wconf 87' lang='lat' dir='ltr'>xx,</span> <span class='ocrx_word' id='word_1_336' title='bbox 970 2119 1071 2173; x_wconf 78' lang='lat'>29):</span> <span class='ocrx_word' id='word_1_337' title='bbox 1097 2121 1214 2175; x_wconf 82' lang='lat' dir='ltr'>Quia</span> <span class='ocrx_word' id='word_1_338' title='bbox 1250 2119 1405 2162; x_wconf 82' lang='lat' dir='ltr'>vidisti</span> <span class='ocrx_word' id='word_1_339' title='bbox 1433 2131 1518 2173; x_wconf 90' lang='lat' dir='ltr'>me,</span> <span class='ocrx_word' id='word_1_340' title='bbox 1547 2118 1798 2171; x_wconf 78' lang='lat' dir='ltr'>credidisti,</span> <span class='ocrx_word' id='word_1_341' title='bbox 1828 2116 1951 2162; x_wconf 78' lang='lat' dir='ltr'>aliud</span> 
     </span>
     <span class='ocr_line' id='line_1_35' title="bbox 92 2176 1949 2235; baseline 0.001 -15"><span class='ocrx_word' id='word_1_342' title='bbox 92 2177 219 2233; x_wconf 90' lang='lat' dir='ltr'>vidit,</span> <span class='ocrx_word' id='word_1_343' title='bbox 243 2181 290 2222; x_wconf 90' lang='lat' dir='ltr'>et</span> <span class='ocrx_word' id='word_1_344' title='bbox 312 2177 438 2222; x_wconf 89' lang='lat' dir='ltr'>aliud</span> <span class='ocrx_word' id='word_1_345' title='bbox 451 2176 644 2222; x_wconf 91' lang='lat' dir='ltr'>credidit</span> <span class='ocrx_word' id='word_1_346' title='bbox 657 2192 670 2234; x_wconf 82' lang='lat'><em>3</em></span> <span class='ocrx_word' id='word_1_347' title='bbox 682 2177 798 2224; x_wconf 89' lang='lat' dir='ltr'>vidit</span> <span class='ocrx_word' id='word_1_348' title='bbox 820 2178 1029 2235; x_wconf 87' lang='lat' dir='ltr'>vulnera,</span> <span class='ocrx_word' id='word_1_349' title='bbox 1053 2183 1100 2224; x_wconf 92' lang='lat' dir='ltr'>et</span> <span class='ocrx_word' id='word_1_350' title='bbox 1117 2179 1310 2224; x_wconf 89' lang='lat' dir='ltr'>credidit</span> <span class='ocrx_word' id='word_1_351' title='bbox 1330 2182 1488 2224; x_wconf 90' lang='lat' dir='ltr'>Deum.</span> <span class='ocrx_word' id='word_1_352' title='bbox 1507 2181 1586 2223; x_wconf 88' lang='lat' dir='ltr'>Est</span> <span class='ocrx_word' id='word_1_353' title='bbox 1604 2184 1759 2224; x_wconf 90' lang='lat' dir='ltr'>autem</span> <span class='ocrx_word' id='word_1_354' title='bbox 1778 2179 1949 2235; x_wconf 82' lang='lat' dir='ltr'>perfee-</span> 
     </span>
     <span class='ocr_line' id='line_1_36' title="bbox 91 2239 1948 2298; baseline 0.001 -15"><span class='ocrx_word' id='word_1_355' title='bbox 91 2239 219 2283; x_wconf 84' lang='lat' dir='ltr'>tioris</span> <span class='ocrx_word' id='word_1_356' title='bbox 241 2239 347 2284; x_wconf 84' lang='lat' dir='ltr'>fidei</span> <span class='ocrx_word' id='word_1_357' title='bbox 367 2239 447 2296; x_wconf 87' lang='lat' dir='ltr'>qui</span> <span class='ocrx_word' id='word_1_358' title='bbox 474 2251 569 2284; x_wconf 90' lang='lat' dir='ltr'>non</span> <span class='ocrx_word' id='word_1_359' title='bbox 597 2240 791 2296; x_wconf 85' lang='lat' dir='ltr'>requirit</span> <span class='ocrx_word' id='word_1_360' title='bbox 818 2240 1084 2298; x_wconf 81' lang='lat' dir='ltr'>huJ‘usmodi</span> <span class='ocrx_word' id='word_1_361' title='bbox 1113 2242 1284 2286; x_wconf 86' lang='lat' dir='ltr'>auxilia</span> <span class='ocrx_word' id='word_1_362' title='bbox 1312 2242 1371 2286; x_wconf 89' lang='lat' dir='ltr'>ad</span> <span class='ocrx_word' id='word_1_363' title='bbox 1401 2241 1698 2286; x_wconf 90' lang='lat' dir='ltr'>credendum.</span> <span class='ocrx_word' id='word_1_364' title='bbox 1734 2240 1862 2286; x_wconf 88' lang='lat' dir='ltr'>Unde</span> <span class='ocrx_word' id='word_1_365' title='bbox 1894 2241 1948 2285; x_wconf 90' lang='lat' dir='ltr'>ad</span> 
     </span>
     <span class='ocr_line' id='line_1_37' title="bbox 92 2301 1953 2359; baseline 0.001 -15"><span class='ocrx_word' id='word_1_366' title='bbox 92 2301 379 2356; x_wconf 84' lang='lat' dir='ltr'>arguendum</span> <span class='ocrx_word' id='word_1_367' title='bbox 402 2301 630 2346; x_wconf 88' lang='lat' dir='ltr'>defectum</span> <span class='ocrx_word' id='word_1_368' title='bbox 647 2301 751 2347; x_wconf 83' lang='lat' dir='ltr'>fidei</span> <span class='ocrx_word' id='word_1_369' title='bbox 766 2301 814 2346; x_wconf 92' lang='lat' dir='ltr'>in</span> <span class='ocrx_word' id='word_1_370' title='bbox 832 2302 1109 2359; x_wconf 88' lang='lat' dir='ltr'>quibusdam</span> <span class='ocrx_word' id='word_1_371' title='bbox 1130 2303 1350 2348; x_wconf 90' lang='lat' dir='ltr'>Dominus</span> <span class='ocrx_word' id='word_1_372' title='bbox 1371 2303 1482 2348; x_wconf 90' lang='lat' dir='ltr'>dicit</span> <span class='ocrx_word' id='word_1_373' title='bbox 1498 2305 1640 2356; x_wconf 87' lang='lat' dir='ltr'>(Joan.</span> <span class='ocrx_word' id='word_1_374' title='bbox 1657 2316 1718 2359; x_wconf 79' lang='lat' dir='ltr'>iv,</span> <span class='ocrx_word' id='word_1_375' title='bbox 1732 2305 1833 2357; x_wconf 78' lang='lat'>48).</span> <span class='ocrx_word' id='word_1_376' title='bbox 1822 2317 1832 2328; x_wconf 93' lang='lat'>·</span> <span class='ocrx_word' id='word_1_377' title='bbox 1852 2304 1953 2346; x_wconf 73' lang='lat' dir='ltr'>Nisi</span> 
     </span>
     <span class='ocr_line' id='line_1_38' title="bbox 91 2363 1951 2435; baseline 0.001 -29"><span class='ocrx_word' id='word_1_378' title='bbox 91 2365 222 2419; x_wconf 72' lang='lat' dir='ltr'>siqua</span> <span class='ocrx_word' id='word_1_379' title='bbox 241 2366 286 2406; x_wconf 81' lang='lat' dir='ltr'>et</span> <span class='ocrx_word' id='word_1_380' title='bbox 300 2363 513 2419; x_wconf 75' lang='lat' dir='ltr'>prodiqia</span> <span class='ocrx_word' id='word_1_381' title='bbox 537 2364 760 2420; x_wconf 83' lang='lat' dir='ltr'>videritis,</span> <span class='ocrx_word' id='word_1_382' title='bbox 786 2377 875 2407; x_wconf 77' lang='lat' dir='ltr'>non</span> <span class='ocrx_word' id='word_1_383' title='bbox 894 2366 1091 2410; x_wconf 84' lang='lat' dir='ltr'>creditis.</span> <span class='ocrx_word' id='word_1_384' title='bbox 1115 2367 1167 2409; x_wconf 89' lang='lat' dir='ltr'>Et</span> <span class='ocrx_word' id='word_1_385' title='bbox 1194 2365 1452 2410; x_wconf 85' lang='lat' dir='ltr'>secundum</span> <span class='ocrx_word' id='word_1_386' title='bbox 1481 2365 1567 2409; x_wconf 90' lang='lat' dir='ltr'>hoc</span> <span class='ocrx_word' id='word_1_387' title='bbox 1590 2368 1739 2421; x_wconf 92' lang='lat' dir='ltr'>potest</span> <span class='ocrx_word' id='word_1_388' title='bbox 1759 2363 1951 2435; x_wconf 80' lang='lat' dir='ltr'>intelligi</span> 
     </span>
     <span class='ocr_line' id='line_1_39' title="bbox 91 2423 1950 2498; baseline 0.001 -30"><span class='ocrx_word' id='word_1_389' title='bbox 91 2423 214 2481; x_wconf 78' lang='lat' dir='ltr'>quod</span> <span class='ocrx_word' id='word_1_390' title='bbox 243 2423 308 2468; x_wconf 91' lang='lat' dir='ltr'>illi</span> <span class='ocrx_word' id='word_1_391' title='bbox 334 2423 414 2480; x_wconf 90' lang='lat' dir='ltr'>qui</span> <span class='ocrx_word' id='word_1_392' title='bbox 437 2428 550 2468; x_wconf 90' lang='lat' dir='ltr'>sunt</span> <span class='ocrx_word' id='word_1_393' title='bbox 575 2429 668 2469; x_wconf 90' lang='lat' dir='ltr'>tam</span> <span class='ocrx_word' id='word_1_394' title='bbox 698 2426 896 2496; x_wconf 88' lang='lat' dir='ltr'>prompti</span> <span class='ocrx_word' id='word_1_395' title='bbox 927 2426 1068 2471; x_wconf 88' lang='lat' dir='ltr'>animi</span> <span class='ocrx_word' id='word_1_396' title='bbox 1101 2431 1154 2471; x_wconf 88' lang='lat' dir='ltr'>ut</span> <span class='ocrx_word' id='word_1_397' title='bbox 1180 2427 1372 2471; x_wconf 85' lang='lat' dir='ltr'>credant</span> <span class='ocrx_word' id='word_1_398' title='bbox 1390 2429 1497 2485; x_wconf 86' lang='lat' dir='ltr'>Deo,</span> <span class='ocrx_word' id='word_1_399' title='bbox 1522 2426 1661 2470; x_wconf 79' lang='lat' dir='ltr'>etlam</span> <span class='ocrx_word' id='word_1_400' title='bbox 1680 2426 1828 2498; x_wconf 79' lang='lat' dir='ltr'>signis</span> <span class='ocrx_word' id='word_1_401' title='bbox 1858 2439 1950 2470; x_wconf 90' lang='lat' dir='ltr'>non</span> 
     </span>
     <span class='ocr_line' id='line_1_40' title="bbox 90 2484 1951 2591; baseline 0.001 -62"><span class='ocrx_word' id='word_1_402' title='bbox 90 2485 216 2591; x_wconf 58' lang='lat' dir='ltr'>gisis,</span> <span class='ocrx_word' id='word_1_403' title='bbox 231 2484 325 2530; x_wconf 89' lang='lat' dir='ltr'>sint</span> <span class='ocrx_word' id='word_1_404' title='bbox 345 2484 466 2531; x_wconf 87' lang='lat' dir='ltr'>beati</span> <span class='ocrx_word' id='word_1_405' title='bbox 482 2497 566 2543; x_wconf 90' lang='lat' dir='ltr'>per</span> <span class='ocrx_word' id='word_1_406' title='bbox 587 2487 975 2543; x_wconf 87' lang='lat' dir='ltr'>comparationem</span> <span class='ocrx_word' id='word_1_407' title='bbox 994 2488 1053 2533; x_wconf 89' lang='lat' dir='ltr'>ad</span> <span class='ocrx_word' id='word_1_408' title='bbox 1072 2488 1175 2533; x_wconf 93' lang='lat' dir='ltr'>illos</span> <span class='ocrx_word' id='word_1_409' title='bbox 1196 2489 1274 2545; x_wconf 90' lang='lat' dir='ltr'>qui</span> <span class='ocrx_word' id='word_1_410' title='bbox 1297 2501 1389 2532; x_wconf 91' lang='lat' dir='ltr'>non</span> <span class='ocrx_word' id='word_1_411' title='bbox 1411 2488 1621 2547; x_wconf 83' lang='lat' dir='ltr'>credunt,</span> <span class='ocrx_word' id='word_1_412' title='bbox 1646 2488 1734 2533; x_wconf 90' lang='lat' dir='ltr'>nisi</span> <span class='ocrx_word' id='word_1_413' title='bbox 1752 2488 1861 2533; x_wconf 86' lang='lat' dir='ltr'>talia</span> <span class='ocrx_word' id='word_1_414' title='bbox 1880 2488 1951 2531; x_wconf 86' lang='lat' dir='ltr'>vi-</span> 
     </span>
    </p>

    <p class='ocr_par' dir='ltr' id='par_1_7' title="bbox 89 2550 1950 2782">
     <span class='ocr_line' id='line_1_41' title="bbox 121 2550 240 2591; baseline 0 -1"><span class='ocrx_word' id='word_1_415' title='bbox 121 2550 240 2591; x_wconf 85' lang='lat' dir='ltr'>eant.</span> 
     </span>
     <span class='ocr_line' id='line_1_42' title="bbox 89 2608 1950 2667; baseline 0.002 -16"><span class='ocrx_word' id='word_1_416' title='bbox 89 2608 427 2654; x_wconf 80' lang='lat' dir='ltr'>ARTICULUS</span> <span class='ocrx_word' id='word_1_417' title='bbox 459 2610 545 2653; x_wconf 78' lang='lat' dir='ltr'>vl.</span> <span class='ocrx_word' id='word_1_418' title='bbox 575 2633 630 2642; x_wconf 89' lang='lat'>—</span> <span class='ocrx_word' id='word_1_419' title='bbox 658 2622 792 2654; x_wconf 73' lang='lat' dir='ltr'>uranu</span> <span class='ocrx_word' id='word_1_420' title='bbox 826 2623 1065 2655; x_wconf 66' lang='lat' dir='ltr'>normann</span> <span class='ocrx_word' id='word_1_421' title='bbox 1093 2624 1184 2662; x_wconf 77' lang='lat' dir='ltr'>QUAE</span> <span class='ocrx_word' id='word_1_422' title='bbox 1213 2624 1412 2655; x_wconf 76' lang='lat' dir='ltr'>cnmsrus</span> <span class='ocrx_word' id='word_1_423' title='bbox 1441 2625 1631 2667; x_wconf 78' lang='lat' dir='ltr'>mnuxrr,</span> <span class='ocrx_word' id='word_1_424' title='bbox 1662 2624 1950 2655; x_wconf 72' lang='lat' dir='ltr'>surriciunrnn</span> 
     </span>
     <span class='ocr_line' id='line_1_43' title="bbox 524 2674 1497 2727; baseline 0.001 -12"><span class='ocrx_word' id='word_1_425' title='bbox 524 2682 890 2715; x_wconf 71' lang='lat' dir='ltr'>mlx-’Esuvnmnr</span> <span class='ocrx_word' id='word_1_426' title='bbox 918 2685 1285 2717; x_wconf 70' lang='lat' dir='ltr'>nnsunnscuonan</span> <span class='ocrx_word' id='word_1_427' title='bbox 1312 2685 1404 2716; x_wconf 73' lang='lat' dir='ltr'>Esus</span> <span class='ocrx_word' id='word_1_428' title='bbox 1423 2674 1497 2727; x_wconf 78' lang='lat'>(4).</span> 
     </span>
     <span class='ocr_line' id='line_1_44' title="bbox 660 2738 1373 2782; baseline 0.004 -10"><span class='ocrx_word' id='word_1_429' title='bbox 660 2738 708 2772; x_wconf 81' lang='lat' dir='ltr'>De</span> <span class='ocrx_word' id='word_1_430' title='bbox 723 2738 775 2773; x_wconf 86' lang='lat' dir='ltr'>his</span> <span class='ocrx_word' id='word_1_431' title='bbox 787 2739 889 2775; x_wconf 78' lang='lat' dir='ltr'>etiam</span> <span class='ocrx_word' id='word_1_432' title='bbox 906 2740 971 2775; x_wconf 75' lang='lat' dir='ltr'>loci</span> <span class='ocrx_word' id='word_1_433' title='bbox 972 2753 988 2775; x_wconf 88' lang='lat' dir='ltr'>s</span> <span class='ocrx_word' id='word_1_434' title='bbox 1004 2752 1077 2782; x_wconf 80' lang='lat' dir='ltr'>sup.</span> <span class='ocrx_word' id='word_1_435' title='bbox 1092 2744 1159 2776; x_wconf 74' lang='lat' dir='ltr'>art.</span> <span class='ocrx_word' id='word_1_436' title='bbox 1177 2742 1199 2776; x_wconf 80' lang='lat'>5</span> <span class='ocrx_word' id='word_1_437' title='bbox 1210 2740 1373 2776; x_wconf 75' lang='lat' dir='ltr'>adductis.</span> 
     </span>
    </p>

    <p class='ocr_par' dir='ltr' id='par_1_8' title="bbox 88 2790 1999 3036">
     <span class='ocr_line' id='line_1_45' title="bbox 145 2790 1948 2852; baseline 0.002 -16"><span class='ocrx_word' id='word_1_438' title='bbox 145 2790 209 2836; x_wconf 82' lang='lat' dir='ltr'>Ad</span> <span class='ocrx_word' id='word_1_439' title='bbox 226 2795 409 2836; x_wconf 82' lang='lat' dir='ltr'>sextum</span> <span class='ocrx_word' id='word_1_440' title='bbox 433 2791 503 2837; x_wconf 85' lang='lat' dir='ltr'>sic</span> <span class='ocrx_word' id='word_1_441' title='bbox 527 2792 804 2849; x_wconf 87' lang='lat' dir='ltr'>proceditur.</span> <span class='ocrx_word' id='word_1_442' title='bbox 831 2797 874 2839; x_wconf 85' lang='lat'>1.</span> <span class='ocrx_word' id='word_1_443' title='bbox 899 2795 1081 2840; x_wconf 87' lang='lat' dir='ltr'>Videtur</span> <span class='ocrx_word' id='word_1_444' title='bbox 1095 2795 1220 2852; x_wconf 81' lang='lat' dir='ltr'>quod</span> <span class='ocrx_word' id='word_1_445' title='bbox 1234 2798 1507 2852; x_wconf 84' lang='lat' dir='ltr'>argumenta</span> <span class='ocrx_word' id='word_1_446' title='bbox 1523 2807 1628 2852; x_wconf 84' lang='lat' dir='ltr'>quae</span> <span class='ocrx_word' id='word_1_447' title='bbox 1647 2795 1890 2840; x_wconf 81' lang='lat' dir='ltr'>Christus·</span> <span class='ocrx_word' id='word_1_448' title='bbox 1878 2808 1948 2839; x_wconf 89' lang='lat' dir='ltr'>m-</span> 
     </span>
     <span class='ocr_line' id='line_1_46' title="bbox 89 2851 1999 2913; baseline 0.002 -16"><span class='ocrx_word' id='word_1_449' title='bbox 89 2851 235 2908; x_wconf 87' lang='lat' dir='ltr'>duxit‚</span> <span class='ocrx_word' id='word_1_450' title='bbox 256 2863 349 2896; x_wconf 91' lang='lat' dir='ltr'>non</span> <span class='ocrx_word' id='word_1_451' title='bbox 371 2852 652 2898; x_wconf 88' lang='lat' dir='ltr'>sufficienter</span> <span class='ocrx_word' id='word_1_452' title='bbox 663 2854 1057 2900; x_wconf 87' lang='lat' dir='ltr'>manifestaverint</span> <span class='ocrx_word' id='word_1_453' title='bbox 1077 2856 1313 2901; x_wconf 82' lang='lat' dir='ltr'>veritatem</span> <span class='ocrx_word' id='word_1_454' title='bbox 1326 2856 1676 2901; x_wconf 89' lang='lat' dir='ltr'>resurrectionis</span> <span class='ocrx_word' id='word_1_455' title='bbox 1696 2856 1813 2913; x_wconf 79' lang='lat' dir='ltr'>eJ&#39;us.</span> <span class='ocrx_word' id='word_1_456' title='bbox 1831 2857 1950 2901; x_wconf 86' lang='lat' dir='ltr'>Nihil</span> <span class='ocrx_word' id='word_1_457' title='bbox 1994 2887 1999 2891; x_wconf 91' lang='lat'><em>-</em></span> 
     </span>
     <span class='ocr_line' id='line_1_47' title="bbox 89 2912 1948 2974; baseline 0.003 -18"><span class='ocrx_word' id='word_1_458' title='bbox 89 2912 213 2957; x_wconf 89' lang='lat' dir='ltr'>enim</span> <span class='ocrx_word' id='word_1_459' title='bbox 233 2913 434 2958; x_wconf 88' lang='lat' dir='ltr'>ostendit</span> <span class='ocrx_word' id='word_1_460' title='bbox 457 2913 661 2959; x_wconf 88' lang='lat' dir='ltr'>Christus</span> <span class='ocrx_word' id='word_1_461' title='bbox 682 2914 921 2972; x_wconf 86' lang='lat' dir='ltr'>discipulis</span> <span class='ocrx_word' id='word_1_462' title='bbox 942 2922 1046 2973; x_wconf 89' lang='lat' dir='ltr'>post</span> <span class='ocrx_word' id='word_1_463' title='bbox 1063 2918 1464 2974; x_wconf 87' lang='lat' dir='ltr'>resurrectionem,</span> <span class='ocrx_word' id='word_1_464' title='bbox 1489 2917 1610 2973; x_wconf 88' lang='lat' dir='ltr'>quod</span> <span class='ocrx_word' id='word_1_465' title='bbox 1632 2918 1769 2962; x_wconf 89' lang='lat' dir='ltr'>etiam</span> <span class='ocrx_word' id='word_1_466' title='bbox 1794 2918 1948 2974; x_wconf 85' lang='lat' dir='ltr'>angeli</span> 
     </span>
     <span class='ocr_line' id='line_1_48' title="bbox 88 2974 1945 3037; baseline 0.004 -19"><span class='ocrx_word' id='word_1_467' title='bbox 88 2974 352 3019; x_wconf 89' lang='lat' dir='ltr'>hominibus</span> <span class='ocrx_word' id='word_1_468' title='bbox 380 2982 650 3031; x_wconf 88' lang='lat' dir='ltr'>apparentes</span> <span class='ocrx_word' id='word_1_469' title='bbox 668 2976 742 3021; x_wconf 91' lang='lat' dir='ltr'>vel</span> <span class='ocrx_word' id='word_1_470' title='bbox 767 2989 860 3022; x_wconf 92' lang='lat' dir='ltr'>non</span> <span class='ocrx_word' id='word_1_471' title='bbox 882 2979 1186 3036; x_wconf 88' lang='lat' dir='ltr'>ostenderint,</span> <span class='ocrx_word' id='word_1_472' title='bbox 1206 2979 1280 3023; x_wconf 92' lang='lat' dir='ltr'>vel</span> <span class='ocrx_word' id='word_1_473' title='bbox 1302 2979 1544 3024; x_wconf 89' lang='lat' dir='ltr'>ostendere</span> <span class='ocrx_word' id='word_1_474' title='bbox 1571 2992 1663 3024; x_wconf 89' lang='lat' dir='ltr'>non</span> <span class='ocrx_word' id='word_1_475' title='bbox 1688 2981 1945 3037; x_wconf 80' lang='lat' dir='ltr'>potuerint3</span> 
     </span>
    </p>
   </div>
   <div class='ocr_carea' id='block_1_4' title="bbox 84 3083 1945 3276">
    <p class='ocr_par' dir='ltr' id='par_1_9' title="bbox 84 3083 1945 3276">
     <span class='ocr_line' id='line_1_49' title="bbox 129 3083 1943 3131; baseline 0.006 -13"><span class='ocrx_word' id='word_1_476' title='bbox 129 3085 172 3125; x_wconf 81' lang='grc'>(1)</span> <span class='ocrx_word' id='word_1_477' title='bbox 191 3083 351 3124; x_wconf 78' lang='lat' dir='ltr'>Alioquin</span> <span class='ocrx_word' id='word_1_478' title='bbox 367 3083 409 3119; x_wconf 83' lang='lat' dir='ltr'>fit</span> <span class='ocrx_word' id='word_1_479' title='bbox 420 3083 586 3126; x_wconf 81' lang='lat' dir='ltr'>sophisma</span> <span class='ocrx_word' id='word_1_480' title='bbox 599 3084 690 3126; x_wconf 77' lang='lat' dir='ltr'>quod</span> <span class='ocrx_word' id='word_1_481' title='bbox 702 3085 803 3126; x_wconf 72' lang='lat' dir='ltr'>logici</span> <span class='ocrx_word' id='word_1_482' title='bbox 827 3091 971 3123; x_wconf 70' lang='lat' dir='ltr'>vocantz</span> <span class='ocrx_word' id='word_1_483' title='bbox 1097 3090 1143 3131; x_wconf 65' lang='lat'>(4)</span> <span class='ocrx_word' id='word_1_484' title='bbox 1156 3089 1252 3124; x_wconf 72' lang='lat' dir='ltr'>Circe</span> <span class='ocrx_word' id='word_1_485' title='bbox 1276 3089 1345 3124; x_wconf 82' lang='lat' dir='ltr'>haec</span> <span class='ocrx_word' id='word_1_486' title='bbox 1359 3093 1556 3130; x_wconf 73' lang='lat' dir='ltr'>argumenta</span> <span class='ocrx_word' id='word_1_487' title='bbox 1576 3089 1627 3124; x_wconf 82' lang='lat' dir='ltr'>Cf.</span> <span class='ocrx_word' id='word_1_488' title='bbox 1648 3090 1695 3124; x_wconf 87' lang='lat' dir='ltr'>De</span> <span class='ocrx_word' id='word_1_489' title='bbox 1714 3090 1748 3125; x_wconf 83' lang='lat' dir='ltr'>la</span> <span class='ocrx_word' id='word_1_490' title='bbox 1765 3092 1913 3128; x_wconf 79' lang='lat' dir='ltr'>Luzerne</span> <span class='ocrx_word' id='word_1_491' title='bbox 1935 3119 1943 3127; x_wconf 95' lang='lat'>.</span> 
     </span>
     <span class='ocr_line' id='line_1_50' title="bbox 84 3132 1943 3182; baseline 0.005 -16"><span class='ocrx_word' id='word_1_492' title='bbox 84 3132 267 3167; x_wconf 69' lang='lat' dir='ltr'>tramitae</span> <span class='ocrx_word' id='word_1_493' title='bbox 281 3132 305 3166; x_wconf 78' lang='grc' dir='ltr'>ὰ</span> <span class='ocrx_word' id='word_1_494' title='bbox 318 3142 449 3174; x_wconf 68' lang='lat' dir='ltr'>qenere</span> <span class='ocrx_word' id='word_1_495' title='bbox 464 3132 514 3166; x_wconf 75' lang='lat' dir='ltr'>aa</span> <span class='ocrx_word' id='word_1_496' title='bbox 528 3143 654 3176; x_wconf 68' lang='lat' dir='ltr'>qenais.</span> <span class='ocrx_word' id='word_1_497' title='bbox 1058 3138 1308 3172; x_wconf 68' lang='lat' dir='ltr'>Dissertation</span> <span class='ocrx_word' id='word_1_498' title='bbox 1330 3147 1398 3171; x_wconf 77' lang='lat' dir='ltr'>sur</span> <span class='ocrx_word' id='word_1_499' title='bbox 1430 3137 1469 3170; x_wconf 82' lang='lat' dir='ltr'>la</span> <span class='ocrx_word' id='word_1_500' title='bbox 1494 3136 1608 3172; x_wconf 65' lang='lat' dir='ltr'>virile</span> <span class='ocrx_word' id='word_1_501' title='bbox 1630 3137 1675 3171; x_wconf 75' lang='lat' dir='ltr'>de</span> <span class='ocrx_word' id='word_1_502' title='bbox 1702 3137 1740 3171; x_wconf 85' lang='lat' dir='ltr'>la</span> <span class='ocrx_word' id='word_1_503' title='bbox 1772 3139 1943 3182; x_wconf 64' lang='lat' dir='ltr'>reliqum,</span> 
     </span>
     <span class='ocr_line' id='line_1_51' title="bbox 128 3178 1945 3229; baseline 0.006 -17"><span class='ocrx_word' id='word_1_504' title='bbox 128 3179 171 3221; x_wconf 87' lang='lat'>(2)</span> <span class='ocrx_word' id='word_1_505' title='bbox 189 3178 268 3213; x_wconf 82' lang='lat' dir='ltr'>Haec</span> <span class='ocrx_word' id='word_1_506' title='bbox 282 3179 377 3220; x_wconf 73' lang='lat' dir='ltr'>signa</span> <span class='ocrx_word' id='word_1_507' title='bbox 387 3178 576 3214; x_wconf 78' lang='lat' dir='ltr'>nihilaliud</span> <span class='ocrx_word' id='word_1_508' title='bbox 592 3183 670 3216; x_wconf 89' lang='lat' dir='ltr'>sunt</span> <span class='ocrx_word' id='word_1_509' title='bbox 681 3180 781 3223; x_wconf 65' lang='lat' dir='ltr'>quam</span> <span class='ocrx_word' id='word_1_510' title='bbox 798 3180 884 3217; x_wconf 75' lang='lat' dir='ltr'>facta</span> <span class='ocrx_word' id='word_1_511' title='bbox 900 3195 973 3224; x_wconf 79' lang='lat' dir='ltr'>quae</span> <span class='ocrx_word' id='word_1_512' title='bbox 1057 3184 1207 3219; x_wconf 82' lang='lat' dir='ltr'>Abbadie</span> <span class='ocrx_word' id='word_1_513' title='bbox 1234 3189 1269 3219; x_wconf 83' lang='lat' dir='ltr'>et</span> <span class='ocrx_word' id='word_1_514' title='bbox 1293 3184 1430 3225; x_wconf 81' lang='lat' dir='ltr'>Bergier</span> <span class='ocrx_word' id='word_1_515' title='bbox 1455 3196 1464 3219; x_wconf 69' lang='grc' dir='ltr'>ε</span> <span class='ocrx_word' id='word_1_516' title='bbox 1492 3184 1614 3220; x_wconf 68' lang='grc' dir='ltr'>Τναίἰὸ</span> <span class='ocrx_word' id='word_1_517' title='bbox 1638 3184 1681 3218; x_wconf 71' lang='lat' dir='ltr'>de</span> <span class='ocrx_word' id='word_1_518' title='bbox 1704 3185 1743 3220; x_wconf 82' lang='lat' dir='ltr'>la</span> <span class='ocrx_word' id='word_1_519' title='bbox 1770 3186 1945 3229; x_wconf 70' lang='lat' dir='ltr'>reliqiom</span> 
     </span>
     <span class='ocr_line' id='line_1_52' title="bbox 86 3226 1944 3276; baseline 0.004 -16"><span class='ocrx_word' id='word_1_520' title='bbox 86 3226 316 3268; x_wconf 70' lang='lat' dir='ltr'>experimento</span> <span class='ocrx_word' id='word_1_521' title='bbox 331 3230 365 3261; x_wconf 87' lang='lat' dir='ltr'>et</span> <span class='ocrx_word' id='word_1_522' title='bbox 376 3227 525 3263; x_wconf 80' lang='lat' dir='ltr'>sensibus</span> <span class='ocrx_word' id='word_1_523' title='bbox 538 3230 700 3264; x_wconf 75' lang='lat' dir='ltr'>constant.</span> <span class='ocrx_word' id='word_1_524' title='bbox 1058 3231 1193 3266; x_wconf 85' lang='lat' dir='ltr'>Dition:</span> <span class='ocrx_word' id='word_1_525' title='bbox 1210 3232 1264 3266; x_wconf 82' lang='lat' dir='ltr'>La</span> <span class='ocrx_word' id='word_1_526' title='bbox 1284 3233 1444 3274; x_wconf 71' lang='lat' dir='ltr'>reliqion</span> <span class='ocrx_word' id='word_1_527' title='bbox 1456 3233 1612 3274; x_wconf 61' lang='lat' dir='ltr'>prounde</span> <span class='ocrx_word' id='word_1_528' title='bbox 1636 3243 1709 3275; x_wconf 81' lang='lat' dir='ltr'>par</span> <span class='ocrx_word' id='word_1_529' title='bbox 1724 3233 1756 3268; x_wconf 84' lang='lat' dir='ltr'>le</span> <span class='ocrx_word' id='word_1_530' title='bbox 1774 3235 1855 3268; x_wconf 77' lang='lat' dir='ltr'>seul</span> <span class='ocrx_word' id='word_1_531' title='bbox 1875 3235 1944 3276; x_wconf 73' lang='lat' dir='ltr'>fait</span> 
     </span>
    </p>
   </div>
   <div class='ocr_carea' id='block_1_5' title="bbox 84 3273 1944 3508">
    <p class='ocr_par' dir='ltr' id='par_1_10' title="bbox 85 3273 1944 3461">
     <span class='ocr_line' id='line_1_53' title="bbox 124 3273 1944 3319; baseline 0.004 -10"><span class='ocrx_word' id='word_1_532' title='bbox 124 3274 168 3316; x_wconf 77' lang='lat'>(5)</span> <span class='ocrx_word' id='word_1_533' title='bbox 179 3273 277 3316; x_wconf 82' lang='lat' dir='ltr'>Quod</span> <span class='ocrx_word' id='word_1_534' title='bbox 290 3278 402 3309; x_wconf 80' lang='lat' dir='ltr'>tamen</span> <span class='ocrx_word' id='word_1_535' title='bbox 413 3285 451 3309; x_wconf 80' lang='lat' dir='ltr'>ea</span> <span class='ocrx_word' id='word_1_536' title='bbox 463 3287 571 3317; x_wconf 81' lang='lat' dir='ltr'>neque</span> <span class='ocrx_word' id='word_1_537' title='bbox 583 3287 726 3318; x_wconf 83' lang='lat' dir='ltr'>semper.</span> <span class='ocrx_word' id='word_1_538' title='bbox 737 3287 845 3319; x_wconf 85' lang='lat' dir='ltr'>neque</span> <span class='ocrx_word' id='word_1_539' title='bbox 856 3277 891 3312; x_wconf 90' lang='lat' dir='ltr'>in</span> <span class='ocrx_word' id='word_1_540' title='bbox 903 3289 972 3313; x_wconf 91' lang='lat' dir='ltr'>om·</span> <span class='ocrx_word' id='word_1_541' title='bbox 1057 3278 1101 3314; x_wconf 81' lang='lat' dir='ltr'>de</span> <span class='ocrx_word' id='word_1_542' title='bbox 1118 3279 1156 3313; x_wconf 81' lang='lat' dir='ltr'>la</span> <span class='ocrx_word' id='word_1_543' title='bbox 1170 3283 1264 3314; x_wconf 82' lang='lat' dir='ltr'>mort</span> <span class='ocrx_word' id='word_1_544' title='bbox 1278 3280 1322 3315; x_wconf 82' lang='lat' dir='ltr'>de</span> <span class='ocrx_word' id='word_1_545' title='bbox 1337 3280 1593 3316; x_wconf 67' lang='lat' dir='ltr'>Jews-Christ.</span> <span class='ocrx_word' id='word_1_546' title='bbox 1612 3280 1772 3315; x_wconf 86' lang='lat' dir='ltr'>Sherlock</span> <span class='ocrx_word' id='word_1_547' title='bbox 1787 3293 1795 3315; x_wconf 73' lang='grc' dir='ltr'>ε</span> <span class='ocrx_word' id='word_1_548' title='bbox 1811 3282 1875 3316; x_wconf 75' lang='lat' dir='ltr'>Les</span> <span class='ocrx_word' id='word_1_549' title='bbox 1897 3284 1944 3317; x_wconf 76' lang='lat' dir='ltr'>te-</span> 
     </span>
     <span class='ocr_line' id='line_1_54' title="bbox 89 3320 1944 3367; baseline 0.004 -11"><span class='ocrx_word' id='word_1_550' title='bbox 89 3320 187 3357; x_wconf 77' lang='lat' dir='ltr'>nibus</span> <span class='ocrx_word' id='word_1_551' title='bbox 199 3322 360 3357; x_wconf 85' lang='lat' dir='ltr'>meritum</span> <span class='ocrx_word' id='word_1_552' title='bbox 369 3321 477 3363; x_wconf 74' lang='lat' dir='ltr'>tollat.</span> <span class='ocrx_word' id='word_1_553' title='bbox 486 3324 542 3359; x_wconf 86' lang='lat' dir='ltr'>sed</span> <span class='ocrx_word' id='word_1_554' title='bbox 551 3327 632 3359; x_wconf 85' lang='lat' dir='ltr'>tunc</span> <span class='ocrx_word' id='word_1_555' title='bbox 649 3329 684 3360; x_wconf 88' lang='lat' dir='ltr'>et</span> <span class='ocrx_word' id='word_1_556' title='bbox 698 3325 735 3359; x_wconf 91' lang='lat' dir='ltr'>in</span> <span class='ocrx_word' id='word_1_557' title='bbox 748 3337 787 3361; x_wconf 86' lang='lat' dir='ltr'>eo</span> <span class='ocrx_word' id='word_1_558' title='bbox 798 3326 905 3361; x_wconf 75' lang='lat' dir='ltr'>solum</span> <span class='ocrx_word' id='word_1_559' title='bbox 914 3326 972 3367; x_wconf 86' lang='lat' dir='ltr'>qui</span> <span class='ocrx_word' id='word_1_560' title='bbox 1056 3327 1173 3362; x_wconf 75' lang='lat' dir='ltr'>moins</span> <span class='ocrx_word' id='word_1_561' title='bbox 1185 3328 1227 3362; x_wconf 85' lang='lat' dir='ltr'>de</span> <span class='ocrx_word' id='word_1_562' title='bbox 1239 3328 1276 3362; x_wconf 85' lang='lat' dir='ltr'>la</span> <span class='ocrx_word' id='word_1_563' title='bbox 1287 3329 1540 3364; x_wconf 78' lang='lat' dir='ltr'>resurrection</span> <span class='ocrx_word' id='word_1_564' title='bbox 1551 3329 1592 3362; x_wconf 84' lang='lat' dir='ltr'>de</span> <span class='ocrx_word' id='word_1_565' title='bbox 1603 3328 1848 3364; x_wconf 66' lang='lat' dir='ltr'>lesus-Christ</span> <span class='ocrx_word' id='word_1_566' title='bbox 1860 3339 1944 3365; x_wconf 81' lang='lat' dir='ltr'>exa—</span> 
     </span>
     <span class='ocr_line' id='line_1_55' title="bbox 85 3369 1798 3420; baseline 0.006 -18"><span class='ocrx_word' id='word_1_567' title='bbox 85 3369 253 3404; x_wconf 65' lang='lat' dir='ltr'>rationem</span> <span class='ocrx_word' id='word_1_568' title='bbox 281 3379 355 3403; x_wconf 79' lang='lat' dir='ltr'>eam</span> <span class='ocrx_word' id='word_1_569' title='bbox 378 3370 521 3411; x_wconf 78' lang='lat' dir='ltr'>requirit</span> <span class='ocrx_word' id='word_1_570' title='bbox 539 3374 576 3406; x_wconf 88' lang='lat' dir='ltr'>ut</span> <span class='ocrx_word' id='word_1_571' title='bbox 602 3374 800 3408; x_wconf 79' lang='lat' dir='ltr'>assentiatur</span> <span class='ocrx_word' id='word_1_572' title='bbox 823 3373 972 3414; x_wconf 79' lang='lat' dir='ltr'>alioquin</span> <span class='ocrx_word' id='word_1_573' title='bbox 1056 3375 1169 3410; x_wconf 66' lang='lat' dir='ltr'>mines</span> <span class='ocrx_word' id='word_1_574' title='bbox 1188 3377 1340 3411; x_wconf 74' lang='lat' dir='ltr'>suivant</span> <span class='ocrx_word' id='word_1_575' title='bbox 1359 3376 1412 3412; x_wconf 74' lang='lat' dir='ltr'>les</span> <span class='ocrx_word' id='word_1_576' title='bbox 1427 3377 1543 3420; x_wconf 69' lang='lat' dir='ltr'>riqles</span> <span class='ocrx_word' id='word_1_577' title='bbox 1558 3377 1609 3412; x_wconf 74' lang='lat' dir='ltr'>du</span> <span class='ocrx_word' id='word_1_578' title='bbox 1627 3377 1798 3412; x_wconf 64' lang='lat' dir='ltr'>bai-reati.</span> 
     </span>
     <span class='ocr_line' id='line_1_56' title="bbox 87 3418 1312 3461; baseline 0.005 -11"><span class='ocrx_word' id='word_1_579' title='bbox 87 3426 154 3450; x_wconf 88' lang='lat' dir='ltr'>non</span> <span class='ocrx_word' id='word_1_580' title='bbox 178 3418 377 3461; x_wconf 77' lang='lat' dir='ltr'>assensuris3</span> <span class='ocrx_word' id='word_1_581' title='bbox 400 3418 510 3458; x_wconf 80' lang='lat' dir='ltr'>colligi</span> <span class='ocrx_word' id='word_1_582' title='bbox 526 3422 636 3461; x_wconf 79' lang='lat' dir='ltr'>potest</span> <span class='ocrx_word' id='word_1_583' title='bbox 656 3432 694 3455; x_wconf 82' lang='lat' dir='ltr'>ex</span> <span class='ocrx_word' id='word_1_584' title='bbox 709 3420 771 3456; x_wconf 85' lang='lat' dir='ltr'>hoc</span> <span class='ocrx_word' id='word_1_585' title='bbox 791 3420 864 3456; x_wconf 87' lang='lat' dir='ltr'>loco</span> <span class='ocrx_word' id='word_1_586' title='bbox 884 3425 917 3455; x_wconf 85' lang='lat' dir='ltr'>et</span> <span class='ocrx_word' id='word_1_587' title='bbox 934 3431 972 3455; x_wconf 86' lang='lat' dir='ltr'>ex</span> <span class='ocrx_word' id='word_1_588' title='bbox 1303 3442 1312 3448; x_wconf 82' lang='lat'><strong>·</strong></span> 
     </span>
    </p>

    <p class='ocr_par' dir='ltr' id='par_1_11' title="bbox 84 3462 478 3508">
     <span class='ocr_line' id='line_1_57' title="bbox 84 3462 478 3508; baseline 0.005 -10"><span class='ocrx_word' id='word_1_589' title='bbox 84 3462 110 3498; x_wconf 75' lang='lat'><strong>2</strong></span> <span class='ocrx_word' id='word_1_590' title='bbox 122 3464 155 3508; x_wconf 88' lang='lat'>2,</span> <span class='ocrx_word' id='word_1_591' title='bbox 164 3469 276 3507; x_wconf 70' lang='lat' dir='ltr'>quaest.</span> <span class='ocrx_word' id='word_1_592' title='bbox 296 3474 333 3507; x_wconf 49' lang='grc' dir='ltr'>ΠἸ</span> <span class='ocrx_word' id='word_1_593' title='bbox 351 3469 420 3502; x_wconf 77' lang='lat' dir='ltr'>art.</span> <span class='ocrx_word' id='word_1_594' title='bbox 436 3467 478 3501; x_wconf 81' lang='grc'>10</span> 
     </span>
    </p>
   </div>
  </div>
 </body>
</html>
