2170 3808
202 203 288 247 126
881 199 1081 250 QUAEST.
1111 199 1217 254 xiv,
1249 199 1367 243 ΛΒΤ.
1397 199 1431 243 1.

206 284 400 340 gloriam
426 282 707 339 refugiebat,
743 282 1004 325 secundum
1035 280 1150 325 illud
1171 282 1317 335 (Joan.
1347 295 1445 338 vni,
1469 281 1540 337 50)
1571 295 1583 326 ι
1616 283 1713 337 qu
1737 279 1932 338 qlorz'am
1955 293 2101 324 meam

205 359 295 388 non
316 357 481 401 quaero.
504 342 694 387 Volebat
717 346 871 387 tamen
894 342 1106 387 absolute
1119 376 1130 395 .
1151 342 1407 399 praesertim
1426 342 1686 388 secundum
1703 341 1910 387 divinam
1937 342 2101 387 volun-

205 411 364 461 tatem,
386 409 440 450 ut
459 405 780 461 publicaretur
803 405 1083 450 miraculum
1102 405 1276 450 factum
1297 409 1486 462 propter
1504 405 1701 450 aliorum
1723 403 1986 448 utilitatem.

259 468 326 512 Ad
360 469 546 510 tertium
569 466 848 523 dicendum,
873 467 999 524 quod
1029 466 1237 512 Christus
1265 466 1428 511 orabat
1445 471 1494 512 et
1511 479 1596 524 pro
1617 465 1694 510 his·
1711 477 1816 522 quae
1842 464 2011 510 virtute
2033 465 2102 510 di-

205 529 316 573 vina
334 526 491 573 fienda
508 534 658 585 erant,
688 533 736 575 et
760 541 845 585 pro
869 529 944 574 his
961 529 1101 573 etiam
1124 541 1229 586 quae
1249 529 1456 574 humana
1477 528 1720 573 voluntate
1743 533 1843 571 erat
1863 526 2099 584 facturus3

205 591 316 649 quia
338 591 487 637 virtus
508 596 555 637 et
585 591 790 649 operatio
816 591 987 636 animae
1017 591 1180 636 Christi
1204 591 1499 649 dependebat
1516 591 1545 635 a
1568 594 1676 647 De0,
1700 589 1781 647 qui
1807 593 2023 646 operatur
2055 591 2102 633 in

204 655 328 698 nobis
350 655 484 712 velle,
511 658 553 698 et
572 655 806 712 perficere,
829 658 882 698 ut
903 653 1073 699 dicitur
1096 653 1306 711 (Philipp.
1330 667 1377 708 ιι,
1401 655 1491 708 13).

907 781 1142 846 QUAEST
1146 780 1212 834 10
1256 779 1392 835 XIV.

206 899 266 936 DE
301 899 587 938 DEFECTIBUS
625 900 857 938 CORPORIS
885 899 1141 937 ASSUMPTIS
1175 900 1205 934 A
1227 899 1353 936 FILIO
1376 898 1472 949 nm,
1507 899 1557 935 m
1589 898 1816 943 QUATUOR
1841 898 2101 936 ARTICULOS

1073 962 1241 999 DIVISA.

254 1051 407 1092 Deinde
421 1051 765 1094 considerandum
781 1056 841 1093 est
855 1052 906 1093 de
921 1051 1143 1092 defectibus
1157 1062 1262 1103 quos
1280 1050 1470 1091 Christus
1484 1051 1529 1090 in
1545 1049 1731 1091 humana
1746 1054 1896 1092 natura
1912 1062 2104 1103 assumpw
2160 1058 2161 1062 ’

202 1107 262 1148 ⁴sit
277 1120 289 1148 z
306 1111 346 1148 et
362 1107 509 1159 primo,
536 1108 586 1148 de
606 1108 832 1149 defectibus
855 1107 1057 1159 corporis3
1077 1106 1271 1156 secundo,
1291 1106 1341 1148 de
1358 1105 1581 1147 defectibus
1598 1106 1763 1147 animae.
1783 1107 1897 1147 Circa
1920 1107 2102 1156 primum

207 1167 451 1215 quaeruntur
465 1166 668 1214 quatuor:
691 1169 727 1203 1⁰
742 1163 891 1204 Utrum
906 1162 1036 1203 Filius
1053 1163 1123 1203 Dei
1140 1173 1349 1202 assumere
1364 1161 1551 1202 debuerit
1577 1162 1621 1202 in
1638 1161 1826 1203 humana
1852 1166 1999 1202 natura
2014 1173 2100 1202 cor·

208 1218 317 1270 poris
329 1219 522 1259 defectus.
540 1241 586 1249 -
606 1226 643 1259 2⁰
670 1218 819 1260 Utrum
845 1219 1114 1271 assumpserit
1139 1217 1421 1257 necessitatem
1443 1217 1509 1257 his
1534 1215 1756 1258 defectibus
1782 1217 2033 1269 subJ'acendi.
2053 1239 2102 1247 -

209 1278 247 1314 3⁰
270 1274 418 1314 Utrum
433 1274 507 1313 bos
521 1273 699 1315 defectus
716 1274 975 1315 contraxerit.
994 1296 1043 1303 —
1060 1277 1099 1314 4ο
1122 1273 1270 1312 Utrum
1289 1284 1432 1312 omnes
1451 1271 1694 1324 hujusmodi
1708 1272 1886 1313 defectus
1909 1284 2099 1326 assump-

207 1329 319 1370 serit.

248 1400 595 1444 ARTICULUS
617 1403 656 1445 1.
677 1425 733 1433 --
758 1413 900 1444 uranii
920 1412 1055 1443 rimus
1074 1413 1144 1443 nsi
1167 1413 1207 1443 m
1235 1412 1400 1443 numm
1426 1411 1590 1442 aarum
1610 1410 1825 1442 assumatis
1849 1412 2052 1444 »suuntur

887 1474 1089 1506 conponis
1110 1474 1319 1505 bernerus
1342 1463 1419 1515 (1).

212 1528 260 1564 De
276 1528 330 1564 his
353 1529 456 1564 etiam
469 1530 563 1565 Sent.
578 1539 632 1573 ιη,
648 1530 792 1573 dist.t5,
808 1536 925 1573 quoest.
943 1539 970 1573 1,
984 1535 1050 1566 art.
1068 1531 1083 1564 t
1103 1557 1113 1572 ‚
1128 1536 1163 1566 et
1175 1530 1252 1566 dist.
1269 1530 1325 1572 22,
1342 1533 1455 1572 quaest.
1472 1537 1511 1569 11.
1530 1533 1595 1564 art.
1615 1529 1778 1571 imunt.
1793 1538 1807 1564 ι
1821 1541 1915 1572 corp.
1930 1533 1964 1565 et
1977 1531 2102 1567 Contra

738 1583 829 1621 gent.
847 1579 908 1615 lib.
927 1587 976 1622 iv,
995 1590 1069 1620 cap.
1085 1579 1139 1620 55,
1155 1582 1189 1612 et
1204 1579 1327 1620 Opusc.
1349 1587 1389 1620 1¹,
1405 1590 1477 1620 cap.
1490 1577 1566 1613 226.

263 1632 330 1677 Ad
351 1633 555 1690 primum
573 1634 644 1680 sic
664 1634 946 1692 proceditur.
967 1639 1013 1679 1.
1033 1633 1221 1678 Videtur
1249 1633 1375 1690 quod
1398 1633 1538 1678 Filius
1563 1632 1642 1679 Dei
1666 1645 1762 1678 non
1792 1632 2006 1678 debuerit
2026 1645 2101 1679 as·
2158 1639 2161 1642 ⁴

202 1705 395 1738 sumere
423 1695 679 1740 humanam
715 1700 932 1741 natu-ram
960 1705 1070 1741 cum
1097 1694 1305 1752 corporis
1335 1693 1607 1739 defectibus,
1636 1694 1763 1743 Sicut
1789 1693 1915 1739 enim
1947 1695 2103 1741 anima

208 1755 340 1799 unita
363 1761 434 1801 est
455 1757 762 1814 personaliter
782 1756 931 1803 Verbo
961 1756 1063 1813 Dei,
1092 1756 1156 1801 ita
1182 1760 1230 1801 et
1255 1769 1442 1813 corpus.
1467 1756 1557 1801 Sed
1582 1756 1738 1800 anima
1759 1755 1920 1801 Christi
1942 1757 2103 1804 habuit
2151 1780 2160 1790 ·

202 1817 525 1863 *omnimodam
544 1819 877 1877 perfectionem
895 1825 942 1864 et
959 1819 1191 1876 quantum
1211 1818 1270 1863 ad
1290 1818 1511 1875 gratiam,
1538 1822 1584 1863 et
1602 1818 1832 1875 quantum
1865 1818 1925 1864 ad
1956 1819 2104 1866 scien-

209 1878 337 1936 tiam,
359 1886 410 1926 ut
433 1893 576 1939 supra
598 1882 776 1927 dictum
808 1886 882 1927 est
901 1881 1087 1939 (quaest.
1122 1894 1194 1937 vii,
1220 1885 1307 1926 art.
1331 1883 1388 1937 9,
1418 1885 1465 1926 et
1483 1885 1648 1938 quaest.
1683 1894 1748 1939 ix,
1773 1884 1859 1925 art.
1892 1883 1950 1936 1).
1984 1883 2103 1940 Ergo

208 1941 348 1986 etiam
380 1955 551 2000 corpus
570 1944 670 2001 eJus
695 1943 855 1990 debuit
875 1953 979 1989 esse
1013 1942 1235 1988 omnibus
1266 1942 1419 1987 modis
1448 1942 1731 2000 perfectum,
1757 1942 1941 1988 nullum
1969 1943 2018 1990 in
2049 1957 2103 1992 se
2151 1985 2154 1988 .

208 2003 387 2050 habens
409 2005 656 2051 desectum.

264 2067 306 2110 2.
334 2069 574 2125 Praeterea,
597 2068 755 2113 anima
773 2067 938 2114 Christi
956 2068 1144 2114 videbat
1165 2066 1366 2113 Verbum
1392 2067 1471 2112 Dei
1490 2066 1547 2111 ea
1569 2066 1749 2112 visione
1769 2069 1863 2124 qua
1884 2067 2010 2114 beati
2028 2069 2101 2115 vi-

209 2125 339 2182 dent,
363 2133 416 2174 ut
442 2141 586 2186 supra
617 2129 795 2175 dictum
831 2135 904 2176 est
934 2132 1113 2188 (quaest.
1133 2143 1189 2185 ix,
1223 2132 1310 2173 art.
1346 2131 1413 2184 2);
1451 2134 1499 2172 et
1527 2127 1596 2173 sic
1619 2129 1776 2174 anima
1806 2129 1973 2175 Christi
2002 2136 2102 2176 erat

209 2187 360 2234 beata.
388 2190 474 2235 Sed
496 2204 556 2236 ex
579 2191 867 2237 beatitudine
896 2192 1065 2237 animae
1093 2189 1379 2248 glorificatur
1406 2202 1576 2248 corpus
1599 2205 1611 2236 t
1636 2190 1747 2236 dicit
1768 2190 1896 2236 enim
1918 2196 2101 2250 Augus·
2160 2243 2164 2247 ,

211 2250 338 2295 tinus
361 2251 407 2296 in
427 2252 624 2311 epistola
646 2254 706 2300 ad
726 2253 995 2298 Dioscorum
1018 2256 1135 2310 (118,
1159 2252 1222 2297 al.
1245 2254 1318 2310 56,
1341 2255 1451 2296 ante
1468 2251 1611 2305 med.)
1628 2263 1641 2295 :
1664 2269 1685 2290 α
1705 2254 1813 2297 Tam
1831 2254 2006 2310 potenti
2024 2268 2101 2301 na-

213 2316 316 2359 tura
336 2317 458 2360 Deus
482 2315 589 2360 fecit
607 2317 829 2373 animam,
846 2323 899 2362 ut
916 2329 974 2362 ex
996 2316 1102 2373 ejus
1122 2314 1396 2373 plenissima
1413 2313 1701 2360 beatitudine
1717 2315 1948 2362 redundet
1962 2317 2102 2365 etiam

212 2376 258 2421 in
283 2376 549 2422 inferiorem
586 2383 827 2434 natu-ram,
858 2389 964 2435 quae
995 2382 1066 2422 est
1095 2389 1289 2434 corpus3
1321 2388 1416 2420 non
1447 2375 1684 2422 beatitudo
1710 2389 1816 2434 quae
1836 2377 2033 2425 fruentis
2055 2385 2102 2427 et

210 2439 510 2496 intelligentis
531 2444 603 2484 est
624 2440 826 2498 propria,
846 2441 929 2486 sed
949 2440 1188 2497 plenitudo
1207 2438 1444 2494 sanitatis,
1467 2439 1516 2485 id
1532 2442 1629 2496 est,
1649 2438 2010 2498 incorruptionis
2029 2442 2102 2488 vi-

206 2512 310 2557 gor.
339 2520 359 2541 »
387 2503 563 2558 Corpus
581 2501 722 2558 igitur
739 2501 902 2547 Christi
924 2503 1012 2547 fuit
1034 2500 1384 2558 incorruptibile
1404 2505 1451 2545 et
1469 2500 1648 2558 absque
1671 2501 1795 2546 omni
1815 2502 2012 2550 defectu.

265 2566 309 2609 3.
332 2566 583 2619 Praeterea,
607 2576 746 2620 poena
763 2563 1064 2621 consequitur
1092 2563 1296 2620 culpam.
1321 2562 1408 2608 Sed
1437 2562 1486 2607 in
1516 2562 1693 2607 Christo
1720 2575 1814 2608 non
1843 2563 1930 2610 fuit
1945 2565 2102 2623 aliqua

204 2626 365 2682 culpa,
394 2626 652 2671 secundum
676 2624 792 2671 illud
813 2628 858 2681 (Ι.
884 2629 1004 2671 Petr.
1027 2640 1074 2683 u,
1098 2629 1170 2680 22)
1196 2641 1208 2671 ε
1234 2628 1322 2682 Qui
1339 2628 1578 2682 peccatum
1602 2638 1692 2669 non
1716 2628 1843 2680 fecit.
1872 2629 1990 2683 Ergo
2013 2641 2101 2675 nec

211 2689 422 2734 defectus
439 2687 722 2746 corporaleS,
741 2688 823 2745 qui
843 2692 958 2734 sunt
974 2688 1199 2745 poenaleS‚
1224 2687 1271 2732 in
1292 2699 1348 2733 eo
1369 2699 1475 2733 esse
1494 2686 1775 2733 debuerunt.

266 2754 308 2796 4.
340 2753 589 2807 Praeterea,
616 2750 775 2795 nullus
804 2751 994 2808 sapiens
1022 2750 1221 2796 assumit
1247 2749 1293 2794 id
1316 2749 1441 2807 quod
1460 2749 1653 2806 impedit
1675 2749 1830 2807 ipsum
1859 2749 1888 2794 a
1915 2754 2101 2810 proprio

209 2813 319 2859 fine.
341 2813 430 2858 Sed
460 2825 541 2869 per
562 2811 831 2868 hujusmodi
859 2812 1071 2858 defectus
1099 2811 1366 2869 corporales
1394 2810 1712 2868 multipliciter
1745 2811 1931 2857 videtur
1955 2813 2100 2871 impe-

211 2876 298 2921 diri
329 2875 435 2920 finis
467 2875 817 2920 incarnationis.
851 2875 1002 2921 Primo
1029 2873 1242 2934 quidem,
1266 2873 1378 2932 quia
1397 2878 1585 2931 propter
1615 2873 1883 2932 hujusmodi
1912 2875 2102 2922 infirmi-

213 2943 329 2983 tates
351 2937 565 2982 homines
588 2937 650 2982 ab
672 2937 776 2995 ejns
789 2938 1056 2994 cognitione
1072 2936 1462 2994 impediebantur,
1480 2936 1742 2982 secundum
1760 2936 1876 2982 illud
1894 2937 1996 2991 (isa.
2013 2952 2098 2996 uu,

211 3003 252 3053 2)
273 3015 283 3043 :
306 3000 673 3044 Desideravimus
692 3014 793 3044 eum
812 3001 1089 3057 despectum,
1110 3003 1154 3043 et
1176 3002 1467 3043 novissimum
1489 3002 1705 3056 virorum,
1727 3002 1877 3043 virum
1892 3001 2100 3046 dolorum

202 3064 254 3105 εἰ
276 3064 486 3105 scientem
517 3063 838 3116 infirmitatem
854 3077 870 3105 .·
893 3066 939 3106 et
972 3063 1105 3118 quasi
1136 3061 1427 3106 absconditus
1450 3061 1607 3105 vultus
1638 3063 1733 3117 eius
1764 3064 1808 3105 et
1832 3061 2095 3118 despectus:

211 3124 329 3167 unde
347 3137 427 3166 nec
450 3127 756 3180 reputavimus
776 3138 892 3169 eum.
919 3123 1153 3180 Secundo,
1173 3123 1283 3181 quia
1305 3129 1574 3168 sanctorum
1603 3127 1789 3180 patrum
1819 3123 2098 3169 desiderium

207 3198 303 3230 non
326 3185 510 3230 videtur
531 3185 739 3242 impleri3
771 3199 830 3231 ex
863 3199 1063 3244 quorum
1098 3199 1299 3244 persona
1322 3185 1616 3241 dicitur(1sa.
1645 3198 1712 3242 u,
1746 3187 1819 3240 9):
1843 3188 2096 3244 Consurqe,

250 3308 292 3350 (t)
304 3307 368 3342 Affl
375 3307 518 3342 rmative
532 3308 712 3348 respondet
728 3311 763 3343 S.
783 3310 908 3344 Doctor
920 3309 1112 3344 contrahas·
1196 3308 1297 3343 fuisse
1312 3307 1570 3349 incorruptibile
1584 3308 1688 3342 etiam
1699 3313 1777 3342 unte
1787 3308 2070 3342 resurrectionem
2086 3319 2096 3343 ι

209 3356 333 3391 reticos
357 3356 415 3397 qui
443 3355 523 3390 dicti
542 3360 622 3390 sunt
644 3355 880 3397 phantasiastae
898 3363 933 3392 et
950 3357 1111 3399 ephthar·
1197 3356 1231 3390 in
1246 3367 1347 3397 quem
1363 3367 1515 3390 errorem
1532 3356 1672 3398 impegit
1684 3355 1895 3392 Justinianus
1911 3355 2098 3398 imperator

205 3404 381 3444 stodocetae,
393 3415 537 3444 quorum
548 3403 823 3437 auom-Julianus
832 3404 1110 3440 Halicarnassaeus
1195 3404 1257 3439 sub
1281 3404 1384 3439 finem
1403 3404 1492 3440 vitae.

201 3451 453 3494 dogmatizabat
479 3452 570 3486 circa
593 3462 721 3486 annum
747 3452 811 3486 476
835 3463 956 3493 corpus
982 3453 1108 3488 Christi
