2170 3808
1009 211 1176 246 INDEX.

292 335 348 366 ms·
371 333 527 366 mnu
551 331 824 364 chcuonnu
850 331 933 362 vnn
954 331 1252 362 Paem’rnnzrmu
1277 332 1550 364 nmtssontm.
1573 345 1621 353 —
1648 325 1815 372 Quaestio
1839 326 1899 365 88.

150 400 277 442 nti-um
295 402 444 451 peecata
465 409 531 448 per
549 398 801 448 poenitentiam
826 397 976 437 dimissa
996 397 1148 435 redeant
1170 397 1385 453 simpliciter
1406 408 1472 447 per
1494 409 1651 448 sequens
1672 401 1876 448 peccatum.

1943 210 2039 253 xm

199 470 247 478 —
295 449 344 489 ali
371 458 418 487 uo
442 446 550 486 modo
573 456 638 496 per
662 445 957 494 ingratitudinem
979 445 1130 484 redeant
1152 445 1351 494 specialius
1378 446 1575 485 seeundum
1599 447 1760 496 quaedam
1782 448 1946 495 peccata.

199 518 248 526 —
295 507 334 537 re
361 497 444 536 eant
464 494 503 534 in
523 504 553 533 ω
581 494 655 532 uali
677 497 792 533 reatu.

198 566 247 577 —
293 544 357 584 illa
376 542 547 592 ingratitu
573 552 595 581 ο
616 552 682 591 per
706 553 812 591 quam
837 541 1002 589 redeunt,
1027 541 1075 580 sit
1097 541 1257 592 speciale
1279 544 1482 590 peccatum.

356 642 411 672 nn:
436 640 784 671 uxenmmnonn
809 640 1024 671 vrum-run
1050 640 1133 670 PER
1159 640 1473 671 rmum-eurum.
1501 652 1548 659 -—
1575 621 1742 679 Quaestio
1763 633 1826 673 89.

150 708 274 752 Utrum
293 718 360 758 per
381 706 633 758 poenitentiam
655 707 891 745 restituantur
915 706 1083 745 virtutes.

196 777 244 787 —
293 756 526 796 restituantur
551 755 589 793 in
611 755 740 804 aequali
765 754 979 804 quantitate.

293 803 500 843 restituatur
521 804 715 853 poenitenti
740 803 888 852 aequalis
913 802 1084 851 dignitas.

292 862 403 902 opera
423 852 595 890 virtutum
621 862 686 900 per
710 856 898 900 peccatum
921 861 1076 899 sequens
1095 850 1369 889 mortificentur.

293 910 403 950 opera
425 900 637 939 mortificata
660 910 723 948 per
742 902 944 948 peecatum,
971 909 1033 947 per
1054 898 1307 947 poenitentiam
1335 897 1567 938 reviviscant.

291 958 401 998 opera
423 951 576 994 mortua,
601 948 638 986 id
661 951 730 994 est,
758 948 836 986 sine
857 947 1032 986 charitate
1059 947 1167 993 facta,
1195 957 1260 996 per
1284 947 1534 995 poenitentiam
1559 946 1800 988 vivificentur.

468 1041 523 1069 nn
547 1039 748 1070 emmens
770 1039 1043 1070 mmmmm
1067 1039 1113 1069 m
1137 1037 1361 1069 GENERALI.
1388 1050 1435 1058 —
1459 1030 1625 1077 Quaestio
1651 1032 1713 1070 90.

147 1106 274 1147 Utrum
293 1106 507 1155 poenitentia
528 1107 662 1145 haheat
687 1110 822 1155 partes.

148 1156 198 1194 De
222 1165 370 1193 numero
396 1154 550 1203 partium
578 1154 670 1204 ejus.

148 1202 280 1249 Quales
300 1204 423 1252 partes
444 1202 529 1240 sint.

148 1250 200 1291 De
219 1250 396 1290 divisione
419 1250 499 1300 ejus
519 1250 558 1288 in
582 1251 703 1300 partes
721 1249 958 1299 subJectivas.

1017 2050 1151 2088 mms-
