2170 3808
644 215 843 267 QUAEST.
873 216 975 269 XLI,
1006 216 1123 257 ART.
1155 215 1208 257 ΙΙΙ
1236 214 1300 256 ET
1326 214 1394 257 lv.
1882 213 1961 254 345

87 317 109 340 «
125 301 180 344 Ut
196 300 346 344 discas
369 303 509 354 quam
531 308 755 352 magnum
773 295 949 340 bonum
985 301 1054 341 est
1076 294 1320 353 Jejunium,
1358 298 1406 338 et
1424 297 1560 351 quale
1582 298 1769 339 scutum
1787 295 1859 335 est
1879 291 1961 335 ad-

82 363 249 407 versus
271 360 520 414 diabolum,
552 362 598 402 et
619 357 840 415 quoniam
859 364 964 415 post
995 358 1278 414 baptismum
1313 368 1408 400 non
1451 355 1667 410 lasciviae,
1689 355 1771 399 sed
1785 353 1959 410 jejunio

83 422 324 468 intendere
343 423 542 478 oportet,
565 419 670 464 ideo
692 419 898 463 Christus
916 418 1161 476 Jejunavit,
1194 429 1287 461 non
1303 416 1484 474 jejunio
1508 418 1740 473 indigens,
1773 415 1856 460 sed
1877 426 1958 459 nos

86 484 338 530 instruens.
363 503 383 523 »ι
415 482 579 538 Tertio,
596 482 704 539 quia
723 486 829 538 post
841 481 1075 539 J'ejunium
1098 484 1259 525 secuta
1285 484 1358 524 est
1374 479 1568 539 esuries,
1590 491 1695 536 quae
1719 477 1846 523 dedit
1865 476 1958 521 dia-

85 545 192 592 bolo
225 545 464 591 audaciam
487 555 596 589 eum
625 543 942 600 aggrediendi,
980 542 1100 587 sicut
1132 541 1305 586 dictum
1340 545 1413 585 est
1442 544 1541 592 (art.
1579 544 1598 584 1
1629 541 1769 597 huJus
1796 543 1958 596 quaest.

84 608 146 654 ad
163 610 216 664 1)
237 623 248 653 ε
270 610 382 651 Cum
401 611 551 650 autem
579 608 739 649 esuriit
761 608 996 661 Dominus,
1015 609 1069 648 ut
1082 603 1278 648 Hilarius
1299 602 1410 646 dicit
1433 603 1595 657 (Super
1615 601 1770 645 Matth.
1791 613 1894 645 can.
1915 603 1957 656 3,

83 681 250 727 parum
273 669 300 713 a
316 669 498 726 princ.),
530 685 550 706 α
568 680 662 711 11011
681 666 770 712 fuit
787 679 844 712 ex
862 666 1154 723 surreptione
1184 664 1377 718 inediae3
1401 663 1487 708 sed
1508 668 1686 707 naturae
1706 675 1804 707 suae
1818 662 1958 707 homi·

86 743 194 776 nem
219 730 486 788 dereliquit,
513 742 607 774 non
630 729 757 774 enim
775 734 874 775 erat
897 729 925 773 a
946 732 1038 773 Deo
1059 727 1288 783 diabolus,
1319 726 1403 771 sed
1430 725 1457 769 a
1478 736 1618 770 carne
1644 724 1916 769 vincendus.
1933 743 1955 765 n

87 794 215 838 Unde
254 793 408 849 etiam,
433 797 484 836 ut
521 792 875 849 Chrysostomus
900 790 1011 836 dicit
1044 793 1110 844 (ut
1137 791 1278 846 sup.),
1322 807 1342 827 α
1363 799 1459 832 non
1489 787 1613 831 ultra
1651 786 1877 843 processit
1909 786 1959 830 in

80 854 337 913 ,ieiunando
373 854 512 911 quam
545 856 724 912 Moyses
758 858 805 898 et
838 853 959 898 Elias
974 886 988 912 ,
1020 864 1080 897 ne
1112 849 1393 898 incredibilis
1425 849 1659 895 videretur
1692 848 1846 894 carnis
1881 859 1957 892 as-

85 917 303 972 sumpti0.
326 933 348 955 a

139 978 207 1022 Ad
221 981 416 1034 primum
434 988 544 1033 ergo
560 975 823 1032 dicendum,
840 975 964 1033 quod
977 975 1203 1020 Christum
1222 985 1315 1017 non
1332 971 1485 1017 decuit
1498 970 1790 1016 conversatio
1803 973 1959 1015 auste-

86 1039 220 1084 rioris
237 1041 358 1096 vitae,
373 1044 426 1083 ut
447 1051 500 1085 se
521 1050 816 1083 communem
839 1038 1076 1082 exhiberet
1098 1037 1189 1081 illis
1205 1035 1377 1092 quibus
1398 1033 1678 1091 praedicavit.
1698 1033 1860 1078 Nullus
1877 1045 1959 1077 au-

88 1101 180 1146 tem
199 1101 335 1146 debet
353 1112 591 1146 assumere
608 1100 946 1157 praedicationis
964 1098 1185 1152 officium,
1202 1097 1292 1142 nisi
1312 1096 1440 1154 prins
1457 1095 1595 1140 fuerit
1611 1101 1835 1152 purgatus
1849 1100 1895 1139 et
1910 1094 1958 1139 in

85 1162 256 1208 virtute
270 1164 525 1220 perfectus;
547 1161 668 1206 sicut
687 1167 732 1206 et
750 1162 808 1206 de
822 1160 998 1205 Christo
1017 1161 1183 1205 dicitur
1200 1159 1534 1213 (Actuum1,1),
1549 1156 1672 1214 quod
1689 1161 1821 1214 coepit
1832 1161 1960 1201 Iesus

83 1225 237 1278 [acere
252 1229 295 1269 et
317 1227 492 1270 docere.
507 1226 560 1268 Et
581 1223 684 1268 ideo
700 1221 905 1267 Christus
928 1222 1084 1266 statim
1106 1225 1210 1279 post
1222 1220 1507 1276 baptismum
1527 1221 1842 1264 austeritatem
1852 1219 1960 1264 vitae

84 1286 360 1343 assumpsit,
382 1290 436 1331 ut
459 1285 644 1331 doceret
664 1289 770 1342 post
792 1296 980 1329 carnem
1007 1284 1255 1329 edomitam
1279 1286 1492 1339 oportere
1519 1281 1634 1325 alios
1653 1282 1713 1326 ad
1741 1282 1960 1337 praedica-

86 1346 223 1391 tionis
243 1348 447 1392 officium
469 1347 691 1403 transire,
711 1346 970 1391 secundum
994 1346 1106 1390 illud
1126 1344 1330 1402 Apostoli
1353 1346 1401 1398 (Ι.
1425 1343 1623 1388 Corinth.
1650 1356 1710 1400 ix,
1731 1346 1802 1398 27)
1817 1357 1828 1387 z
1844 1346 1960 1388 Cas-

86 1409 179 1464 tiyo
201 1422 361 1465 corpus
386 1421 548 1464 meum,
569 1411 612 1452 et
629 1411 679 1451 in
692 1411 952 1451 servitutem
973 1409 1146 1464 rediqo,
1167 1420 1223 1451 ne
1242 1406 1363 1460 sorte
1381 1406 1483 1449 ciem
1504 1406 1611 1448 aliis
1632 1407 1957 1462 praedicavero,

85 1470 180 1526 ipse
200 1471 414 1527 reprobus
434 1472 618 1525 efficiar.

139 1531 206 1576 Ad
235 1532 473 1575 secundum
498 1530 771 1589 dicendum,
796 1531 921 1588 quod
950 1530 1145 1575 verbum
1175 1529 1290 1574 illud
1319 1528 1451 1573 Marci
1480 1532 1632 1585 potest
1661 1530 1729 1574 sic
1749 1529 1959 1587 intelligi,

86 1592 211 1650 quod
232 1597 332 1636 erat
362 1596 410 1636 in
432 1594 607 1637 deserto
631 1593 939 1649 quadraqinta
969 1593 1121 1635 diebus
1142 1595 1186 1635 et
1217 1591 1525 1647 quodrayz‘nta
1551 1592 1766 1647 noctibus,
1791 1592 1960 1647 quibus

87 1654 262 1699 scilicet
277 1653 519 1711 Jejunavit.
537 1655 667 1708 Quod
685 1659 839 1700 autem
864 1654 1031 1699 dicitur
1043 1667 1055 1698 ι
1068 1657 1130 1697 Et
1154 1654 1418 1697 tentabatur
1438 1654 1468 1696 ὰ
1485 1655 1677 1707 Satanan,
1697 1653 1960 1710 intelligen-

87 1715 198 1760 dum
221 1720 293 1760 est
324 1728 418 1761 non
444 1715 492 1762 in
521 1716 611 1761 illis
634 1716 940 1773 quadraginta
968 1716 1132 1761 diebus
1153 1719 1199 1760 et
1223 1714 1530 1772 quadraginta
1550 1714 1765 1759 noctibus
1790 1716 1961 1772 quibus

85 1775 332 1834 ieiunavit,
358 1776 440 1821 sed
465 1785 570 1833 post
592 1776 695 1821 illos
715 1779 797 1833 (1);
821 1777 876 1822 eo
894 1777 1018 1834 quod
1047 1777 1283 1821 Matthaeus
1306 1776 1415 1822 dicit
1439 1776 1563 1832 quod
1588 1776 1689 1819 cum
1706 1778 1961 1832 Jejunasset

88 1839 400 1895 quadraqz‘nta
415 1839 567 1882 diebus
584 1843 627 1882 et
643 1841 952 1895 quadraqinta
973 1839 1187 1894 noctibus,
1209 1842 1363 1894 postea
1384 1840 1542 1882 esuriit
1549 1852 1567 1894 ,·
1582 1849 1641 1882 ex
1654 1850 1747 1894 quo
1765 1839 1961 1895 sumpsit

54 1900 66 1905 ”
88 1904 287 1944 tentator
307 1901 596 1945 occasionem
624 1901 873 1945 accedendi
895 1901 953 1946 ad
980 1902 1148 1956 ipsum.
1175 1900 1303 1944 Unde
1326 1904 1372 1944 et
1391 1899 1516 1956 quod
1539 1900 1777 1945 subditur:
1794 1905 1856 1944 Et
1875 1915 1960 1944 an-
2046 1933 2050 1938 .

87 1961 180 2018 qeli
192 1963 514 2005 ministrabant
530 1964 587 2017 ei,
604 1961 899 2007 consecutive
913 1961 1263 2018 intelligendum
1281 1974 1383 2006 esse
1397 1962 1655 2006 ostenditur
1665 1974 1723 2006 ex
1737 1963 1823 2006 hoc
1836 1962 1960 2020 quod

90 2022 296 2078 (Matthaei
324 2036 382 2080 iv,
403 2025 444 2077 2)
469 2022 663 2067 dicitur:
685 2027 805 2066 Tunc
828 2024 1012 2079 reliquit
1035 2037 1134 2066 eum
1164 2023 1382 2077 diabolus,
1408 2022 1582 2066 scilicet
1608 2027 1714 2079 post
1748 2024 1960 2069 tentatio-

88 2095 222 2140 nem,
246 2087 290 2127 et
313 2097 410 2128 ecce
438 2084 588 2140 anqeci
614 2089 910 2140 accesserunt,
934 2089 978 2129 et
1007 2086 1327 2128 ministrabant
1348 2087 1403 2128 ei.
1430 2085 1559 2137 Quod
1580 2085 1688 2129 vero
1714 2085 1960 2142 interponit

87 2146 262 2189 llarcus
287 2147 404 2201 (cap.
424 2158 463 2200 1,
483 2147 552 2199 13)
571 2149 802 2201 :Eratque
825 2159 925 2189 cum
950 2147 1114 2202 bestiis,
1141 2146 1390 2200 inducitur,
1410 2146 1667 2190 secundum
1691 2148 1960 2204 Chrysosto-

89 2217 218 2251 mum
239 2207 375 2260 (hom.
397 2219 470 2250 xm
498 2205 545 2250 in
567 2208 720 2251 Matth.
745 2207 884 2263 paulo
913 2207 939 2250 a
961 2208 1142 2264 princ),
1163 2208 1222 2253 ad
1241 2207 1581 2254 ostendendum
1602 2208 1737 2263 quale
1761 2214 1859 2253 erat
1879 2210 1959 2254 de-

90 2274 281 2324 sertum,
302 2268 410 2323 quia
429 2268 602 2313 scilicet
623 2273 722 2313 erat
743 2269 918 2314 invium
940 2270 1222 2326 hominibus,
1247 2275 1293 2315 et
1315 2270 1474 2314 bestiis
1496 2270 1701 2326 plenum.
1722 2295 1778 2302 —
1793 2273 1959 2317 Tamen

91 2329 347 2374 secundum
370 2330 703 2386 expositionem
724 2331 858 2376 Bedae
878 2333 994 2388 (cap.
1018 2335 1044 2376 5
1066 2333 1112 2375 in
1135 2335 1302 2387 Marc),
1321 2332 1542 2376 Dominus
1563 2331 1826 2377 tentabatur
1844 2346 1959 2391 qua-

91 2390 302 2446 draginta
323 2391 487 2436 diebus
505 2397 551 2436 et
579 2393 885 2449 quadraginta
913 2394 1144 2438 noctibus.
1167 2394 1254 2439 Sed
1279 2395 1366 2438 hoc
1396 2393 1748 2448 intelligendum
1775 2399 1846 2440 est
1867 2408 1959 2441 non

91 2451 148 2497 de
181 2452 271 2496 illis
295 2453 623 2498 tentationibus
651 2454 934 2511 visibilibus,
965 2467 1082 2511 quas
1108 2462 1295 2500 narrant
1320 2456 1553 2500 Matthaeus
1584 2460 1628 2498 et
1662 2457 1826 2511 Lucas,
1858 2469 1961 2513 quae

90 2513 332 2558 manifeste
354 2514 485 2559 factae
505 2520 614 2559 sunt
634 2519 739 2573 post
759 2516 1014 2573 jeJunium3
1036 2517 1119 2562 sed
1143 2518 1201 2562 de
1223 2517 1502 2574 quibusdam
1528 2516 1628 2560 aliis
1650 2517 1961 2575 impugnatio-

93 2575 247 2631 nibus,
267 2588 384 2632 quas
400 2575 515 2620 sorte
535 2576 612 2620 illo
626 2576 687 2633 jej
695 2578 792 2622 unii
812 2581 1016 2635 tempore
1036 2579 1242 2623 Christus
1259 2584 1330 2623 est
1349 2579 1376 2622 a
1395 2577 1576 2623 diabolo
1595 2589 1776 2633 passus.

146 2637 212 2682 Ad
233 2639 412 2680 tertium
430 2637 692 2694 dicendum,
707 2639 849 2697 qued,
866 2640 986 2684 sicut
1004 2640 1270 2685 Ambrosius
1285 2640 1394 2685 dicit
1412 2642 1573 2695 (Super
1590 2642 1777 2694 Lucam,
1795 2653 1895 2697 cap.
1914 2645 1958 2699 4,

94 2710 197 2754 sup.
217 2698 356 2743 illudt
376 2703 435 2742 Et
457 2705 764 2745 consummata
785 2705 922 2757 omni,
948 2706 1072 2757 etc.),
1096 2721 1116 2740 ιι
1136 2702 1327 2746 recessit
1348 2701 1558 2745 diabolus
1577 2700 1604 2743 a
1620 2701 1794 2745 Christo
1813 2715 1961 2759 usque

94 2759 154 2804 ad
175 2762 374 2816 tempus,
392 2759 500 2815 quia
524 2766 683 2816 postea
706 2774 798 2806 non
822 2767 1098 2820 tentaturus,
1119 2764 1202 2808 sed
1225 2763 1382 2819 aperte
1404 2768 1695 2819 pugnaturus
1713 2762 1915 2819 advenit,
1937 2783 1957 2803 υ

95 2824 298 2876 tempore
321 2821 494 2866 scilicet
520 2823 776 2879 passionis:
797 2830 842 2869 et
864 2830 1017 2869 tamen
1046 2837 1129 2881 per
1151 2826 1275 2869 illam
1302 2824 1699 2881 impugnationem
1720 2824 1962 2871 videbatur

93 2882 321 2926 Christum
338 2886 512 2927 tentare
531 2883 588 2928 de
605 2884 787 2930 tristitia
801 2890 847 2930 et
859 2887 965 2931 odio
985 2886 1316 2942 proximorum,
1332 2885 1452 2930 sicut
1473 2885 1522 2929 in
1540 2885 1723 2930 deserto
1738 2887 1794 2931 de
1811 2887 1960 2932 delec-

93 2943 264 2987 tatione
285 2943 420 2998 gulae,
442 2948 486 2987 et
504 2949 770 3002 contemptu
788 2947 864 2992 Dei
887 2961 970 3004 per
989 2949 1308 2993 idololatriam.

148 3006 486 3049 ARTICULUS
506 3008 588 3049 IV.
602 3029 656 3039 —
677 3021 811 3052 urhun
835 3023 982 3053 runnrr
1005 3024 1259 3054 conveniens
1278 3023 1385 3054 enno
1409 3023 1462 3052 m·
1483 3022 1619 3053 nonus
1639 3022 1906 3056 TENTA‘rroMs

940 3084 1115 3116 cumsu.

618 3138 666 3174 De
687 3137 739 3172 his
761 3139 861 3174 etiam
878 3141 999 3180 opusc.
1019 3150 1074 3182 Lx,
1095 3153 1166 3182 cap.
1182 3142 1218 3175 Η
1239 3140 1329 3174 circa
1342 3139 1433 3176 med.

147 3191 213 3235 Ad
230 3195 444 3247 quartum
463 3193 530 3237 sic
545 3192 819 3249 proceditur.
839 3197 880 3237 1.
895 3194 1079 3239 Videtur
1097 3195 1218 3250 quod
1243 3207 1331 3239 non
1349 3194 1488 3239 fuerit
1507 3196 1788 3240 conveniens
1809 3200 1958 3240 tenta-

95 3252 230 3297 tionis
250 3253 415 3298 modus
436 3258 482 3298 et
502 3254 631 3299 ordo.
651 3254 855 3299 Tentatio
876 3256 999 3299 enim
1021 3256 1189 3300 diaboli
1212 3257 1269 3301 ad
1291 3257 1576 3314 peccandum
1599 3258 1789 3302 inducit.
1813 3258 1898 3303 Sed
1920 3257 1956 3301 si

132 3348 174 3389 (4)
192 3349 362 3391 Quantum
378 3348 420 3383 ad
437 3348 530 3384 illam
545 3349 662 3384 saltem
678 3349 849 3391 triplicem
866 3350 983 3384 notio·
1066 3363 1174 3392 genes,
1201 3351 1288 3386 Beda
1318 3356 1352 3386 et
1370 3352 1429 3387 alii
1456 3353 1570 3388 Patres
1594 3353 1697 3388 tactas
1724 3353 1824 3387 fuisse
1854 3353 1956 3393 suspi-

93 3406 165 3430 rem
180 3396 400 3430 tentationem
421 3409 520 3438 quam
544 3403 611 3432 tres
628 3399 756 3438 pariter
774 3398 982 3439 evangelistae
1066 3405 1197 3434 cantur.

93 3449 372 3487 commemor-ann
399 3445 563 3487 quidquid
585 3445 630 3481 sit
654 3446 694 3480 de
723 3446 797 3480 aliis
813 3458 894 3486 quas
908 3447 982 3480 Ori-
