2170 3808
147 215 229 259 496
761 213 766 219 '
814 211 1014 264 QUAEST.
1043 211 1147 267 LIX,
1171 212 1291 255 ART.
1318 212 1386 257 IV.

202 297 245 340 2.
276 295 517 350 Praeterea,
536 291 697 337 nullus
711 290 852 337 habet
867 291 1097 349 judicium
1114 290 1204 336 nisi
1229 304 1370 349 super
1389 304 1445 338 ea
1463 304 1568 351 quae
1583 295 1700 339 sunt
1716 291 1803 338 sibi
1822 292 2048 352 subjecta.

148 355 234 402 Sed
272 356 450 401 Christo
487 354 697 399 nondum
720 354 935 399 videmus
965 354 1124 399 omnia
1151 366 1255 399 esse
1281 353 1506 412 subjecta,
1526 361 1580 401 ut
1605 355 1776 402 dicitur
1797 355 1948 411 (Hebr.
1983 358 2048 412 n).

145 421 265 474 Ergo
297 419 483 464 videtur
514 417 641 475 quod
660 417 865 462 Christus
891 430 985 462 non
1020 416 1190 462 habeat
1214 429 1356 475 super
1383 429 1547 464 omnes
1570 431 1647 465 res
1675 416 1909 464 humanas
1926 418 2052 476 judi-

146 493 288 528 cium.
1548 522 1554 527 .

202 545 245 588 3.
276 543 518 598 Praeterea,
543 542 834 598 Augustinus
853 541 964 587 dicit
990 544 1069 593 (De
1098 539 1223 588 civit.
1245 539 1338 598 Dei,
1363 539 1446 587 lib.
1468 555 1539 600 xx,
1560 555 1665 601 cap.
1691 544 1734 600 2,
1754 541 1866 587 circ.
1888 541 2048 600 med),

147 603 274 661 quod
294 620 315 642 «
336 602 395 648 ad
411 602 643 659 judicium
667 603 877 649 divinum
911 605 1111 661 pertinet
1135 603 1223 647 hoc
1248 602 1374 660 quod
1392 602 1623 650 interdum
1645 603 1754 649 boni
1780 603 2051 660 affliguntur

147 664 195 710 in
215 666 303 710 hoc
328 665 522 722 mundo,
548 670 594 711 et
625 666 860 711 interdum
884 671 1235 722 prosperantur,
1254 668 1301 709 et
1322 663 1534 710 similiter
1557 665 1686 711 mali.
1705 683 1727 705 n
1753 663 1842 710 Sed
1853 663 1943 710 hoc
1963 664 2052 711 fuit

147 726 288 772 etiam
305 731 414 771 ante
431 727 597 772 Christi
613 726 1001 772 incarnationem.
1022 728 1140 782 Ergo
1164 738 1258 770 non
1275 726 1432 770 omnia
1444 725 1619 784 judicia
1635 726 1715 772 Dei
1737 726 1861 772 circa
1877 738 1954 772 res
1968 727 2048 772 hu-

147 800 316 834 manas
336 788 571 847 pertinent
592 789 651 834 ad
667 788 963 845 judiciariam
983 792 1261 845 potestatem
1282 787 1463 833 Christi.

204 850 291 896 Sed
322 854 483 895 contra
515 855 585 895 est
614 851 740 908 quod
769 850 938 896 dicitur
969 851 1116 906 (Joan.
1150 864 1193 907 v,
1224 852 1296 905 22)
1323 864 1334 895 2
1359 853 1497 894 Pater
1523 859 1650 895 omne
1660 851 1888 908 judicium
1918 849 2050 896 dedit

57 959 62 965 Ν
146 912 285 957 Filio.

194 980 486 1022 CONCLUSIO.
513 983 563 1009 —-'
588 979 694 1020 cum
714 979 902 1021 Christus
924 979 995 1020 Dei
1025 978 1206 1020 Verbum
1224 982 1294 1029 sit,
1313 991 1395 1031 quo
1410 980 1528 1020 Pater
1547 981 1689 1020 omnia
1709 979 1820 1030 facit,
1846 982 1886 1021 et
1909 979 2052 1022 anima

147 1034 280 1087 ipsius
301 1036 355 1075 sit
376 1034 596 1075 divinitate
620 1035 753 1087 plena,
779 1035 1043 1087 perspicuum
1064 1038 1138 1084 est,
1162 1034 1214 1075 ad
1225 1034 1493 1087 Judiciariam
1511 1034 1662 1076 Christi
1681 1037 1942 1087 potestatem,
1962 1037 2052 1075 tam

147 1089 375 1130 secundum
397 1088 643 1140 humanam,
660 1091 787 1143 quam
807 1090 996 1130 divinam
1022 1093 1232 1139 naturam,
1253 1100 1398 1130 omnes
1419 1100 1482 1130 res
1509 1088 1716 1130 humanas
1732 1091 1773 1130 et
1793 1089 1896 1130 alias
1922 1099 2050 1143 quas-

147 1155 326 1196 cumque
341 1145 552 1196 pertinere.

204 1207 479 1265 Respondeo
501 1207 749 1254 dIcendum
773 1207 901 1265 quod
931 1207 971 1252 si
999 1207 1058 1253 de
1087 1207 1269 1252 Christo
1288 1207 1536 1265 loquamur
1557 1207 1818 1252 secundum
1845 1207 2051 1254 divinam

148 1273 378 1326 naturam,
408 1269 709 1315 manifestum
732 1275 804 1314 est
829 1268 954 1326 quod
978 1281 1118 1315 omne
1137 1269 1368 1326 judicium
1394 1270 1539 1314 Patris
1564 1270 1764 1326 pertinet
1781 1268 1838 1314 ad
1862 1268 2048 1325 Filium3

148 1329 270 1376 sicut
291 1330 417 1376 enim
434 1333 566 1377 Pater
584 1331 694 1376 facit
713 1330 870 1376 omnia
889 1330 1038 1376 Verbo
1055 1343 1158 1387 suo,
1180 1330 1245 1375 ita
1269 1336 1316 1376 et
1340 1331 1497 1376 omnia
1514 1330 1695 1389 Judicat
1713 1331 1861 1377 Verbo
1881 1342 1985 1376 suo·
2006 1331 2048 1376 Si

147 1393 260 1437 vero
281 1394 530 1452 loquamur
554 1394 613 1440 de
634 1393 812 1438 Christo
841 1393 1102 1439 secundum
1127 1397 1343 1438 naturam
1361 1393 1634 1450 humanam,
1654 1393 1723 1438 sic
1739 1393 1878 1439 etiam
1894 1393 2049 1438 mani«

146 1453 318 1501 festum
333 1461 408 1502 est
426 1456 552 1514 quod
570 1468 735 1500 omnes
754 1467 831 1501 res
854 1456 1071 1500 humanae
1096 1454 1365 1500 subduntur
1387 1456 1490 1513 ejus
1504 1455 1696 1513 judicic.
1717 1459 1770 1501 Et
1787 1456 1876 1501 hoc
1896 1455 2052 1501 mani-

147 1517 318 1563 festum
333 1522 422 1575 est,
438 1517 588 1575 primo
608 1517 812 1573 quidem,
834 1515 871 1560 si
895 1516 1250 1561 consideremus
1271 1515 1593 1562 habitudinem
1615 1517 1782 1562 animae
1802 1517 1968 1564 Christi
1990 1517 2053 1565 ad

146 1578 347 1625 Verbum
361 1580 463 1636 Dei·,
481 1580 519 1624 si
541 1579 667 1624 enim
681 1579 940 1636 spiritualis
949 1579 1140 1635 judicat
1155 1580 1324 1635 omnia,
1341 1582 1396 1622 ut
1413 1578 1584 1624 dicitur
1599 1580 1650 1636 (Ι.
1666 1578 1872 1624 Corinth.
1892 1591 1937 1637 n,
1961 1581 2049 1638 15),

146 1641 426 1699 inquantum
446 1655 582 1687 mens
600 1641 704 1699 eJus
723 1641 871 1686 Verbo
890 1641 968 1686 Dei
988 1640 1198 1698 inhaeret,
1223 1641 1370 1685 mults)
1393 1641 1546 1698 magis
1565 1640 1723 1686 anima
1743 1640 1926 1700 Christi,
1945 1652 2053 1700 quae

146 1708 219 1748 est
234 1703 372 1761 plena
387 1704 578 1749 veritate
596 1703 731 1748 Verbi
746 1702 839 1760 Dei,
858 1702 1167 1761 superomnia
1179 1702 1849 1760 jndiciumhahet.-secundo
1859 1708 2053 1761 apparet

146 1763 272 1810 idem
296 1777 355 1811 ex
377 1765 545 1811 merito
563 1765 727 1811 mortis
744 1765 848 1823 ejus
874 1779 886 1808 ε
907 1766 1032 1823 quia,
1054 1770 1107 1811 ut
1121 1765 1291 1810 dicitur
1309 1767 1456 1820 (Rom.
1476 1779 1560 1823 xw,
1576 1768 1637 1824 9),
1666 1770 1716 1809 in
1730 1766 1817 1811 Ιιοσ
1839 1766 2053 1812 Christus

145 1831 351 1872 mortuus
386 1830 454 1872 est
490 1832 535 1872 οι
569 1831 841 1884 resurrexit,
865 1830 916 1871 ut
944 1830 1149 1872 vivorum
1173 1830 1216 1872 et
1249 1831 1530 1872 mortuorum
1558 1829 1834 1873 dominetur.
1869 1831 1923 1875 Et
1946 1828 2052 1876 ideo

147 1900 289 1946 super
307 1901 474 1935 omnes
495 1889 634 1935 habet
663 1889 915 1947 judicium3
936 1895 1125 1947 propter
1146 1889 1272 1947 quod
1301 1893 1348 1934 et
1379 1889 1628 1947 Apostolus
1648 1890 1713 1936 ibi
1736 1889 1898 1937 subdit
1923 1890 2051 1950 qudd

145 1963 298 1996 omnes
329 1952 548 1996 stabimus
582 1955 690 1996 ante
719 1952 925 1995 tribunal
948 1953 1158 2009 Christi,-
1180 1955 1228 1997 et
1252 1953 1381 2006 (Dan.
1404 1965 1477 2008 v11,
1509 1954 1580 2007 14)
1608 1950 1781 1998 dicitur
1809 1951 1935 2010 quod
1966 1954 2051 1998 de-

147 2014 220 2058 dit
252 2016 294 2057 ei
319 2017 605 2071 potestatem,
634 2018 677 2058 et
704 2014 936 2070 honorem,
957 2018 1001 2058 et
1027 2027 1241 2071 reqmcm3
1267 2018 1313 2058 et
1337 2026 1488 2058 omnes
1506 2015 1683 2071 populi,
1719 2015 1862 2059 tribus
1883 2017 1930 2059 et
1957 2014 2051 2060 lin-

145 2087 244 2132 quae
261 2078 456 2119 servient
473 2075 738 2120 ei.——Tertio
757 2080 950 2133 apparet
968 2076 1090 2121 idem
1113 2089 1170 2121 ex
1190 2075 1539 2134 comparatione
1558 2089 1715 2121 rerum
1739 2077 2051 2124 humanarum

146 2137 206 2183 ad
225 2133 369 2182 finem
393 2138 612 2182 humanae
637 2138 818 2183 salutis.
848 2138 1134 2196 Cuicumque
1152 2138 1278 2184 enim
1294 2137 1602 2183 committitur
1626 2138 1898 2197 principale,
1921 2151 2051 2186 com-

145 2198 345 2244 mittitur
364 2203 410 2244 et
437 2199 766 2245 accessorium.
787 2201 959 2245 Omnes
988 2206 1147 2246 autem
1175 2213 1252 2246 res
1285 2201 1502 2245 humauae
1529 2201 1806 2247 ordinantur
1833 2200 1883 2246 in
1905 2201 2050 2248 finem

147 2259 464 2317 beatitudiniS,
491 2273 596 2318 quae
621 2265 693 2305 est
712 2261 842 2306 salus
862 2266 1052 2318 aeterna,
1080 2261 1141 2307 ad
1166 2274 1308 2320 quam
1337 2262 1552 2307 homines
1579 2262 1906 2320 admittuntur,
1931 2263 2050 2310 vela

148 2334 243 2380 qua
264 2322 404 2368 etiam
430 2322 722 2379 repelluntur
739 2322 918 2380 judicio
949 2323 1131 2380 Christi,
1153 2329 1206 2369 ut
1229 2328 1356 2382 patet
1377 2325 1546 2378 (Matth.
1571 2326 1685 2381 xxv).
1705 2327 1758 2370 Et
1774 2325 1880 2372 ideo
1894 2326 2050 2372 mani-

148 2383 319 2429 festum
334 2388 406 2429 est
424 2383 550 2441 quod
568 2384 627 2428 ad
645 2384 939 2441 judiciariam
955 2390 1231 2442 potestatem
1250 2386 1414 2431 Christi
1436 2386 1672 2444 pertinent
1689 2398 1856 2433 omnes
1868 2400 1944 2434 res
1962 2388 2048 2434 hu-

148 2457 317 2492 manae.

203 2508 270 2554 Ad
299 2511 500 2567 primum
532 2519 646 2565 ergo
678 2507 947 2568 dicendum,
981 2508 1124 2567 quod,
1148 2508 1272 2554 sicut
1290 2509 1467 2555 dictum
1490 2515 1563 2556 est
1581 2514 1686 2564 (art.
1703 2523 1843 2570 praec.
1860 2523 1963 2570 arg.
1987 2516 2045 2571 1),

145 2568 392 2628 judiciaria
401 2573 609 2626 potestas
617 2569 922 2626 consequitur
929 2569 1105 2627 regiam
1115 2570 1406 2628 dignitatem.
1418 2571 1628 2617 Christus
1641 2577 1815 2630 autem,
1831 2576 2047 2632 quamvis

149 2636 274 2678 esset
291 2644 373 2677 rex
393 2631 675 2677 constitutus
704 2631 731 2675 a
749 2635 856 2691 De0,
881 2644 977 2677 non
997 2638 1154 2678 tamen
1177 2632 1225 2679 in
1249 2633 1384 2678 terris
1402 2634 1567 2679 vivens
1589 2639 1828 2681 terrenum
1845 2649 2046 2695 regnum

149 2694 462 2752 temporaliter
476 2694 802 2740 administrare
819 2694 992 2750 voluit,
1013 2695 1139 2740 unde
1162 2694 1261 2753 ipse
1276 2694 1388 2740 dicit
1412 2697 1558 2750 (Joan.
1583 2709 1701 2754 xvui,
1723 2699 1795 2752 36)
1815 2712 1827 2743 ε
1847 2702 2046 2757 Reqnum

148 2772 296 2804 meum
322 2773 412 2803 non
431 2763 496 2803 est
513 2761 569 2803 de
593 2759 677 2803 hoc
702 2759 885 2802 mundo.
913 2760 1129 2805 Similiter
1147 2760 1286 2805 etiam
1302 2760 1595 2818 J'udiciariam
1613 2766 1888 2819 potestatem
1912 2775 2045 2812 exer-

148 2833 254 2867 cere
281 2821 429 2867 noluit
449 2834 591 2878 super
626 2834 702 2866 res
732 2822 1028 2881 temporales,
1050 2822 1130 2881 qui
1161 2827 1351 2868 venerat
1378 2823 1592 2869 homines
1622 2824 1681 2870 ad
1704 2824 1864 2871 divina
1893 2831 2044 2874 trans«

148 2883 269 2930 ferre
288 2886 364 2940 (1).
392 2884 522 2929 Unde
546 2883 817 2928 Ambrosius
842 2883 906 2940 (in
930 2884 1058 2929 hunc
1079 2884 1167 2929 loc.
1189 2887 1338 2941 Lucae,
1363 2884 1552 2941 ibidem)
1583 2886 1694 2931 dicit
1718 2901 1730 2932 τ
1758 2905 1779 2926 «
1805 2887 1931 2934 Bene
1954 2894 2045 2936 ter-

150 2958 264 2991 rena
293 2946 512 3003 declinat,
533 2946 612 3004 qui
640 2951 828 3003 propter
857 2946 1017 2992 divina
1045 2947 1378 3005 descenderat3
1402 2960 1489 2993 nec
1514 2947 1661 3005 judex
1688 2948 1908 3007 dignatur
1938 2964 2044 3000 esse

151 3007 318 3066 litium,
341 3013 388 3054 et
416 3009 591 3054 arbiter
619 3009 910 3066 facultatum,
938 3009 1151 3055 vivorum
1179 3010 1359 3056 habens
1384 3015 1771 3071 mortuorumque
1795 3014 2040 3076 judicium,

149 3069 490 3127 arbitriumque
511 3070 799 3116 meritorum.
827 3090 848 3112 »

202 3131 270 3178 Ad
298 3135 543 3177 secundum
568 3133 835 3192 dicendum,
865 3133 987 3191 quod
1017 3133 1196 3179 Christo
1227 3140 1341 3181 sunt
1368 3136 1526 3181 omnia
1562 3135 1773 3194 subjecta
1812 3142 2042 3196 quantum

150 3194 209 3240 ad
227 3199 503 3253 potestatem
529 3208 668 3253 quam
696 3197 724 3240 a
750 3199 880 3242 Patre
900 3209 1042 3254 super
1059 3197 1216 3242 omnia
1242 3198 1430 3256 accepit,
1457 3199 1716 3244 secundum
1738 3199 1852 3246 illud
1869 3202 2038 3257 (Matth.

193 3321 238 3365 (Ι)
262 3322 308 3357 Ex
335 3321 387 3356 his
414 3320 514 3355 dictis
545 3321 681 3357 videtur
708 3323 745 3356 B.
763 3323 911 3358 Thomas
935 3334 1053 3359 conce·
1137 3324 1302 3360 sententia
1315 3323 1436 3359 habeat
1453 3325 1623 3359 Christum
1640 3336 1702 3359 nec
1721 3325 1757 3360 in
1773 3331 1843 3360 toto
1859 3327 1953 3371 orbe,
1977 3339 2038 3364 nec

153 3368 231 3406 iere
256 3369 390 3405 Christo
409 3373 607 3411 potestatem
625 3370 769 3409 regalem
787 3377 821 3405 et
837 3371 1053 3410 judiciariam
1136 3371 1174 3407 in
1188 3372 1301 3414 aliqua
1315 3378 1385 3413 ejus
1397 3379 1492 3416 parte
1507 3372 1661 3408 hahuisse
1675 3386 1817 3414 regnum
1833 3375 2038 3418 temporale,

153 3423 303 3460 respectu
330 3431 446 3454 rerum
473 3419 698 3452 humanarum
735 3423 769 3452 et
805 3418 911 3453 soliun
933 3431 1055 3462 negare
1138 3426 1178 3456 ut
1194 3422 1242 3456 ait
1255 3422 1324 3463 ipse
1337 3423 1371 3456 S.
1392 3423 1516 3456 Doctor
1530 3422 1658 3464 (quaest.
1673 3431 1769 3466 xxxl,
1786 3427 1852 3459 art.
1867 3423 1942 3458 2ad
1955 3425 1988 3467 5,
2004 3428 2038 3459 et

153 3477 268 3509 usum;
304 3468 379 3502 cuni
421 3473 534 3501 tamen
564 3466 778 3501 communior
821 3464 1051 3508 theologorum
1140 3471 1212 3505 Cat.
1230 3481 1331 3505 aurea
1348 3481 1422 3512 sup.
1440 3481 1510 3512 cap.
1526 3479 1613 3506 xvln
1629 3471 1752 3514 ioan).
