2170 3808
218 238 342 277 xxiv
985 219 987 221 ’
1077 231 1245 268 moEx.

559 361 614 392 nE
640 358 913 391 sun-rmTATE
935 357 1164 388 conpontm
1189 355 1431 387 nnn-onon.
1455 367 1504 375 -
1525 346 1694 395 Quaestio
1719 347 1782 387 83.

216 435 347 478 Utrum
365 435 548 477 subtilitas
574 435 622 474 sit
647 433 852 484 proprietas
875 430 1039 481 corporis
1061 430 1246 486 gloriosi..
1362 477 1370 485 ο
1597 479 1606 487 ⁸

268 500 318 516 —
367 485 508 525 ratione
534 484 644 540 hujus
666 480 878 522 subtilitatis
899 482 1083 530 competat
1104 488 1249 528 corpori
1279 478 1439 527 glorioso
1479 487 1561 517 esse
1595 488 1636 517 m
1667 478 1796 517 eodem
1830 479 1913 518 loco
1947 486 2030 518 cum
2048 478 2126 523 alio

412 543 487 572 non
532 533 681 571 lorioso.

268 602 317 611 -
366 592 432 631 per
452 544 664 620 mirgaculum
686 579 764 618 fieri
783 580 902 630 possit
928 579 1026 628 quod
1048 578 1118 617 duo
1143 587 1296 627 corpora
1319 576 1392 616 sint
1411 576 1453 631 in
1474 576 1602 632 eodem
1625 578 1720 616 loco.

265 651 316 661 --
364 640 478 668 unum
500 640 562 669 cor
590 640 632 668 us
656 627 854 677 gloriosum
875 627 994 678 possit
1019 637 1100 666 esse
1126 636 1207 664 cum
1235 626 1305 664 alio
1329 625 1488 674 glorioso
1510 636 1548 680 in
1570 625 1696 664 eodem
1718 626 1818 681 loco.
1988 673 1998 682 ·

267 699 317 709 -
367 689 414 718 ex
435 677 501 717 sua
526 689 567 718 su
594 677 726 716 tilitate
745 680 960 716 renoveatur
982 675 1004 715 a
1025 684 1178 724 corpore
1205 674 1364 723 glorioso
1387 675 1584 728 necessitas
1607 674 1786 714 existendi
1807 684 1846 712 1n
1867 674 2000 724 aequah
2024 675 2124 717 loco·

249 728 317 758 ¹-
366 737 499 777 oorpus
522 726 723 776 gloriosum
745 724 886 765 ratione
908 734 983 764 suae
1004 722 1219 762 subtilitatis
1245 723 1293 761 sit
1319 721 1566 771 impalpab1le.

584 833 640 864 ΒΕ
665 831 888 864 AGILITATE
915 830 1141 861 conpotum
1162 827 1408 859 BEATORUM.
1430 839 1480 847 —
1505 817 1674 866 Quaestio
1699 821 1762 860 84.

219 908 349 950 utrum
367 919 521 957 corpora
543 907 701 957 gloriosa
723 907 796 947 sint
817 907 938 945 futura
960 905 1082 954 agilia.
1243 953 1251 960 ·

269 978 319 987 —
368 957 485 997 sancti
507 957 670 1006 agilitate
694 955 759 995 sua
777 965 1035 1010 nonnunquam
1056 955 1218 1000 utantur,
1240 954 1293 990 1ta
1315 949 1412 1000 quod
1432 954 1657 990 moveantur.

270 1026 320 1035 -
369 1006 486 1045 sancti
506 1007 721 1044 moveantur
741 1005 779 1042 in
807 1005 970 1044 instantr.

584 1105 640 1134 DE
667 1103 899 1134 CLARITATE
925 1101 1152 1132 conponunt
1177 1100 1417 1131 BEATORUM.
1442 1112 1490 1119 —
1519 1091 1687 1139 Quaestio
1707 1094 1768 1132 85.

225 1178 357 1222 Utrum
376 1179 590 1229 corporibus
612 1178 782 1228 gloriosis
808 1178 952 1217 claritas
976 1176 1182 1216 conveniat.
1400 1223 1407 1230 ι

274 1250 323 1258 -
375 1229 520 1268 claritas
545 1227 707 1283 corporis
731 1226 880 1276 gloriosi
902 1226 1020 1274 possit
1041 1225 1157 1263 videri
1180 1223 1201 1263 a
1222 1233 1295 1262 non
1318 1223 1476 1272 glorioso
1500 1224 1620 1262 oculo.

272 1298 322 1306 —
370 1287 505 1326 corpus
527 1277 726 1325 gloriosum
748 1273 955 1314 necessario
978 1273 1144 1313 videatur
1167 1273 1188 1312 a
1210 1282 1360 1321 corpore
1382 1281 1456 1310 non
1478 1273 1652 1321 glorioso.

502 1382 558 1412 DE
582 1381 914 1412 CONDITIONIBUS
937 1379 1164 1411 conponunt
1188 1379 1484 1464 DAiguNATORUM
1506 1378 1849 1411 RESURGENTitm.

1048 1427 1219 1474 Quaestio
1273 1428 1309 1465 6.

220 1509 350 1550 Utrilm
369 1520 522 1561 corpora
543 1511 793 1550 damnatorum
815 1521 896 1548 cum
919 1509 994 1548 suis
1016 1510 1306 1549 deformitatibus
1329 1513 1533 1559 resurgent.

269 1580 317 1587 —
561 1581 609 1587 —
817 1560 922 1597 erunt
943 1559 1210 1607 corruptibilia.

268 1628 316 1635 —
559 1629 607 1635 —-
815 1607 890 1645 sint
914 1606 1034 1645 futura
1056 1607 1313 1655 impassibilia.

276 1713 331 1743 DE
357 1713 620 1744 coeNITmNE
646 1713 763 1749 QUAM
791 1713 1017 1743 HABEBUNT
1043 1714 1313 1744 REsnsmTATI
1339 1715 1385 1744 IN
1408 1715 1573 1745 JUDICIO
1600 1715 1813 1746 RESPECTU
1834 1713 2089 1747 unnrronun

805 1771 856 1800 ET
881 1771 1199 1800 DEMERITORUM.
1223 1783 1271 1790 —
1290 1762 1462 1810 Quoestio
1486 1766 1547 1803 87.

220 1843 349 1885 Uti-iun
370 1847 454 1894 post
476 1844 777 1884 resurrectionem
801 1844 955 1892 quilibet
982 1848 1178 1893 cognoscat
1200 1848 1349 1894 peccata
1377 1857 1458 1894 quae
1483 1847 1584 1885 fecit.

271 1914 320 1926 -
370 1893 523 1942 quilibet
545 1893 663 1941 possit
685 1893 806 1941 legere
833 1893 954 1931 omnia
978 1904 1057 1942 quae
1080 1897 1164 1932 sunt
1191 1894 1228 1931 in
1255 1895 1480 1932 conscientia
1506 1896 1669 1935 alterius.

270 1962 319 1970 —
369 1942 492 1981 omnia
513 1942 643 1980 merita
665 1942 723 1980 vel
746 1942 921 1980 demerita
942 1942 1092 1991 propria
1113 1942 1174 1981 vel
1196 1943 1315 1982 aliena
1335 1953 1408 1982 uno
1432 1944 1566 1982 intuitu
1589 1945 1633 1983 ab
1656 1945 1779 1994 aliquo
1800 1946 2005 1986 videantur.

534 2047 590 2076 DE
618 2047 787 2077 summo
811 2048 1040 2087 GENERALI,
1064 2048 1276 2087 TEMPORE,
1302 2050 1353 2078 ET
1375 2049 1497 2088 Loco,
1525 2050 1572 2080 ΙΝ
1599 2049 1685 2085 Quo
1712 2050 1821 2079 FIET.

1054 2096 1223 2143 Quaestio
1250 2097 1311 2136 88.

222 2171 348 2210 Utriim
370 2171 541 2220 generale
559 2171 738 2220 judicium
759 2172 807 2209 sit
828 2172 1002 2210 futurum.

269 2240 319 2248 —
366 2220 544 2269 Judicium
568 2219 629 2257 fiet
651 2230 717 2269 per
740 2220 960 2258 locutionem
985 2221 1163 2259 vocalem.

271 2288 319 2296 —
370 2271 515 2317 tempus
540 2268 653 2305 futuri
672 2268 803 2316 judicii
825 2268 872 2306 sit
895 2268 1075 2315 ignotum.

271 2337 319 2344 —
366 2317 546 2365 judicium
569 2316 630 2354 fiet
653 2316 691 2353 in
716 2316 811 2354 valle
832 2317 1019 2365 Josaphat.
1683 2345 1705 2367 3

390 2423 447 2452 nE
471 2421 787 2460 JUDIGANTIBUS,
814 2423 864 2452 ET
888 2423 1103 2453 JUDICATIS
1129 2424 1175 2454 ΙΝ
1199 2423 1365 2454 sommo
1393 2425 1621 2455 GENERALI.
1645 2438 1692 2444 —-
1717 2417 1886 2464 Quaestio
1907 2420 1969 2459 89.

223 2496 350 2538 mrem
370 2497 483 2545 aliqui
505 2497 673 2535 homines
692 2497 907 2546 judicabunt
929 2509 1011 2536 cum
1040 2498 1199 2537 Christo.

273 2567 321 2574 -
366 2545 561 2595 judiciaria
584 2549 748 2593 potestas
771 2548 1051 2595 correspondeat
1073 2547 1287 2586 voluntariae
1313 2549 1535 2597 paupertati.

272 2614 319 2624 --
368 2594 499 2641 Angeli
522 2593 676 2631 debeant
694 2594 871 2643 judicare.

271 2663 320 2671 ——
370 2642 552 2681 daemones
578 2645 802 2690 exequentur
824 2643 1041 2681 sententiam
1061 2642 1198 2691 judicis
1219 2642 1258 2681 in
1281 2644 1489 2684 damnatos.

271 2712 320 2721 —
371 2700 498 2729 omnes
520 2690 687 2729 homines
709 2691 746 2728 in
765 2691 904 2739 judicio
926 2691 1203 2740 comparebunt.

271 2760 320 2767 —
367 2738 455 2778 boni
477 2739 515 2776 in
535 2739 676 2787 judicio
696 2739 963 2788 judicabuntur.

271 2808 319 2816 —
368 2786 454 2824 mali
473 2787 746 2835 judicabuntur.

271 2856 319 2864 —
369 2835 502 2884 Angeli
524 2835 562 2873 in
584 2835 706 2875 futuro
722 2835 994 2885 jndicahuntur.

513 2940 569 2970 DE
594 2941 738 2971 FORMA
761 2942 921 2971 JUDICIS
946 2942 1174 2973 VENIENTIS
1196 2944 1251 2973 An
1275 2924 1487 2975 mummii.
1520 2958 1564 2964 —-
1589 2935 1759 2984 Quaestio
1780 2939 1842 2978 90.

222 3013 350 3055 Utrum
372 3014 537 3053 Christus
564 3015 603 3053 in
625 3015 743 3054 forma
766 3017 1001 3055 humanitatis
1025 3018 1072 3056 sit
1089 3015 1329 3067 judicaturus.

273 3083 322 3092 -
371 3062 539 3101 Christus
562 3064 599 3101 in
621 3064 762 3113 judicio
785 3065 975 3114 apparebit
998 3066 1036 3103 in
1059 3066 1174 3105 forma
1200 3068 1437 3107 humanitatis
1461 3069 1634 3118 gloriosa.

270 3130 320 3141 -
369 3111 543 3150 divinitas
566 3111 587 3164 ξι
612 3113 718 3151 malis
742 3113 821 3152 sine
846 3114 977 3162 gaudio
998 3115 1114 3153 videri
1137 3116 1268 3164 possit.

536 3219 591 3248 DE
618 3217 855 3253 QUALITATE
881 3220 1032 3259 MUNm,
1047 3222 1109 3315 51*
1130 3222 1463 3254 RESURGENTIUM
1486 3224 1590 3254 POST
1614 3221 1829 3254 JUDICIUH.

1080 3269 1219 3307 uoestz‘o
1246 3272 1307 3309 91.

221 3326 348 3369 Utriim
366 3328 522 3366 mundus
546 3327 792 3367 innovabitur.

271 3397 319 3405 ·-—
368 3380 489 3414 motus
515 3386 704 3425 corporum
725 3377 931 3415 coelestium
954 3379 1124 3417 cessabit.

271 3444 318 3454 -
368 3425 406 3463 in
429 3425 642 3474 corporibus
667 3425 875 3465 coelestibus
901 3426 1046 3465 claritas
1073 3427 1263 3475 augebitur
1285 3428 1323 3466 in
1349 3429 1413 3467 illa
1436 3429 1685 3471 innovatione.

270 3492 317 3501 —
368 3473 547 3512 elementa
564 3473 833 3512 innovabuntur
855 3484 920 3523 per
941 3474 1187 3524 receptionem
1210 3475 1367 3525 alicujus
1393 3477 1584 3517 claritatis.

269 3540 316 3550 —
365 3521 501 3572 plantae
522 3524 560 3562 et
582 3521 750 3561 animalia
773 3523 1011 3563 remanebunt
1034 3523 1072 3563 in
1094 3524 1158 3563 illa
1182 3524 1432 3564 innovatione.
