<?xml version="1.0" encoding="UTF-8"?>
<!DOCTYPE html PUBLIC "-//W3C//DTD XHTML 1.0 Transitional//EN"
    "http://www.w3.org/TR/xhtml1/DTD/xhtml1-transitional.dtd">
<html xmlns="http://www.w3.org/1999/xhtml" xml:lang="en" lang="en">
 <head>
  <title>
</title>
<meta http-equiv="Content-Type" content="text/html;charset=utf-8" />
  <meta name='ocr-system' content='tesseract 3.04.00' />
  <meta name='ocr-capabilities' content='ocr_page ocr_carea ocr_par ocr_line ocrx_word'/>
</head>
<body>
  <div class='ocr_page' id='page_1' title='image "./summatheologica06thomuoft_0085.png"; bbox 0 0 2170 3808; ppageno 0'>
   <div class='ocr_carea' id='block_1_1' title="bbox 717 238 1947 305">
    <p class='ocr_par' dir='ltr' id='par_1_1' title="bbox 717 238 1947 305">
     <span class='ocr_line' id='line_1_1' title="bbox 717 238 1947 305; baseline -0.003 -9"><span class='ocrx_word' id='word_1_1' title='bbox 717 238 920 305; x_wconf 72' lang='lat' dir='ltr'>Q‘UAEsr.</span> <span class='ocrx_word' id='word_1_2' title='bbox 949 240 1017 303; x_wconf 75' lang='lat' dir='ltr'>iv,</span> <span class='ocrx_word' id='word_1_3' title='bbox 1047 251 1167 295; x_wconf 69' lang='grc' dir='ltr'><strong>ΛΒΤ.</strong></span> <span class='ocrx_word' id='word_1_4' title='bbox 1197 249 1264 293; x_wconf 85' lang='lat' dir='ltr'>lv.</span> <span class='ocrx_word' id='word_1_5' title='bbox 1891 247 1947 292; x_wconf 73' lang='grc'>49</span> 
     </span>
    </p>
   </div>
   <div class='ocr_carea' id='block_1_2' title="bbox 35 327 1953 3330">
    <p class='ocr_par' dir='ltr' id='par_1_2' title="bbox 53 327 1949 694">
     <span class='ocr_line' id='line_1_2' title="bbox 53 327 1948 391; baseline -0.008 -3"><span class='ocrx_word' id='word_1_6' title='bbox 53 342 303 388; x_wconf 72' lang='lat' dir='ltr'>humanam</span> <span class='ocrx_word' id='word_1_7' title='bbox 337 332 549 391; x_wconf 77' lang='lat' dir='ltr'>naturam</span> <span class='ocrx_word' id='word_1_8' title='bbox 580 333 860 380; x_wconf 81' lang='lat' dir='ltr'><strong>abstractam</strong></span> <span class='ocrx_word' id='word_1_9' title='bbox 886 332 945 378; x_wconf 91' lang='lat' dir='ltr'>ab</span> <span class='ocrx_word' id='word_1_10' title='bbox 974 332 1193 377; x_wconf 90' lang='lat' dir='ltr'>omnibus</span> <span class='ocrx_word' id='word_1_11' title='bbox 1221 330 1494 377; x_wconf 87' lang='lat' dir='ltr'>individuis.</span> <span class='ocrx_word' id='word_1_12' title='bbox 1525 328 1794 385; x_wconf 84' lang='lat' dir='ltr'>Assumptio</span> <span class='ocrx_word' id='word_1_13' title='bbox 1818 327 1948 373; x_wconf 90' lang='lat' dir='ltr'>enim</span> 
     </span>
     <span class='ocr_line' id='line_1_3' title="bbox 63 389 1949 449; baseline -0.007 0"><span class='ocrx_word' id='word_1_14' title='bbox 63 403 269 449; x_wconf 73' lang='lat' dir='ltr'>humanae</span> <span class='ocrx_word' id='word_1_15' title='bbox 283 400 461 446; x_wconf 74' lang='lat' dir='ltr'>natu‘rae</span> <span class='ocrx_word' id='word_1_16' title='bbox 473 391 596 443; x_wconf 83' lang='lat' dir='ltr'>facta</span> <span class='ocrx_word' id='word_1_17' title='bbox 613 392 687 442; x_wconf 82' lang='lat' dir='ltr'>es‘t</span> <span class='ocrx_word' id='word_1_18' title='bbox 697 396 756 442; x_wconf 90' lang='lat' dir='ltr'>ad</span> <span class='ocrx_word' id='word_1_19' title='bbox 770 404 1066 441; x_wconf 88' lang='lat' dir='ltr'>communem</span> <span class='ocrx_word' id='word_1_20' title='bbox 1085 394 1297 438; x_wconf 90' lang='lat' dir='ltr'>omnium</span> <span class='ocrx_word' id='word_1_21' title='bbox 1316 392 1561 438; x_wconf 89' lang='lat' dir='ltr'>hominum</span> <span class='ocrx_word' id='word_1_22' title='bbox 1572 391 1768 436; x_wconf 90' lang='lat' dir='ltr'>salutem</span> <span class='ocrx_word' id='word_1_23' title='bbox 1789 404 1799 431; x_wconf 94' lang='lat'><strong>:</strong></span> <span class='ocrx_word' id='word_1_24' title='bbox 1820 389 1949 435; x_wconf 83' lang='lat' dir='ltr'>unde</span> 
     </span>
     <span class='ocr_line' id='line_1_4' title="bbox 63 453 1945 519; baseline -0.009 -9"><span class='ocrx_word' id='word_1_25' title='bbox 63 464 220 510; x_wconf 72' lang='lat' dir='ltr'>ffieitur</span> <span class='ocrx_word' id='word_1_26' title='bbox 237 465 285 519; x_wconf 89' lang='lat'>(1.</span> <span class='ocrx_word' id='word_1_27' title='bbox 307 461 500 507; x_wconf 80' lang='lat' dir='ltr'>Timoth.</span> <span class='ocrx_word' id='word_1_28' title='bbox 513 473 572 519; x_wconf 79' lang='lat' dir='ltr'>lv,</span> <span class='ocrx_word' id='word_1_29' title='bbox 596 461 685 514; x_wconf 86' lang='lat'>10),</span> <span class='ocrx_word' id='word_1_30' title='bbox 707 458 766 504; x_wconf 86' lang='lat' dir='ltr'>de</span> <span class='ocrx_word' id='word_1_31' title='bbox 794 457 988 510; x_wconf 84' lang='lat' dir='ltr'>ChristO,</span> <span class='ocrx_word' id='word_1_32' title='bbox 1012 455 1137 513; x_wconf 74' lang='lat' dir='ltr'>quod</span> <span class='ocrx_word' id='word_1_33' title='bbox 1158 459 1229 499; x_wconf 88' lang='lat' dir='ltr'>est</span> <span class='ocrx_word' id='word_1_34' title='bbox 1248 455 1459 499; x_wconf 77' lang='lat' dir='ltr'>salvator</span> <span class='ocrx_word' id='word_1_35' title='bbox 1474 456 1673 498; x_wconf 77' lang='lat' dir='ltr'>omnium</span> <span class='ocrx_word' id='word_1_36' title='bbox 1697 453 1945 505; x_wconf 80' lang='lat' dir='ltr'>hominum,</span> 
     </span>
     <span class='ocr_line' id='line_1_5' title="bbox 63 514 1948 580; baseline -0.007 -11"><span class='ocrx_word' id='word_1_37' title='bbox 63 527 252 571; x_wconf 65' lang='lat' dir='ltr'>maxime</span> <span class='ocrx_word' id='word_1_38' title='bbox 281 524 498 580; x_wconf 79' lang='lat' dir='ltr'>fidelium.</span> <span class='ocrx_word' id='word_1_39' title='bbox 529 521 618 566; x_wconf 87' lang='lat' dir='ltr'>Sed</span> <span class='ocrx_word' id='word_1_40' title='bbox 639 524 822 575; x_wconf 90' lang='lat' dir='ltr'>natura,</span> <span class='ocrx_word' id='word_1_41' title='bbox 845 523 986 576; x_wconf 90' lang='lat' dir='ltr'>prout</span> <span class='ocrx_word' id='word_1_42' title='bbox 1008 522 1080 562; x_wconf 90' lang='lat' dir='ltr'>est</span> <span class='ocrx_word' id='word_1_43' title='bbox 1101 517 1150 561; x_wconf 91' lang='lat' dir='ltr'>in</span> <span class='ocrx_word' id='word_1_44' title='bbox 1170 515 1440 570; x_wconf 81' lang='lat' dir='ltr'>individuis,</span> <span class='ocrx_word' id='word_1_45' title='bbox 1463 514 1682 561; x_wconf 78' lang='lat' dir='ltr'>recedita</span> <span class='ocrx_word' id='word_1_46' title='bbox 1709 526 1796 559; x_wconf 89' lang='lat' dir='ltr'>sua</span> <span class='ocrx_word' id='word_1_47' title='bbox 1817 525 1948 558; x_wconf 85' lang='lat' dir='ltr'>com-</span> 
     </span>
     <span class='ocr_line' id='line_1_6' title="bbox 62 578 1949 642; baseline -0.007 -9"><span class='ocrx_word' id='word_1_48' title='bbox 62 587 295 635; x_wconf 86' lang='lat' dir='ltr'>munitate.</span> <span class='ocrx_word' id='word_1_49' title='bbox 319 587 439 642; x_wconf 84' lang='lat' dir='ltr'>Ergo</span> <span class='ocrx_word' id='word_1_50' title='bbox 460 583 602 629; x_wconf 89' lang='lat' dir='ltr'>Filius</span> <span class='ocrx_word' id='word_1_51' title='bbox 622 582 702 627; x_wconf 91' lang='lat' dir='ltr'>Dei</span> <span class='ocrx_word' id='word_1_52' title='bbox 724 580 887 627; x_wconf 89' lang='lat' dir='ltr'><strong>debuit</strong></span> <span class='ocrx_word' id='word_1_53' title='bbox 908 581 1163 624; x_wconf 84' lang='lat' dir='ltr'>humanam</span> <span class='ocrx_word' id='word_1_54' title='bbox 1191 582 1406 622; x_wconf 88' lang='lat' dir='ltr'>naturam</span> <span class='ocrx_word' id='word_1_55' title='bbox 1436 589 1692 632; x_wconf 78' lang='lat' dir='ltr'><strong>assumere,</strong></span> <span class='ocrx_word' id='word_1_56' title='bbox 1715 580 1853 633; x_wconf 86' lang='lat' dir='ltr'>prout</span> <span class='ocrx_word' id='word_1_57' title='bbox 1878 578 1949 620; x_wconf 86' lang='lat' dir='ltr'>est</span> 
     </span>
     <span class='ocr_line' id='line_1_7' title="bbox 62 643 894 694; baseline -0.011 1"><span class='ocrx_word' id='word_1_58' title='bbox 62 649 122 694; x_wconf 91' lang='lat' dir='ltr'>ab</span> <span class='ocrx_word' id='word_1_59' title='bbox 139 648 350 694; x_wconf 89' lang='lat' dir='ltr'>omnibus</span> <span class='ocrx_word' id='word_1_60' title='bbox 371 645 627 692; x_wconf 84' lang='lat' dir='ltr'>individuis</span> <span class='ocrx_word' id='word_1_61' title='bbox 646 643 894 689; x_wconf 87' lang='lat' dir='ltr'>abstracta.</span> 
     </span>
    </p>

    <p class='ocr_par' dir='ltr' id='par_1_3' title="bbox 59 697 1948 1012">
     <span class='ocr_line' id='line_1_8' title="bbox 116 697 1945 765; baseline -0.008 -9"><span class='ocrx_word' id='word_1_62' title='bbox 116 713 157 757; x_wconf 81' lang='lat'>2.</span> <span class='ocrx_word' id='word_1_63' title='bbox 186 712 423 765; x_wconf 82' lang='lat' dir='ltr'>Praeterea,</span> <span class='ocrx_word' id='word_1_64' title='bbox 445 707 494 751; x_wconf 92' lang='lat' dir='ltr'>in</span> <span class='ocrx_word' id='word_1_65' title='bbox 514 705 733 751; x_wconf 90' lang='lat' dir='ltr'>omnibus</span> <span class='ocrx_word' id='word_1_66' title='bbox 746 704 794 749; x_wconf 91' lang='lat' dir='ltr'>id</span> <span class='ocrx_word' id='word_1_67' title='bbox 808 702 935 761; x_wconf 87' lang='lat' dir='ltr'>quod</span> <span class='ocrx_word' id='word_1_68' title='bbox 953 706 1027 748; x_wconf 91' lang='lat' dir='ltr'>est</span> <span class='ocrx_word' id='word_1_69' title='bbox 1041 700 1384 747; x_wconf 90' lang='lat' dir='ltr'>nobilissimum</span> <span class='ocrx_word' id='word_1_70' title='bbox 1398 702 1469 744; x_wconf 91' lang='lat' dir='ltr'>est</span> <span class='ocrx_word' id='word_1_71' title='bbox 1476 701 1570 743; x_wconf 88' lang='lat' dir='ltr'>Deo</span> <span class='ocrx_word' id='word_1_72' title='bbox 1580 697 1945 743; x_wconf 87' lang='lat' dir='ltr'>attribuendum.</span> 
     </span>
     <span class='ocr_line' id='line_1_9' title="bbox 61 760 1947 827; baseline -0.008 -8"><span class='ocrx_word' id='word_1_73' title='bbox 61 771 151 819; x_wconf 88' lang='lat' dir='ltr'>Sed</span> <span class='ocrx_word' id='word_1_74' title='bbox 184 772 228 816; x_wconf 89' lang='lat' dir='ltr'>in</span> <span class='ocrx_word' id='word_1_75' title='bbox 265 780 548 827; x_wconf 89' lang='lat' dir='ltr'>unoquoque</span> <span class='ocrx_word' id='word_1_76' title='bbox 580 779 751 825; x_wconf 82' lang='lat' dir='ltr'>genere</span> <span class='ocrx_word' id='word_1_77' title='bbox 771 765 888 810; x_wconf 89' lang='lat' dir='ltr'>illud</span> <span class='ocrx_word' id='word_1_78' title='bbox 911 765 1038 822; x_wconf 92' lang='lat' dir='ltr'>quod</span> <span class='ocrx_word' id='word_1_79' title='bbox 1071 769 1144 809; x_wconf 91' lang='lat' dir='ltr'>est</span> <span class='ocrx_word' id='word_1_80' title='bbox 1174 775 1257 823; x_wconf 80' lang='lat' dir='ltr'>per</span> <span class='ocrx_word' id='word_1_81' title='bbox 1280 774 1348 818; x_wconf 90' lang='lat' dir='ltr'>se,</span> <span class='ocrx_word' id='word_1_82' title='bbox 1384 760 1677 817; x_wconf 86' lang='lat' dir='ltr'>potissimum</span> <span class='ocrx_word' id='word_1_83' title='bbox 1710 764 1795 804; x_wconf 84' lang='lat' dir='ltr'>est.</span> <span class='ocrx_word' id='word_1_84' title='bbox 1827 762 1947 816; x_wconf 83' lang='lat' dir='ltr'>Ergo</span> 
     </span>
     <span class='ocr_line' id='line_1_10' title="bbox 59 820 1948 891; baseline -0.008 -12"><span class='ocrx_word' id='word_1_85' title='bbox 59 832 198 878; x_wconf 85' lang='lat' dir='ltr'>Filius</span> <span class='ocrx_word' id='word_1_86' title='bbox 211 832 287 879; x_wconf 85' lang='lat' dir='ltr'>Dei</span> <span class='ocrx_word' id='word_1_87' title='bbox 304 830 465 877; x_wconf 85' lang='lat' dir='ltr'>debuit</span> <span class='ocrx_word' id='word_1_88' title='bbox 483 841 722 876; x_wconf 82' lang='lat' dir='ltr'>assumere</span> <span class='ocrx_word' id='word_1_89' title='bbox 739 827 975 873; x_wconf 90' lang='lat' dir='ltr'>hominem</span> <span class='ocrx_word' id='word_1_90' title='bbox 994 838 1079 883; x_wconf 89' lang='lat' dir='ltr'>per</span> <span class='ocrx_word' id='word_1_91' title='bbox 1096 838 1172 879; x_wconf 83' lang='lat' dir='ltr'>se;</span> <span class='ocrx_word' id='word_1_92' title='bbox 1190 824 1271 882; x_wconf 88' lang='lat' dir='ltr'>qui</span> <span class='ocrx_word' id='word_1_93' title='bbox 1290 823 1497 881; x_wconf 90' lang='lat' dir='ltr'>quidem,</span> <span class='ocrx_word' id='word_1_94' title='bbox 1516 820 1948 891; x_wconf 39' lang='lat' dir='ltr'>secundum-Plato-</span> 
     </span>
     <span class='ocr_line' id='line_1_11' title="bbox 61 882 1947 948; baseline -0.006 -11"><span class='ocrx_word' id='word_1_95' title='bbox 61 893 190 939; x_wconf 91' lang='lat' dir='ltr'>nicos</span> <span class='ocrx_word' id='word_1_96' title='bbox 204 896 272 948; x_wconf 86' lang='lat' dir='ltr'>(ex</span> <span class='ocrx_word' id='word_1_97' title='bbox 294 892 429 938; x_wconf 88' lang='lat' dir='ltr'>Arist.</span> <span class='ocrx_word' id='word_1_98' title='bbox 451 894 552 937; x_wconf 88' lang='lat' dir='ltr'>Met.</span> <span class='ocrx_word' id='word_1_99' title='bbox 572 890 654 935; x_wconf 91' lang='lat' dir='ltr'>lib.</span> <span class='ocrx_word' id='word_1_100' title='bbox 674 904 705 946; x_wconf 82' lang='lat'>1,</span> <span class='ocrx_word' id='word_1_101' title='bbox 725 893 836 934; x_wconf 81' lang='lat' dir='ltr'>text.</span> <span class='ocrx_word' id='word_1_102' title='bbox 855 891 882 934; x_wconf 88' lang='lat'>6</span> <span class='ocrx_word' id='word_1_103' title='bbox 899 893 947 934; x_wconf 91' lang='lat' dir='ltr'>et</span> <span class='ocrx_word' id='word_1_104' title='bbox 964 891 1054 945; x_wconf 80' lang='grc'>25),</span> <span class='ocrx_word' id='word_1_105' title='bbox 1070 891 1144 933; x_wconf 90' lang='lat' dir='ltr'>est</span> <span class='ocrx_word' id='word_1_106' title='bbox 1159 887 1263 943; x_wconf 92' lang='lat' dir='ltr'>ipsa</span> <span class='ocrx_word' id='word_1_107' title='bbox 1284 886 1491 930; x_wconf 90' lang='lat' dir='ltr'>humana</span> <span class='ocrx_word' id='word_1_108' title='bbox 1514 887 1684 928; x_wconf 86' lang='lat' dir='ltr'>natura</span> <span class='ocrx_word' id='word_1_109' title='bbox 1703 882 1762 927; x_wconf 91' lang='lat' dir='ltr'>ab</span> <span class='ocrx_word' id='word_1_110' title='bbox 1779 882 1947 926; x_wconf 76' lang='lat' dir='ltr'>indivi-</span> 
     </span>
     <span class='ocr_line' id='line_1_12' title="bbox 60 948 1420 1012; baseline -0.007 -12"><span class='ocrx_word' id='word_1_111' title='bbox 60 954 165 1000; x_wconf 88' lang='lat' dir='ltr'>duis</span> <span class='ocrx_word' id='word_1_112' title='bbox 181 958 405 1012; x_wconf 87' lang='lat' dir='ltr'>separata.</span> <span class='ocrx_word' id='word_1_113' title='bbox 422 955 550 998; x_wconf 83' lang='lat' dir='ltr'>Hanc</span> <span class='ocrx_word' id='word_1_114' title='bbox 567 952 710 1009; x_wconf 87' lang='lat' dir='ltr'>igitur</span> <span class='ocrx_word' id='word_1_115' title='bbox 729 949 889 997; x_wconf 84' lang='lat' dir='ltr'>debuit</span> <span class='ocrx_word' id='word_1_116' title='bbox 906 949 1047 994; x_wconf 91' lang='lat' dir='ltr'>Filius</span> <span class='ocrx_word' id='word_1_117' title='bbox 1069 948 1144 993; x_wconf 90' lang='lat' dir='ltr'>Dei</span> <span class='ocrx_word' id='word_1_118' title='bbox 1162 958 1420 993; x_wconf 85' lang='lat' dir='ltr'>assumere.</span> 
     </span>
    </p>

    <p class='ocr_par' dir='ltr' id='par_1_4' title="bbox 59 1005 1949 1257">
     <span class='ocr_line' id='line_1_13' title="bbox 114 1005 1949 1069; baseline -0.007 -7"><span class='ocrx_word' id='word_1_119' title='bbox 114 1018 157 1062; x_wconf 89' lang='grc'>3.</span> <span class='ocrx_word' id='word_1_120' title='bbox 186 1018 423 1069; x_wconf 87' lang='lat' dir='ltr'>Praeterea‚</span> <span class='ocrx_word' id='word_1_121' title='bbox 446 1015 652 1060; x_wconf 89' lang='lat' dir='ltr'>humana</span> <span class='ocrx_word' id='word_1_122' title='bbox 674 1017 841 1059; x_wconf 85' lang='lat' dir='ltr'>natura</span> <span class='ocrx_word' id='word_1_123' title='bbox 865 1024 961 1057; x_wconf 90' lang='lat' dir='ltr'>non</span> <span class='ocrx_word' id='word_1_124' title='bbox 981 1016 1053 1056; x_wconf 89' lang='lat' dir='ltr'>est</span> <span class='ocrx_word' id='word_1_125' title='bbox 1080 1013 1323 1066; x_wconf 90' lang='lat' dir='ltr'>assumpta</span> <span class='ocrx_word' id='word_1_126' title='bbox 1344 1008 1372 1054; x_wconf 77' lang='lat' dir='ltr'>a</span> <span class='ocrx_word' id='word_1_127' title='bbox 1392 1007 1504 1052; x_wconf 88' lang='lat' dir='ltr'>Filio</span> <span class='ocrx_word' id='word_1_128' title='bbox 1523 1006 1617 1064; x_wconf 87' lang='lat' dir='ltr'>Dei,</span> <span class='ocrx_word' id='word_1_129' title='bbox 1639 1009 1779 1063; x_wconf 83' lang='lat' dir='ltr'>prout</span> <span class='ocrx_word' id='word_1_130' title='bbox 1800 1005 1949 1063; x_wconf 87' lang='lat' dir='ltr'>signi-</span> 
     </span>
     <span class='ocr_line' id='line_1_14' title="bbox 59 1063 1947 1134; baseline -0.006 -11"><span class='ocrx_word' id='word_1_131' title='bbox 59 1063 284 1123; x_wconf 70' lang='lat' dir='ltr'>ficatur-in</span> <span class='ocrx_word' id='word_1_132' title='bbox 315 1082 534 1122; x_wconf 90' lang='lat' dir='ltr'>concreto</span> <span class='ocrx_word' id='word_1_133' title='bbox 559 1088 644 1134; x_wconf 89' lang='lat' dir='ltr'>per</span> <span class='ocrx_word' id='word_1_134' title='bbox 659 1076 750 1120; x_wconf 92' lang='lat' dir='ltr'>hoc</span> <span class='ocrx_word' id='word_1_135' title='bbox 779 1085 951 1119; x_wconf 91' lang='lat' dir='ltr'>nomen</span> <span class='ocrx_word' id='word_1_136' title='bbox 978 1074 1128 1129; x_wconf 75' lang='lat' dir='ltr'>home,</span> <span class='ocrx_word' id='word_1_137' title='bbox 1157 1078 1211 1116; x_wconf 89' lang='lat' dir='ltr'>ut</span> <span class='ocrx_word' id='word_1_138' title='bbox 1233 1071 1408 1116; x_wconf 90' lang='lat' dir='ltr'>dictum</span> <span class='ocrx_word' id='word_1_139' title='bbox 1438 1073 1509 1114; x_wconf 90' lang='lat' dir='ltr'>est</span> <span class='ocrx_word' id='word_1_140' title='bbox 1535 1070 1637 1124; x_wconf 88' lang='lat' dir='ltr'>(art.</span> <span class='ocrx_word' id='word_1_141' title='bbox 1661 1070 1847 1125; x_wconf 53' lang='lat' dir='ltr'>praec).</span> <span class='ocrx_word' id='word_1_142' title='bbox 1876 1066 1947 1112; x_wconf 92' lang='lat' dir='ltr'>Sic</span> 
     </span>
     <span class='ocr_line' id='line_1_15' title="bbox 59 1129 1945 1197; baseline -0.005 -13"><span class='ocrx_word' id='word_1_143' title='bbox 59 1143 215 1184; x_wconf 89' lang='lat' dir='ltr'>autem</span> <span class='ocrx_word' id='word_1_144' title='bbox 249 1139 558 1197; x_wconf 84' lang='lat' dir='ltr'>significatur,</span> <span class='ocrx_word' id='word_1_145' title='bbox 592 1140 732 1195; x_wconf 91' lang='lat' dir='ltr'>prout</span> <span class='ocrx_word' id='word_1_146' title='bbox 762 1135 906 1181; x_wconf 90' lang='lat' dir='ltr'>estin</span> <span class='ocrx_word' id='word_1_147' title='bbox 929 1133 1263 1191; x_wconf 79' lang='lat' dir='ltr'>singularibus,</span> <span class='ocrx_word' id='word_1_148' title='bbox 1288 1138 1341 1177; x_wconf 92' lang='lat' dir='ltr'>ut</span> <span class='ocrx_word' id='word_1_149' title='bbox 1365 1144 1425 1177; x_wconf 87' lang='lat' dir='ltr'>ex</span> <span class='ocrx_word' id='word_1_150' title='bbox 1452 1130 1587 1176; x_wconf 89' lang='lat' dir='ltr'>dictis</span> <span class='ocrx_word' id='word_1_151' title='bbox 1620 1134 1747 1187; x_wconf 88' lang='lat' dir='ltr'>patet</span> <span class='ocrx_word' id='word_1_152' title='bbox 1781 1129 1945 1185; x_wconf 83' lang='lat' dir='ltr'>(ibid.).</span> 
     </span>
     <span class='ocr_line' id='line_1_16' title="bbox 59 1191 1948 1257; baseline -0.005 -12"><span class='ocrx_word' id='word_1_153' title='bbox 59 1202 177 1257; x_wconf 86' lang='lat' dir='ltr'>Ergo</span> <span class='ocrx_word' id='word_1_154' title='bbox 197 1200 338 1246; x_wconf 88' lang='lat' dir='ltr'>Filius</span> <span class='ocrx_word' id='word_1_155' title='bbox 355 1199 436 1246; x_wconf 90' lang='lat' dir='ltr'>Dei</span> <span class='ocrx_word' id='word_1_156' title='bbox 457 1198 708 1256; x_wconf 85' lang='lat' dir='ltr'>assumpsit</span> <span class='ocrx_word' id='word_1_157' title='bbox 730 1201 945 1242; x_wconf 88' lang='lat' dir='ltr'>naturam</span> <span class='ocrx_word' id='word_1_158' title='bbox 966 1196 1239 1251; x_wconf 76' lang='lat' dir='ltr'>humanam,</span> <span class='ocrx_word' id='word_1_159' title='bbox 1262 1199 1400 1251; x_wconf 90' lang='lat' dir='ltr'>prout</span> <span class='ocrx_word' id='word_1_160' title='bbox 1421 1197 1493 1239; x_wconf 92' lang='lat' dir='ltr'>est</span> <span class='ocrx_word' id='word_1_161' title='bbox 1514 1193 1574 1238; x_wconf 91' lang='lat' dir='ltr'>ab</span> <span class='ocrx_word' id='word_1_162' title='bbox 1595 1191 1846 1237; x_wconf 82' lang='lat' dir='ltr'>individuis</span> <span class='ocrx_word' id='word_1_163' title='bbox 1870 1203 1948 1236; x_wconf 88' lang='lat' dir='ltr'>se-</span> 
     </span>
    </p>

    <p class='ocr_par' dir='ltr' id='par_1_5' title="bbox 91 1266 234 1307">
     <span class='ocr_line' id='line_1_17' title="bbox 91 1266 234 1307; baseline 0.014 -2"><span class='ocrx_word' id='word_1_164' title='bbox 91 1266 234 1307; x_wconf 87' lang='lat' dir='ltr'>arata.</span> 
     </span>
    </p>

    <p class='ocr_par' dir='ltr' id='par_1_6' title="bbox 59 1274 1951 1807">
     <span class='ocr_line' id='line_1_18' title="bbox 59 1274 1947 1384; baseline -0.005 -16"><span class='ocrx_word' id='word_1_165' title='bbox 59 1274 88 1319; x_wconf 78' lang='lat' dir='ltr'>p</span> <span class='ocrx_word' id='word_1_166' title='bbox 114 1322 200 1367; x_wconf 88' lang='lat' dir='ltr'>Sed</span> <span class='ocrx_word' id='word_1_167' title='bbox 221 1327 382 1366; x_wconf 82' lang='lat' dir='ltr'>contra</span> <span class='ocrx_word' id='word_1_168' title='bbox 398 1326 471 1367; x_wconf 92' lang='lat' dir='ltr'>est</span> <span class='ocrx_word' id='word_1_169' title='bbox 487 1321 614 1380; x_wconf 89' lang='lat' dir='ltr'>quod</span> <span class='ocrx_word' id='word_1_170' title='bbox 632 1319 745 1366; x_wconf 92' lang='lat' dir='ltr'>dicit</span> <span class='ocrx_word' id='word_1_171' title='bbox 765 1324 1081 1365; x_wconf 90' lang='lat' dir='ltr'>Damascenus</span> <span class='ocrx_word' id='word_1_172' title='bbox 1103 1318 1242 1373; x_wconf 85' lang='lat' dir='ltr'>(Orth.</span> <span class='ocrx_word' id='word_1_173' title='bbox 1276 1316 1355 1383; x_wconf 69' lang='lat' dir='ltr'>fid.</span> <span class='ocrx_word' id='word_1_174' title='bbox 1388 1316 1470 1362; x_wconf 91' lang='lat' dir='ltr'>lib.</span> <span class='ocrx_word' id='word_1_175' title='bbox 1501 1329 1565 1372; x_wconf 88' lang='lat'>111,</span> <span class='ocrx_word' id='word_1_176' title='bbox 1594 1328 1698 1373; x_wconf 90' lang='lat' dir='ltr'>cap.</span> <span class='ocrx_word' id='word_1_177' title='bbox 1728 1318 1801 1372; x_wconf 82' lang='lat'>11,</span> <span class='ocrx_word' id='word_1_178' title='bbox 1836 1315 1947 1384; x_wconf 78' lang='lat' dir='ltr'>circ.</span> 
     </span>
     <span class='ocr_line' id='line_1_19' title="bbox 59 1376 1948 1439; baseline -0.004 -13"><span class='ocrx_word' id='word_1_179' title='bbox 59 1383 224 1439; x_wconf 80' lang='lat' dir='ltr'>princ.)</span> <span class='ocrx_word' id='word_1_180' title='bbox 241 1397 254 1424; x_wconf 88' lang='lat'><strong>:</strong></span> <span class='ocrx_word' id='word_1_181' title='bbox 283 1401 303 1421; x_wconf 87' lang='lat'>«</span> <span class='ocrx_word' id='word_1_182' title='bbox 324 1386 446 1427; x_wconf 90' lang='lat' dir='ltr'>Deus</span> <span class='ocrx_word' id='word_1_183' title='bbox 465 1382 666 1427; x_wconf 86' lang='lat' dir='ltr'>Verbum</span> <span class='ocrx_word' id='word_1_184' title='bbox 694 1382 989 1426; x_wconf 89' lang='lat' dir='ltr'>incarnatum</span> <span class='ocrx_word' id='word_1_185' title='bbox 1017 1392 1113 1424; x_wconf 90' lang='lat' dir='ltr'>non</span> <span class='ocrx_word' id='word_1_186' title='bbox 1145 1391 1249 1423; x_wconf 91' lang='lat' dir='ltr'>eam</span> <span class='ocrx_word' id='word_1_187' title='bbox 1283 1390 1388 1436; x_wconf 92' lang='lat' dir='ltr'>quae</span> <span class='ocrx_word' id='word_1_188' title='bbox 1408 1377 1536 1422; x_wconf 80' lang='lat' dir='ltr'>nuda</span> <span class='ocrx_word' id='word_1_189' title='bbox 1557 1376 1948 1432; x_wconf 78' lang='lat' dir='ltr'>contemplatione</span> 
     </span>
     <span class='ocr_line' id='line_1_20' title="bbox 59 1437 1949 1500; baseline -0.005 -9"><span class='ocrx_word' id='word_1_190' title='bbox 59 1444 393 1500; x_wconf 69' lang='lat' dir='ltr'>consideratur,</span> <span class='ocrx_word' id='word_1_191' title='bbox 413 1449 628 1489; x_wconf 91' lang='lat' dir='ltr'>naturam</span> <span class='ocrx_word' id='word_1_192' title='bbox 650 1443 932 1500; x_wconf 79' lang='lat' dir='ltr'>assumpsit3</span> <span class='ocrx_word' id='word_1_193' title='bbox 957 1455 1051 1487; x_wconf 91' lang='lat' dir='ltr'>non</span> <span class='ocrx_word' id='word_1_194' title='bbox 1076 1440 1201 1486; x_wconf 90' lang='lat' dir='ltr'>enim</span> <span class='ocrx_word' id='word_1_195' title='bbox 1220 1440 1478 1484; x_wconf 80' lang='lat' dir='ltr'>incarnatio</span> <span class='ocrx_word' id='word_1_196' title='bbox 1497 1439 1612 1494; x_wconf 86' lang='lat' dir='ltr'>haec,</span> <span class='ocrx_word' id='word_1_197' title='bbox 1637 1438 1721 1483; x_wconf 90' lang='lat' dir='ltr'>sed</span> <span class='ocrx_word' id='word_1_198' title='bbox 1740 1437 1949 1494; x_wconf 88' lang='lat' dir='ltr'>deceptio</span> 
     </span>
     <span class='ocr_line' id='line_1_21' title="bbox 59 1499 1951 1560; baseline -0.004 -11"><span class='ocrx_word' id='word_1_199' title='bbox 59 1509 104 1549; x_wconf 91' lang='lat' dir='ltr'>et</span> <span class='ocrx_word' id='word_1_200' title='bbox 129 1505 252 1550; x_wconf 87' lang='lat' dir='ltr'>fictio</span> <span class='ocrx_word' id='word_1_201' title='bbox 269 1507 328 1560; x_wconf 86' lang='lat'>(1)</span> <span class='ocrx_word' id='word_1_202' title='bbox 343 1505 674 1550; x_wconf 85' lang='lat' dir='ltr'>incarnationis</span> <span class='ocrx_word' id='word_1_203' title='bbox 705 1509 843 1550; x_wconf 88' lang='lat' dir='ltr'>esset.</span> <span class='ocrx_word' id='word_1_204' title='bbox 869 1523 890 1544; x_wconf 86' lang='lat'>»</span> <span class='ocrx_word' id='word_1_205' title='bbox 917 1504 1006 1550; x_wconf 94' lang='lat' dir='ltr'>Sed</span> <span class='ocrx_word' id='word_1_206' title='bbox 1022 1504 1229 1548; x_wconf 90' lang='lat' dir='ltr'>humana</span> <span class='ocrx_word' id='word_1_207' title='bbox 1253 1507 1419 1546; x_wconf 91' lang='lat' dir='ltr'>natura</span> <span class='ocrx_word' id='word_1_208' title='bbox 1436 1505 1576 1559; x_wconf 81' lang='lat' dir='ltr'>prout</span> <span class='ocrx_word' id='word_1_209' title='bbox 1594 1504 1666 1545; x_wconf 92' lang='lat' dir='ltr'>est</span> <span class='ocrx_word' id='word_1_210' title='bbox 1698 1499 1756 1544; x_wconf 91' lang='lat' dir='ltr'>ab</span> <span class='ocrx_word' id='word_1_211' title='bbox 1778 1499 1951 1545; x_wconf 80' lang='lat' dir='ltr'>indivi-</span> 
     </span>
     <span class='ocr_line' id='line_1_22' title="bbox 59 1561 1950 1624; baseline -0.003 -13"><span class='ocrx_word' id='word_1_212' title='bbox 59 1566 164 1612; x_wconf 86' lang='lat' dir='ltr'>duis</span> <span class='ocrx_word' id='word_1_213' title='bbox 187 1572 401 1624; x_wconf 87' lang='lat' dir='ltr'>separata</span> <span class='ocrx_word' id='word_1_214' title='bbox 419 1567 496 1612; x_wconf 84' lang='lat' dir='ltr'>vel</span> <span class='ocrx_word' id='word_1_215' title='bbox 518 1566 767 1623; x_wconf 88' lang='lat' dir='ltr'>abstracta,</span> <span class='ocrx_word' id='word_1_216' title='bbox 791 1567 840 1611; x_wconf 90' lang='lat' dir='ltr'>in</span> <span class='ocrx_word' id='word_1_217' title='bbox 862 1566 989 1612; x_wconf 90' lang='lat' dir='ltr'>nuda</span> <span class='ocrx_word' id='word_1_218' title='bbox 1012 1564 1403 1621; x_wconf 86' lang='lat' dir='ltr'>contemplatione</span> <span class='ocrx_word' id='word_1_219' title='bbox 1428 1562 1679 1619; x_wconf 67' lang='lat' dir='ltr'>cogitatur,</span> <span class='ocrx_word' id='word_1_220' title='bbox 1700 1561 1810 1619; x_wconf 90' lang='lat' dir='ltr'>quia</span> <span class='ocrx_word' id='word_1_221' title='bbox 1842 1573 1950 1606; x_wconf 87' lang='lat' dir='ltr'>«se-</span> 
     </span>
     <span class='ocr_line' id='line_1_23' title="bbox 59 1623 1950 1685; baseline -0.002 -13"><span class='ocrx_word' id='word_1_222' title='bbox 59 1628 267 1674; x_wconf 79' lang='lat' dir='ltr'>cundum</span> <span class='ocrx_word' id='word_1_223' title='bbox 282 1628 485 1685; x_wconf 88' lang='lat' dir='ltr'>seipsam</span> <span class='ocrx_word' id='word_1_224' title='bbox 508 1641 603 1673; x_wconf 90' lang='lat' dir='ltr'>non</span> <span class='ocrx_word' id='word_1_225' title='bbox 621 1627 851 1685; x_wconf 87' lang='lat' dir='ltr'>subsistit,</span> <span class='ocrx_word' id='word_1_226' title='bbox 869 1647 889 1667; x_wconf 90' lang='lat'>»</span> <span class='ocrx_word' id='word_1_227' title='bbox 914 1632 968 1673; x_wconf 92' lang='lat' dir='ltr'>ut</span> <span class='ocrx_word' id='word_1_228' title='bbox 987 1627 1159 1672; x_wconf 91' lang='lat' dir='ltr'>ibidem</span> <span class='ocrx_word' id='word_1_229' title='bbox 1182 1630 1496 1670; x_wconf 89' lang='lat' dir='ltr'>Damascenus</span> <span class='ocrx_word' id='word_1_230' title='bbox 1514 1624 1640 1669; x_wconf 90' lang='lat' dir='ltr'>dicit.</span> <span class='ocrx_word' id='word_1_231' title='bbox 1661 1626 1779 1680; x_wconf 85' lang='lat' dir='ltr'>Ergo</span> <span class='ocrx_word' id='word_1_232' title='bbox 1811 1623 1950 1668; x_wconf 88' lang='lat' dir='ltr'>Filius</span> 
     </span>
     <span class='ocr_line' id='line_1_24' title="bbox 59 1685 1951 1747; baseline -0.002 -14"><span class='ocrx_word' id='word_1_233' title='bbox 59 1690 135 1734; x_wconf 90' lang='lat' dir='ltr'>Dei</span> <span class='ocrx_word' id='word_1_234' title='bbox 161 1703 255 1735; x_wconf 91' lang='lat' dir='ltr'>non</span> <span class='ocrx_word' id='word_1_235' title='bbox 274 1689 529 1747; x_wconf 87' lang='lat' dir='ltr'>assumpsit</span> <span class='ocrx_word' id='word_1_236' title='bbox 549 1690 802 1734; x_wconf 88' lang='lat' dir='ltr'>humanam</span> <span class='ocrx_word' id='word_1_237' title='bbox 821 1693 1053 1745; x_wconf 84' lang='lat' dir='ltr'>naturam,</span> <span class='ocrx_word' id='word_1_238' title='bbox 1074 1687 1333 1733; x_wconf 79' lang='lat' dir='ltr'>secundum</span> <span class='ocrx_word' id='word_1_239' title='bbox 1360 1687 1486 1744; x_wconf 83' lang='lat' dir='ltr'>quod</span> <span class='ocrx_word' id='word_1_240' title='bbox 1499 1692 1569 1730; x_wconf 88' lang='lat' dir='ltr'>est</span> <span class='ocrx_word' id='word_1_241' title='bbox 1589 1685 1617 1730; x_wconf 80' lang='lat' dir='ltr'>a</span> <span class='ocrx_word' id='word_1_242' title='bbox 1633 1685 1951 1742; x_wconf 80' lang='lat' dir='ltr'>singularibus</span> 
     </span>
     <span class='ocr_line' id='line_1_25' title="bbox 61 1755 288 1807; baseline 0.004 -13"><span class='ocrx_word' id='word_1_243' title='bbox 61 1755 288 1807; x_wconf 85' lang='lat' dir='ltr'>separata.</span> 
     </span>
    </p>

    <p class='ocr_par' dir='ltr' id='par_1_7' title="bbox 109 1814 1951 1865">
     <span class='ocr_line' id='line_1_26' title="bbox 109 1814 1951 1865; baseline -0.002 -8"><span class='ocrx_word' id='word_1_244' title='bbox 109 1817 398 1858; x_wconf 89' lang='lat' dir='ltr'>CONCLUSIO.</span> <span class='ocrx_word' id='word_1_245' title='bbox 413 1839 459 1848; x_wconf 89' lang='lat'>—</span> <span class='ocrx_word' id='word_1_246' title='bbox 476 1817 684 1865; x_wconf 88' lang='lat' dir='ltr'>Quoniam</span> <span class='ocrx_word' id='word_1_247' title='bbox 703 1820 853 1857; x_wconf 87' lang='lat' dir='ltr'>natura</span> <span class='ocrx_word' id='word_1_248' title='bbox 880 1817 1064 1856; x_wconf 89' lang='lat' dir='ltr'>humana</span> <span class='ocrx_word' id='word_1_249' title='bbox 1093 1815 1145 1856; x_wconf 89' lang='lat' dir='ltr'>ab</span> <span class='ocrx_word' id='word_1_250' title='bbox 1172 1816 1368 1856; x_wconf 90' lang='lat' dir='ltr'>omnibus</span> <span class='ocrx_word' id='word_1_251' title='bbox 1384 1815 1617 1856; x_wconf 86' lang='lat' dir='ltr'>individuis</span> <span class='ocrx_word' id='word_1_252' title='bbox 1641 1814 1840 1855; x_wconf 73' lang='lat' dir='ltr'>abstracta</span> <span class='ocrx_word' id='word_1_253' title='bbox 1866 1825 1951 1855; x_wconf 87' lang='lat' dir='ltr'>non</span> 
     </span>
    </p>

    <p class='ocr_par' dir='ltr' id='par_1_8' title="bbox 35 1869 1952 1976">
     <span class='ocr_line' id='line_1_27' title="bbox 35 1869 1952 1922; baseline -0.001 -11"><span class='ocrx_word' id='word_1_254' title='bbox 35 1893 38 1895; x_wconf 89' lang='lat'><em>-</em></span> <span class='ocrx_word' id='word_1_255' title='bbox 61 1870 224 1920; x_wconf 79' lang='lat' dir='ltr'>existit3</span> <span class='ocrx_word' id='word_1_256' title='bbox 249 1883 322 1912; x_wconf 89' lang='lat' dir='ltr'>nec</span> <span class='ocrx_word' id='word_1_257' title='bbox 347 1872 383 1911; x_wconf 88' lang='lat' dir='ltr'>si</span> <span class='ocrx_word' id='word_1_258' title='bbox 405 1876 522 1920; x_wconf 87' lang='lat' dir='ltr'>esset,</span> <span class='ocrx_word' id='word_1_259' title='bbox 539 1871 707 1918; x_wconf 89' lang='lat' dir='ltr'>mereri,</span> <span class='ocrx_word' id='word_1_260' title='bbox 727 1875 801 1911; x_wconf 86' lang='lat' dir='ltr'>aut</span> <span class='ocrx_word' id='word_1_261' title='bbox 818 1871 949 1911; x_wconf 87' lang='lat' dir='ltr'>videri</span> <span class='ocrx_word' id='word_1_262' title='bbox 968 1871 1175 1922; x_wconf 86' lang='lat' dir='ltr'>quispiam</span> <span class='ocrx_word' id='word_1_263' title='bbox 1193 1882 1262 1921; x_wconf 85' lang='lat' dir='ltr'>per</span> <span class='ocrx_word' id='word_1_264' title='bbox 1289 1882 1380 1910; x_wconf 85' lang='lat' dir='ltr'>eam</span> <span class='ocrx_word' id='word_1_265' title='bbox 1404 1873 1559 1922; x_wconf 90' lang='lat' dir='ltr'>posset;</span> <span class='ocrx_word' id='word_1_266' title='bbox 1586 1881 1678 1909; x_wconf 88' lang='lat' dir='ltr'>eam</span> <span class='ocrx_word' id='word_1_267' title='bbox 1697 1870 1756 1910; x_wconf 89' lang='lat' dir='ltr'>sic</span> <span class='ocrx_word' id='word_1_268' title='bbox 1775 1869 1952 1910; x_wconf 82' lang='lat' dir='ltr'>abstrac-</span> 
     </span>
     <span class='ocr_line' id='line_1_28' title="bbox 62 1925 1173 1976; baseline 0 -11"><span class='ocrx_word' id='word_1_269' title='bbox 62 1927 163 1975; x_wconf 66' lang='lat' dir='ltr'>tam,</span> <span class='ocrx_word' id='word_1_270' title='bbox 181 1925 207 1966; x_wconf 74' lang='lat' dir='ltr'>a</span> <span class='ocrx_word' id='word_1_271' title='bbox 226 1925 332 1966; x_wconf 89' lang='lat' dir='ltr'>Filio</span> <span class='ocrx_word' id='word_1_272' title='bbox 346 1926 420 1966; x_wconf 87' lang='lat' dir='ltr'>Dei</span> <span class='ocrx_word' id='word_1_273' title='bbox 435 1928 691 1976; x_wconf 85' lang='lat' dir='ltr'>assumptam</span> <span class='ocrx_word' id='word_1_274' title='bbox 706 1936 805 1974; x_wconf 87' lang='lat' dir='ltr'>esse,</span> <span class='ocrx_word' id='word_1_275' title='bbox 823 1926 951 1965; x_wconf 86' lang='lat' dir='ltr'>dicere</span> <span class='ocrx_word' id='word_1_276' title='bbox 967 1937 1049 1965; x_wconf 93' lang='lat' dir='ltr'>non</span> <span class='ocrx_word' id='word_1_277' title='bbox 1066 1926 1173 1966; x_wconf 87' lang='lat' dir='ltr'>licet.</span> 
     </span>
    </p>

    <p class='ocr_par' dir='ltr' id='par_1_9' title="bbox 61 1987 1953 3330">
     <span class='ocr_line' id='line_1_29' title="bbox 117 1987 1951 2045; baseline 0 -13"><span class='ocrx_word' id='word_1_278' title='bbox 117 1988 387 2045; x_wconf 87' lang='lat' dir='ltr'>Respondeo</span> <span class='ocrx_word' id='word_1_279' title='bbox 403 1987 653 2033; x_wconf 88' lang='lat' dir='ltr'>dicendum</span> <span class='ocrx_word' id='word_1_280' title='bbox 671 1987 798 2044; x_wconf 80' lang='lat' dir='ltr'>quod</span> <span class='ocrx_word' id='word_1_281' title='bbox 816 1991 984 2031; x_wconf 88' lang='lat' dir='ltr'>natura</span> <span class='ocrx_word' id='word_1_282' title='bbox 997 1988 1201 2032; x_wconf 90' lang='lat' dir='ltr'>hominis</span> <span class='ocrx_word' id='word_1_283' title='bbox 1216 1988 1291 2032; x_wconf 82' lang='lat' dir='ltr'>vel</span> <span class='ocrx_word' id='word_1_284' title='bbox 1312 1987 1651 2043; x_wconf 78' lang='lat' dir='ltr'>cuiuscumque</span> <span class='ocrx_word' id='word_1_285' title='bbox 1670 1987 1861 2031; x_wconf 87' lang='lat' dir='ltr'>alterius</span> <span class='ocrx_word' id='word_1_286' title='bbox 1884 1987 1951 2032; x_wconf 90' lang='lat' dir='ltr'>rei</span> 
     </span>
     <span class='ocr_line' id='line_1_30' title="bbox 62 2047 1953 2106; baseline 0 -14"><span class='ocrx_word' id='word_1_287' title='bbox 62 2049 311 2104; x_wconf 84' lang='lat' dir='ltr'>sensibilis,</span> <span class='ocrx_word' id='word_1_288' title='bbox 332 2053 499 2106; x_wconf 72' lang='lat' dir='ltr'>ptoeter</span> <span class='ocrx_word' id='word_1_289' title='bbox 520 2061 614 2092; x_wconf 83' lang='lat' dir='ltr'>esse</span> <span class='ocrx_word' id='word_1_290' title='bbox 631 2048 757 2105; x_wconf 88' lang='lat' dir='ltr'>quod</span> <span class='ocrx_word' id='word_1_291' title='bbox 779 2048 827 2092; x_wconf 91' lang='lat' dir='ltr'>in</span> <span class='ocrx_word' id='word_1_292' title='bbox 848 2048 1165 2104; x_wconf 85' lang='lat' dir='ltr'>singularibus</span> <span class='ocrx_word' id='word_1_293' title='bbox 1182 2049 1338 2105; x_wconf 88' lang='lat' dir='ltr'>habet,</span> <span class='ocrx_word' id='word_1_294' title='bbox 1371 2047 1616 2104; x_wconf 86' lang='lat' dir='ltr'>dupliciter</span> <span class='ocrx_word' id='word_1_295' title='bbox 1637 2051 1788 2103; x_wconf 87' lang='lat' dir='ltr'>potest</span> <span class='ocrx_word' id='word_1_296' title='bbox 1815 2047 1953 2092; x_wconf 88' lang='lat' dir='ltr'>intel-</span> 
     </span>
     <span class='ocr_line' id='line_1_31' title="bbox 61 2107 1951 2166; baseline -0.001 -13"><span class='ocrx_word' id='word_1_297' title='bbox 61 2109 142 2166; x_wconf 77' lang='lat' dir='ltr'>ligi</span> <span class='ocrx_word' id='word_1_298' title='bbox 164 2121 289 2153; x_wconf 83' lang='lat' dir='ltr'>:uno</span> <span class='ocrx_word' id='word_1_299' title='bbox 307 2110 463 2165; x_wconf 89' lang='lat' dir='ltr'>modo,</span> <span class='ocrx_word' id='word_1_300' title='bbox 485 2108 621 2166; x_wconf 78' lang='lat' dir='ltr'>quasi</span> <span class='ocrx_word' id='word_1_301' title='bbox 639 2121 723 2166; x_wconf 92' lang='lat' dir='ltr'>per</span> <span class='ocrx_word' id='word_1_302' title='bbox 740 2109 941 2165; x_wconf 90' lang='lat' dir='ltr'>seipsam</span> <span class='ocrx_word' id='word_1_303' title='bbox 960 2122 1053 2152; x_wconf 86' lang='lat' dir='ltr'>esse</span> <span class='ocrx_word' id='word_1_304' title='bbox 1067 2110 1234 2154; x_wconf 88' lang='lat' dir='ltr'>habeat</span> <span class='ocrx_word' id='word_1_305' title='bbox 1255 2113 1421 2166; x_wconf 82' lang='lat' dir='ltr'>praeter</span> <span class='ocrx_word' id='word_1_306' title='bbox 1437 2108 1696 2164; x_wconf 88' lang='lat' dir='ltr'>materiam,</span> <span class='ocrx_word' id='word_1_307' title='bbox 1718 2107 1840 2152; x_wconf 88' lang='lat' dir='ltr'>sicut</span> <span class='ocrx_word' id='word_1_308' title='bbox 1856 2108 1951 2152; x_wconf 88' lang='lat' dir='ltr'>Pla-</span> 
     </span>
     <span class='ocr_line' id='line_1_32' title="bbox 62 2169 1952 2227; baseline 0 -13"><span class='ocrx_word' id='word_1_309' title='bbox 62 2170 203 2215; x_wconf 88' lang='lat' dir='ltr'>tonici</span> <span class='ocrx_word' id='word_1_310' title='bbox 223 2175 508 2227; x_wconf 76' lang='lat' dir='ltr'>posuerunt3</span> <span class='ocrx_word' id='word_1_311' title='bbox 533 2169 623 2215; x_wconf 91' lang='lat' dir='ltr'>alio</span> <span class='ocrx_word' id='word_1_312' title='bbox 644 2170 801 2227; x_wconf 91' lang='lat' dir='ltr'>modo,</span> <span class='ocrx_word' id='word_1_313' title='bbox 834 2169 956 2215; x_wconf 91' lang='lat' dir='ltr'>sicut</span> <span class='ocrx_word' id='word_1_314' title='bbox 986 2170 1033 2213; x_wconf 90' lang='lat' dir='ltr'>in</span> <span class='ocrx_word' id='word_1_315' title='bbox 1061 2170 1300 2215; x_wconf 84' lang='lat' dir='ltr'>intellectu</span> <span class='ocrx_word' id='word_1_316' title='bbox 1321 2170 1528 2215; x_wconf 83' lang='lat' dir='ltr'>existens</span> <span class='ocrx_word' id='word_1_317' title='bbox 1551 2169 1628 2214; x_wconf 81' lang='lat' dir='ltr'>vel</span> <span class='ocrx_word' id='word_1_318' title='bbox 1647 2170 1854 2214; x_wconf 90' lang='lat' dir='ltr'>humano</span> <span class='ocrx_word' id='word_1_319' title='bbox 1875 2170 1952 2215; x_wconf 86' lang='lat' dir='ltr'>vel</span> 
     </span>
     <span class='ocr_line' id='line_1_33' title="bbox 63 2230 1949 2290; baseline -0.001 -13"><span class='ocrx_word' id='word_1_320' title='bbox 63 2231 236 2277; x_wconf 77' lang='lat' dir='ltr'>divino.</span> <span class='ocrx_word' id='word_1_321' title='bbox 255 2234 343 2277; x_wconf 50' lang='lat' dir='ltr'>*Per</span> <span class='ocrx_word' id='word_1_322' title='bbox 375 2244 426 2277; x_wconf 90' lang='lat' dir='ltr'>se</span> <span class='ocrx_word' id='word_1_323' title='bbox 447 2231 638 2288; x_wconf 89' lang='lat' dir='ltr'>quidem</span> <span class='ocrx_word' id='word_1_324' title='bbox 657 2231 912 2276; x_wconf 85' lang='lat' dir='ltr'>subsistere</span> <span class='ocrx_word' id='word_1_325' title='bbox 932 2243 1028 2274; x_wconf 90' lang='lat' dir='ltr'>non</span> <span class='ocrx_word' id='word_1_326' title='bbox 1050 2236 1219 2290; x_wconf 85' lang='lat' dir='ltr'>potest,</span> <span class='ocrx_word' id='word_1_327' title='bbox 1239 2236 1293 2276; x_wconf 92' lang='lat' dir='ltr'>ut</span> <span class='ocrx_word' id='word_1_328' title='bbox 1315 2232 1619 2288; x_wconf 84' lang='lat' dir='ltr'>Philosophus</span> <span class='ocrx_word' id='word_1_329' title='bbox 1640 2230 1807 2287; x_wconf 86' lang='lat' dir='ltr'>probat</span> <span class='ocrx_word' id='word_1_330' title='bbox 1831 2233 1949 2286; x_wconf 91' lang='lat' dir='ltr'>(Met.</span> 
     </span>
     <span class='ocr_line' id='line_1_34' title="bbox 63 2291 1952 2350; baseline 0.001 -14"><span class='ocrx_word' id='word_1_331' title='bbox 63 2291 143 2336; x_wconf 90' lang='lat' dir='ltr'>lib.</span> <span class='ocrx_word' id='word_1_332' title='bbox 166 2305 242 2349; x_wconf 79' lang='lat' dir='ltr'>vn,</span> <span class='ocrx_word' id='word_1_333' title='bbox 259 2297 372 2338; x_wconf 86' lang='lat' dir='ltr'>text.</span> <span class='ocrx_word' id='word_1_334' title='bbox 393 2296 464 2349; x_wconf 89' lang='grc'>26,</span> <span class='ocrx_word' id='word_1_335' title='bbox 483 2296 555 2346; x_wconf 81' lang='grc'>27,</span> <span class='ocrx_word' id='word_1_336' title='bbox 578 2295 650 2348; x_wconf 85' lang='grc'>39,</span> <span class='ocrx_word' id='word_1_337' title='bbox 671 2296 720 2338; x_wconf 79' lang='grc'>51</span> <span class='ocrx_word' id='word_1_338' title='bbox 745 2296 795 2337; x_wconf 85' lang='lat' dir='ltr'>et</span> <span class='ocrx_word' id='word_1_339' title='bbox 813 2297 932 2349; x_wconf 90' lang='lat' dir='ltr'>seq.)</span> <span class='ocrx_word' id='word_1_340' title='bbox 954 2306 968 2337; x_wconf 75' lang='lat' dir='ltr'>e</span> <span class='ocrx_word' id='word_1_341' title='bbox 992 2293 1102 2350; x_wconf 90' lang='lat' dir='ltr'>quia</span> <span class='ocrx_word' id='word_1_342' title='bbox 1124 2294 1183 2339; x_wconf 89' lang='lat' dir='ltr'>ad</span> <span class='ocrx_word' id='word_1_343' title='bbox 1205 2298 1420 2338; x_wconf 88' lang='lat' dir='ltr'>naturam</span> <span class='ocrx_word' id='word_1_344' title='bbox 1445 2292 1615 2350; x_wconf 87' lang='lat' dir='ltr'>speciei</span> <span class='ocrx_word' id='word_1_345' title='bbox 1648 2305 1806 2337; x_wconf 88' lang='lat' dir='ltr'>rerum</span> <span class='ocrx_word' id='word_1_346' title='bbox 1836 2305 1952 2338; x_wconf 91' lang='lat' dir='ltr'>sen—</span> 
     </span>
     <span class='ocr_line' id='line_1_35' title="bbox 64 2353 1952 2413; baseline 0.002 -15"><span class='ocrx_word' id='word_1_347' title='bbox 64 2353 268 2399; x_wconf 90' lang='lat' dir='ltr'>sibilium</span> <span class='ocrx_word' id='word_1_348' title='bbox 286 2354 487 2411; x_wconf 86' lang='lat' dir='ltr'>pertinet</span> <span class='ocrx_word' id='word_1_349' title='bbox 505 2354 699 2399; x_wconf 87' lang='lat' dir='ltr'>materia</span> <span class='ocrx_word' id='word_1_350' title='bbox 727 2353 978 2410; x_wconf 88' lang='lat' dir='ltr'>sensibilis,</span> <span class='ocrx_word' id='word_1_351' title='bbox 995 2367 1100 2411; x_wconf 81' lang='lat' dir='ltr'>quae</span> <span class='ocrx_word' id='word_1_352' title='bbox 1122 2355 1311 2412; x_wconf 88' lang='lat' dir='ltr'>ponitur</span> <span class='ocrx_word' id='word_1_353' title='bbox 1325 2356 1371 2399; x_wconf 94' lang='lat' dir='ltr'>in</span> <span class='ocrx_word' id='word_1_354' title='bbox 1396 2356 1499 2413; x_wconf 78' lang='lat' dir='ltr'>ers</span> <span class='ocrx_word' id='word_1_355' title='bbox 1521 2355 1804 2411; x_wconf 89' lang='lat' dir='ltr'>definitione,</span> <span class='ocrx_word' id='word_1_356' title='bbox 1831 2355 1952 2401; x_wconf 90' lang='lat' dir='ltr'>sicut</span> 
     </span>
     <span class='ocr_line' id='line_1_36' title="bbox 63 2415 1952 2474; baseline 0.002 -15"><span class='ocrx_word' id='word_1_357' title='bbox 63 2427 227 2460; x_wconf 87' lang='lat' dir='ltr'>carnes</span> <span class='ocrx_word' id='word_1_358' title='bbox 248 2419 296 2460; x_wconf 90' lang='lat' dir='ltr'>et</span> <span class='ocrx_word' id='word_1_359' title='bbox 310 2428 416 2460; x_wconf 91' lang='lat' dir='ltr'>ossa</span> <span class='ocrx_word' id='word_1_360' title='bbox 436 2416 485 2459; x_wconf 91' lang='lat' dir='ltr'>in</span> <span class='ocrx_word' id='word_1_361' title='bbox 510 2415 777 2461; x_wconf 89' lang='lat' dir='ltr'>definitione</span> <span class='ocrx_word' id='word_1_362' title='bbox 808 2415 1028 2460; x_wconf 88' lang='lat' dir='ltr'>hominis.</span> <span class='ocrx_word' id='word_1_363' title='bbox 1053 2418 1182 2462; x_wconf 90' lang='lat' dir='ltr'>Unde</span> <span class='ocrx_word' id='word_1_364' title='bbox 1212 2429 1308 2462; x_wconf 92' lang='lat' dir='ltr'>non</span> <span class='ocrx_word' id='word_1_365' title='bbox 1340 2420 1494 2474; x_wconf 89' lang='lat' dir='ltr'>potest</span> <span class='ocrx_word' id='word_1_366' title='bbox 1514 2429 1619 2461; x_wconf 91' lang='lat' dir='ltr'>esse</span> <span class='ocrx_word' id='word_1_367' title='bbox 1636 2416 1762 2474; x_wconf 81' lang='lat' dir='ltr'>quod</span> <span class='ocrx_word' id='word_1_368' title='bbox 1784 2422 1952 2462; x_wconf 87' lang='lat' dir='ltr'>natura</span> 
     </span>
     <span class='ocr_line' id='line_1_37' title="bbox 63 2476 1951 2533; baseline 0.002 -13"><span class='ocrx_word' id='word_1_369' title='bbox 63 2476 268 2521; x_wconf 89' lang='lat' dir='ltr'>humana</span> <span class='ocrx_word' id='word_1_370' title='bbox 285 2476 347 2521; x_wconf 90' lang='lat' dir='ltr'>sit</span> <span class='ocrx_word' id='word_1_371' title='bbox 367 2482 535 2533; x_wconf 87' lang='lat' dir='ltr'>praeter</span> <span class='ocrx_word' id='word_1_372' title='bbox 554 2477 797 2522; x_wconf 89' lang='lat' dir='ltr'>materiam</span> <span class='ocrx_word' id='word_1_373' title='bbox 813 2476 1099 2522; x_wconf 90' lang='lat' dir='ltr'>sensibilem.</span> <span class='ocrx_word' id='word_1_374' title='bbox 1126 2479 1170 2523; x_wconf 93' lang='lat' dir='ltr'>Si</span> <span class='ocrx_word' id='word_1_375' title='bbox 1189 2483 1345 2524; x_wconf 89' lang='lat' dir='ltr'>tamen</span> <span class='ocrx_word' id='word_1_376' title='bbox 1370 2482 1493 2524; x_wconf 92' lang='lat' dir='ltr'>esset</span> <span class='ocrx_word' id='word_1_377' title='bbox 1508 2478 1598 2523; x_wconf 94' lang='lat' dir='ltr'>hoc</span> <span class='ocrx_word' id='word_1_378' title='bbox 1614 2478 1754 2523; x_wconf 91' lang='lat' dir='ltr'>modo</span> <span class='ocrx_word' id='word_1_379' title='bbox 1772 2478 1951 2524; x_wconf 84' lang='lat' dir='ltr'>subsis-</span> 
     </span>
     <span class='ocr_line' id='line_1_38' title="bbox 65 2539 1948 2597; baseline 0.001 -15"><span class='ocrx_word' id='word_1_380' title='bbox 65 2542 168 2583; x_wconf 83' lang='lat' dir='ltr'>tens</span> <span class='ocrx_word' id='word_1_381' title='bbox 181 2543 348 2584; x_wconf 88' lang='lat' dir='ltr'>natura</span> <span class='ocrx_word' id='word_1_382' title='bbox 368 2539 590 2597; x_wconf 89' lang='lat' dir='ltr'>humana,</span> <span class='ocrx_word' id='word_1_383' title='bbox 614 2552 711 2585; x_wconf 89' lang='lat' dir='ltr'>non</span> <span class='ocrx_word' id='word_1_384' title='bbox 732 2540 899 2584; x_wconf 82' lang='lat' dir='ltr'>suisset</span> <span class='ocrx_word' id='word_1_385' title='bbox 920 2540 1205 2586; x_wconf 86' lang='lat' dir='ltr'>conveniens</span> <span class='ocrx_word' id='word_1_386' title='bbox 1223 2545 1277 2586; x_wconf 89' lang='lat' dir='ltr'>ut</span> <span class='ocrx_word' id='word_1_387' title='bbox 1294 2541 1323 2586; x_wconf 77' lang='lat' dir='ltr'>a</span> <span class='ocrx_word' id='word_1_388' title='bbox 1340 2541 1488 2586; x_wconf 86' lang='lat' dir='ltr'>Verbo</span> <span class='ocrx_word' id='word_1_389' title='bbox 1514 2541 1593 2586; x_wconf 90' lang='lat' dir='ltr'>Dei</span> <span class='ocrx_word' id='word_1_390' title='bbox 1616 2545 1948 2586; x_wconf 82' lang='lat' dir='ltr'>assumeretur.</span> 
     </span>
     <span class='ocr_line' id='line_1_39' title="bbox 65 2598 1951 2660; baseline 0.003 -17"><span class='ocrx_word' id='word_1_391' title='bbox 65 2598 212 2644; x_wconf 78' lang='lat' dir='ltr'>Primo</span> <span class='ocrx_word' id='word_1_392' title='bbox 233 2600 437 2660; x_wconf 88' lang='lat' dir='ltr'>quidem,</span> <span class='ocrx_word' id='word_1_393' title='bbox 463 2600 572 2658; x_wconf 89' lang='lat' dir='ltr'>quia</span> <span class='ocrx_word' id='word_1_394' title='bbox 593 2600 851 2658; x_wconf 88' lang='lat' dir='ltr'>assumptio</span> <span class='ocrx_word' id='word_1_395' title='bbox 878 2600 967 2645; x_wconf 91' lang='lat' dir='ltr'>ista</span> <span class='ocrx_word' id='word_1_396' title='bbox 989 2601 1266 2646; x_wconf 87' lang='lat' dir='ltr'>terminatur</span> <span class='ocrx_word' id='word_1_397' title='bbox 1288 2602 1348 2648; x_wconf 90' lang='lat' dir='ltr'>ad</span> <span class='ocrx_word' id='word_1_398' title='bbox 1373 2614 1621 2659; x_wconf 89' lang='lat' dir='ltr'>personam</span> <span class='ocrx_word' id='word_1_399' title='bbox 1643 2616 1655 2643; x_wconf 73' lang='grc' dir='ltr'><strong><em>ι</em></strong></span> <span class='ocrx_word' id='word_1_400' title='bbox 1684 2602 1773 2646; x_wconf 93' lang='lat' dir='ltr'>hoc</span> <span class='ocrx_word' id='word_1_401' title='bbox 1793 2607 1951 2648; x_wconf 89' lang='lat' dir='ltr'>autem</span> 
     </span>
     <span class='ocr_line' id='line_1_40' title="bbox 66 2660 1952 2720; baseline 0.002 -15"><span class='ocrx_word' id='word_1_402' title='bbox 66 2664 137 2706; x_wconf 88' lang='lat' dir='ltr'>est</span> <span class='ocrx_word' id='word_1_403' title='bbox 152 2665 312 2705; x_wconf 90' lang='lat' dir='ltr'>contra</span> <span class='ocrx_word' id='word_1_404' title='bbox 333 2660 559 2706; x_wconf 90' lang='lat' dir='ltr'>rationem</span> <span class='ocrx_word' id='word_1_405' title='bbox 590 2662 751 2707; x_wconf 86' lang='lat' dir='ltr'>formae</span> <span class='ocrx_word' id='word_1_406' title='bbox 781 2662 1060 2719; x_wconf 82' lang='lat' dir='ltr'>communiS,</span> <span class='ocrx_word' id='word_1_407' title='bbox 1086 2667 1138 2707; x_wconf 93' lang='lat' dir='ltr'>ut</span> <span class='ocrx_word' id='word_1_408' title='bbox 1157 2662 1218 2707; x_wconf 90' lang='lat' dir='ltr'>sit</span> <span class='ocrx_word' id='word_1_409' title='bbox 1239 2662 1289 2707; x_wconf 90' lang='lat' dir='ltr'>in</span> <span class='ocrx_word' id='word_1_410' title='bbox 1309 2675 1525 2720; x_wconf 85' lang='lat' dir='ltr'>persona,</span> <span class='ocrx_word' id='word_1_411' title='bbox 1546 2662 1656 2719; x_wconf 89' lang='lat' dir='ltr'>quia</span> <span class='ocrx_word' id='word_1_412' title='bbox 1676 2662 1724 2706; x_wconf 92' lang='lat' dir='ltr'>in</span> <span class='ocrx_word' id='word_1_413' title='bbox 1750 2676 1952 2719; x_wconf 84' lang='lat' dir='ltr'>persona</span> 
     </span>
     <span class='ocr_line' id='line_1_41' title="bbox 66 2720 1950 2782; baseline 0.003 -18"><span class='ocrx_word' id='word_1_414' title='bbox 66 2720 395 2767; x_wconf 80' lang='lat' dir='ltr'>individuatu&#39;r.</span> <span class='ocrx_word' id='word_1_415' title='bbox 427 2723 654 2780; x_wconf 81' lang='lat' dir='ltr'>Secundo,</span> <span class='ocrx_word' id='word_1_416' title='bbox 677 2723 791 2781; x_wconf 76' lang='lat' dir='ltr'>quia</span> <span class='ocrx_word' id='word_1_417' title='bbox 808 2729 986 2769; x_wconf 85' lang='lat' dir='ltr'>naturae</span> <span class='ocrx_word' id='word_1_418' title='bbox 1016 2724 1253 2780; x_wconf 87' lang='lat' dir='ltr'>communi</span> <span class='ocrx_word' id='word_1_419' title='bbox 1285 2737 1381 2769; x_wconf 90' lang='lat' dir='ltr'>non</span> <span class='ocrx_word' id='word_1_420' title='bbox 1412 2729 1610 2782; x_wconf 83' lang='lat' dir='ltr'>possunt</span> <span class='ocrx_word' id='word_1_421' title='bbox 1643 2725 1831 2769; x_wconf 89' lang='lat' dir='ltr'>attribui</span> <span class='ocrx_word' id='word_1_422' title='bbox 1860 2724 1950 2770; x_wconf 90' lang='lat' dir='ltr'>nisi</span> 
     </span>
     <span class='ocr_line' id='line_1_42' title="bbox 68 2781 1947 2847; baseline 0.002 -21"><span class='ocrx_word' id='word_1_423' title='bbox 68 2781 356 2847; x_wconf 83' lang='lat' dir='ltr'>operationes</span> <span class='ocrx_word' id='word_1_424' title='bbox 370 2796 643 2829; x_wconf 87' lang='lat' dir='ltr'>communes</span> <span class='ocrx_word' id='word_1_425' title='bbox 660 2790 706 2829; x_wconf 90' lang='lat' dir='ltr'>et</span> <span class='ocrx_word' id='word_1_426' title='bbox 722 2785 1027 2842; x_wconf 88' lang='lat' dir='ltr'>universales,</span> <span class='ocrx_word' id='word_1_427' title='bbox 1039 2786 1300 2831; x_wconf 79' lang='lat' dir='ltr'>secundum</span> <span class='ocrx_word' id='word_1_428' title='bbox 1317 2799 1435 2844; x_wconf 87' lang='lat' dir='ltr'>quas</span> <span class='ocrx_word' id='word_1_429' title='bbox 1453 2787 1593 2831; x_wconf 89' lang='lat' dir='ltr'>homo</span> <span class='ocrx_word' id='word_1_430' title='bbox 1611 2798 1705 2830; x_wconf 90' lang='lat' dir='ltr'>non</span> <span class='ocrx_word' id='word_1_431' title='bbox 1727 2790 1947 2843; x_wconf 89' lang='lat' dir='ltr'>meretur,</span> 
     </span>
     <span class='ocr_line' id='line_1_43' title="bbox 70 2844 1951 2905; baseline 0.003 -18"><span class='ocrx_word' id='word_1_432' title='bbox 70 2846 155 2887; x_wconf 86' lang='lat' dir='ltr'>nec</span> <span class='ocrx_word' id='word_1_433' title='bbox 168 2844 455 2903; x_wconf 81' lang='lat' dir='ltr'>demeretur3</span> <span class='ocrx_word' id='word_1_434' title='bbox 475 2849 582 2891; x_wconf 81' lang='lat' dir='ltr'>cum</span> <span class='ocrx_word' id='word_1_435' title='bbox 601 2851 759 2892; x_wconf 89' lang='lat' dir='ltr'>tamen</span> <span class='ocrx_word' id='word_1_436' title='bbox 778 2847 853 2892; x_wconf 87' lang='lat' dir='ltr'>illa</span> <span class='ocrx_word' id='word_1_437' title='bbox 871 2849 1128 2905; x_wconf 90' lang='lat' dir='ltr'>assumptio</span> <span class='ocrx_word' id='word_1_438' title='bbox 1148 2848 1206 2894; x_wconf 90' lang='lat' dir='ltr'>ad</span> <span class='ocrx_word' id='word_1_439' title='bbox 1222 2850 1310 2893; x_wconf 92' lang='lat' dir='ltr'>hoc</span> <span class='ocrx_word' id='word_1_440' title='bbox 1323 2850 1445 2894; x_wconf 83' lang='lat' dir='ltr'>facta</span> <span class='ocrx_word' id='word_1_441' title='bbox 1460 2848 1520 2893; x_wconf 92' lang='lat' dir='ltr'>sit</span> <span class='ocrx_word' id='word_1_442' title='bbox 1535 2852 1590 2892; x_wconf 93' lang='lat' dir='ltr'>ut</span> <span class='ocrx_word' id='word_1_443' title='bbox 1601 2847 1742 2892; x_wconf 89' lang='lat' dir='ltr'>Filius</span> <span class='ocrx_word' id='word_1_444' title='bbox 1759 2848 1854 2905; x_wconf 89' lang='lat' dir='ltr'>Dei,</span> <span class='ocrx_word' id='word_1_445' title='bbox 1872 2861 1951 2893; x_wconf 88' lang='lat' dir='ltr'>na·</span> 
     </span>
     <span class='ocr_line' id='line_1_44' title="bbox 73 2906 1952 2968; baseline 0.005 -20"><span class='ocrx_word' id='word_1_446' title='bbox 73 2906 174 2949; x_wconf 77' lang='lat' dir='ltr'>tura</span> <span class='ocrx_word' id='word_1_447' title='bbox 196 2909 450 2964; x_wconf 76' lang='lat' dir='ltr'>assumpta,</span> <span class='ocrx_word' id='word_1_448' title='bbox 473 2908 608 2954; x_wconf 91' lang='lat' dir='ltr'>nobis</span> <span class='ocrx_word' id='word_1_449' title='bbox 625 2914 897 2955; x_wconf 89' lang='lat' dir='ltr'>mereretur.</span> <span class='ocrx_word' id='word_1_450' title='bbox 927 2910 1093 2968; x_wconf 80' lang='lat' dir='ltr'>Tertio,</span> <span class='ocrx_word' id='word_1_451' title='bbox 1119 2910 1229 2967; x_wconf 86' lang='lat' dir='ltr'>quia</span> <span class='ocrx_word' id='word_1_452' title='bbox 1250 2915 1419 2956; x_wconf 88' lang='lat' dir='ltr'>natura</span> <span class='ocrx_word' id='word_1_453' title='bbox 1441 2911 1509 2956; x_wconf 92' lang='lat' dir='ltr'>sic</span> <span class='ocrx_word' id='word_1_454' title='bbox 1530 2910 1736 2954; x_wconf 86' lang='lat' dir='ltr'>existens</span> <span class='ocrx_word' id='word_1_455' title='bbox 1758 2923 1853 2954; x_wconf 91' lang='lat' dir='ltr'>non</span> <span class='ocrx_word' id='word_1_456' title='bbox 1879 2916 1952 2957; x_wconf 81' lang='lat' dir='ltr'>est</span> 
     </span>
     <span class='ocr_line' id='line_1_45' title="bbox 70 2966 1951 3029; baseline 0.004 -19"><span class='ocrx_word' id='word_1_457' title='bbox 70 2966 318 3024; x_wconf 88' lang='lat' dir='ltr'>sensibilis,</span> <span class='ocrx_word' id='word_1_458' title='bbox 340 2969 423 3013; x_wconf 90' lang='lat' dir='ltr'>sed</span> <span class='ocrx_word' id='word_1_459' title='bbox 438 2969 741 3027; x_wconf 85' lang='lat' dir='ltr'>intelligibilis</span> <span class='ocrx_word' id='word_1_460' title='bbox 760 2985 773 3017; x_wconf 90' lang='lat'>:</span> <span class='ocrx_word' id='word_1_461' title='bbox 793 2972 932 3017; x_wconf 88' lang='lat' dir='ltr'>Filius</span> <span class='ocrx_word' id='word_1_462' title='bbox 965 2981 1121 3017; x_wconf 83' lang='lat' dir='ltr'>autem</span> <span class='ocrx_word' id='word_1_463' title='bbox 1145 2973 1223 3017; x_wconf 91' lang='lat' dir='ltr'>Dei</span> <span class='ocrx_word' id='word_1_464' title='bbox 1249 2972 1502 3029; x_wconf 89' lang='lat' dir='ltr'>assumpsit</span> <span class='ocrx_word' id='word_1_465' title='bbox 1525 2973 1779 3016; x_wconf 90' lang='lat' dir='ltr'>humanam</span> <span class='ocrx_word' id='word_1_466' title='bbox 1810 2978 1951 3018; x_wconf 90' lang='lat' dir='ltr'>natu-</span> 
     </span>
     <span class='ocr_line' id='line_1_46' title="bbox 70 3028 1947 3094; baseline 0.004 -23"><span class='ocrx_word' id='word_1_467' title='bbox 70 3039 187 3085; x_wconf 89' lang='lat' dir='ltr'>ram,</span> <span class='ocrx_word' id='word_1_468' title='bbox 206 3032 260 3072; x_wconf 86' lang='lat' dir='ltr'>ut</span> <span class='ocrx_word' id='word_1_469' title='bbox 274 3028 541 3075; x_wconf 92' lang='lat' dir='ltr'>hominibus</span> <span class='ocrx_word' id='word_1_470' title='bbox 557 3030 607 3075; x_wconf 89' lang='lat' dir='ltr'>in</span> <span class='ocrx_word' id='word_1_471' title='bbox 629 3043 684 3077; x_wconf 91' lang='lat' dir='ltr'>ea</span> <span class='ocrx_word' id='word_1_472' title='bbox 708 3033 904 3079; x_wconf 85' lang='lat' dir='ltr'>visibilis</span> <span class='ocrx_word' id='word_1_473' title='bbox 929 3039 1186 3091; x_wconf 88' lang='lat' dir='ltr'>appareret,</span> <span class='ocrx_word' id='word_1_474' title='bbox 1215 3035 1474 3080; x_wconf 82' lang='lat' dir='ltr'>secundum</span> <span class='ocrx_word' id='word_1_475' title='bbox 1498 3033 1614 3079; x_wconf 93' lang='lat' dir='ltr'>illud</span> <span class='ocrx_word' id='word_1_476' title='bbox 1645 3035 1854 3091; x_wconf 89' lang='lat' dir='ltr'>(Baruch,</span> <span class='ocrx_word' id='word_1_477' title='bbox 1885 3049 1947 3094; x_wconf 85' lang='lat'>111,</span> 
     </span>
     <span class='ocr_line' id='line_1_47' title="bbox 69 3090 1949 3153; baseline 0.004 -19"><span class='ocrx_word' id='word_1_478' title='bbox 69 3090 140 3142; x_wconf 89' lang='lat'>38)</span> <span class='ocrx_word' id='word_1_479' title='bbox 165 3102 177 3132; x_wconf 73' lang='grc' dir='ltr'><strong>ε</strong></span> <span class='ocrx_word' id='word_1_480' title='bbox 201 3092 307 3134; x_wconf 74' lang='lat' dir='ltr'>Post</span> <span class='ocrx_word' id='word_1_481' title='bbox 334 3090 430 3134; x_wconf 75' lang='lat' dir='ltr'>haec</span> <span class='ocrx_word' id='word_1_482' title='bbox 445 3093 495 3133; x_wconf 78' lang='lat' dir='ltr'>in</span> <span class='ocrx_word' id='word_1_483' title='bbox 517 3095 651 3135; x_wconf 80' lang='lat' dir='ltr'>terris</span> <span class='ocrx_word' id='word_1_484' title='bbox 674 3097 793 3137; x_wconf 76' lang='lat' dir='ltr'>visus</span> <span class='ocrx_word' id='word_1_485' title='bbox 822 3098 905 3153; x_wconf 76' lang='lat' dir='ltr'>est,</span> <span class='ocrx_word' id='word_1_486' title='bbox 946 3100 988 3139; x_wconf 75' lang='lat' dir='ltr'>et</span> <span class='ocrx_word' id='word_1_487' title='bbox 1031 3110 1130 3140; x_wconf 82' lang='lat' dir='ltr'>cum</span> <span class='ocrx_word' id='word_1_488' title='bbox 1169 3097 1420 3140; x_wconf 75' lang='lat' dir='ltr'>hominibus</span> <span class='ocrx_word' id='word_1_489' title='bbox 1453 3099 1742 3140; x_wconf 76' lang='lat' dir='ltr'>conversatus</span> <span class='ocrx_word' id='word_1_490' title='bbox 1780 3100 1860 3141; x_wconf 69' lang='lat' dir='ltr'>est.</span> <span class='ocrx_word' id='word_1_491' title='bbox 1896 3121 1949 3131; x_wconf 93' lang='lat'>—-</span> 
     </span>
     <span class='ocr_line' id='line_1_48' title="bbox 72 3149 1949 3213; baseline 0.004 -19"><span class='ocrx_word' id='word_1_492' title='bbox 72 3149 287 3196; x_wconf 89' lang='lat' dir='ltr'>Similiter</span> <span class='ocrx_word' id='word_1_493' title='bbox 305 3152 444 3197; x_wconf 90' lang='lat' dir='ltr'>etiam</span> <span class='ocrx_word' id='word_1_494' title='bbox 473 3165 568 3198; x_wconf 91' lang='lat' dir='ltr'>non</span> <span class='ocrx_word' id='word_1_495' title='bbox 599 3154 748 3210; x_wconf 87' lang='lat' dir='ltr'>potuit</span> <span class='ocrx_word' id='word_1_496' title='bbox 769 3157 944 3201; x_wconf 92' lang='lat' dir='ltr'>assumi</span> <span class='ocrx_word' id='word_1_497' title='bbox 963 3158 1168 3202; x_wconf 87' lang='lat' dir='ltr'>humana</span> <span class='ocrx_word' id='word_1_498' title='bbox 1196 3162 1362 3202; x_wconf 88' lang='lat' dir='ltr'>natura</span> <span class='ocrx_word' id='word_1_499' title='bbox 1383 3157 1411 3201; x_wconf 80' lang='lat' dir='ltr'>a</span> <span class='ocrx_word' id='word_1_500' title='bbox 1430 3157 1541 3202; x_wconf 90' lang='lat' dir='ltr'>Filio</span> <span class='ocrx_word' id='word_1_501' title='bbox 1562 3157 1657 3213; x_wconf 92' lang='lat' dir='ltr'>Dei,</span> <span class='ocrx_word' id='word_1_502' title='bbox 1689 3158 1949 3202; x_wconf 79' lang='lat' dir='ltr'>secundum</span> 
     </span>
     <span class='ocr_line' id='line_1_49' title="bbox 70 3211 1944 3275; baseline 0.003 -19"><span class='ocrx_word' id='word_1_503' title='bbox 70 3211 194 3268; x_wconf 74' lang='lat' dir='ltr'>quod</span> <span class='ocrx_word' id='word_1_504' title='bbox 214 3213 352 3258; x_wconf 90' lang='lat' dir='ltr'>estin</span> <span class='ocrx_word' id='word_1_505' title='bbox 374 3214 613 3259; x_wconf 88' lang='lat' dir='ltr'>intellectu</span> <span class='ocrx_word' id='word_1_506' title='bbox 632 3215 815 3273; x_wconf 80' lang='lat' dir='ltr'>divin03</span> <span class='ocrx_word' id='word_1_507' title='bbox 839 3218 950 3273; x_wconf 89' lang='lat' dir='ltr'>quia</span> <span class='ocrx_word' id='word_1_508' title='bbox 965 3219 1033 3263; x_wconf 91' lang='lat' dir='ltr'>sic</span> <span class='ocrx_word' id='word_1_509' title='bbox 1051 3219 1166 3263; x_wconf 85' lang='lat' dir='ltr'>nihil</span> <span class='ocrx_word' id='word_1_510' title='bbox 1181 3219 1307 3264; x_wconf 90' lang='lat' dir='ltr'>aliud</span> <span class='ocrx_word' id='word_1_511' title='bbox 1326 3223 1397 3264; x_wconf 92' lang='lat' dir='ltr'>est</span> <span class='ocrx_word' id='word_1_512' title='bbox 1415 3219 1555 3275; x_wconf 79' lang='lat' dir='ltr'>quam</span> <span class='ocrx_word' id='word_1_513' title='bbox 1578 3223 1744 3263; x_wconf 91' lang='lat' dir='ltr'>natura</span> <span class='ocrx_word' id='word_1_514' title='bbox 1765 3219 1944 3274; x_wconf 78' lang='lat' dir='ltr'>divina3</span> 
     </span>
     <span class='ocr_line' id='line_1_50' title="bbox 70 3275 1947 3330; baseline 0.003 -13"><span class='ocrx_word' id='word_1_515' title='bbox 70 3277 118 3317; x_wconf 88' lang='lat' dir='ltr'>et</span> <span class='ocrx_word' id='word_1_516' title='bbox 136 3286 219 3330; x_wconf 90' lang='lat' dir='ltr'>per</span> <span class='ocrx_word' id='word_1_517' title='bbox 232 3275 357 3319; x_wconf 92' lang='lat' dir='ltr'>hunc</span> <span class='ocrx_word' id='word_1_518' title='bbox 371 3277 561 3321; x_wconf 89' lang='lat' dir='ltr'>modum</span> <span class='ocrx_word' id='word_1_519' title='bbox 578 3276 636 3321; x_wconf 88' lang='lat' dir='ltr'>ab</span> <span class='ocrx_word' id='word_1_520' title='bbox 653 3281 826 3322; x_wconf 83' lang='lat' dir='ltr'>aeterno</span> <span class='ocrx_word' id='word_1_521' title='bbox 843 3284 968 3323; x_wconf 89' lang='lat' dir='ltr'>esset</span> <span class='ocrx_word' id='word_1_522' title='bbox 988 3280 1037 3324; x_wconf 90' lang='lat' dir='ltr'>in</span> <span class='ocrx_word' id='word_1_523' title='bbox 1057 3281 1168 3324; x_wconf 87' lang='lat' dir='ltr'>Filio</span> <span class='ocrx_word' id='word_1_524' title='bbox 1184 3281 1260 3326; x_wconf 91' lang='lat' dir='ltr'>Dei</span> <span class='ocrx_word' id='word_1_525' title='bbox 1283 3282 1488 3325; x_wconf 85' lang='lat' dir='ltr'>humana</span> <span class='ocrx_word' id='word_1_526' title='bbox 1509 3285 1692 3325; x_wconf 87' lang='lat' dir='ltr'>natura.</span> <span class='ocrx_word' id='word_1_527' title='bbox 1710 3305 1761 3312; x_wconf 94' lang='lat'><em>-</em></span> <span class='ocrx_word' id='word_1_528' title='bbox 1779 3279 1947 3324; x_wconf 86' lang='lat' dir='ltr'>Simili-</span> 
     </span>
    </p>
   </div>
   <div class='ocr_carea' id='block_1_3' title="bbox 69 3375 1945 3514">
    <p class='ocr_par' dir='ltr' id='par_1_10' title="bbox 69 3375 1945 3514">
     <span class='ocr_line' id='line_1_51' title="bbox 111 3375 1945 3423; baseline 0.003 -14"><span class='ocrx_word' id='word_1_529' title='bbox 111 3375 154 3416; x_wconf 70' lang='lat' dir='ltr'>(l)</span> <span class='ocrx_word' id='word_1_530' title='bbox 171 3375 248 3410; x_wconf 82' lang='lat' dir='ltr'>Sive</span> <span class='ocrx_word' id='word_1_531' title='bbox 262 3376 471 3416; x_wconf 70' lang='lat' dir='ltr'>figmentum.</span> <span class='ocrx_word' id='word_1_532' title='bbox 482 3377 559 3419; x_wconf 79' lang='lat' dir='ltr'>quia</span> <span class='ocrx_word' id='word_1_533' title='bbox 577 3378 702 3412; x_wconf 75' lang='lat' dir='ltr'>scilicet</span> <span class='ocrx_word' id='word_1_534' title='bbox 710 3391 748 3413; x_wconf 82' lang='lat' dir='ltr'>eo</span> <span class='ocrx_word' id='word_1_535' title='bbox 766 3380 865 3413; x_wconf 78' lang='lat' dir='ltr'>modo</span> <span class='ocrx_word' id='word_1_536' title='bbox 884 3392 966 3414; x_wconf 84' lang='lat' dir='ltr'>con·</span> <span class='ocrx_word' id='word_1_537' title='bbox 1050 3394 1087 3415; x_wconf 86' lang='lat' dir='ltr'>ex</span> <span class='ocrx_word' id='word_1_538' title='bbox 1102 3394 1166 3423; x_wconf 82' lang='lat' dir='ltr'>qua</span> <span class='ocrx_word' id='word_1_539' title='bbox 1181 3383 1275 3416; x_wconf 83' lang='lat' dir='ltr'>unita</span> <span class='ocrx_word' id='word_1_540' title='bbox 1290 3382 1401 3417; x_wconf 69' lang='lat' dir='ltr'>Verbo</span> <span class='ocrx_word' id='word_1_541' title='bbox 1433 3383 1621 3417; x_wconf 76' lang='lat' dir='ltr'>incarnatio</span> <span class='ocrx_word' id='word_1_542' title='bbox 1633 3395 1711 3418; x_wconf 79' lang='lat' dir='ltr'>vera</span> <span class='ocrx_word' id='word_1_543' title='bbox 1735 3381 1945 3416; x_wconf 67' lang='lat' dir='ltr'>denominari</span> 
     </span>
     <span class='ocr_line' id='line_1_52' title="bbox 69 3423 1696 3471; baseline 0.006 -16"><span class='ocrx_word' id='word_1_544' title='bbox 69 3423 215 3457; x_wconf 77' lang='lat' dir='ltr'>siderata</span> <span class='ocrx_word' id='word_1_545' title='bbox 242 3424 293 3458; x_wconf 85' lang='lat' dir='ltr'>vel</span> <span class='ocrx_word' id='word_1_546' title='bbox 319 3430 450 3465; x_wconf 69' lang='lat' dir='ltr'>accepta</span> <span class='ocrx_word' id='word_1_547' title='bbox 477 3429 594 3459; x_wconf 77' lang='lat' dir='ltr'>natura</span> <span class='ocrx_word' id='word_1_548' title='bbox 621 3425 751 3460; x_wconf 83' lang='lat' dir='ltr'>nullum</span> <span class='ocrx_word' id='word_1_549' title='bbox 778 3438 846 3461; x_wconf 84' lang='lat' dir='ltr'>esse</span> <span class='ocrx_word' id='word_1_550' title='bbox 875 3427 965 3462; x_wconf 85' lang='lat' dir='ltr'>reale</span> <span class='ocrx_word' id='word_1_551' title='bbox 1049 3430 1163 3470; x_wconf 73' lang='lat' dir='ltr'>pos-sit,</span> <span class='ocrx_word' id='word_1_552' title='bbox 1183 3430 1240 3464; x_wconf 88' lang='lat' dir='ltr'>sed</span> <span class='ocrx_word' id='word_1_553' title='bbox 1260 3431 1378 3466; x_wconf 66' lang='lat' dir='ltr'>fictitie</span> <span class='ocrx_word' id='word_1_554' title='bbox 1398 3432 1526 3465; x_wconf 76' lang='lat' dir='ltr'>tantum</span> <span class='ocrx_word' id='word_1_555' title='bbox 1544 3431 1696 3471; x_wconf 72' lang='lat' dir='ltr'>cogitari.</span> 
     </span>
     <span class='ocr_line' id='line_1_53' title="bbox 71 3469 964 3514; baseline 0.009 -12"><span class='ocrx_word' id='word_1_556' title='bbox 71 3472 147 3504; x_wconf 71' lang='lat' dir='ltr'>netu</span> <span class='ocrx_word' id='word_1_557' title='bbox 161 3469 281 3512; x_wconf 81' lang='lat' dir='ltr'>habct;</span> <span class='ocrx_word' id='word_1_558' title='bbox 297 3483 357 3506; x_wconf 83' lang='lat' dir='ltr'>nec</span> <span class='ocrx_word' id='word_1_559' title='bbox 369 3472 435 3506; x_wconf 66' lang='lat' dir='ltr'>dici</span> <span class='ocrx_word' id='word_1_560' title='bbox 448 3477 554 3514; x_wconf 80' lang='lat' dir='ltr'>potest</span> <span class='ocrx_word' id='word_1_561' title='bbox 571 3473 691 3509; x_wconf 85' lang='lat' dir='ltr'>habere</span> <span class='ocrx_word' id='word_1_562' title='bbox 704 3485 814 3509; x_wconf 86' lang='lat' dir='ltr'>veram</span> <span class='ocrx_word' id='word_1_563' title='bbox 831 3487 964 3510; x_wconf 75' lang='lat' dir='ltr'>carnem</span> 
     </span>
    </p>
   </div>
  </div>
 </body>
</html>
