2170 3808
118 254 202 298 586
247 283 251 287 —
754 252 955 304 QUAEST.
985 252 1161 304 LXVIII,
1190 253 1311 296 ART.
1340 253 1378 297 1.

119 332 244 389 quod
261 332 287 376 a
309 332 408 378 suis
429 331 704 390 parentibus
723 331 968 387 diligenter
984 331 1298 378 instruantur.
1316 333 1361 378 Si
1381 338 1534 380 tamen
1555 346 1855 392 quocumque
1875 334 2015 380 modo

115 395 348 440 sentirent
383 393 700 451 contrarium,
742 398 1016 438 tenerentur
1055 394 1316 440 secundum
1354 408 1495 441 suum
1528 397 1721 442 modum
1756 396 1894 441 saluti
1917 397 2015 454 spil-

119 456 354 501 ritualium
374 453 578 500 filiorum
601 467 764 501 curam
786 456 1075 513 impendere.

170 518 237 562 Ad
258 522 459 574 primum
479 530 591 574 ergo
619 517 894 574 dicendum,
915 518 1039 575 quod
1070 517 1151 563 ubi
1181 517 1447 564 immineret
1470 520 1730 576 periculum
1746 554 1759 576 ,
1782 524 2016 577 oporteret

115 589 219 624 esse
248 579 451 635 aliquem
483 579 671 624 doctum
697 579 745 623 in
779 579 975 635 divinis,
1000 579 1124 624 sicut
1148 579 1394 637 Dionysius
1423 581 1534 626 dicit
1559 583 1748 635 (Eccles.
1785 581 2012 627 hierarch.

115 652 217 697 cap.
244 645 287 696 7,
308 654 429 685 vers.
452 641 571 699 fin.),
599 641 680 698 qui
702 641 986 699 baptizatum
1018 643 1077 687 de
1096 654 1231 687 sacro
1254 643 1384 688 sonte
1406 643 1688 700 susciperet3
1711 643 1794 688 sed
1823 644 1903 688 ubi
1927 644 2016 690 hoc

115 702 375 758 periculum
398 715 491 747 non
513 703 743 759 imminet,
763 710 953 761 propter
974 704 1064 748 hoc
1086 704 1212 761 quod
1230 704 1363 761 pueri
1384 704 1655 749 nutriuntur
1675 705 1798 750 inter
1818 705 2015 750 camuli-⁴

114 775 220 820 cos,
242 765 552 810 admittuntur
582 765 868 823 quicumque
896 766 953 810 ad
983 766 1072 810 hoc
1095 766 1328 823 officium3
1353 766 1465 824 quia
1492 779 1548 812 ea
1570 779 1675 825 quae
1698 767 1934 824 pertinent
1954 768 2014 813 ad

114 824 416 870 christianam
435 827 577 871 vitam
599 832 646 872 et
665 827 804 872 fidem
819 859 833 884 ,
853 828 1039 884 publice
1065 827 1285 872 omnibus
1307 833 1417 872 nota
1445 832 1571 873 sunt.
1596 833 1808 874 Attamen
1831 828 1909 873 ille
1932 829 2014 887 qui

113 899 209 932 non
233 894 303 933 est
325 889 609 946 baptizatus,
646 902 740 934 non
766 894 919 946 potest
941 890 1179 947 suscipere
1200 889 1486 948 baptizatum
1511 892 1598 950 (1),
1627 897 1680 936 ut
1702 897 1774 937 est
1803 891 2011 936 declara-

115 954 214 996 tum
250 950 299 996 in
329 952 526 996 concilio
558 953 827 1008 Moguntino
849 952 1061 1005 (habetur
1095 964 1198 1010 cap.
1229 956 1284 996 In
1319 953 1620 1009 baptismate,
1655 956 1717 998 De
1750 958 2013 999 consecrat.

114 1011 220 1058 dist.
240 1016 303 1069 4),
327 1014 433 1058 licet
457 1027 548 1058 non
570 1014 830 1071 baptizatus
849 1016 998 1072 possit
1018 1015 1268 1072 baptizare3
1292 1015 1403 1072 quia
1424 1027 1625 1072 persona
1646 1015 1923 1073 baptizantis
1942 1025 2015 1062 est

114 1072 172 1119 de
193 1076 472 1121 necessitate
495 1077 797 1134 sacramenti,
819 1089 914 1121 non
935 1082 1090 1122 autem
1122 1088 1322 1134 persona
1344 1076 1669 1136 suscipientis,
1693 1078 1815 1123 sicut
1836 1078 2013 1123 dictum

113 1139 186 1182 est
207 1142 308 1189 (art.
333 1150 474 1194 praec.
496 1139 554 1183 ad
578 1141 638 1193 2).

167 1199 236 1244 Ad
255 1202 499 1244 secundum
521 1200 792 1257 dicendum,
811 1200 939 1257 quod
967 1200 1089 1245 sicut
1107 1204 1181 1246 est
1202 1200 1293 1246 alia
1317 1200 1556 1257 generatio
1574 1201 1828 1257 spiritualis
1852 1202 1880 1247 a
1907 1214 2014 1248 car-

113 1260 233 1316 nali,
261 1261 325 1305 ita
348 1262 488 1306 etiam
518 1262 655 1307 debet
677 1275 780 1308 esse
803 1262 893 1307 alia
923 1261 1191 1318 disciplina,
1223 1262 1483 1307 secundum
1505 1261 1622 1307 illud
1641 1263 1794 1316 (Hebr.
1824 1276 1910 1320 xn,
1931 1265 2010 1319 9):

111 1325 274 1367 Patres
295 1325 474 1379 quidem
498 1327 652 1368 caruis
675 1328 839 1368 nostrae
854 1324 1093 1369 habuimus
1116 1325 1388 1381 eruditores,
1412 1330 1457 1368 et
1476 1325 1791 1368 reverebamur
1810 1338 1898 1382 eos,
1922 1339 2013 1369 uon

112 1384 256 1429 multo
284 1389 430 1443 maqis
452 1386 854 1444 obtemperabimus
882 1388 1016 1429 Patri
1048 1388 1317 1443 spirituum,
1348 1389 1393 1430 et
1426 1386 1655 1430 vivemus?
1675 1389 1729 1431 Et
1760 1386 1864 1432 ideo
1892 1386 2012 1432 alius

112 1445 251 1492 debet
285 1459 391 1492 esse
420 1452 552 1504 pater
574 1447 830 1505 spiritualis
863 1446 891 1491 a
923 1452 1054 1504 patre
1084 1447 1288 1504 carnali,
1315 1447 1406 1492 nisi
1439 1447 1697 1492 necessitas
1725 1448 2011 1493 contrarium

139 1520 166 1551 x
273 1543 284 1554 .

110 1519 137 1552 e
165 1514 438 1609 Ᾰὲᾱᾶξὲενιίαηι
469 1565 736 1621 dicendum,
768 1563 894 1621 quod
922 1564 1135 1610 confusio
1163 1568 1290 1609 esset
1312 1563 1596 1620 disciplinae,
1621 1553 1712 1608 nisi
1739 1569 1864 1610 esset
1883 1577 2011 1610 unus

110 1625 381 1683 principalis
413 1626 696 1684 instructor,
730 1630 777 1672 et
799 1625 902 1672 ideo
929 1626 977 1670 in
1013 1626 1244 1682 bapfismo
1272 1638 1399 1671 unus
1428 1625 1571 1671 debet
1599 1638 1706 1672 esse
1739 1625 2012 1686 principalis

109 1695 353 1746 susceptor
373 1690 458 1745 (2);
483 1688 561 1732 alii
585 1693 741 1735 tamen
761 1693 962 1747 possunt
981 1687 1163 1732 admitti
1181 1689 1318 1746 quasi
1340 1688 1650 1746 coadjutores·

781 1804 1090 1869 QUAESTIO
1132 1803 1334 1859 LXVIII
1341 1846 1350 1854 .

234 1922 297 1959 DE
332 1922 713 1959 SUSCIPIEN'I'IBUS
744 1923 1036 1972 BAPTISMUM,
1063 1923 1111 1958 IN
1143 1921 1387 1959 DUODECIM
1419 1921 1681 1959 ARTICULOS
1712 1922 1882 1960 mvlSA.

158 2013 311 2055 Deinde
327 2014 672 2054 considerandum
689 2017 750 2054 est
767 2013 818 2054 de
841 2013 1168 2065 suscipientibus
1184 2013 1463 2065 baptismum;
1478 2016 1520 2053 et
1540 2013 1644 2054 circa
1673 2012 1749 2054 hoc
1765 2015 2011 2065 quaeruntur

107 2069 354 2113 duodecim:
380 2075 416 2109 1ο
444 2069 591 2110 Utrum
612 2080 757 2109 omnes
787 2072 1006 2109 teneantur
1033 2068 1085 2109 ad
1104 2068 1416 2120 suscipiendum
1443 2068 1713 2120 baptismum.
1739 2091 1783 2099 -
1802 2075 1841 2109 2⁰
1863 2068 2011 2111 Utrum

106 2125 260 2178 aliquis
290 2124 418 2176 possit
452 2124 603 2164 salvari
623 2125 712 2165 sine
740 2123 963 2177 baptismo.
1002 2147 1047 2155 -
1072 2130 1112 2165 3ο
1151 2124 1301 2165 Ὀῑτὺω
1346 2124 1578 2175 baptismus
1594 2124 1649 2164 sit
1675 2123 1939 2164 differendus.
1961 2146 2011 2152 —

108 2186 148 2222 4⁰
169 2180 317 2221 Utrum
331 2183 554 2229 peccatores
578 2178 665 2218 sint
679 2179 994 2230 baptizandi.—
1011 2186 1050 2220 5⁰
1072 2179 1221 2220 Utrum
1236 2178 1512 2231 peccatoribus
1528 2178 1746 2230 baptizatis
1763 2179 1848 2218 sint
1869 2179 2008 2231 impo-

108 2235 244 2277 nenda
258 2245 377 2286 opera
393 2234 677 2274 satisfactoria.
695 2256 741 2263 -
758 2239 798 2274 6⁰
815 2234 962 2274 Utrfim
979 2235 1214 2286 requiratur
1231 2233 1429 2274 confessio
1445 2236 1718 2284 peccatorum.
1739 2255 1786 2263 -
1805 2238 1843 2274 7ο
1859 2233 2010 2274 Utrum

107 2291 339 2344 requiratur
371 2289 547 2330 intentio
580 2301 627 2330 ex
657 2293 769 2342 parte
790 2289 1001 2341 baptizati.
1023 2312 1069 2320 -
1087 2295 1126 2330 8⁰
1150 2289 1300 2330 Utrum
1332 2289 1567 2341 requiratur
1592 2289 1705 2330 fides.
1725 2311 1776 2319 —
1796 2293 1837 2330 9⁰
1861 2288 2010 2340 Utrum

111 2347 225 2398 pueri
242 2346 328 2385 sint
348 2343 600 2393 baptizandi.
617 2367 669 2375 —
686 2350 748 2386 10ο
765 2345 913 2386 Utrum
937 2346 1049 2397 pueri
1068 2346 1089 2386 J
1095 2344 1307 2385 udaeorum
1323 2347 1410 2385 sint
1435 2344 1674 2396 baptizandi
1699 2344 1844 2386 invitis
1865 2356 2009 2398 paren-

108 2400 234 2442 tibus».
252 2421 299 2429 —
320 2404 379 2439 11υ
393 2399 542 2439 Utrum
558 2400 688 2451 aliqui
701 2400 785 2440 sint
805 2400 1041 2451 baptizandi
1059 2402 1105 2440 in
1119 2400 1320 2440 maternis
1337 2399 1465 2440 uteris
1478 2399 1710 2441 existentes.
1726 2405 1850 2441 -12ο
1863 2400 2006 2441 Utrum

106 2456 251 2497 furiosi
271 2458 311 2494 et
326 2458 511 2494 amentes
526 2455 614 2495 sint
632 2454 885 2508 baptizandi.

162 2513 512 2556 ARTICULUS
540 2515 576 2556 1.
601 2537 659 2544 —
676 2525 813 2555 urium
831 2525 969 2555 omes
993 2524 1247 2555 ‘rum-,Amuli
1264 2524 1316 2554 An
1341 2524 1648 2555 suscssrnom-:m
1669 2524 1854 2554 BArrisnu
1875 2514 1951 2566 (3).

106 2576 157 2612 De
175 2575 229 2611 his
243 2573 347 2610 etiam
364 2573 469 2616 infra,
484 2578 599 2616 quaest.
621 2582 698 2615 Lxx,
719 2578 785 2609 art.
801 2573 823 2608 2
839 2573 882 2608 ad
899 2574 931 2612 5,
948 2578 983 2608 et
999 2575 1093 2608 Sent.
1114 2581 1164 2614 lv,
1178 2578 1297 2614 quaest.
1316 2581 1371 2615 111,
1394 2577 1460 2606 art.
1477 2573 1510 2612 5,
1528 2576 1644 2613 quaest.
1659 2580 1685 2607 11
1706 2583 1798 2614 corp.
1816 2576 1852 2607 et
1867 2571 1910 2607 nd
1924 2574 1958 2613 5,
1975 2577 2005 2608 et

408 2623 487 2658 dist.
502 2623 536 2663 6,
553 2627 670 2665 quast.
685 2632 710 2664 1,
729 2625 797 2658 art.
812 2622 846 2663 t.
864 2625 983 2664 quaest.
1001 2631 1012 2656 ι
1032 2634 1125 2663 corp.
1145 2626 1180 2658 et
1199 2622 1298 2657 Cont.
1313 2625 1406 2662 gent.
1427 2620 1488 2655 lib.
1504 2629 1552 2662 lv,
1573 2631 1645 2662 cap,
1660 2620 1715 2655 71.

161 2672 229 2718 Ad
250 2671 455 2730 primum
488 2671 557 2716 sic
589 2671 872 2728 proceditur.
906 2675 950 2716 1.
978 2671 1166 2715 Videtur
1195 2670 1321 2727 quod
1350 2681 1445 2714 non
1473 2673 1723 2714 teneantur
1753 2681 1920 2714 omnes
1949 2670 2008 2715 ad

105 2737 454 2794 susceptionem
477 2734 715 2791 baptismi,
739 2736 824 2778 Per
843 2733 1074 2778 Christum
1094 2733 1218 2778 enim
1240 2744 1334 2777 non
1354 2735 1426 2776 est
1443 2731 1711 2776 hominibus
1735 2736 1912 2776 arctata
1932 2731 2010 2777 via

107 2798 290 2843 salutis.
314 2798 402 2843 Sed
425 2801 533 2842 ante
555 2796 720 2841 Christi
754 2796 1009 2841 adventum
1034 2799 1250 2853 poterant
1277 2794 1492 2839 homines
1521 2793 1690 2838 salvari
1713 2794 1814 2839 sine
1836 2793 2008 2852 baptis-

106 2871 202 2904 mo.
226 2861 346 2916 Ergo
369 2864 416 2905 et
435 2863 543 2916 post
561 2858 727 2903 Christi
750 2858 1024 2903 adventum.

161 2923 206 2967 2.
237 2924 491 2978 Praeterea,
514 2921 779 2979 baptismus
809 2919 1014 2965 maxime
1043 2919 1230 2965 videtur
1257 2930 1363 2963 esse
1392 2918 1637 2963 institutus
1669 2918 1718 2962 in
1749 2918 2008 2964 remedium

1100 3028 1306 3072 Baptismum
1326 3029 1363 3064 in
1390 3039 1478 3070 aqua
1506 3031 1720 3072 reiecerunt;
1737 3028 1907 3071 pelagiani
1932 3041 2009 3065 con·

147 3031 192 3075 (t)
210 3031 260 3066 De
275 3032 318 3067 iis
330 3032 389 3073 qui
407 3031 448 3066 ab
463 3031 527 3066 hoe
542 3042 686 3066 munere
701 3029 908 3072 prohibendi
920 3034 1014 3066 sunt.

1099 3078 1283 3113 tenderunt
1306 3077 1514 3120 baptismum
1532 3088 1601 3111 non
1619 3089 1689 3112 esse
1714 3077 1941 3112 necessarium
1966 3078 2008 3113 ad

104 3079 158 3115 Cf.
180 3078 374 3123 Theoloqie
391 3079 533 3114 morale
551 3079 625 3112 DD.
645 3078 799 3122 Gousset,
814 3082 839 3112 t.
854 3086 895 3119 u,
911 3077 1015 3119 p.„67.

146 3125 190 3169 (2)
208 3127 296 3161 Hinc
322 3126 506 3161 concilium
530 3126 776 3161 'tridentinum
802 3125 892 3167 (sess.
919 3133 1013 3166 xxw,

104 3186 179 3217 cap.
203 3173 237 3213 2)
258 3187 267 3207 :
291 3174 435 3208 Statuit
459 3177 501 3209 ut
519 3184 619 3209 unus
640 3173 809 3214 tantum,
835 3174 909 3210 sive
932 3174 1013 3216 vir,

105 3225 180 3258 sive
203 3223 352 3263 mulier,
380 3223 437 3257 vel
465 3223 516 3257 ad
541 3233 725 3259 summum
750 3233 850 3258 unus
877 3225 911 3259 et
935 3233 1014 3258 una

104 3270 333 3313 baptizatum
343 3271 387 3305 de
399 3271 578 3315 baptismo
590 3271 814 3315 suscipiam.
827 3271 870 3306 Et
881 3270 1014 3306 Rituale

105 3330 285 3354 romanum
309 3333 317 3353 ι
336 3319 523 3354 Patrinus
542 3330 640 3354 unus
668 3320 825 3361 tantiam,
842 3319 916 3354 sive
939 3320 1014 3359 vir,

103 3367 179 3401 sive
199 3367 358 3408 mulier,
383 3367 439 3402 vel
467 3367 518 3401 ad
538 3377 722 3402 summum
748 3378 848 3403 unus
875 3370 907 3402 et
936 3377 1015 3402 uua

105 3414 380 3458 adhibeantur,-
412 3416 476 3450 secl
511 3416 626 3451 simul
653 3426 730 3451 non
762 3416 1016 3451 admittuntur

104 3461 178 3497 duo
195 3464 271 3497 viri
287 3468 354 3499 aut
378 3464 461 3498 duoe
479 3464 669 3499 mulieres.

145 3511 189 3555 (5)
207 3513 333 3548 Praeter
364 3513 564 3550 mauichoeoa
588 3516 623 3549 et
649 3512 733 3550 alios
761 3512 937 3549 haereticos
956 3512 1017 3556 qui

1100 3127 1372 3169 consequendum
1389 3138 1531 3166 regnum
1545 3126 1727 3168 coelorum;
1744 3125 1896 3166 Wicleff,
1909 3125 2008 3161 Zuin·

1100 3175 1186 3217 glius
1197 3181 1231 3210 et
1244 3176 1392 3212 Bucerus
1404 3174 1658 3210 dixeruntillud
1671 3180 1923 3210 sacramentum
1938 3186 2006 3210 non

1100 3235 1169 3258 esse
1201 3223 1427 3259 necessarium
1447 3222 1636 3258 infantibus
1663 3221 1929 3264 praedestinatis3
1953 3233 2007 3257 so-

1099 3271 1227 3307 ciniani
1244 3271 1434 3308 docuerunt
1451 3282 1522 3306 non
1538 3281 1607 3305 esse
1626 3275 1831 3312 praeceptum
1864 3269 2007 3304 univer-

1099 3319 1166 3355 sale
1186 3324 1220 3354 et
1246 3325 1463 3362 perpetuum,
1479 3318 1538 3353 sed
1552 3330 1614 3360 pro
1634 3320 1736 3353 certis
1753 3317 1906 3359 personis
1915 3323 1950 3352 et
1964 3317 2006 3352 ad

1100 3372 1243 3409 tempus.
1259 3368 1385 3403 Contra
1401 3379 1485 3410 quos
1509 3366 1939 3401 conciliumTridentinum
1952 3365 2005 3401 de-

1100 3416 1216 3452 finivit
1233 3417 1323 3458 (sess.
1339 3424 1403 3457 vu,
1419 3426 1495 3451 can.
1511 3415 1545 3456 5)
1561 3428 1571 3449 ε
1593 3415 1638 3450 Si
1658 3416 1742 3460 quis
1758 3414 1901 3450 dixerit
1918 3414 2003 3457 bap-

1103 3465 1251 3500 tismum
1273 3463 1433 3500 liberum
1448 3473 1546 3505 esse,
1565 3463 1629 3499 hoc
1652 3466 1715 3506 est,
1737 3473 1814 3499 uon
1831 3470 2000 3499 neeessa-

1102 3514 1203 3549 rium
1222 3511 1272 3547 ad
1287 3512 1465 3556 salutem3
1481 3513 1680 3548 anathema
1689 3512 1756 3547 sit.
