2170 3808
776 182 1150 251 QUAEST.'LXX1,
1173 195 1292 239 aar.
1322 196 1356 240 1.
1462 242 1464 246 f
1934 197 2016 243 623

810 327 1116 391 QUAESTIO
1157 326 1340 382 LXXI.

214 445 276 482 nn
313 444 702 481 PRAEPARA'ronus
740 446 852 489 QUAE
893 447 1034 483 snum.
1076 446 1393 483 coNcnRRuNr
1433 446 1527 483 cum
1566 446 1801 483 nar'nsuo
1841 433 1928 497 (1),

669 514 717 550 m
751 513 972 557 Quaruon
1002 515 1261 552 Ammonos
1288 515 1455 552 minsa.

173 605 327 646 Deinde
343 603 688 645 considerandum
704 609 764 646 est
777 606 829 646 de
844 606 1144 658 praeparatoriis
1163 618 1254 657 quae
1269 605 1396 645 simul
1415 610 1665 646 concurrunt
1679 617 1775 647 cum
1787 606 2013 662 baptism03

127 662 167 700 et
195 661 300 700 circa
327 659 404 700 hoc
432 664 681 712 quaeruntur
709 665 912 712 quatuor:
949 666 989 700 1⁰
1006 662 1153 702 Utrum
1170 661 1445 701 catechismus
1473 660 1616 701 debeat
1634 661 1852 713 praecedere
1868 642 2015 714 baptis-

127 724 260 754 mum.
278 735 323 743 -—
340 721 378 754 2·
399 714 545 754 Utrum
576 715 828 765 baptismum
851 715 993 756 debeat
1025 715 1244 766 praecedere
1272 716 1532 755 exorcismus.
1546 737 1595 745 —-
1614 721 1652 755 3·
1675 715 1821 756 Utrum
1849 727 1896 756 ea
1922 728 2014 768 qum

129 773 309 819 aguntur
335 770 380 810 in
407 769 651 810 catechismo
681 775 720 811 et
744 772 988 820 exorcismo,
1018 771 1177 821 aliquid
1206 771 1410 820 efficiant,
1432 769 1497 811 vel
1531 771 1666 811 solnm
1694 771 2013 822 significent.—

129 826 172 866 40
185 824 331 865 Utrum
345 825 583 877 baptizandi
598 826 768 867 debeant
782 827 1023 868 catechizari
1040 827 1104 868 vel
1119 828 1337 868 exorcizari
1354 838 1424 879 per
1440 826 1674 867 sacerdotes.

199 903 544 946 ARTICULUS
563 906 600 947 1.
621 926 678 937 -
694 916 834 946 uranu
858 916 1136 948 carsscmsuus
1158 918 1318 947 oanan
1344 917 1594 947 marcennae
1617 916 1847 948 mensuum
1866 907 1942 960 (2).

564 978 611 1012 De
626 977 679 1012 his
700 977 803 1012 etiam
819 976 916 1013 Sent.
932 986 983 1021 iv,
999 979 1077 1013 dist.
1097 979 1134 1020 6,
1147 983 1262 1020 quaest.
1278 988 1318 1020 ιι,
1338 983 1404 1013 art.
1423 983 1541 1022 quest.
1556 987 1583 1014 Ι.

184 1038 251 1084 Ad
271 1039 474 1096 primum
497 1039 564 1083 sic
579 1038 860 1096 proceditur.
882 1042 903 1083 1
914 1071 926 1083 .
938 1038 1125 1083 Videtur
1139 1038 1264 1095 quod
1280 1039 1588 1084 catechismus
1608 1051 1701 1083 non
1717 1039 1884 1084 debeat
1898 1052 2016 1097 prae—

127 1101 294 1147 cedere
318 1102 622 1158 baptismum.
644 1104 728 1146 Per
756 1101 1040 1159 baptismum
1065 1101 1189 1145 enim
1213 1106 1547 1157 regenerantur
1571 1101 1783 1147 homines
1805 1102 1854 1145 in
1870 1102 2012 1146 vitam

129 1163 430 1219 spiritualem.
465 1163 553 1208 Sed
588 1163 720 1220 prius
752 1163 893 1207 homo
926 1163 1093 1220 accipit
1122 1163 1264 1207 vitam
1295 1163 1437 1220 quam
1469 1163 1743 1209 doctrinam.
1775 1166 1874 1209 Non
1901 1175 2014 1221 ergo

128 1224 259 1281 prius
280 1224 417 1270 debet
438 1225 578 1269 homo
600 1224 891 1280 catechizari,
912 1224 960 1269 id
978 1229 1066 1279 est,
1086 1223 1258 1280 doceri,
1285 1224 1426 1281 quam
1448 1224 1684 1281 baptizari.

184 1289 227 1332 2.
257 1289 498 1343 Praeterea,
516 1287 780 1344 baptismus
801 1286 1044 1331 exhibetur
1062 1298 1157 1329 non
1188 1286 1341 1331 solum
1371 1286 1558 1342 adultiS,
1582 1287 1666 1332 sed
1697 1287 1837 1334 etiam
1858 1288 2015 1344 pueris

126 1349 323 1406 quinon
342 1353 456 1393 sunt
479 1348 700 1392 doctrinae
721 1359 942 1404 capaces,
963 1347 1020 1391 eo
1038 1346 1164 1403 quod
1188 1360 1283 1391 non
1308 1345 1481 1421 habent
1500 1359 1640 1392 usum
1668 1348 1876 1394 rationis.
1896 1352 2015 1407 Ergo

129 1408 376 1455 ridiculum
395 1415 467 1455 est
487 1422 569 1454 eos
588 1410 886 1454 catechizare.

183 1474 227 1516 3.
245 1472 515 1538 Proeterea,
503 1485 552 1515 1n
567 1472 849 1517 catechismo
865 1471 1112 1516 confitetur
1125 1472 1437 1517 catechizatus
1453 1484 1589 1516 suam
1605 1471 1763 1517 fidem.
1783 1473 1870 1517 Sed
1885 1474 2015 1529 pueri

131 1545 224 1576 non
243 1539 442 1589 possunt
461 1545 595 1577 suam
617 1533 758 1578 fidem
775 1533 982 1578 confiteri
1005 1545 1159 1590 neque
1178 1545 1262 1589 per
1284 1533 1489 1589 seipsos
1512 1545 1666 1590 neque
1687 1535 1825 1578 etiam
1847 1535 2015 1591 aliquis

130 1594 250 1638 alius
273 1607 358 1652 pro
377 1595 463 1650 eis3
484 1602 583 1639 tum
602 1595 712 1653 quia
731 1595 890 1640 nullus
910 1598 1063 1652 potest
1078 1595 1221 1638 alium
1240 1595 1295 1639 ad
1320 1594 1495 1652 aliquid
1510 1596 1736 1652 obligare3
1761 1601 1861 1642 tum
1876 1597 2015 1643 etiam

82 1663 85 1665 ·
131 1656 240 1713 quia
262 1669 357 1700 non
376 1660 530 1714 potest
551 1657 719 1712 aliquis
738 1657 857 1702 scire
878 1659 1038 1700 utrum
1055 1656 1203 1712 pueri,
1223 1660 1332 1700 cum
1354 1656 1412 1701 ad
1435 1656 1689 1714 legitimam
1708 1661 1890 1701 aetatem
1913 1669 2015 1713 per-

131 1718 361 1773 venerint,
385 1719 643 1763 assentiant
660 1719 783 1765 fidei.
803 1720 902 1762 Non
922 1730 1034 1775 ergo
1056 1717 1193 1763 debet
1218 1717 1529 1763 catechismus
1554 1719 1816 1776 praecedere
1844 1719 2014 1776 baptis-

131 1791 276 1825 mum.

187 1842 277 1888 Sed
306 1845 469 1886 contra
490 1846 563 1887 est
582 1843 708 1898 quod
732 1842 951 1886 Rabanus
980 1844 1058 1896 (De
1079 1840 1372 1886 institutione
1393 1841 1549 1886 cleric.
1577 1840 1659 1886 lib.
1690 1855 1735 1898 1,
1759 1853 1862 1898 cap.
1895 1844 1967 1899 25,
1986 1842 2016 1886 a

131 1904 273 1958 med.)
294 1903 407 1948 dicit
434 1918 447 1948 ε
481 1915 511 1942 κ·
531 1907 647 1949 Ante
678 1904 963 1960 baptismum
990 1902 1303 1949 catechizandi
1335 1902 1473 1949 debet
1504 1902 1740 1950 hominem
1759 1903 2016 1960 praevenire

131 1964 355 2021 officium,
378 1969 432 2010 ut
449 1961 558 2010 fidei
577 1965 780 2022 primum
800 1964 1165 2010 catechumenus
1188 1963 1381 2020 accipiat
1397 1963 1729 2010 rudimentum.
1747 1981 1770 2004 υ

180 2033 473 2074 CONCLUSIO.
489 2055 538 2063 -
557 2033 663 2074 Cum
688 2033 919 2086 baptismus
945 2032 1002 2073 sit
1019 2035 1322 2073 sacramentum
1345 2031 1457 2079 fidei,
1493 2032 1545 2073 ad
1567 2043 1693 2084 quam
1713 2031 2017 2085 suscipiendam

132 2088 348 2130 instructio
363 2088 601 2140 requiritur,
615 2088 888 2130 catechismus
899 2088 1154 2139 baptismum
1167 2087 1453 2128 convenienter
1473 2086 1677 2139 praecedit.

188 2151 463 2208 Respondeo
481 2151 733 2197 dicendum
750 2150 891 2208 quod,
912 2151 1034 2195 sicut
1051 2162 1193 2206 supra
1211 2150 1385 2195 dictum
1405 2154 1475 2195 est
1491 2152 1672 2207 (quaest.
1693 2161 1832 2206 praec.
1851 2154 1938 2195 art.
1954 2152 2012 2207 1),

134 2213 395 2270 baptismus
417 2218 490 2259 est
508 2213 616 2258 fidei
638 2214 903 2259 christianae
925 2216 1267 2257 sacramentum
1282 2245 1295 2266 ,
1328 2215 1436 2256 cum
1464 2211 1524 2256 sit
1550 2211 1762 2269 quaedam
1791 2211 2016 2268 professio

135 2275 239 2320 fidei
255 2275 532 2320 christianae.
554 2275 618 2320 Ad
634 2276 724 2320 hoc
739 2280 895 2321 autem
911 2273 1035 2331 quod
1055 2273 1222 2331 aliquis
1242 2274 1379 2319 fidem
1398 2274 1609 2331 accipiat,
1628 2274 1876 2332 requiritur
1890 2273 2016 2330 quod

135 2337 183 2382 in
206 2337 297 2383 fide
315 2338 589 2393 instruatur,
606 2337 867 2383 secundum
887 2337 1002 2382 illud
1019 2338 1160 2389 (Rom.
1184 2349 1229 2391 x,
1251 2339 1322 2389 14)
1344 2351 1355 2380 ε
1381 2337 1613 2393 Quomodo
1630 2336 1814 2380 credent
1835 2339 1875 2380 ei
1887 2349 2015 2392 quem

134 2412 222 2443 mm
255 2399 534 2444 audierunt?
562 2400 782 2454 quomodo
814 2402 966 2444 autem
997 2399 1185 2442 audient
1216 2400 1311 2442 sine
1342 2397 1654 2455 praedicante?
1688 2399 1742 2443 Et
1773 2396 1877 2442 ideo
1907 2402 2015 2443 ante

133 2459 416 2518 baptismum
437 2461 773 2507 convenienter
791 2459 1011 2519 praecedit
1031 2459 1358 2504 catechismus.
1382 2485 1431 2490 -
1456 2459 1581 2505 Unde
1596 2465 1642 2504 et
1658 2459 1879 2504 Dominus
1902 2472 2015 2516 proe-

133 2527 320 2580 ceptum
341 2523 605 2580 baptizandi
625 2522 867 2580 discipulis
892 2521 1107 2577 tradenS,
1130 2521 1366 2579 praemittit
1391 2521 1650 2567 doctrinam
1671 2521 1916 2578 baptism0‚
1941 2521 2016 2569 di-

131 2595 247 2630 cens
262 2585 430 2640 (Matth.
451 2585 535 2629 ult.
556 2586 627 2638 19)
646 2599 657 2628 ε
678 2587 850 2627 Euntes
872 2584 1029 2627 docete
1046 2595 1196 2626 omnes
1217 2588 1387 2639 qentes,
1408 2583 1689 2640 baptizantes
1712 2596 1800 2638 εοε,
1826 2587 1912 2627 etc.

187 2645 255 2691 Ad
274 2648 473 2701 primum
493 2657 606 2702 ergo
621 2645 887 2703 dicendum,
907 2644 1032 2703 qued
1045 2643 1140 2688 vita
1159 2644 1337 2698 gratiae,
1354 2644 1400 2687 in
1425 2656 1518 2700 qua
1535 2653 1834 2700 regeneratur
1848 2643 2016 2700 aliquis

130 2717 218 2764 vper
232 2706 531 2763 baptismum,
553 2706 871 2764 praesupponit
890 2707 1034 2751 vitam
1051 2708 1230 2751 naturae
1250 2705 1505 2760 rationalia
1526 2704 1573 2751 in
1593 2717 1687 2763 qua
1705 2705 1843 2751 homo
1866 2709 2016 2761 potest

132 2779 238 2815 esse
258 2768 489 2826 particeps
506 2768 745 2813 doctrinae.

188 2830 254 2876 Ad
268 2831 513 2875 secundum
532 2830 797 2885 dicendum,
814 2829 940 2887 quod
966 2829 1088 2876 sicut
1105 2833 1255 2875 mater
1268 2829 1486 2884 Ecclesia,
1507 2832 1561 2873 ut
1590 2841 1734 2885 supra
1751 2828 1926 2873 dictum
1943 2834 2016 2876 est

137 2896 316 2953 (quaest.
339 2905 450 2948 tx1x,
474 2897 563 2936 art.
587 2894 614 2937 6
633 2892 692 2937 ad
714 2891 778 2948 3),
804 2890 1125 2936 accommodat
1153 2889 1311 2947 pueris
1328 2888 1615 2946 baptizandis
1640 2889 1830 2934 aliorum
1855 2890 2013 2947 pedes,

136 2958 187 3001 ut
208 2953 416 3008 veniant,
435 2958 483 2998 et
506 2953 700 2998 aliorum
724 2965 820 3008 cor,
837 2957 892 2998 ut
908 2952 1118 3007 credant3
1144 2952 1208 2996 ita
1241 2951 1380 2995 etiam
1399 2951 1716 2997 accommodat
1734 2951 1801 2995 eis
1821 2952 2015 2999 allorum

136 3026 288 3071 aurea,
311 3020 365 3060 ut
385 3015 592 3068 audiant
614 3019 662 3060 et
681 3015 983 3072 intellectum,
1008 3019 1060 3058 ut
1070 3026 1154 3070 per
1175 3014 1288 3057 alios
1306 3013 1625 3069 instruantur·
1647 3017 1696 3059 et
1715 3012 1816 3059 ideo
1852 3014 2015 3062 eadem

131 3078 312 3124 ratione
326 3083 439 3123 sunt
457 3078 772 3123 catechizandi
795 3080 889 3138 qua
903 3083 1015 3123 sunt
1029 3077 1305 3149 baptizandi.

188 3141 255 3186 Ad
278 3143 458 3184 tertium
472 3140 719 3185 dicendum
726 3140 876 3197 ,quod
889 3141 966 3185 ille
978 3140 1057 3198 qui
1072 3152 1155 3196 pro
1170 3152 1314 3195 puero
1324 3138 1554 3195 baptizato
1565 3139 1831 3197 respondet,
1852 3140 2011 3198 Credo,

134 3213 229 3247 non
246 3202 452 3260 praedicit
463 3214 660 3259 puerum
672 3203 973 3261 crediturum,
994 3203 1102 3248 cum
1117 3202 1176 3246 ad
1191 3201 1426 3257 legitimos
1439 3213 1589 3247 annos
1605 3202 1893 3258 pervenerit3
1909 3202 2017 3249 alio-

176 3331 223 3374 (Ι)
235 3332 275 3367 In
290 3332 353 3367 hac
368 3333 550 3374 quaestione
569 3334 604 3367 S.
626 3333 773 3368 Thomas
791 3333 859 3374 agit
873 3334 914 3368 de
937 3345 1033 3368 caere-
1159 3333 1202 3374 (2)
1220 3332 1450 3367 Catechismus
1465 3332 1504 3366 de
1531 3344 1596 3373 quo
1612 3333 1667 3367 hic
1688 3332 1797 3371 agitur
1813 3333 2015 3370 substantia-

134 3380 259 3414 moniis
277 3379 460 3423 baptismi;
478 3393 518 3416 ea
533 3381 574 3415 de
592 3393 629 3414 re
648 3381 795 3415 conferri
812 3384 923 3422 potest
939 3382 1033 3416 Cate-
1117 3381 1196 3415 liter
1214 3380 1364 3415 consistit
1385 3380 1420 3415 in
1435 3378 1617 3415 sufficienti
1633 3380 1787 3415 doctrina
1803 3392 1916 3415 rerum
1934 3382 2014 3418 fidei

132 3427 283 3463 chismus
301 3439 460 3463 romanus
477 3431 576 3471 (part.
592 3429 636 3473 lI,
654 3437 692 3463 n·
710 3429 764 3470 69)
1120 3432 1154 3463 et
1167 3440 1315 3464 morum.
