2170 3808
130 210 216 254 312
725 205 928 258 QUAEST.
957 205 1152 259 XXXVII,
1183 206 1303 250 ART.
1333 206 1402 250 111.

129 291 247 347 legis
269 291 552 348 referuntur,
573 289 695 334 sicut
712 289 865 345 figura
886 288 945 334 ad
958 289 1215 333 veritatem.
1239 289 1326 334 Sed
1347 289 1509 334 hostiae
1531 302 1625 335 non
1651 288 1790 335 debet
1811 302 1916 336 esse
1937 291 2028 338 alia

130 353 296 397 hostia.
314 356 434 408 Ergo
449 365 543 397 non
559 351 648 396 fuit
663 351 950 396 conveniens
967 355 1021 395 ut
1037 363 1122 408 pro
1137 350 1316 395 Christo
1339 351 1428 396 alia
1446 352 1598 397 hostia
1612 353 1872 397 offerretur.

184 418 227 459 4.
247 418 487 470 Praeterea,
506 413 630 458 inter
647 413 822 469 legales
837 412 1012 458 hostias
1027 412 1261 469 praecipua
1273 412 1364 457 fuit
1381 425 1532 470 agnus
1545 415 1738 471 quierat
1751 414 1866 470 juge
1888 415 2028 459 sacri-

129 476 304 532 ficium,
325 481 378 520 ut
397 476 596 520 hahetur
612 477 815 530 (Numer.
830 475 998 532 xxvln),
1017 475 1143 519 unde
1161 475 1299 519 etiam
1311 475 1518 520 Christus
1530 476 1695 521 dicitur
1711 487 1863 532 agnus
1879 478 2025 528 (Joan.

130 551 161 593 1,
178 540 248 592 29)
264 552 276 582 :
292 541 406 582 Ecce
419 541 578 595 Aqnus
595 542 694 583 Dei.
708 538 850 594 Magis
869 550 979 593 ergo
994 537 1082 582 fuit
1097 537 1384 581 conveniens
1402 537 1523 593 quod
1540 551 1624 595 pro
1641 539 1819 583 Christo
1834 537 2028 584 offerre-

130 603 208 643 tur
229 610 381 656 agnus
404 601 546 657 quam
558 613 649 657 par
665 604 897 644 turturum
917 599 993 644 vel
1015 599 1104 643 duo
1121 599 1241 656 pulli
1261 599 1582 645 columbarum.

187 661 275 705 Sed
287 662 335 705 in
351 665 638 705 contrarium
655 666 728 706 est
741 661 994 706 auctoritas
1011 660 1275 719 scripturae,
1295 673 1402 717 quae
1417 661 1506 706 hoc
1519 662 1694 706 factum
1712 673 1816 706 esse
1830 663 2028 706 testatur

130 723 252 776 (Luc.
276 725 337 778 11).

180 790 469 832 CONGLUSIO.
491 813 542 821 -
554 791 659 832 Cum
679 790 868 830 Christus
888 789 1068 830 voluerit
1087 791 1164 831 sub
1181 789 1270 840 lege
1291 791 1395 840 fieri,
1418 794 1460 831 et
1474 802 1522 832 ex
1539 795 1671 832 matre
1683 790 1806 831 fuerit
1824 790 2025 842 primoge-

132 843 261 895 nitus,
282 858 515 897 congruum
528 846 624 895 fuit,
639 849 688 885 ut
699 845 745 885 in
757 845 912 896 templo
921 849 1230 895 praesentaretur
1244 858 1340 887 cum
1355 845 1631 887 oblationibus
1646 848 1690 887 in
1706 846 1793 897 lege
1806 847 2024 898 praeoeptis.

188 910 461 966 Respondeo
484 909 736 954 dicendum
767 909 907 966 quod,
930 909 1052 953 sicut
1074 908 1251 954 dictum
1269 914 1339 954 est
1366 912 1469 963 (art.
1488 914 1510 954 1
1534 910 1631 966 huj.
1654 922 1735 967 qu.
1756 910 1804 954 in
1823 921 1951 966 corp.
1980 915 2028 955 et

131 971 191 1016 ad
211 974 273 1030 3),
294 973 501 1017 Christus
523 972 672 1016 voluit
699 972 788 1016 sub
808 972 912 1028 lege
929 970 1046 1025 fieri,
1070 975 1123 1014 nt
1146 985 1218 1015 eos
1236 975 1314 1027 qui
1334 972 1415 1016 sub
1435 972 1531 1028 leqe
1548 976 1682 1016 erant
1705 972 1960 1028 redimeret,
1980 977 2028 1016 et

130 1038 184 1078 ut
206 1035 476 1091 J'ustificatio
494 1034 612 1091 legis
639 1035 689 1078 in
709 1034 809 1079 suis
840 1034 1065 1079 membris
1085 1034 1388 1090 spiritualiter
1414 1034 1683 1091 impleretur
1711 1035 1783 1089 (1).
1812 1036 1875 1077 De
1897 1034 2027 1090 prole

131 1100 289 1141 autem
321 1103 432 1141 nata
457 1097 632 1152 duplex
653 1102 938 1154 praeceptum
972 1097 1021 1140 in
1048 1096 1152 1153 lege
1179 1096 1392 1141 traditur.
1423 1098 1574 1141 Unum
1596 1096 1782 1153 quidem
1811 1097 2028 1151 generale

131 1160 285 1215 quoad
305 1172 487 1217 omnes,
508 1164 562 1204 ut
587 1160 764 1205 scilicet
781 1159 1024 1216 completis
1046 1159 1213 1203 diebus
1234 1159 1570 1216 purificationis
1587 1158 1766 1214 matris,
1785 1158 2029 1204 offerretur

132 1219 413 1265 sacrificium
427 1234 513 1278 pro
535 1219 631 1265 filio
645 1223 744 1266 sive
763 1234 849 1279 pro
862 1221 1037 1281 filia,th
1055 1221 1252 1266 habetur
1268 1222 1427 1276 (Levit.
1451 1223 1541 1276 xn).
1563 1224 1617 1265 Et
1633 1221 1721 1265 hoc
1739 1221 1927 1278 quidem
1949 1233 2028 1265 sa-

132 1283 356 1328 crificium
380 1288 481 1328 erat
496 1284 618 1328 etad
642 1283 954 1341 expiationem
974 1284 1151 1341 peccati
1176 1286 1235 1338 (2)
1258 1284 1308 1328 in
1333 1297 1427 1341 quo
1446 1284 1601 1340 proles
1623 1289 1722 1328 erat
1738 1287 1961 1339 concepta
1981 1289 2027 1328 et

131 1350 257 1402 nata,
289 1351 335 1390 et
353 1347 493 1391 etiam
510 1346 568 1391 ad
590 1347 991 1391 consecrationem
1009 1345 1260 1402 quamdam
1280 1346 1447 1404 ipsius,
1465 1346 1575 1403 quia
1594 1350 1708 1390 tunc
1730 1345 1880 1401 primo
1905 1358 2030 1403 prae-

132 1408 401 1454 sentabatur
414 1409 463 1452 in
479 1409 653 1464 templo
671 1423 682 1452 z
697 1413 744 1453 et
763 1408 868 1453 ideo
886 1408 1063 1465 aliquid
1075 1408 1357 1453 offerebatur
1371 1409 1419 1452 in
1433 1409 1777 1463 holocaustum,
1793 1413 1840 1452 et
1852 1408 2026 1466 aliquid

130 1482 216 1525 pro
234 1475 439 1526 peccato.
460 1470 595 1515 Aliud
607 1474 763 1515 autem
785 1475 1068 1527 praeceptum
1081 1475 1180 1514 erat
1201 1470 1401 1526 speciale
1420 1470 1468 1513 in
1487 1471 1590 1526 lege
1608 1470 1667 1514 de
1685 1470 2024 1526 primogenitis,

132 1537 225 1575 tam
247 1533 293 1576 in
310 1532 579 1576 hominibus
594 1531 735 1589 quam
748 1533 795 1576 in
807 1532 1050 1589 Jumentis.
1070 1531 1162 1576 Sibi
1182 1532 1308 1576 enim
1327 1531 1549 1576 Dominus
1569 1531 1870 1587 deputaverat
1886 1543 2029 1576 omne

130 1594 496 1651 primogenitum
529 1594 731 1638 filiorum
762 1595 918 1650 Israel,
943 1607 1028 1651 pro
1056 1607 1114 1639 eo
1133 1595 1258 1651 quod
1279 1594 1339 1639 ad
1360 1594 1681 1639 liberationem
1708 1592 1867 1650 populi
1887 1595 2026 1639 lsrael

131 1661 427 1711 percusserat
448 1659 753 1714 primoqenita
771 1660 965 1714 AEqypti
983 1657 1040 1700 ab
1069 1658 1250 1700 homine
1279 1670 1416 1713 usque
1445 1658 1508 1700 ad
1528 1670 1684 1714 pecu8‚
1706 1656 2028 1712 primogenitis

130 1718 331 1763 filiorum
360 1719 498 1763 lsrael
531 1719 801 1764 reservatis.
833 1722 888 1763 Et
920 1721 1008 1764 hoc
1029 1719 1302 1764 mandatum
1335 1719 1525 1776 ponitur
1546 1719 1704 1774 (Exodi
1727 1722 1833 1774 xm),
1857 1719 1906 1763 in
1933 1732 2026 1776 quo

130 1781 268 1825 etiam
291 1782 679 1838 praefigurabatur
698 1781 926 1838 Christus,
943 1782 1025 1839 qui
1044 1786 1116 1827 est
1132 1785 1458 1839 p7·z’moqenitus
1472 1786 1521 1826 in
1542 1783 1701 1825 multis
1716 1782 1958 1840 fratribus,
1974 1790 2028 1827 ut

130 1844 300 1888 dicitur
317 1846 463 1899 (Rom.
488 1859 577 1901 vm,
593 1847 679 1900 29).
701 1846 815 1899 Quia
834 1845 976 1902 igitur
992 1846 1199 1890 Christus
1215 1858 1274 1890 ex
1291 1845 1488 1890 muliere
1508 1849 1651 1890 natus
1665 1850 1764 1889 erat
1778 1845 1913 1902 quasi
1932 1845 2026 1901 pri-

130 1906 412 1963 mogenitus,
439 1912 484 1951 et
505 1907 652 1951 voluit
676 1908 775 1952 fieri
794 1908 884 1951 sub
909 1907 1026 1964 lege,
1056 1909 1155 1952 haec
1174 1909 1268 1952 duo
1293 1907 1581 1963 evangelista
1605 1910 1751 1951 Lucas
1773 1907 1898 1951 circa
1915 1919 2024 1952 eum

130 1967 274 2013 fuisse
295 1969 544 2013 observata
562 1970 782 2014 ostendit.
800 1969 950 2013 Primo
970 1970 1159 2027 quidem
1174 1970 1221 2014 id
1240 1969 1365 2026 quod
1380 1969 1580 2026 pertinet
1598 1969 1658 2014 ad
1675 1968 2024 2027 primogenitos,

130 2032 237 2075 cum
261 2032 372 2076 dicit
390 2034 516 2085 (Luc.
539 2046 585 2088 11,
607 2034 680 2086 22)
699 2047 710 2076 :
737 2032 955 2075 Tulerunt
975 2033 1108 2075 illum
1128 2036 1177 2075 in
1199 2033 1469 2088 Jerusalem,
1492 2035 1544 2075 ut
1568 2034 1777 2075 sisterent
1800 2044 1901 2074 eum
1928 2037 2026 2075 Do-

129 2096 265 2149 mino,
283 2096 400 2136 sicut
423 2097 641 2150 scriptum
662 2097 727 2137 est
747 2097 796 2137 in
823 2095 917 2151 leye
935 2098 1135 2151 Domini,
1156 2098 1264 2150 quia
1284 2107 1413 2137 omne
1429 2094 1731 2137 masculinum
1752 2095 2027 2150 adaperiens

130 2155 326 2210 vulvam,
345 2160 556 2199 sanctum
575 2159 768 2199 Domino
787 2158 1038 2202 vocabitur.
1059 2157 1287 2213 Secundo,
1307 2156 1423 2201 illud
1449 2155 1574 2213 quod
1594 2155 1793 2212 pertinet
1812 2168 2027 2201 commu-

131 2217 252 2260 niter
266 2217 324 2261 ad
344 2229 527 2274 omnes,
543 2221 652 2262 cum
672 2217 808 2263 dicit:
832 2222 889 2262 Ut
908 2220 1076 2263 darent
1094 2221 1310 2275 hostiam,
1328 2219 1574 2262 secundam
1594 2218 1715 2273 quod
1733 2218 1906 2261 dictum
1921 2223 2027 2262 erat

130 2281 178 2321 in
202 2280 298 2335 leqe
316 2282 515 2334 Domini,
538 2293 630 2335 par
655 2283 901 2337 turturum,
925 2284 1010 2323 aut
1029 2282 1142 2324 duos
1163 2281 1313 2338 pullos
1333 2280 1660 2325 columbarum.

185 2341 250 2385 Ad
268 2345 466 2397 primum
482 2352 593 2397 ergo
609 2341 877 2398 dicendum,
894 2342 1036 2401 quod,
1054 2343 1176 2387 sicut
1193 2342 1438 2399 Gregorius
1453 2343 1695 2400 Nyssenus
1708 2340 1821 2386 dicit
1832 2341 1956 2395 (hab.
1973 2342 2024 2386 in

131 2404 300 2446 Catena
318 2403 363 2446 S.
384 2403 540 2446 Thom.
568 2415 673 2458 sup.
697 2402 814 2447 illud
841 2405 972 2447 Lucae
987 2416 1017 2446 11
1038 2418 1048 2445 :
1071 2407 1286 2447 Sanctum
1311 2406 1518 2458 Domino,
1545 2403 1653 2456 etc.)
1680 2416 1692 2446 z
1724 2418 1744 2439 α
1772 2402 1889 2447 Illud
1904 2403 2024 2459 legis

130 2469 415 2522 praeceptum
431 2465 478 2508 in
496 2465 595 2509 solo
606 2465 848 2510 incarnato
863 2468 954 2510 Deo
974 2466 1289 2524 singulariter,
1310 2471 1356 2510 et
1370 2466 1430 2510 ab
1446 2465 1548 2509 aliis
1563 2464 1830 2509 differenter
1842 2465 2024 2522 impleri

129 2527 314 2572 videtur
334 2542 345 2571 z
370 2527 471 2582 ipse
491 2539 694 2583 namque
708 2527 836 2578 solus
851 2527 1145 2572 ineffabiliter
1158 2533 1412 2584 conceptus
1431 2539 1486 2572 ac
1498 2526 2026 2582 incomprehensibiliter

128 2590 297 2646 editus,
314 2589 591 2644 virginalem
606 2593 791 2633 uterum
808 2591 1005 2646 aperuit,
1019 2603 1110 2634 000
1128 2594 1265 2634 antea
1278 2589 1515 2634 connubio
1533 2594 1810 2644 reseratum,
1829 2601 2023 2635 servans

128 2657 174 2697 et
204 2658 313 2710 post
343 2657 529 2708 partum
562 2651 826 2696 inviolabile
852 2654 913 2707 (3)
941 2652 1237 2708 signaculum
1269 2651 1512 2697 castitatis.
1547 2670 1568 2691 »
1601 2652 1731 2696 Unde
1756 2651 1882 2708 quod
1913 2653 2025 2698 dicit

127 2717 404 2771 adaperiens
425 2715 619 2769 vulvam,
639 2713 855 2769 designat
869 2714 996 2771 qued
1016 2715 1129 2759 nihil
1147 2719 1285 2759 antea
1304 2715 1413 2759 inde
1427 2715 1682 2758 intraverat
1699 2714 1771 2757 vel
1791 2714 2022 2772 exiverat-3

126 2781 173 2820 et
199 2789 281 2833 per
303 2776 391 2819 hoc
410 2775 550 2819 etiam
581 2774 844 2831 specialiter
863 2775 1032 2820 dicitur
1052 2777 1347 2832 masculinus,
1375 2776 1485 2832 quia
1510 2775 1623 2818 nihil
1655 2774 1713 2819 de
1745 2775 2024 2821 semineitate

126 2839 277 2895 culpae
298 2837 522 2895 portavit3
553 2837 854 2893 singulariter
882 2838 1021 2883 etiam
1047 2855 1068 2876 «
1094 2842 1303 2895 sanctus,
1326 2838 1436 2895 quia
1461 2842 1655 2882 terrenae
1679 2838 1894 2894 contagia
1916 2851 2025 2883 cor·

126 2901 322 2956 ruptelae
340 2899 626 2944 immaculati
642 2903 805 2956 partus
824 2900 1063 2945 nativitate
1081 2913 1170 2944 non
1192 2900 1341 2945 sensit
1359 2900 1505 2954 (Amh.
1528 2901 1572 2943 in
1591 2901 1718 2944 hunc
1733 2899 1818 2944 loc.
1834 2903 1942 2944 Luc.
1958 2904 2021 2956 0).

182 2963 248 3007 Ad
266 2964 511 3005 seeundum
531 2962 799 3018 dicendum,
818 2962 943 3020 quod
957 2963 1078 3007 sicut
1094 2963 1231 3006 Filius
1246 2962 1321 3006 Dei
1342 2975 1437 3006 non
1450 2966 1636 3018 propter
1651 2963 1858 3020 seipsum
1872 2963 2021 3009 sactus

126 3030 199 3070 est
219 3026 353 3068 homo
374 3029 420 3068 et
442 3023 749 3067 circumcisus
771 3024 819 3067 in
839 3037 996 3080 carne,
1026 3025 1110 3069 sed
1132 3031 1185 3069 nt
1205 3037 1291 3068 nos
1314 3037 1396 3080 per
1418 3025 1616 3078 gratiam
1637 3024 1809 3067 faceret
1826 3026 1959 3077 DeOS,
1975 3032 2022 3070 et

125 3092 176 3130 ut
196 3086 497 3143 spiritualiter
520 3086 911 3131 circumcidamur
932 3101 943 3130 :
967 3087 1036 3131 sic
1054 3093 1242 3143 propter
1265 3099 1350 3130 nos
1374 3087 1554 3130 sistitur
1576 3085 1785 3141 Domino,
1802 3091 1854 3129 ut
1872 3086 2021 3131 disca-

126 3160 231 3192 mus
250 3151 342 3192 Deo
364 3153 646 3204 praesentare
673 3149 981 3206 nosmetipsos
999 3163 1012 3194 z
1030 3151 1174 3194 ethoc
1188 3154 1294 3207 post
1311 3147 1711 3193 circumcisionem
1731 3147 1833 3204 ejus
1847 3148 2025 3193 factum

169 3278 211 3319 (1)
226 3278 427 3318 usurpatum
445 3289 484 3311 ex
500 3279 659 3318 Apostolo
675 3280 784 3319 (11010.
804 3289 879 3319 vm.
900 3282 951 3322 A),
971 3281 1030 3316 ubi
1158 3282 1200 3323 1‘2)
1219 3282 1395 3315 Peccatum
1413 3279 1498 3314 illud
1520 3278 1606 3313 nihil
1632 3277 1725 3312 aliud
1741 3285 1812 3312 erat
1826 3280 1925 3320 quam
1953 3280 2017 3313 im-

125 3326 253 3360 dicitur
283 3326 324 3358 de
358 3331 505 3368 peccato
535 3327 730 3362 damnasse
759 3334 960 3370 peccatum,
990 3333 1032 3363 ut
1116 3329 1286 3364 munditia
1323 3328 1439 3368 legalis
1471 3340 1510 3360 vx
1539 3326 1707 3367 profluvio
1740 3327 1912 3366 sanguinis
1942 3338 2024 3361 con-

123 3375 339 3416 justificatio
379 3374 468 3413 leois
501 3374 724 3416 impleretur
756 3377 797 3408 in
829 3377 933 3409 mobis
968 3377 1033 3420 qui
1116 3382 1235 3416 tracta.
1256 3377 1298 3411 ob
1316 3375 1516 3417 quamnihil
1537 3385 1669 3408 sacrum
1689 3374 1779 3414 tangi
1799 3379 1945 3415 poterat.

125 3432 199 3455 non
225 3422 425 3455 secuudum
453 3432 602 3456 carnem
622 3423 873 3463 ambulamus,
892 3425 955 3457 sed
978 3436 1030 3458 se·
1159 3427 1203 3466 (5)
1226 3424 1293 3465 Al..
1312 3423 1594 3458 inviolabiliter.

124 3469 286 3504 tundam
303 3470 489 3504 Satricum
