2170 3808
951 239 1118 275 INDEX.
1861 237 1993 283 xxm

439 358 496 390 ΒΕ
517 357 656 389 smms
683 356 776 393 QUAE
800 355 997 387 sumerum
1023 355 1294 386 mummium.
1317 366 1366 375 -
1393 346 1566 395 Quaestio
1583 347 1648 388 ¹13.

99 429 224 471 utrum
244 429 363 477 aliqua
385 425 488 475 signa
535 423 714 464 raecedent
737 424 927 477 adventum
949 420 1092 477 Domini
1117 420 1161 460 ad
1191 420 1384 470 judicium.

147 500 195 506 —
245 477 299 518 sol
320 478 358 515 et
376 475 463 514 luna
483 483 505 512 o
532 472 770 521 scurabuntur
791 471 888 510 circa
910 469 1102 519 Judicmm.

135 532 194 555 ‘—
241 524 392 565 virtutes
412 521 585 562 coelorum
604 517 758 559 Domino
779 518 948 558 veniente
974 516 1307 556 commovebuntur.

468 620 523 649 ΒΕ
545 618 649 650 rene
670 617 837 649 unnim
863 613 1270 646 conrnAenssroms.
1294 626 1341 633 —
1366 604 1539 652 Quaestio
1560 606 1626 646 74.

99 691 224 733 Utrum
239 687 364 728 mundi
383 686 553 737 purgatio
578 686 625 725 sit
647 686 783 724 futura.

147 759 195 770 -
242 736 365 776 mundi
385 735 554 785 purgatio
577 734 626 774 sit
646 734 767 772 futura
789 743 853 783 per
873 732 1010 782 ignem.
1226 777 1234 785 ι
1264 776 1271 784 ·
1404 775 1411 783 .
1711 774 1723 785 ·

118 800 123 804 ·
146 807 193 818 —
241 785 337 834 ignis
383 794 431 822 uo
456 783 610 821 mundus
629 782 854 831 purgabitur,
879 783 926 820 sit
948 779 1113 829 ejusdem
1136 787 1274 828 speciei
1299 786 1379 814 cum
1401 786 1487 824 igne
1511 775 1741 819 elementari.

239 833 335 882 ignis
360 832 422 870 ile
445 830 612 881 purgabit
630 830 740 869 etiam
765 829 876 869 coelos
898 828 1119 878 superiores.

241 881 338 930 ignis
358 880 422 918 ille
448 879 641 918 elementia
666 880 865 918 consumet.

241 929 362 968 omnia
384 929 562 967 elementa
587 937 653 976 per
675 927 777 964 illum
798 927 919 974 ignem
941 924 1202 974 purgabuntur.

240 977 336 1026 ignis
356 976 490 1015 ultimae
511 975 802 1023 conflagrationis
826 973 998 1012 ‘udicium
1021 973 1149 1012 debeat
1173 973 1292 1022 sequi.

240 1025 338 1074 ignis
361 1025 551 1063 habiturus
572 1024 621 1063 sit
642 1024 752 1062 talem
775 1033 794 1061 e
824 1025 941 1062 ectum
964 1021 1001 1058 in
1023 1022 1231 1061 bominibus
1253 1021 1372 1070 qualis
1394 1020 1619 1071 designatur.

239 1073 336 1122 ignis
358 1073 531 1122 reprobos
557 1072 731 1111 involvet.

644 1169 699 1198 ΒΕ
722 1167 1085 1199 Rusunnncnorm.
1112 1179 1159 1188 -
1187 1159 1359 1207 Quaestio
1381 1162 1444 1199 75.

96 1237 222 1277 Utrum
241 1245 430 1286 corporum
452 1235 666 1274 resurrectio
693 1234 743 1273 sit
764 1234 899 1272 futura.

142 1306 189 1313 -
238 1283 456 1324 resurrectio
479 1284 548 1322 erit
570 1283 731 1322 omnium
755 1283 984 1331 generaliter.

142 1353 190 1362 —
238 1332 452 1371 resurrectio
475 1331 523 1371 sit
547 1331 734 1370 naturalis.

563 1430 618 1460 ΒΕ
643 1429 776 1460 CAUSA
801 1429 1178 1460 nnsunmzcmoms.
1204 1442 1250 1448 —
1268 1420 1437 1468 Quoestio
1457 1421 1523 1461 ⁷6.

91 1496 215 1538 Utrum
238 1497 374 1537 Christi
395 1497 611 1536 resurrectio
634 1496 681 1535 sit
704 1506 812 1535 causa
835 1499 970 1535 nostrae
992 1496 1281 1535 resurrectionis.

141 1565 187 1574 —
237 1556 307 1585 vox
328 1546 422 1584 tubae
444 1546 492 1584 sit
514 1555 623 1583 causa
645 1548 776 1584 nostrae
802 1545 1092 1584 resurrectionis.

91 1594 147 1632 An
169 1594 469 1633 resurrectionem
490 1593 620 1642 Angeli
642 1596 850 1643 operentur.

419 1692 474 1720 ΒΕ
498 1691 692 1720 TEMPORE
714 1691 764 1720 ET
788 1691 905 1721 nono
932 1690 1311 1722 RESURRECTIOle.
1333 1702 1381 1710 -
1405 1681 1575 1730 Quaestio
1594 1681 1660 1723 77.

92 1757 219 1798 Utrum
233 1761 378 1807 tempus
398 1758 672 1797 resurrectionis
695 1757 825 1796 debeat
847 1757 984 1797 differri
1005 1758 1043 1796 in
1065 1758 1174 1798 finem
1195 1757 1333 1796 mundi.

141 1826 191 1838 -
430 1826 477 1832 —
692 1807 739 1844 sit
761 1807 957 1844 occultum.

143 1870 191 1882 —·
239 1853 453 1892 resurrectio
475 1853 591 1890 futura
615 1853 664 1890 sit
689 1854 726 1891 in
749 1854 866 1892 noctis
887 1857 1064 1902 tempore.

140 1919 189 1931 ι-
429 1922 476 1928 -
687 1900 823 1948 subito,
846 1912 892 1940 an
914 1902 1135 1942 successive.

532 2001 587 2030 ΒΕ
613 2002 800 2032 ΤΕΕΜιΝο
827 2002 1205 2033 ΒΕεΒΒΕΕοΤῙοΝΙΕ.
1229 2016 1276 2023 -
1299 1995 1469 2043 Quaestio
1493 1997 1557 2036 78.

91 2064 217 2105 utrum
236 2075 333 2105 mors
357 2066 430 2121 erit
452 2068 626 2106 terminus
648 2068 669 2106 a
691 2078 763 2116 quo
786 2069 1062 2108 resurrectionis
1083 2070 1121 2108 in
1144 2071 1324 2109 omnibus.

137 2132 185 2142 -—
233 2117 450 2154 resurrectio
474 2116 635 2153 omnium
657 2117 725 2153 erit
743 2115 764 2154 a
783 2116 978 2156 cineribus.

139 2181 187 2191 --
235 2162 405 2211 pulveres
424 2161 479 2200 illi
504 2173 549 2201 ex
572 2163 702 2211 quibus
724 2165 919 2202 humanum
943 2175 1076 2214 corpus
1098 2166 1337 2215 reparabitur,
1362 2167 1521 2217 aliquam
1542 2167 1702 2208 habeant
1719 2167 1993 2210 inclinationem

280 2210 478 2250 naturalem
499 2212 544 2250 ad
570 2213 725 2250 animam
748 2222 827 2260 quae
851 2213 906 2251 eis
929 2214 1183 2262 conjungetur.

261 2308 316 2339 DE
341 2307 673 2375 CONmnffmBus
695 2309 1036 2404 RESURGENgmm
1067 2312 1118 2340 ΕΤ
1144 2312 1274 2342 PRIMO
1302 2313 1358 2342 ΒΕ
1382 2312 1530 2344 EORUM
1554 2313 1821 2344 ῙΒΕΝΒΙΤΑΤΕ.

946 2357 1081 2394 uoestt’o
1107 2359 1169 2396 99.

89 2426 214 2468 Utrum
231 2428 271 2468 in
291 2428 566 2476 resurrectione,
592 2429 711 2469 anima
732 2430 829 2469 idem
851 2440 985 2480 corpus
1007 2441 1157 2471 numero
1178 2435 1351 2472 resumat.

135 2496 184 2504 —
233 2476 281 2516 sit
304 2476 399 2514 idem
421 2487 570 2516 numero
594 2478 656 2527 qui
681 2482 858 2527 resurget.

136 2543 184 2551 —
231 2523 402 2574 pulveres
422 2525 571 2580 humani
593 2527 755 2575 corporis
778 2528 822 2565 ad
846 2538 928 2566 eam
951 2530 1090 2577 partem
1118 2528 1297 2578 corporis,
1327 2538 1409 2578 quae
1429 2539 1512 2568 cum
1538 2530 1592 2569 eis
1630 2530 1809 2571 dissoluta
1833 2535 1903 2580 est,
1925 2542 1989 2583 per

278 2575 576 2612 resurrect1onem
597 2574 715 2613 redire
741 2578 918 2624 oporteat.

374 2671 430 2700 ΒΕ
450 2672 723 2703 mmeramme:
746 2674 969 2705 conpontm
995 2676 1342 2707 RESURGENTIUM.
1366 2687 1414 2697 —
1437 2667 1607 2715 Quaestio
1631 2670 1691 2707 80.

87 2733 212 2774 Utrum
229 2735 350 2790 omnia
370 2736 529 2775 membra
550 2738 697 2776 humani
720 2740 882 2788 corporis
904 2743 1108 2789 resurgent.

135 2802 182 2810 —
231 2783 351 2832 capilli
373 2787 409 2822 et
429 2791 780 2840 ungues-resurgent
800 2789 838 2825 in
861 2789 1017 2826 humano
1045 2799 1212 2838 corpore.

135 2848 183 2858 -
230 2832 347 2886 totum
367 2879 374 2886 ·
394 2833 464 2870 uod
486 2833 557 2871 furt
576 2845 614 2871 m
637 2845 788 2883 corpore
813 2836 856 2874 de
878 2837 1031 2875 veritate
1054 2838 1219 2877 humanae
1244 2840 1383 2878 naturae
1403 2843 1567 2889 resurget
1591 2840 1628 2879 in
1653 2841 1751 2890 ipso.

137 2896 183 2904 —
231 2888 376 2928 quicqui
422 2880 491 2918 fuit
515 2882 748 2921 materialiter
772 2885 810 2921 in
832 2886 1018 2931 membris,
1042 2888 1158 2924 totum
1181 2889 1361 2936 resurget.

515 2979 568 3008 ΒΕ
593 2980 827 3015 QuALirATE
851 2983 1197 3014 RESURGENTIUM.
1222 2996 1268 3004 —
1294 2976 1462 3023 Quaestio
1483 2979 1544 3017 81.

82 3037 209 3081 utrum
226 3049 352 3079 omnes
370 3043 558 3089 resurgent
577 3041 617 3081 in
637 3041 759 3082 eadem
785 3047 903 3084 aetate.

131 3106 178 3115 -..
369 3107 417 3115 -
573 3088 611 3143 in
631 3090 755 3129 eadem
776 3094 927 3132 statura.

128 3152 178 3164 ...
367 3155 415 3163 —
574 3146 613 3174 m
634 3147 721 3175 sexu
740 3139 849 3178 virili.

127 3198 177 3212 ..
366 3203 414 3211 -
574 3183 613 3221 in
635 3184 711 3223 vita
735 3187 895 3226 animali.

343 3280 397 3310 ΒΕ
418 3280 744 3312 cormmomnos
769 3284 993 3318 BEATORUM
1019 3289 1360 3319 RESURGENTIUM.
1384 3302 1431 3309 —
1456 3282 1624 3328 Quaestio
1646 3282 1706 3323 82.

79 3342 204 3389 Utrum
222 3357 370 3401 corpora
393 3350 597 3403 sanctorum
624 3353 709 3398 post
733 3354 1031 3392 resurrectionem
1058 3355 1130 3393 sint
1150 3356 1399 3405 impassibilia.

124 3411 173 3423 -
220 3396 492 3449 impassibilitas
514 3407 553 3433 111
573 3398 739 3438 omnibus
764 3399 832 3437 erit
855 3402 1017 3448 aequalis.
1372 3427 1376 3433 ·

124 3458 175 3472 -—
220 3442 490 3497 impassrbllitas
517 3454 661 3482 sensum
683 3446 721 3483 in
743 3450 825 3485 actu
850 3448 870 3486 a
896 3450 1106 3498 corporibus
1130 3451 1298 3498 gloriosis
1320 3451 1499 3491 excludat.

121 3505 174 3530 «-
219 3500 258 3529 in
281 3491 398 3531 beatis
416 3496 502 3540 post
525 3495 823 3534 resurrectionem
844 3497 916 3535 sint
939 3507 1064 3537 omnes
1086 3510 1214 3540 sensus
1236 3500 1275 3540 in
1301 3502 1395 3538 actu.
