2170 3808
174 286 202 328 8
777 281 976 334 QUAEST.
1008 281 1043 334 1,
1073 281 1192 324 ΛΒΤ.
1223 281 1278 324 111
1304 282 1370 324 ΕΤ
1398 280 1466 324 lv.

175 365 399 421 turalemz,
426 365 516 409 alia
533 365 644 409 vero
663 364 923 409 secundum
940 363 1152 408 ordinem
1168 362 1338 411 divinae
1355 361 1590 419 potentiae,
1608 362 1682 407 cui
1696 361 1848 407 omnis
1860 364 2073 406 creatura

175 427 333 473 obedit
356 427 415 471 ad
437 430 605 471 nutum
630 441 641 470 :
665 430 713 471 et
736 425 796 471 ad
816 426 905 471 hoc
921 426 1120 482 pertinet
1138 425 1227 470 ista
1249 424 1496 482 capacitas.
1518 427 1617 469 Non
1646 429 1802 470 autem
1825 427 1947 468 Deus
1969 435 2072 468 om·-

175 501 284 535 nem
307 489 445 534 talem
478 487 778 560 capacitatem
801 492 978 532 naturae
997 487 1158 544 implet
1186 499 1198 531 ε
1231 486 1436 543 alioquin
1466 489 1588 531 Deus
1614 499 1709 531 non
1730 489 1889 543 posset
1920 484 2072 530 facere

175 551 224 596 in
257 555 469 596 creatura
491 551 580 595 nisi
612 552 736 608 quod
758 550 903 595 facit:
934 550 1059 607 quod
1091 549 1262 594 falsum
1295 554 1392 606 est,
1420 553 1475 593 ut
1505 548 1553 593 in
1582 549 1732 606 primo
1761 547 1972 592 habitum
2001 551 2073 592 est

175 614 355 670 (quaest.
378 625 449 669 cv,
468 618 552 656 art
574 616 632 668 6).
658 613 776 657 Nihil
795 619 949 657 autem
965 612 1179 669 prohibet
1200 611 1258 656 ad
1277 611 1465 682 aliquod
1483 610 1636 667 maJus
1659 612 1913 655 humanam
1931 613 2073 654 natu-

103 704 110 718 -.
173 686 276 719 ram
308 674 581 731 perductam
607 687 711 720 esse
740 679 848 731 post
869 678 1138 730 peccatffum
1170 676 1290 717 Deus
1313 673 1438 717 enim
1462 672 1685 729 permittit
1716 672 1839 716 mala
1867 668 1984 726 fieri,
2019 674 2072 716 ut

173 736 284 782 inde
316 736 492 793 aliquid
521 737 691 781 melius
725 736 921 781 eliciat:
960 736 1083 780 unde
1113 735 1281 779 dicitur
1312 737 1456 789 (Rom.
1482 747 1526 789 v,
1546 736 1660 789 20):
1690 735 1771 778 Ubi
1812 734 2070 778 abundavit

174 798 407 853 delictum,
433 798 825 855 superabundavit
841 801 884 841 et
902 799 1074 854 qratia.
1094 797 1223 841 Unde
1242 800 1289 841 et
1306 795 1355 839 in
1378 795 1703 841 benedictione
1724 794 1845 840 cerei
1870 795 2070 852 pascha-

88 852 94 907 s
170 859 230 966 sti?
245 861 304 914 (1)
321 859 519 953 dicitur:
547 880 566 899 «
577 861 611 905 Ο
630 860 742 904 felix
753 859 907 916 culpa,
921 871 1027 916 quae
1044 858 1186 903 talem
1200 870 1256 902 ac
1270 860 1450 901 tantum
1467 857 1637 902 meruit
1654 857 1825 902 habere
1845 856 2069 914 Redemp—

222 933 343 967 rem.
364 940 383 960 n
410 940 413 943 ¹

227 983 295 1028 Ad
325 988 540 1041 quartum
567 983 834 1041 dicendum,
858 982 984 1040 quod
1006 982 1349 1040 praedestinatio
1382 981 1698 1038 praesupponit
1728 980 2069 1039 praescientiam

171 1045 466 1091 futurorum:
491 1050 538 1091 et
566 1046 671 1091 ideo
699 1046 821 1090 sicut
854 1048 976 1090 Deus
1006 1044 1305 1101 praedestinat
1330 1044 1529 1090 salutem
1552 1043 1751 1100 alicujus
1764 1042 1967 1088 hominis
1987 1055 2069 1101 per

171 1107 406 1152 orationes
429 1108 625 1152 aliorum
655 1107 955 1165 implendam,
976 1107 1040 1152 ita
1058 1107 1197 1152 etiam
1226 1106 1574 1164 praedestinavit
1594 1118 1713 1163 opus
1733 1104 2068 1151 incarnationis

170 1168 221 1213 in
244 1170 503 1215 remedium
524 1170 717 1215 humani
748 1170 940 1227 peccati.

226 1232 292 1277 Ad
313 1235 519 1288 quintum
543 1231 811 1287 dicendum,
833 1232 960 1289 quod
982 1231 1098 1277 nihil
1119 1231 1332 1289 prohibet
1357 1231 1495 1276 alicui
1520 1230 1717 1275 revelari
1747 1231 1965 1275 effectum
1991 1229 2068 1275 cui

172 1304 267 1337 non
284 1293 521 1338 revelatur
541 1306 698 1339 causa.
721 1294 874 1338 Potuit
892 1294 1034 1350 igitur
1048 1295 1199 1351 primo
1215 1293 1391 1338 homini
1404 1293 1599 1339 revelari
1614 1291 1950 1337 incarnationis
1963 1303 2067 1350 my-

171 1354 383 1411 sterium,
408 1355 512 1400 sine
540 1356 629 1400 hoc
657 1356 783 1414 quod
812 1362 937 1401 esset
958 1357 1182 1414 praescius
1205 1356 1279 1401 sui
1307 1358 1460 1400 casus.
1492 1357 1591 1400 Non
1621 1354 1747 1400 enim
1783 1355 2068 1412 quicumque

171 1416 411 1472 cognoscit
428 1417 662 1474 effectum,
686 1418 924 1475 cognoscit
946 1423 993 1462 et
1010 1430 1217 1462 causam.

170 1487 515 1530 ARTICULUS
543 1489 625 1530 IV.
649 1511 704 1519 —
733 1501 870 1531 uranu
905 1500 1188 1531 rmncimmus
1219 1500 1379 1531 cums-n
1412 1500 1660 1531 mcmnmo
1683 1499 1811 1531 FACTA
1839 1499 1989 1530 ramur
2014 1499 2067 1530 An

531 1562 775 1593 'fontanum
795 1562 1008 1593 racemum
1031 1561 1252 1593 officinm:
1272 1562 1383 1599 Qum
1405 1561 1592 1592 ΑοτυΑιε
1615 1550 1692 1605 (2).

171 1615 222 1650 D·
234 1614 289 1650 hi·
305 1616 411 1652 etiam
430 1619 525 1654 Sent.
544 1626 598 1659 111,
614 1618 693 1653 dist.
712 1618 745 1659 1,
762 1622 877 1659 quaest.
898 1627 922 1658 1,
948 1622 1014 1653 art.
1030 1618 1052 1653 2
1066 1617 1107 1652 ad
1125 1619 1159 1659 6,
1183 1622 1218 1652 et
1239 1619 1362 1659 opusc.
1382 1626 1416 1659 x,
1433 1629 1505 1659 cap.
1527 1617 1589 1658 28,
1610 1620 1645 1652 et
1664 1618 1789 1659 opusc.
1810 1626 1859 1660 11,
1874 1620 1940 1652 art.
1955 1617 2018 1659 Β,
2032 1621 2068 1652 et

913 1668 1036 1709 opusc.
1051 1675 1174 1707 xxxm,
1189 1672 1254 1702 art.
1268 1667 1305 1701 21
1316 1694 1324 1703 .

223 1726 291 1771 Ad
314 1732 532 1783 quartum
557 1729 626 1773 sic
656 1728 934 1785 proceditur.
958 1731 999 1773 1.
1028 1728 1215 1772 Videtur
1237 1727 1360 1784 quod
1382 1731 1504 1773 Deus
1523 1727 1830 1785 principalius
1854 1726 2067 1772 incarna-

170 1792 248 1833 tus
265 1788 406 1834 fuerit
421 1789 467 1833 in
488 1790 745 1835 remedium
764 1790 1016 1834 actualium
1031 1794 1329 1846 peccatorum
1351 1788 1493 1847 quam
1509 1790 1557 1834 in
1581 1789 1840 1834 remedium
1864 1787 2067 1844 origina-

168 1849 227 1894 lis
246 1851 440 1906 peccati.
468 1851 650 1903 Quanto
671 1851 796 1896 enim
818 1856 1065 1908 peccatum
1087 1855 1159 1898 est
1188 1850 1395 1907 gravius,
1424 1852 1555 1896 tanto
1577 1851 1729 1908 magis
1751 1852 1970 1895 humanae
1991 1863 2067 1895 sa-

169 1910 252 1954 luti
267 1911 557 1968 adversatur,
582 1917 769 1969 propter
793 1918 935 1969 quam
959 1916 1080 1957 Deus
1105 1918 1177 1957 est
1200 1913 1487 1957 incarnatus.
1513 1912 1600 1957 Sed
1619 1916 1865 1969 peccatum
1887 1912 2066 1958 actuale

168 1977 239 2017 est
253 1973 443 2030 gravius
462 1974 603 2031 quam
624 1975 849 2031 originale
870 1980 1142 2032 peccatum,
1129 1990 1139 2000 ·
1170 1975 1396 2020 «minima
1413 1975 1537 2020 enim
1560 1987 1702 2032 poena
1722 1974 1918 2020 debetur
1930 1974 2066 2032 origi-

168 2035 263 2079 nali
285 2041 491 2092 peccato,
508 2055 529 2075 »
547 2040 600 2080 ut
617 2037 908 2094 Augustinus
927 2037 1037 2082 dicit
1050 2039 1233 2092 (Contra
1251 2037 1500 2094 Julianum,
1517 2037 1595 2082 lib.
1614 2051 1656 2093 v,
1681 2049 1783 2093 cap.
1803 2040 1875 2094 11,
1899 2049 2064 2092 parum

167 2109 197 2140 a
213 2098 362 2154 princ
367 2102 395 2149 ).
418 2101 537 2154 Ergo
554 2100 857 2156 principalius
875 2100 1135 2145 incarnatio
1161 2099 1324 2143 Christi
1344 2100 1586 2144 ordinatur
1604 2099 1664 2144 ad
1684 2098 1961 2143 deletionem
1987 2111 2064 2144 ac-

168 2160 363 2204 tualium
384 2165 681 2216 peccatorum
698 2162 838 2217 quam
860 2162 919 2206 ad
939 2162 1217 2206 deletionem
1236 2161 1472 2217 originalis
1494 2160 1688 2217 peccati.

225 2224 268 2264 2.
301 2224 542 2277 Praeterea,
579 2228 768 2278 peccato
791 2223 1006 2280 originali
1040 2236 1134 2267 non
1166 2222 1361 2267 debetur
1392 2234 1531 2279 poena
1562 2225 1755 2278 sensus,
1791 2222 1875 2268 sed
1911 2222 2063 2268 solum

166 2294 307 2340 poena
323 2283 496 2339 damni,
523 2284 643 2328 utin
664 2286 871 2330 secundo
889 2286 1096 2330 habitum
1110 2289 1180 2330 est
1203 2284 1391 2342 (impliss.
1413 2289 1432 2329 1
1458 2288 1500 2341 2,
1522 2288 1686 2342 quaest.
1711 2298 1892 2337 Lxxxvn,
1914 2291 2000 2330 art.
2017 2289 2062 2343 5,

168 2357 266 2402 arg.
288 2349 331 2402 2,
345 2347 426 2391 sed
450 2347 650 2391 clar1us
638 2360 687 2391 ιη
711 2350 834 2392 Sent.
858 2362 903 2404 11,
928 2348 1035 2393 dist.
1061 2351 1132 2399 33,
1157 2359 1236 2403 qu
1259 2362 1306 2402 ιι,
1326 2353 1413 2391 art.
1431 2350 1491 2401 1).
1510 2347 1814 2392 SedChristus
1832 2347 1961 2393 venit
1977 2361 2063 2405 pro

167 2407 483 2452 satisfactione
502 2413 795 2465 peccatorum
814 2423 1002 2467 poenam
1019 2414 1186 2454 sensus
1204 2409 1299 2466 pati
1320 2409 1367 2452 in
1388 2421 1551 2464 cruce3
1576 2421 1668 2453 non
1696 2414 1850 2454 autem
1873 2422 2062 2466 poenam

167 2468 342 2522 damni,
368 2469 478 2525 quia
498 2469 682 2514 nullum
703 2470 933 2516 defectum
958 2471 1120 2515 habuit
1150 2470 1319 2515 divinae
1341 2470 1533 2514 visionis
1560 2474 1641 2514 aut
1660 2470 1909 2515 fruitionis.
1941 2474 2061 2529 Ergo

166 2531 471 2587 principalius
489 2532 616 2576 venit
634 2533 693 2577 ad
709 2532 987 2577 deletionem
1010 2533 1187 2590 peccati
1213 2532 1408 2577 actualis
1425 2532 1567 2589 quam
1589 2532 1842 2589 originalis.

223 2596 266 2638 3.
299 2596 538 2650 Praeterea,
562 2594 684 2639 sicut
713 2595 1068 2652 Chrysostomus
1091 2595 1202 2640 dicit
1225 2597 1302 2649 (De
1330 2595 1685 2652 compunctione
1707 2595 1875 2652 cordis,
1898 2595 1980 2641 lib.
2011 2611 2058 2655 11,

167 2666 268 2711 cap.
290 2657 333 2709 5,
355 2655 402 2698 in
423 2654 504 2698 fin
510 2656 540 2710 ),
564 2655 671 2699 «hic
693 2663 763 2700 est
778 2656 972 2701 affectus
987 2657 1107 2701 servi
1130 2653 1294 2711 fidelis,
1319 2659 1370 2699 ut
1394 2655 1618 2700 beneficia
1636 2656 1817 2700 Domini
1841 2656 1930 2714 sui,
1955 2670 2062 2715 quae

166 2716 475 2761 communiter
494 2717 713 2762 omnihus
728 2718 834 2762 data
847 2723 973 2773 sunt,
994 2718 1125 2775 quasi
1146 2718 1230 2762 sibi
1249 2717 1332 2762 soli
1345 2718 1548 2774 praestita
1564 2723 1763 2775 reputet.
1785 2718 1923 2772 Quasi
1934 2720 2060 2765 enim

167 2777 298 2823 dese
327 2778 426 2822 solo
454 2778 650 2833 loquens
674 2779 845 2824 Paulus
869 2779 932 2824 ita
951 2779 1110 2824 scribit
1132 2779 1191 2824 ad
1217 2779 1359 2823 Galat.
1384 2793 1414 2823 11
1440 2794 1453 2825 ;
1478 2781 1657 2823 Dilexit
1680 2794 1764 2837 me,
1793 2785 1839 2824 et
1859 2781 2061 2826 tradidit

166 2841 451 2895 semetipsum
470 2853 557 2896 pro
579 2853 665 2885 me.
698 2841 785 2885 Sed
812 2841 998 2898 propria
1029 2846 1218 2898 peccata
1252 2845 1409 2885 nostra
1443 2846 1555 2885 sunt
1585 2841 1799 2899 actualia,
1836 2842 2062 2898 originale

167 2900 291 2944 enim
315 2906 387 2944 est
409 2912 653 2946 commune
680 2908 939 2958 peccatum.
971 2906 1089 2959 Ergo
1118 2903 1245 2947 hunc
1279 2902 1495 2947 affectum
1533 2902 1758 2948 debemus
1791 2902 1978 2961 habere,
2010 2909 2062 2950 ut

168 2961 488 3006 existimemus
504 2975 611 3007 eum
632 2964 947 3021 principaliter
966 2971 1151 3022 propter
1171 2965 1369 3009 actualia
1383 2969 1573 3021 peccata
1595 2965 1798 3010 venisse.-

223 3023 310 3067 Sed
334 3026 495 3067 contra
527 3030 598 3069 est
620 3026 746 3082 quod
767 3029 910 3081 (Joan.
937 3042 966 3082 1,
989 3030 1059 3083 29)
1092 3026 1261 3071 dicitur
1287 3043 1297 3069 τ
1321 3032 1436 3071 Ecce
1458 3031 1614 3083 Aqnus
1648 3031 1752 3082 Dei,
1775 3041 1874 3071 ecce
1893 3028 2061 3085 91ιὶἰοὶ-

167 3083 221 3128 lit
251 3089 487 3141 peccatum
515 3089 676 3131 mundi
699 3090 756 3142 (3)
789 3089 952 3146 :quod
985 3101 1222 3146 exponens
1250 3089 1372 3133 Beda
1400 3089 1544 3134 dicit:
1581 3107 1601 3127 «
1619 3092 1864 3150 Peccatum
1895 3090 2059 3136 mundi

206 3179 251 3220 (4)
276 3178 427 3213 Habetin·
452 3179 487 3214 in
511 3181 631 3216 ordine
653 3194 792 3216 romano
817 3183 891 3219 sine
917 3185 1067 3226 nomine,
1198 3185 1242 3225 (5)
1260 3185 1311 3219 Ita
1327 3185 1507 3224 legendum
1529 3197 1568 3219 ex
1591 3184 1711 3219 Bibliis
1727 3184 1843 3219 latinis
1861 3186 2058 3228 emendatis,

165 3226 224 3262 sed
239 3226 417 3261 Ambrosio
432 3232 463 3262 ti
467 3227 597 3262 ibuitur
611 3233 682 3268 ejus
695 3231 903 3272 compositio.
1155 3237 1194 3268 ut
1207 3246 1245 3268 ex
1264 3245 1370 3274 graeco
1393 3233 1557 3274 singulari
1576 3237 1628 3273 τὴν
1650 3235 1816 3275 ἁμαρτίαν.
1835 3233 1900 3268 Sed
1915 3234 2004 3274 quod
2022 3247 2060 3270 ex

208 3274 252 3316 (2)
278 3275 359 3309 Fide
386 3280 516 3310 certum
537 3282 585 3311 est
603 3277 709 3312 Deum
736 3278 837 3314 fuisse
855 3279 1070 3316 incarnatum
1155 3281 1243 3315 Beda
1267 3281 1494 3321 subjungitur,
1522 3281 1571 3315 ait
1599 3279 1728 3314 Nicolai
1744 3307 1753 3320 ,
1774 3291 1839 3314 non
1862 3284 1912 3315 est
1938 3281 1975 3316 in
1993 3293 2062 3317 ma-

165 3323 203 3360 in
219 3323 409 3357 remedium
425 3324 578 3358 omnium
602 3330 838 3369 peccatorum,
863 3327 934 3363 sive
959 3329 1069 3370 origi·
1156 3329 1329 3370 nuscripto
1349 3329 1384 3363 S.
1409 3329 1561 3367 Thomoe,
1583 3338 1647 3361 nec
1662 3338 1802 3368 usquam
1819 3328 1916 3368 apud.
1934 3328 2059 3364 Bedam

165 3369 265 3412 nalis,
285 3370 354 3406 sive
375 3372 534 3413 actualis3
560 3372 616 3406 sed
636 3373 701 3407 dici
723 3378 830 3415 potest
854 3387 931 3409 cum
954 3383 1068 3410 nostro
1158 3377 1317 3418 occurrit,
1338 3375 1415 3418 quia
1431 3375 1543 3416 potius
1568 3379 1720 3418 peecata
1747 3375 1898 3416 legitime
1921 3375 2057 3419 plurali,

165 3423 300 3453 auctore
321 3420 585 3454 incarnationem
601 3420 726 3455 Christi
737 3422 957 3463 principalius
969 3424 1015 3458 fui
1011 3436 1070 3459 usse
1155 3429 1192 3457 ut
1206 3429 1240 3458 et
1256 3423 1365 3459 Biblia
1388 3423 1552 3465 quaedam.

163 3466 292 3549 {25:21ss
313 3467 355 3502 ad
374 3467 564 3502 tollendum
590 3473 766 3510 peccatum
782 3469 945 3511 originale
968 3473 1068 3512 quam
