2170 3808
139 210 194 254 η
838 203 1038 256 QUAES'r.
1069 187 1278 256 lnam.
1310 203 1342 244 1.

196 290 541 335 ARTICULUS
570 290 608 330 l.
643 308 698 318 —
728 297 866 327 uranu
887 297 983 327 nmo
1008 296 1129 327 veiim
1152 294 1376 326 INCARNATI
1402 294 1465 337 sir
1499 293 1629 324 FACTA
1652 292 1692 322 m
1723 291 1885 322 NATURA
1911 275 1983 324 (1).

144 357 264 395 Dahis
278 358 380 394 etiam
401 357 503 398 infra,
524 360 590 391 art.
603 355 626 390 2
640 359 675 390 et
697 354 826 395 scorp.
848 359 882 389 et
900 354 943 388 42
962 353 1006 388 ad
1020 353 1055 395 1,
1073 358 1106 388 et
1129 355 1244 394 quaest„
1264 359 1298 394 1.,
1321 353 1386 386 art.
1406 350 1440 391 2,
1461 354 1496 385 et
1513 351 1607 385 Sent.
1630 358 1685 391 ιιι,
1700 348 1779 384 dist.
1794 349 1827 390 4,
1843 360 1961 390 qua-sm.
1979 354 2028 381 ΧΠ

179 412 245 446 art.
261 409 293 450 1,
307 412 342 442 et
357 408 434 442 dist.
452 408 486 446 5,
502 409 617 448 quoest.
637 414 662 446 ι,
677 407 742 439 art.
753 403 776 438 2
789 408 823 438 et
837 404 871 444 5,
886 407 924 438 et
934 404 1032 438 Cont.
1044 405 1138 443 gent.
1155 400 1216 437 lib.
1234 408 1284 443 lv,
1301 411 1372 441 cap.
1387 400 1442 442 55,
1455 399 1497 434 57
1512 404 1546 434 et
1557 400 1611 442 4¹,
1631 403 1663 433 et
1676 399 1724 433 De
1740 399 1842 434 verit.
1854 401 1970 438 quaest.
1985 403 2041 439 xx,

183 461 253 497 nrt.
266 457 286 492 4.
312 469 405 500 corp.
426 460 461 490 et
477 456 600 496 opusc.
620 462 659 494 11,
678 464 751 494 cap.
770 452 845 493 211,
859 451 935 487 2¹2.

197 517 265 564 Ad
283 518 487 574 primum
508 515 576 559 sic
597 513 879 570 proceditur.
902 516 944 558 1.
970 511 1158 557 Videtur
1175 507 1301 567 quod
1314 507 1428 554 unio
1445 507 1580 554 Verbi
1601 506 1829 552 incarnati
1847 505 1908 551 sit
1921 505 2042 551 facta

141 580 190 626 in
213 585 382 624 natura
417 581 493 632 (2).
517 577 635 622 Dicit
653 576 775 621 enim
801 574 1019 634 cyrillus,
1046 578 1092 618 et
1121 572 1356 618 inducitur
1379 571 1427 615 in
1457 569 1603 628 gestis
1624 570 1806 615 concilii
1828 568 2039 614 Chalced-

140 644 275 700 (part.
299 643 342 698 2,
363 643 452 684 act.
472 642 515 695 1,
533 638 757 695 aliquant.
778 641 884 692 post
902 635 1038 692 epist.
1058 634 1232 692 Cyrill.)
1253 647 1265 678 z
1291 651 1310 670 «
1333 635 1431 676 Non
1449 636 1628 689 oportet
1650 631 1909 688 intelligere
1923 630 2043 676 duas

141 708 350 760 naturas,
375 701 460 747 sed
490 713 634 745 unam
669 703 887 743 naturam
916 698 994 743 Dei
1026 696 1159 742 Verbi
1189 696 1511 740 incarnatam:
1538 713 1560 734 n
1584 694 1712 752 quod
1733 694 1922 751 quidem
1945 704 2040 738 non

140 768 283 820 esset,
313 763 403 808 nisi
434 762 551 808 unio
570 763 703 806 fieret
732 760 781 804 in
808 764 993 804 natura.
1023 761 1143 815 Ergo
1170 756 1285 802 unio
1317 756 1451 802 Verbi
1473 755 1701 801 incarnati
1735 755 1857 799 facta
1891 759 1963 799 est
1991 753 2040 801 in

141 831 325 872 natura.

195 891 238 934 2.
270 890 512 942 Praeterea,
534 882 811 930 Athanasius
834 883 944 928 dicit
975 882 1039 937 (in
1065 880 1223 939 Symb.
1250 880 1350 935 fid.)
1373 892 1387 925 ε
1419 896 1440 919 α
1467 880 1594 925 Sicut
1620 879 1778 924 anima
1799 877 2042 923 rationalis

140 955 185 996 et
207 963 318 995 caro
338 962 464 994 unus
485 952 558 993 est
581 947 747 1001 hom03
773 945 837 990 ita
857 949 979 990 Deus
1008 949 1054 989 et
1072 944 1211 988 homo
1232 954 1360 988 unus
1385 946 1458 987 est
1480 941 1703 987 Christus.
1729 960 1750 981 »
1779 941 1866 985 Sed
1887 940 2039 985 anima

140 1011 379 1056 rationalis
398 1015 445 1055 et
470 1022 578 1054 caro
611 1006 899 1054 conveniunt
920 1007 969 1051 in
990 1005 1322 1051 constitutione
1345 1004 1489 1049 unius
1514 1008 1694 1048 naturae
1714 1004 1947 1047 humanae.
1970 1001 2040 1046 Sic

141 1085 254 1130 ergo
268 1076 389 1118 Deus
411 1078 458 1118 et
485 1073 625 1116 homo
648 1070 935 1115 conveniunt
952 1069 1001 1114 in
1022 1068 1355 1113 constitutione
1378 1066 1577 1123 alicujUs
1595 1065 1740 1110 unius
1761 1070 1942 1110 naturae
1966 1066 2038 1120 (3).

139 1137 259 1191 Ergo
277 1135 390 1179 unio
412 1135 535 1179 facta
554 1136 627 1178 est
644 1132 692 1176 in
716 1136 901 1176 natura.

196 1199 238 1241 3.
274 1199 514 1251 Praeterea,
538 1195 739 1240 duarum
763 1198 1038 1238 naturarum
1071 1205 1166 1237 una
1188 1204 1284 1236 non
1312 1190 1644 1236 denominatur
1672 1201 1728 1233 ex
1756 1188 1924 1245 altera,
1951 1187 2040 1233 nisi

142 1259 298 1315 aliquo
321 1259 461 1303 modo
484 1258 533 1302 in
557 1258 759 1302 invicem
782 1259 1171 1315 transmutentur.
1198 1254 1285 1299 Sed
1319 1253 1476 1299 divina
1499 1257 1666 1297 natura
1698 1255 1744 1296 et
1764 1251 1969 1295 humana
1992 1250 2040 1297 in

141 1320 318 1365 Christo
341 1320 617 1364 abinvicem
635 1318 998 1364 denominantur
1022 1333 1032 1361 :
1057 1316 1167 1361 dicit
1181 1316 1303 1361 enim
1318 1315 1517 1373 Cyrillus
1534 1315 1636 1369 (loc.
1659 1313 1772 1368 cit),
1795 1331 1815 1351 u
1835 1313 2041 1359 divinam

142 1387 358 1428 naturam
386 1395 490 1429 esse
511 1382 830 1439 incarnatam3
856 1400 875 1420 ι»
905 1386 952 1425 et
974 1381 1219 1437 Gregorius
1254 1380 1569 1424 Nazianzenus
1602 1377 1712 1423 dicit
1740 1377 1893 1435 (epist.
1926 1381 1948 1423 1
1982 1377 2040 1424 ad

143 1444 433 1500 Cledonium,
453 1450 562 1490 ante
582 1445 743 1500 med),
771 1462 792 1482 «
816 1444 1068 1488 humanam
1095 1447 1310 1487 naturam
1340 1454 1446 1487 esse
1476 1441 1755 1498 deificatam,
1776 1459 1798 1479 ι»
1833 1445 1888 1485 ut
1915 1444 2041 1497 patet

141 1519 226 1564 per
258 1510 596 1552 Damascenum
626 1506 768 1562 (Orth.
793 1505 873 1551 fid.
909 1505 988 1550 lib.
1012 1520 1058 1549 111
1076 1539 1088 1561 ,
1113 1517 1216 1562 cap.
1244 1507 1287 1563 6,
1313 1503 1340 1548 a
1363 1504 1486 1549 med.
1510 1508 1557 1549 et
1586 1516 1689 1562 cap.
1721 1506 1811 1559 11).
1842 1505 1964 1559 Ergo
1982 1514 2040 1548 ex

131 1566 329 1614 'duabus
348 1569 527 1614 naturis
551 1569 731 1613 videtur
755 1581 860 1613 esse
887 1568 1009 1613 facta
1038 1581 1132 1613 una
1162 1573 1343 1612 natura.

201 1630 288 1675 Sed
312 1635 471 1675 contra
494 1636 566 1676 est
588 1631 717 1688 quod
739 1630 906 1674 dicitur
930 1630 979 1674 in
1002 1629 1384 1676 determinatione
1407 1628 1589 1674 concilii
1617 1627 1893 1674 Chalcedon.
1917 1630 2040 1686 (sup.

143 1691 220 1736 cit.
245 1697 335 1737 act.
361 1697 404 1748 5,
429 1693 488 1738 ad
511 1694 642 1747 fin.):
678 1710 698 1730 «
730 1693 1012 1737 Confitemur
1035 1692 1081 1737 in
1106 1692 1372 1737 novissimis
1398 1691 1564 1736 diebus
1586 1691 1749 1737 Filium
1765 1690 1855 1735 ‘Dei
1873 1691 2037 1748 unige-

143 1752 292 1798 nitum
315 1754 363 1797 in
383 1754 568 1799 duabus
583 1754 763 1798 naturis
778 1754 1039 1812 inconfuse,
1055 1753 1419 1810 immutabiliter,
1439 1751 1654 1806 indivise,
1674 1752 2045 1810 inseparabiliter

142 1815 512 1871 agnoscendum,
528 1827 769 1872 nunquam
789 1815 972 1860 sublata
988 1815 1248 1861 differentia
1267 1819 1540 1859 naturarum
1560 1821 1748 1871 propter
1763 1814 2001 1860 unionem.
2016 1832 2042 1855 ι

141 1878 261 1932 Ergo
285 1878 398 1921 unio
418 1889 514 1921 non
536 1883 608 1922 est
628 1878 750 1922 facta
774 1877 822 1922 in
846 1882 1030 1922 natura.
1867 1899 1870 1902 ·

189 1944 480 1985 CONCLUSIO.
505 1967 555 1974 -
579 1944 837 1997 Impossibile
857 1948 916 1985 est
933 1944 1138 1985 incarnati
1154 1943 1276 1985 Verbi
1298 1944 1498 1984 unionem
1513 1944 1662 1984 factam
1676 1954 1760 1984 esse
1774 1943 1820 1983 in
1839 1947 2003 1986 natum.

197 2007 467 2063 Respondeo
489 2007 739 2052 dicendum
759 2007 882 2064 quod
905 2007 966 2052 ad
983 2007 1124 2064 hujus
1143 2007 1411 2064 quaestionis
1430 2006 1710 2052 evidentiam
1725 2011 1907 2064 oportet
1925 2020 2038 2052 con-

143 2068 345 2113 siderare
361 2069 472 2125 quid
488 2068 548 2113 sit
567 2073 749 2113 natura.
765 2069 1010 2114 Sciendum
1031 2074 1102 2114 est
1116 2081 1228 2126 ergo
1243 2068 1368 2125 quod
1386 2081 1555 2126 nomen
1575 2075 1751 2112 naturae
1764 2067 1792 2110 a
1806 2069 2037 2118 nascendo

143 2135 215 2174 est
233 2130 409 2174 dictum
428 2130 502 2175 vel
525 2136 765 2187 sumptum
784 2146 794 2175 :
813 2132 938 2176 unde
960 2131 1108 2187 primo
1127 2137 1198 2175 est
1218 2131 1486 2187 impositum
1510 2130 1600 2174 hoc
1618 2141 1786 2174 nomen
1809 2129 1867 2175 ad
1891 2130 2037 2188 signi-

143 2191 376 2236 ficandum
402 2193 748 2248 generationem
768 2193 1046 2248 viventium,
1068 2206 1171 2250 quae
1190 2193 1408 2237 nativitas
1425 2191 1500 2237 vel
1521 2191 1765 2249 pullulatio
1783 2191 1966 2250 dicitur,
1987 2200 2036 2242 ut

143 2253 323 2298 dicatur
346 2259 530 2313 natura,
554 2254 686 2310 quasi
712 2255 946 2298 nascitura
966 2269 976 2297 ε
997 2255 1165 2300 deinde
1187 2255 1465 2299 translatum
1487 2259 1559 2299 est
1582 2267 1750 2299 nomen
1780 2260 1959 2301 naturae
1979 2257 2036 2304 ad

144 2315 503 2372 significandum
532 2315 811 2371 principium
838 2316 980 2373 hUJus
1010 2316 1346 2373 generationis3
1371 2320 1418 2361 et
1445 2316 1554 2372 quia
1583 2316 1862 2373 principium
1891 2331 2034 2375 gene-

144 2377 335 2422 rationis
355 2377 402 2420 in
424 2376 565 2421 rebus
582 2377 848 2422 viventibus
862 2382 933 2421 est
955 2378 1277 2434 intrinsecum,
1290 2377 1486 2422 ulterius
1504 2378 1761 2423 derivatum
1781 2385 1853 2425 est
1868 2394 2035 2428 nomen

145 2444 323 2483 naturae
336 2438 396 2483 ad
418 2438 775 2494 significandum
795 2438 1032 2496 quodlibet
1051 2439 1330 2496 principium
1351 2439 1655 2485 intrinsecum
1670 2445 1848 2499 motus3
1868 2455 2028 2489 secun-

145 2501 256 2545 dum
276 2500 402 2558 quod
424 2499 725 2557 Philosophus
746 2499 857 2545 dicit
875 2502 1026 2559 (Phys.
1051 2501 1130 2545 lib.
1153 2515 1205 2558 11,
1226 2506 1338 2546 text.
1359 2503 1418 2557 3),
1435 2502 1561 2559 quod
1584 2519 1604 2541 α
1629 2507 1795 2548 natura
1816 2509 1887 2550 est
1904 2506 2037 2563 prin-

144 2562 317 2619 cipium
345 2565 499 2606 motus
526 2561 575 2606 in
596 2574 651 2606 eo
678 2561 727 2606 in
752 2575 845 2619 quo
871 2567 943 2607 est
979 2576 1060 2620 per
1081 2576 1149 2619 se,
1174 2567 1222 2608 et
1244 2576 1339 2608 non
1363 2563 1622 2609 seeundum
1643 2564 1875 2611 accidens.
1901 2586 1921 2606 »
1944 2570 2038 2614 Hoc

145 2628 298 2668 autem
318 2623 596 2680 principium
610 2623 684 2668 vel
695 2624 842 2668 forma
855 2629 942 2680 est,
952 2625 1241 2670 velmateria.
1258 2626 1385 2670 Unde
1398 2626 1678 2683 quandoque
1696 2632 1860 2672 natura
1872 2628 2051 2676 dicitur-

144 2685 309 2741 forma,
330 2686 609 2742 quandoque
629 2686 739 2730 vero
762 2686 969 2731 materia.
992 2689 1043 2731 Et
1065 2687 1174 2743 quia
1191 2687 1295 2732 finis
1315 2687 1626 2744 generationis
1650 2690 1873 2736 naturalis
1895 2696 1967 2737 est
1986 2693 2037 2738 in

145 2759 200 2792 eo
219 2747 345 2803 quod
368 2751 633 2803 generatur,
651 2747 827 2793 scilicet
845 2749 1048 2794 essentia
1072 2749 1242 2806 speciei
1265 2762 1406 2807 quam
1426 2749 1655 2807 significat
1676 2751 1904 2812 definiti03
1928 2753 2039 2801 inde

145 2812 218 2853 est
239 2808 365 2865 quod
393 2808 659 2865 hujusmodi
687 2810 889 2855 essentia
916 2811 1086 2869 speciei
1114 2808 1308 2856 vocatur
1332 2811 1471 2856 etiam
1500 2816 1681 2857 natura.
1704 2814 1759 2858 Et
1783 2814 1871 2859 hoc
1897 2816 2043 2862 modo-

145 2870 326 2916 Boetius
348 2877 561 2916 naturam
581 2868 743 2917 definit
761 2872 858 2927 (lib.
879 2877 940 2918 De
959 2873 1098 2919 duab.
1120 2878 1214 2918 nat.
1233 2875 1458 2931 aliquant.
1475 2873 1502 2918 a
1519 2875 1687 2931 princ.)
1701 2874 1889 2922 dicens:
1905 2895 1926 2915 «
1945 2880 2039 2924 Na-

146 2936 249 2977 tura
268 2938 340 2977 est
363 2945 742 2991 unamquamque
759 2947 858 2979 rem
882 2935 1138 2980 informans
1160 2936 1375 2993 specifica
1396 2936 1668 2993 differentia,
1693 2956 1713 2977 »
1735 2950 1841 2995 quae
1862 2938 2056 2988 scilicet>

145 2995 346 3051 complet
361 2995 677 3040 definitionem
694 2996 881 3053 speciei.
896 2997 968 3042 Sic
986 3009 1099 3054 ergo
1112 3010 1238 3042 nunc
1256 2997 1490 3055 loquimur
1502 2997 1562 3044 de
1579 3002 1763 3057 natura,
1775 3001 2040 3050 secundum

144 3054 270 3127 quod
301 3061 468 3126 natura
500 3057 731 3113 significat
765 3059 1037 3116 essentiam,
1062 3059 1135 3104 vel
1167 3059 1293 3116 quod
1327 3059 1440 3117 quid
1472 3065 1564 3117 em,
1605 3061 1703 3106 sive
1729 3062 2039 3119 quidditatem

145 3128 331 3174 speclei.
346 3142 401 3149 —-
422 3120 516 3162 Hoc
537 3124 693 3172 autem
713 3120 852 3165 modo
872 3121 1143 3178 accipiendo
1161 3126 1390 3179 naturam,
1414 3122 1703 3179 impossibile
1718 3128 1796 3169 est
1811 3123 2038 3171 unionem

187 3246 230 3288 (·Ι)
250 3245 298 3281 De
314 3245 380 3280 fide
405 3252 454 3280 est
478 3245 639 3280 unionem
659 3247 767 3282 Verbi
790 3247 957 3284 incarnati
977 3262 1046 3286 non
1130 3253 1224 3293 runt,
1240 3250 1322 3287 edit.
1337 3263 1464 3287 omnes.
1477 3252 1570 3294 Mas..
1586 3255 1621 3287 et
1637 3251 1729 3287 Edit.
1742 3253 1886 3294 veteres,
1898 3253 1941 3288 ἰὴ
1954 3263 2034 3290 mm

147 3305 215 3329 esse
229 3293 350 3328 factam
370 3294 406 3328 in
423 3298 543 3328 natura
553 3321 561 3335 ‚
577 3293 613 3327 id
626 3296 687 3335 est,
702 3307 771 3330 non
788 3295 834 3331 sic
847 3324 856 3338 ,
874 3301 914 3332 ut
927 3301 1046 3334 natura
1129 3303 1284 3334 natura.

147 3342 259 3376 divina
279 3346 313 3376 et
328 3341 474 3376 humana
490 3341 714 3378 coalescerent
734 3343 769 3377 in
785 3356 899 3387 unam,
919 3350 957 3380 ut
968 3346 1045 3388 dog·
1171 3347 1215 3389 (ὅ)
1231 3347 1283 3381 Ita
1307 3359 1383 3382 cum
1406 3348 1502 3384 codd.
1519 3350 1652 3385 eumer.
1668 3350 1702 3384 et
1726 3348 1842 3384 Alcan.
1862 3348 1944 3384 edit,
1961 3359 2037 3390 pao-

147 3389 318 3425 matizavit
335 3389 511 3430 Eutyches.
1130 3394 1206 3429 sim.
1221 3395 1274 3431 Al.
1289 3395 1394 3438 deest,
1410 3397 1537 3433 unius.

188 3437 233 3479 (2)
247 3438 298 3473 Ita
313 3443 387 3479 post
400 3437 582 3481 theologos,
600 3438 658 3481 qui
673 3448 789 3474 vocem
802 3448 881 3474 «ma
896 3439 1047 3476 sustule-
