2170 3808
207 237 265 280 44
1003 229 1204 283 QUAEST.
1235 228 1303 272 lv.

208 314 501 374 personalem
520 316 596 374 (1),
619 312 909 359 conveniens
929 310 1018 357 fuit
1038 309 1245 368 reparari
1265 311 1527 354 creaturam
1544 307 1594 353 in
1616 307 1780 354 ordine
1802 307 1863 354 ad
1882 312 2107 353 aeternam

208 382 257 423 et
278 378 562 423 immobilem
586 375 944 434 perfectionem:
972 385 1083 419 nam
1103 378 1150 418 et
1166 372 1338 417 artifex
1357 383 1440 428 per
1458 372 1655 416 formam
1679 371 1791 416 artis
1812 375 2102 427 conceptam,

209 442 303 497 qua
325 440 618 485 artificiatum
640 438 863 495 condidit,
883 437 1039 494 ipsum
1058 436 1098 480 si
1117 434 1378 491 collapsum
1399 433 1555 490 fuerit,
1574 437 1821 479 restaurat.
1846 432 1944 477 Alio
1965 431 2106 477 modo

207 501 347 547 habet
368 499 743 546 convenientiam
762 498 1026 557 specialiter
1043 509 1153 542 cum
1177 496 1385 540 humana
1411 498 1580 539 natura
1601 507 1661 540 ex
1679 507 1735 539 eo
1757 493 1884 552 quod
1905 492 2105 564 Verbum

207 567 280 607 est
298 566 552 619 conceptus
581 566 765 608 aeternae
795 559 1053 617 sapientiae,
1075 558 1102 603 a
1120 571 1218 616 qua
1237 557 1391 602 omnis
1413 556 1641 613 sapientia
1660 557 1902 602 hominum
1921 556 2108 626 deriya-

207 628 298 668 tur.
324 626 379 668 Et
403 624 508 669 ideo
539 636 624 681 per
654 624 743 668 hoc
775 623 915 667 homo
940 621 991 666 in
1028 619 1258 678 sapientia
1291 618 1543 676 perficitur,
1569 631 1677 676 quae
1698 623 1771 664 est
1793 617 1980 676 propria
2001 629 2107 674 ejus

172 739 174 742 y
205 687 445 743 perfectio,
465 691 604 743 prout
624 691 698 732 est
717 685 975 743 rationaliS,
1000 683 1126 741 quod
1149 682 1395 740 participat
1416 681 1615 727 Verbum
1633 682 1739 737 Dei3
1765 682 1887 726 sicut
1905 680 2108 738 discipu·

204 748 281 793 lus
303 749 550 794 instruitur
570 761 656 806 per
677 749 766 794 hoc
794 747 920 805 quod
942 746 1107 802 recipit
1123 744 1321 790 verbum
1341 743 1568 800 magistri.
1590 744 1721 789 Unde
1741 742 1895 797 (Eccli.
1915 756 1946 800 ι,
1967 744 2010 798 5)
2028 742 2106 788 dj-

204 809 354 856 citur:
375 814 498 856 Fons
518 814 754 868 sapientiae
778 810 973 854 Verbum
1001 810 1086 851 Dei
1119 810 1170 851 in
1199 807 1407 851 excelsis,
1437 808 1489 850 Et
1514 805 1619 852 ideo
1648 806 1707 852 ad
1729 807 2105 850 consummatam

204 872 406 918 hominis
429 873 759 931 perfectionem
780 870 1068 917 conveniens
1090 868 1180 914 fuit
1200 873 1254 913 ut
1274 869 1432 924 ipsum
1450 867 1652 913 Verbum
1677 868 1758 913 Dei
1781 868 2000 912 humanae
2019 879 2106 911 na-

205 937 322 979 turae
340 934 648 991 personaliter
664 934 894 979 uniretur.
915 930 1143 987 Secundo,
1165 935 1318 987 potest
1333 929 1481 987 accipi
1494 929 1612 974 ratio
1627 929 1770 987 hujus
1783 928 2104 985 congruentiae

204 1007 264 1040 ex
276 995 370 1042 fine
385 997 590 1055 unionis,
605 997 688 1054 qui
705 1001 777 1041 est
790 995 998 1052 impletio
1012 992 1458 1054 praedestinationis3
1473 1004 1637 1037 eorum
1652 992 1827 1037 scilicet
1839 991 1918 1049 qui
1935 1003 2105 1047 praeor-

204 1057 349 1103 dinati
371 1063 484 1103 sunt
511 1059 571 1103 ad
596 1059 915 1104 haereditatem
938 1057 1194 1111 coelestem,
1219 1067 1325 1111 quae
1347 1066 1444 1098 non
1464 1053 1661 1099 debetur
1684 1054 1773 1099 nisi
1791 1054 1916 1111 filiis,
1933 1066 2105 1098 secun-

203 1118 316 1164 dum
334 1119 449 1166 illud
469 1123 615 1175 (Rom.
636 1134 727 1177 vm,
746 1122 818 1175 17)
839 1134 850 1161 ε
875 1122 925 1163 Si
946 1118 1049 1174 filii,
1074 1122 1119 1161 et
1141 1118 1359 1161 haeredes.
1378 1119 1433 1161 Et
1448 1115 1552 1161 ideo
1568 1127 1830 1172 congruum
1843 1116 1931 1160 fuit
1948 1120 2002 1160 ut
2018 1127 2104 1172 per

202 1192 310 1225 eum
342 1182 424 1238 qui
455 1186 528 1227 est
554 1181 680 1227 filius
711 1180 956 1236 naturalis,
976 1179 1191 1224 homines
1222 1178 1556 1236 participarent
1580 1177 1934 1222 similitudinem
1961 1177 2104 1235 huJus

201 1238 441 1289 filiationis
462 1244 723 1288 secundum
745 1242 1070 1300 adoptionem3
1094 1242 1213 1286 sicut
1239 1241 1487 1298 Apostolus
1513 1240 1687 1286 ibidem
1713 1243 1791 1297 29,
1818 1239 1958 1286 dicit:
1983 1244 2105 1296 Quos

198 1307 427 1359 praescivit
451 1308 496 1349 et
514 1307 862 1362 praedestinavit
885 1307 1138 1361 conformes
1158 1305 1258 1359 fieri
1280 1307 1496 1361 imaqz‘nis
1515 1304 1632 1347 Filii
1650 1305 1808 1358 ΜΘ).
1830 1302 1994 1359 Tertio,
2015 1315 2104 1359 po-

118 1391 125 1399 x
202 1369 292 1411 test
310 1367 457 1424 accipi
478 1368 596 1412 ratio
618 1369 760 1425 hujus
783 1367 1102 1423 congruentiae
1115 1379 1181 1426 ‘ex
1203 1371 1395 1423 peccato
1415 1366 1552 1423 primi
1575 1365 1799 1424 parentis,
1821 1365 1897 1410 cui
1918 1377 2004 1423 per
2024 1365 2102 1410 in-

198 1429 516 1474 carnationem
546 1430 807 1475 remedium
838 1429 1101 1474 adhibetur.
1135 1431 1409 1473 Peccaverat
1439 1428 1564 1472 enim
1594 1428 1774 1485 primus
1800 1428 1940 1472 homo
1962 1440 2103 1486 appe-

198 1489 342 1535 tendo
357 1491 617 1548 scientiam,
638 1496 687 1537 ut
703 1497 831 1549 patet
845 1505 905 1536 ex
918 1491 1075 1536 verbis
1091 1492 1323 1548 serpentis
1336 1491 1650 1548 promittentis
1663 1490 1841 1535 homini
1856 1490 2103 1536 scientiam

197 1548 376 1596 boniet
401 1553 528 1597 mali.
556 1554 687 1599 Unde
710 1553 998 1599 conveniens
1029 1554 1118 1598 fuit
1148 1558 1201 1597 ut
1229 1566 1314 1610 per
1335 1553 1535 1597 Verbum
1557 1565 1681 1597 verae
1703 1553 1943 1609 sapientiae
1962 1553 2103 1599 homo

197 1611 497 1659 reduceretur
519 1614 569 1658 in
592 1618 755 1672 Deum,
774 1615 854 1671 qui
881 1627 965 1671 per
992 1614 1312 1660 inordinatum
1338 1613 1595 1671 appetitum
1616 1614 1826 1661 scientiae
1843 1619 2104 1660 recesserat

199 1672 227 1715 a
249 1676 356 1719 Deo.

251 1736 318 1780 Ad
334 1739 538 1793 primum
555 1749 668 1793 ergo
690 1736 959 1793 dicendum,
983 1736 1110 1793 quod
1134 1737 1251 1781 nihil
1266 1741 1337 1781 est
1353 1749 1448 1794 quo
1466 1738 1673 1782 humana
1691 1738 1870 1783 malitia
1886 1751 1982 1783 non
1998 1751 2105 1796 pos-

196 1796 256 1841 sit
269 1798 415 1851 abuti,
429 1799 619 1856 quando
635 1799 774 1843 etiam
787 1799 891 1855 ipsa
905 1799 984 1843 Dei
997 1799 1206 1844 bonitate
1221 1799 1446 1855 abutitur,
1460 1799 1719 1844 secundum
1735 1800 1852 1845 illud
1863 1803 2009 1852 (Rom.
2025 1805 2073 1858 ιι)
2087 1817 2103 1845 t

195 1863 270 1903 An
289 1862 480 1904 divitias
501 1863 715 1904 bonitatis
734 1863 831 1916 ejus
851 1861 1135 1904 contemnis?
1159 1862 1289 1906 Unde
1317 1861 1501 1906 etiamsi
1528 1874 1733 1918 persona
1762 1862 1910 1908 Patris
1935 1863 2105 1911 fuisset

194 1920 455 1982 incarnata,
482 1922 712 1979 potuisset
741 1935 800 1967 ex
832 1923 922 1967 hoc
954 1923 1095 1967 homo
1129 1922 1329 1980 alicujus
1360 1925 1532 1967 erroris
1563 1923 1857 1968 occasionem
1889 1936 2101 1984 sumere,

195 1983 328 2040 quasi
347 1983 491 2028 Filius
511 1985 728 2029 sufficere
748 1997 845 2028 non
868 1985 1100 2042 potuisset
1123 1985 1182 2030 ad
1205 1985 1461 2030 humanam
1483 1990 1699 2030 naturam
1719 1986 2046 2042 reparandam.

247 2045 315 2090 Ad
338 2047 584 2090 secundum
609 2047 877 2102 dicendum,
900 2047 1027 2105 quod
1047 2047 1198 2105 prima
1219 2060 1379 2093 rerum
1398 2047 1573 2093 creatio
1596 2047 1719 2092 faeta
1741 2052 1814 2092 est
1841 2048 1869 2092 a
1892 2050 2104 2106 potentia

194 2106 273 2150 Dei
294 2107 443 2152 Patris
460 2120 542 2164 per
557 2108 782 2165 Verbum3
808 2109 935 2154 unde
957 2113 1005 2153 et
1024 2109 1251 2154 recreatio
1267 2122 1351 2166 per
1364 2110 1562 2155 verbum
1583 2109 1684 2154 fieri
1704 2108 1866 2154 debuit
1888 2110 1916 2154 a
1933 2117 2102 2167 poten-

193 2167 257 2212 tia
271 2169 350 2213 Dei
370 2170 534 2226 Patris,
555 2175 609 2215 ut
622 2171 848 2215 recreatio
863 2172 1087 2215 creationi
1105 2172 1426 2228 responderet,
1444 2171 1706 2217 secundum
1721 2172 1836 2217 illud
1850 2175 1920 2228 (11.
1935 2176 2037 2219 Cor.
2051 2189 2097 2231 v,

193 2232 292 2285 19):
318 2235 438 2274 Deus
459 2237 560 2276 era-t
581 2237 630 2275 in
656 2234 840 2277 Christo
862 2235 1081 2277 natandum
1103 2235 1408 2278 reconcilians
1429 2235 1530 2279 sibi.

245 2292 314 2337 Ad
333 2297 519 2336 tertium
542 2293 811 2351 dicendum,
829 2295 954 2352 quod
969 2295 1155 2352 Spiritui
1177 2301 1340 2340 sancto
1355 2296 1596 2353 proprium
1611 2299 1684 2341 est
1698 2295 1826 2354 quod
1844 2297 1906 2342 sit
1920 2298 2100 2345 donum

189 2353 338 2398 Patris
370 2358 416 2398 et
446 2354 563 2400 Filii.
593 2357 821 2401 Remissio
843 2361 999 2402 autem
1024 2361 1322 2414 peccatorum
1335 2355 1387 2402 fit
1406 2371 1489 2415 per
1508 2358 1727 2415 Spiritum
1746 2363 1980 2419 sanctum,
1998 2367 2099 2406 tan-

191 2426 334 2472 quam
357 2428 442 2473 per
465 2417 642 2463 donum
662 2419 759 2463 Dei.
778 2422 833 2464 Et
854 2419 961 2464 ideo
983 2419 1343 2465 convenientius
1362 2421 1451 2465 fuit
1470 2421 1530 2465 ad
1546 2420 1932 2478 justificationem
1950 2425 2099 2470 homi-

191 2489 309 2523 num
327 2478 455 2536 quod
473 2479 799 2526 incarnaretur
819 2481 980 2539 Filiae,
1006 2482 1142 2538 an'us
1166 2482 1363 2539 Spiritus
1385 2488 1579 2528 sanctus
1601 2488 1672 2528 est
1692 2483 1885 2529 donum.

922 2608 1232 2671 QUAESTIO
1271 2610 1357 2663 IV.

283 2723 346 2759 DE
375 2722 506 2760 MODO
538 2723 730 2760 UNIONIS
760 2725 826 2760 Ex
856 2725 1010 2760 PARTE
1042 2727 1249 2762 NATURAE
1273 2728 1489 2764 HUMANAE
1520 2729 1797 2781 ASSUMPTAE,
1837 2731 1888 2767 IN
1916 2731 2010 2768 SEX

907 2787 1167 2824 ARTICULOS
1199 2790 1368 2826 DIVISA.

237 2872 392 2914 Deinde
411 2873 757 2914 considerandum
777 2879 837 2915 est
855 2875 905 2915 de
926 2875 1080 2917 unione
1098 2889 1147 2917 ex
1167 2881 1282 2930 parte
1299 2878 1520 2930 assumpti.
1539 2879 1656 2920 Circa
1675 2882 1787 2932 quod
1805 2882 1942 2934 primo
1958 2885 2095 2926 consi-

188 2927 422 2970 derandum
438 2930 616 2969 occurrit
630 2930 680 2970 de
699 2930 769 2969 his
783 2942 876 2982 quae
890 2936 990 2972 sunt
1003 2932 1029 2972 a
1042 2932 1170 2973 Verbo
1185 2933 1258 2973 Dei
1271 2937 1500 2986 assumpta.
1515 2934 1719 2985 Secundo,
1736 2937 1786 2976 de
1803 2941 2095 2996 coassumptis‚

187 2994 280 3035 quae
301 2987 401 3023 sunt
417 2985 680 3034 perfectiones
702 2989 742 3025 et
759 2984 952 3026 defectus.
977 2987 1218 3045 Assumpsit
1233 2992 1374 3027 autem
1397 2987 1469 3028 Dei
1489 2988 1621 3028 Filius
1643 2989 1875 3032 humanam
1900 2997 2096 3036 naturam

189 3038 230 3077 et
245 3041 378 3089 partes
397 3038 498 3090 ejus.
518 3038 634 3079 Unde
653 3040 761 3080 circa
780 3041 965 3092 primum
982 3041 1130 3093 triplex
1149 3043 1419 3084 consideratio
1437 3044 1628 3085 occurrit.
1653 3046 1792 3086 Prima
1808 3051 1869 3087 est
1888 3049 2094 3099 quantum

188 3091 242 3132 ad
262 3092 399 3144 ipsam
423 3097 617 3134 naturam
635 3094 882 3136 humanam.
907 3096 1094 3137 Secunda
1112 3103 1172 3138 est
1193 3099 1402 3150 quantum
1424 3098 1476 3139 ad
1491 3104 1626 3150 partes
1645 3100 1792 3154 ipsius.
1813 3103 1945 3143 Tertia
1959 3116 2092 3156 quan·

187 3145 281 3186 tum
305 3146 358 3187 ad
387 3147 578 3188 ordinem
596 3151 908 3201 assumptionis.
937 3151 1051 3192 Circa
1071 3152 1259 3203 primum
1284 3156 1528 3204 quaeruntur
1546 3166 1642 3196 sex:
1666 3161 1703 3196 1⁰
1729 3157 1881 3198 Utrum
1906 3158 2094 3200 humana

188 3202 336 3241 natura
357 3201 481 3242 tuerit
494 3203 627 3253 magis
649 3205 951 3256 assumptibilis
974 3207 999 3247 a
1017 3206 1122 3247 Filio
1137 3209 1210 3248 Dei
1229 3209 1358 3260 quam
1374 3210 1514 3261 aliqua
1533 3211 1616 3250 alia
1632 3215 1795 3252 natura.
1814 3235 1864 3241 -—
1885 3218 1925 3253 2⁰
1945 3214 2093 3255 Utrum

228 3322 273 3366 (l)
294 3323 357 3358 Vel
379 3324 579 3365 transposita
594 3326 845 3361 construetione
865 3339 874 3361 ε
894 3328 969 3364 Per
982 3331 1093 3365 unio·
1179 3332 1280 3367 illum
1299 3333 1504 3374 participent
1525 3333 1763 3369 haereditatem
1790 3335 1942 3372 liliorum
1964 3351 1973 3371 :
1998 3339 2090 3374 unde

187 3380 268 3406 nem
277 3381 354 3405 non
365 3372 634 3415 participatam
647 3400 655 3414 ,
669 3373 732 3408 sed
743 3376 1094 3417 personalemverbi
1176 3386 1252 3422 post
1269 3381 1372 3416 verba
1391 3381 1462 3421 illa,
1487 3382 1520 3417 si
1540 3382 1619 3426 filii
1636 3386 1670 3417 et
1694 3384 1870 3425 haeredes,
1891 3386 2090 3422 immediate

186 3417 236 3452 ad
258 3422 484 3461 creaturam,
502 3424 571 3455 etc.
1174 3429 1398 3470 subjungitur
1411 3456 1420 3471 ‚
1438 3429 1600 3466 heredes
1616 3431 1764 3474 quidem
1779 3432 1862 3475 Dei,
1882 3434 2088 3471 cohaereda

225 3464 269 3507 (2)
296 3466 345 3502 Ex
370 3479 436 3509 quo
464 3467 567 3503 etiam
594 3480 800 3513 consequens
827 3475 878 3507 est
902 3475 940 3507 ut
963 3477 998 3509 et
1029 3485 1091 3516 per
1176 3481 1297 3512 autem
1316 3477 1469 3513 Christi.
