2170 3808
694 233 891 285 QUAEST.
923 233 1066 287 Lxlx,
1100 233 1216 275 ART.
1247 233 1300 275 IX
1328 232 1394 275 ET
1421 234 1474 276 X.
1946 233 2029 276 615

197 311 265 358 Ad
275 313 519 356 secundum
534 311 798 368 dicendum,
816 313 938 370 quod
956 314 1142 369 quaudo
1160 317 1280 357 Deus
1303 314 1593 357 voluntatem
1610 310 1812 356 hominis
1831 310 1890 355 de
1903 311 2026 355 malo

144 375 194 418 in
211 372 388 418 bonum
406 378 568 428 mutat,
592 378 702 418 tunc
725 376 862 418 homo
884 387 979 418 non
1000 375 1177 418 accedit
1199 375 1358 427 fictus;
1380 374 1465 418 sed
1485 386 1579 417 non
1602 385 1786 429 semper
1802 373 1891 416 hoc
1909 375 2028 417 Deus

145 434 270 490 facit,
295 446 382 479 nec
403 435 463 479 ad
489 436 574 478 boc
598 440 941 481 sacramentum
955 436 1197 480 ordinatur
1218 440 1267 479 ut
1283 436 1342 480 de
1360 436 1465 479 ficto
1476 436 1556 479 fiat
1577 435 1743 492 aliquis
1763 445 1856 477 non
1874 433 2024 489 fictus,

145 496 226 542 sed
242 501 295 541 ut
315 509 406 540 non
433 497 567 541 fictus
591 498 757 554 aliquis
779 499 1006 543 accedens
1019 497 1316 553 Justificetur.

199 557 267 603 Ad
281 561 460 601 tertium
480 558 744 615 dicendum,
769 559 894 616 quod
921 559 1057 603 fictus
1073 559 1243 602 dicitur
1261 558 1428 615 aliquis
1448 570 1507 602 ex
1524 568 1579 602 eo
1594 557 1720 614 quod
1741 557 2026 602 demonstrat

145 630 198 664 se
219 619 392 675 aliquid
410 620 527 663 velle
553 621 677 676 quod
701 633 794 664 non
809 620 924 666 vult.
950 620 1239 677 Quicumque
1265 628 1420 664 autem
1445 618 1624 670 accedit
1644 619 1703 663 ad
1725 618 2021 675 baptismum.

145 691 201 725 ex
226 680 314 725 hoc
338 681 438 737 ipso
461 682 663 726 ostendit
702 694 754 727 se
788 686 961 726 rectam
994 682 1133 726 fidem
1171 682 1334 726 Christi
1374 680 1559 738 habere,
1599 684 1646 725 et
1685 684 2023 726 sacramentum

146 741 372 797 venerari,
390 747 436 786 et
456 742 575 786 velle
592 755 643 786 se
666 742 844 787 Christo
862 743 1168 798 conformare,
1183 747 1229 786 et
1247 743 1364 787 velie
1389 741 1416 785 a
1436 744 1624 798 peccato
1644 741 1877 786 recedere.
1897 741 2024 786 Unde

145 803 431 860 quicumque
451 810 643 859 peccato
659 806 695 858 (1
704 804 831 858 )vult
850 799 1246 860 homoinhaerere,
1269 805 1308 848 si
1327 804 1386 848 ad
1409 803 1691 860 baptismum
1728 803 1920 858 accedit,
1944 802 2026 847 fic-

118 874 121 877 ’
146 868 220 908 tus
241 865 433 921 accedit,
456 866 581 922 quod
610 870 682 910 est
712 866 926 910 indevote
952 867 1187 910 accedere.
1217 866 1303 910 Sed
1335 866 1422 909 hoc
1459 865 1814 922 intelllgendum
1859 869 1930 909 est
1967 864 2025 909 de

143 931 333 982 peccato
356 927 555 981 mortali,
579 927 703 983 quod
723 927 882 983 glatiae
901 929 1225 984 contrariatur,
1246 940 1339 971 non
1359 931 1514 972 autem
1534 927 1592 972 de
1626 932 1815 984 peccato
1836 925 2023 971 veniali.

141 987 269 1033 Unde
295 986 418 1032 fictio
438 989 512 1032 hic
531 988 871 1045 quodammode
891 989 1086 1034 includit
1104 1001 1242 1034 omne
1263 994 1521 1046 peccatum.

197 1065 538 1108 ARTICULUS
560 1066 621 1108 X.
651 1088 705 1096 --
728 1077 862 1107 unum
884 1077 1073 1108 menone
1102 1077 1344 1109 anchusam
1373 1076 1600 1109 mrnsmis
1622 1075 1730 1109 suun
1752 1073 1969 1107 armerum

889 1138 1186 1176 consEQUATun
1207 1128 1280 1181 (2).

247 1208 296 1258 De
320 1208 372 1242 his
391 1207 494 1241 etiam
510 1209 604 1244 Sent.
621 1216 673 1249 xv,
692 1207 772 1242 dist.
787 1208 822 1250 4,
835 1211 951 1249 quast.
968 1216 1024 1248 111,
1041 1212 1108 1242 art.
1122 1207 1145 1241 2
1156 1234 1166 1250 ,
1178 1211 1297 1249 quaest.
1311 1216 1369 1249 111.
1386 1211 1423 1243 et
1440 1207 1520 1244 dist.
1535 1207 1589 1249 47.
1602 1211 1718 1250 quaest.
1736 1216 1791 1249 111,
1805 1212 1872 1242 art.
1885 1207 1919 1242 2.

195 1276 264 1321 Ad
282 1276 515 1321 decimum
537 1276 604 1320 sic
626 1275 904 1332 proceditur.
925 1279 969 1320 1.
990 1275 1177 1328 Videtur
1195 1275 1335 1333 quod,
1360 1276 1545 1320 fictione
1564 1275 1827 1332 recedente,
1849 1276 2026 1332 baptis·

142 1349 249 1391 mus
271 1349 409 1381 suum
430 1338 645 1381 effectum
675 1349 768 1381 non
787 1341 1116 1393 consequatur.
1133 1340 1256 1392 opus
1273 1338 1398 1381 enim
1420 1345 1672 1392 mortuum,
1693 1337 1818 1393 quod
1833 1337 2024 1382 estsine

141 1398 377 1453 charitate,
405 1410 498 1441 non
537 1401 688 1453 potest
722 1396 934 1454 unquam
966 1397 1204 1442 vivificari.
1232 1398 1318 1443 Sed
1362 1398 1439 1443 ille
1472 1398 1551 1453 qui
1587 1397 1724 1442 fictus
1761 1397 1938 1442 accedit
1965 1397 2025 1443 ad

142 1459 453 1518 baptismum,
480 1459 644 1515 recipit
669 1464 1013 1503 sacramentum
1048 1460 1149 1504 sine
1174 1461 1411 1505 charitate.
1444 1463 1564 1516 Ergo
1596 1458 1838 1515 nunquam
1874 1463 2024 1516 potest

141 1519 362 1563 vivificari
380 1521 464 1565 boc
483 1522 622 1565 modo
635 1525 686 1564 ut
702 1521 896 1576 gratiam
913 1521 1138 1566 conferat.

198 1583 240 1625 2.
266 1584 507 1635 Praeterea,
544 1582 667 1626 fictio
691 1583 871 1627 videtur
894 1595 997 1627 esse
1016 1583 1177 1627 fortior
1198 1583 1339 1638 quam
1371 1582 1649 1637 baptismus,
1682 1582 1789 1625 cum
1808 1582 2025 1638 impediat

144 1641 248 1698 ejus
269 1642 502 1686 effectum.
530 1643 615 1687 Sed
638 1644 803 1688 fortius
827 1656 922 1688 non
946 1644 1121 1687 tollitur
1135 1644 1162 1687 a
1176 1644 1402 1688 debiliori.
1423 1647 1542 1700 Ergo
1559 1650 1805 1700 peccatum
1826 1643 2025 1701 fictionis

144 1715 238 1748 11011
270 1708 421 1760 potest
446 1704 542 1748 tolli
566 1716 650 1761 per
676 1705 958 1762 baptismum
980 1704 1008 1749 a
1030 1705 1215 1750 fictione
1242 1705 1458 1760 inditum,
1479 1709 1527 1750 et
1545 1706 1612 1749 sic
1646 1705 1908 1761 baptismus
1930 1717 2025 1753 non

143 1769 456 1822 consequetur
477 1778 616 1810 suum
637 1766 872 1823 effectum,
890 1766 970 1823 qui
991 1771 1063 1811 est
1076 1766 1288 1811 remissio
1300 1767 1510 1811 omnIum
1527 1771 1841 1823 peccatorum.

198 1828 240 1870 3.
265 1829 508 1884 Praeterea,
523 1828 758 1884 ‚contingit
778 1827 904 1885 quod
922 1828 1096 1885 aliquid
1115 1829 1219 1873 ficte
1248 1829 1436 1873 accedat
1458 1828 1518 1874 ad
1537 1828 1837 1887 baptismum,
1857 1833 1905 1875 et
1921 1834 2025 1886 post

141 1887 424 1943 baptismum
458 1890 602 1933 multa
636 1895 827 1946 peccata
861 1891 1132 1946 committat,
1167 1903 1273 1947 quae
1315 1895 1470 1935 tamen
1504 1904 1588 1948 per
1618 1889 1899 1946 baptismum
1931 1903 2023 1936 non

142 1948 384 2008 tolluntur,
400 1951 507 2007 quia
524 1951 785 2007 baptismus
801 1951 916 1996 tollit
935 1958 1125 2009 peccata
1137 1953 1385 2009 praeterita,
1407 1964 1503 1996 non
1522 1953 1695 1997 futura.
1710 1954 1828 2008 Ergo
1850 1952 2024 2009 baptis·

142 2020 248 2054 mus
267 2012 371 2055 talis
390 2012 631 2069 nunquam
655 2018 970 2070 consequetur
983 2026 1123 2059 suum
1142 2014 1377 2070 effectum,
1392 2014 1471 2071 qui
1494 2019 1565 2059 est
1583 2013 1797 2059 remissio
1815 2014 2024 2059 omnium

139 2078 452 2127 peccatorum.
1268 2124 1271 2132 s

197 2133 283 2178 Sed
305 2139 463 2178 contra
486 2140 557 2180 est
575 2137 700 2192 quod
715 2137 1003 2193 Augustinus
1024 2136 1135 2181 dicit
1154 2139 1232 2191 (De
1248 2137 1478 2193 baptismo
1499 2140 1624 2181 cont.
1648 2135 1870 2181 Donatist.
1891 2137 2021 2193 liba,

142 2205 243 2251 cap.
277 2198 347 2251 12,
369 2209 533 2251 parum
562 2197 604 2240 a.
623 2198 822 2253 princ.):
852 2216 872 2236 a
897 2201 1023 2243 Tunc
1045 2198 1200 2242 valere
1223 2199 1382 2254 incipit
1413 2198 1473 2243 ad
1505 2197 1704 2242 salutem
1741 2197 2018 2255 baptismus,

142 2258 249 2300 cum
266 2256 346 2300 illa
364 2258 486 2301 fictio
502 2259 656 2303 veraci
674 2260 963 2305 confessione
975 2259 1232 2315 recesserit,
1251 2272 1371 2316 quae,
1391 2258 1530 2304 corde
1542 2259 1589 2303 in
1606 2258 1780 2303 malitia
1795 2260 1868 2304 vel
1880 2259 2025 2305 sacri·-
2077 2283 2081 2287 -

142 2317 263 2373 legio
283 2326 624 2377 perseverante,
649 2326 945 2378 peccatorum
960 2322 1257 2367 abolitionem
1274 2334 1368 2366 non
1391 2320 1573 2366 sinebat
1586 2321 1703 2366 fieri.
1722 2339 1744 2361 ι

185 2391 470 2433 CONCLUSIO.
487 2415 535 2422 —-
554 2394 733 2434 Fictione
748 2406 818 2446 per
835 2395 1122 2446 poenitentiam
1137 2397 1307 2444 remota,
1333 2394 1565 2446 baptismus
1581 2394 1770 2435 effectum
1783 2404 1909 2435 suum
1930 2406 2025 2436 oon·

140 2445 260 2485 tinuo
272 2448 548 2498 consequitur.

195 2515 466 2570 Respondeo
489 2516 739 2560 dicendum
761 2517 902 2575 quod,
923 2517 1045 2562 sicut
1066 2530 1207 2574 supra
1227 2519 1401 2563 dictum
1421 2522 1493 2562 est
1513 2520 1694 2574 (quaest.
1719 2531 1832 2574 LXVI,
1855 2523 1941 2563 art.
1961 2521 2021 2575 9),

141 2574 400 2631 baptismus
427 2581 496 2620 est
517 2578 732 2633 quaedam
754 2578 1009 2634 spiritualis
1043 2580 1351 2635 regeneratio.
1376 2581 1488 2623 cum
1507 2583 1663 2623 autem
1685 2578 1860 2635 aliquid
1879 2592 2023 2636 gene-

141 2641 284 2691 ratur,
301 2637 440 2681 simul
460 2651 566 2682 cum
589 2639 738 2683 forma
754 2641 916 2697 recipit
930 2640 1146 2686 effectum
1179 2642 1351 2699 formae,
1379 2641 1468 2685 nisi
1483 2640 1544 2684 sit
1562 2640 1736 2696 aliquid
1748 2641 2018 2699 impediens,

147 2708 235 2752 quo
262 2703 454 2753 remoto,
474 2700 623 2743 forma
654 2702 719 2745 rei
742 2707 976 2758 generatae
995 2703 1174 2759 perficit
1197 2716 1334 2746 suum
1351 2702 1584 2754 effectum,
1609 2701 1730 2746 sicut
1754 2701 1894 2746 simul
1916 2707 2020 2749 cum

142 2769 313 2813 corpus
350 2769 489 2813 grave
522 2766 785 2819 generatur,
811 2768 1022 2808 movetur
1045 2764 1282 2819 deorsum,
1330 2764 1418 2807 nisi
1451 2763 1512 2807 sit
1546 2762 1724 2819 aliquid
1754 2763 2017 2822 prohibens,

142 2831 234 2874 quo
253 2826 448 2874 remoto,
473 2822 628 2865 statim
656 2822 817 2880 incipit
849 2826 1023 2869 moveri
1049 2826 1284 2869 deorsum.
1313 2827 1367 2869 Et
1401 2824 1612 2869 similiter
1648 2824 1835 2881 quando
1855 2825 2022 2882 aliquis

142 2880 414 2937 baptizatur,
435 2883 601 2939 accipit
634 2884 945 2931 characterem
975 2887 1108 2943 quasi
1134 2887 1345 2943 formam,
1371 2891 1417 2931 et
1452 2886 1752 2943 consequitur
1784 2889 2019 2944 proprium

141 2943 373 2999 effectum,
400 2945 478 3000 qui
504 2950 574 2989 est
591 2946 739 3001 gratia
761 2948 1004 2993 remittens
1025 2949 1182 2993 omnia
1201 2954 1405 3005 peccata.
1430 2949 1682 3005 Impeditur
1695 2953 1852 2993 autem
1872 2962 2020 3006 quan·

142 3003 294 3060 doque
327 3017 409 3060 per
450 3004 695 3051 fictionem.
722 3009 848 3053 Unde
874 3015 1054 3066 oportet
1077 3011 1200 3066 quod
1223 3012 1400 3054 remota
1421 3010 1477 3054 ea
1495 3012 1552 3065 (3)
1577 3021 1660 3066 per
1681 3010 2020 3069 poenitentiam,

141 3065 397 3121 baptismus
417 3070 571 3110 statim
591 3074 904 3125 consequatur
920 3084 1057 3115 suum
1081 3072 1311 3115 effectum.
2097 3081 2098 3084 ’

195 3126 257 3170 Ad
276 3130 476 3183 primum
498 3140 607 3184 ergo
630 3128 892 3187 dicendum,
912 3132 1036 3187 quod
1061 3137 1405 3176 sacramentum
1440 3132 1658 3189 baptismi
1683 3138 1754 3178 est
1774 3145 1894 3190 opus
1924 3134 2018 3191 Dei,

183 3264 225 3305 (4)
258 3265 395 3300 Scilicet
432 3266 590 3308 mortali;
620 3266 759 3301 effectus
786 3268 878 3303 enim
913 3270 1039 3310 peccati
1166 3271 1208 3311 (5)
1226 3271 1334 3310 Tum,
1353 3271 1400 3305 ait
1417 3271 1565 3311 Sylvius,
1590 3271 1689 3306 datur
1712 3271 1895 3305 secundam
1917 3283 2020 3313 quan·
2091 3286 2094 3291 ·

142 3312 281 3346 venialis
307 3324 374 3346 non
405 3319 454 3349 est
488 3315 579 3348 fictio
608 3327 682 3355 quae
714 3316 856 3355 gratiam
879 3314 1038 3358 baptismi
1126 3318 1257 3352 titateni
1285 3318 1517 3358 dispositionis·
1539 3322 1603 3360 qua
1627 3318 1761 3354 tollitur
1790 3318 1898 3358 fictio,
1930 3322 2020 3356 tanta

143 3359 300 3394 excindit.
1125 3367 1234 3405 gratia
1258 3370 1379 3406 quanta
1405 3366 1519 3401 fuisset
1544 3367 1630 3406 data,
1653 3366 1682 3400 si
1706 3366 1858 3400 eamdem
1885 3365 2018 3408 disposi-

182 3406 226 3446 (2)
255 3407 465 3442 Affirmative
491 3411 668 3450 respondet
695 3411 730 3446 S.
755 3412 880 3445 Doctor
906 3415 940 3446 et
969 3411 1040 3446 hoec
1125 3413 1250 3447 tionem
1269 3413 1434 3448 habuisset
1452 3415 1487 3448 in
1505 3414 1674 3456 baptismo

139 3455 306 3489 sententia
324 3457 510 3491 communis
525 3464 584 3493 est.
