2170 3808
2166 113 2170 134 ‚r
2137 0 2170 81 2⁴52ss

191 203 273 246 378
851 198 1051 251 QUAEST.
1081 199 1219 255 XLVI,
1250 199 1368 242 ART.
1398 201 1432 242 Ι.

191 283 422 328 Christum
437 282 529 339 pati
552 294 636 339 pro
654 281 848 326 humani
867 279 1053 339 generis
1073 279 1360 324 liberatione.
1379 282 1643 325 Humanum
1662 279 1787 324 enim
1807 292 1958 337 genus
1975 280 2087 325 libe·
2119 314 2121 316 -

191 345 281 389 rari
314 357 406 388 non
435 347 616 401 poterat
644 343 735 388 nisi
758 343 785 387 a
810 345 920 399 Deo,
944 340 1204 387 secundum
1227 341 1343 387 illud
1366 344 1468 395 (Isa.
1494 355 1593 398 ην,
1616 343 1687 395 21)
1710 356 1723 384 t
1743 342 1978 397 Numquid
1998 355 2087 386 non

190 418 270 462 eqo
294 408 530 460 Dominus,
557 408 601 448 ei
627 417 718 448 non
737 408 804 449 est
822 404 947 449 ultra
966 408 1086 447 Deus
1113 403 1275 458 absque
1294 403 1394 446 me?
1415 407 1535 447 Deus
1551 404 1710 459 Justus
1731 406 1776 446 ei
1797 403 1984 447 salvans
2001 416 2087 448 non

191 470 259 510 esi
273 470 443 523 praeter
465 480 548 510 me.
565 468 616 510 In
635 470 781 512 Deum
800 471 956 511 autem
975 478 1070 510 non
1094 464 1219 509 cadit
1237 464 1393 522 aliqua
1409 464 1669 510 necessitas
1683 465 1763 520 (1),
1780 465 1891 522 quia
1906 465 1997 510 hoc
2016 477 2087 511 re-

191 533 421 585 pugnaret
439 528 787 586 omnipotentiae
804 528 967 585 ipsius.
985 530 1106 583 Ergo
1119 539 1215 570 non
1230 525 1319 571 fuit
1337 527 1653 572 necessarium
1671 527 1903 573 Christum
1919 526 2032 584 pati.

197 639 202 646 ,
244 593 287 634 2.
319 592 574 650 Praeterea,
604 590 925 636 necessarium
951 587 1216 634 voluntario
1247 588 1514 646 opponitur.
1543 588 1633 633 Sed
1667 587 1875 634 Christus
1903 588 2092 647 propria

190 650 431 698 voluntate
458 656 530 698 est
561 664 731 709 passus
758 665 771 695 ι
795 651 966 696 dicitur
994 650 1120 696 enim
1155 652 1258 705 (Isa.
1290 663 1383 706 Lm,
1415 651 1457 705 7)
1481 665 1494 694 :
1520 650 1714 696 Oblatas
1747 654 1832 704 est,
1860 653 1969 707 quia
1993 654 2091 709 ipse

190 713 350 758 voluit.
372 716 472 759 Non
495 726 608 771 ergo
631 713 949 758 necessarium
973 712 1063 757 fuit
1081 723 1189 757 eum
1213 711 1325 769 pati.

244 776 289 820 3.
321 777 563 831 Praeterea,
585 774 707 820 sicut
729 774 866 826 (Psal.
889 789 1002 831 ΠΝ,
1026 776 1096 829 10)
1123 773 1322 819 dicitur:
1353 776 1580 819 Universae
1602 777 1686 818 viae
1710 774 1891 817 Domini
1909 775 2089 818 miseri·
2162 819 2164 822 ,

192 837 354 881 cordia
382 840 429 880 ei
455 839 644 882 veritas.
667 836 756 882 Sed
786 848 881 880 non
900 835 1089 881 videtur
1115 833 1431 880 necessarium
1461 835 1585 893 quod
1613 838 1849 893 pateretur
1870 846 1930 879 ex
1959 842 2091 892 parte

190 898 523 944 misericordiae
540 898 726 955 divinae,
745 910 851 955 quae
866 897 992 943 sicut
1010 898 1158 955 gratis
1176 898 1299 943 dona
1322 897 1498 955 tribuit,
1519 899 1583 942 ita
1599 898 1784 943 videtur
1802 896 1928 954 quod
1945 897 2090 953 gratis

192 960 350 1005 debita
370 960 548 1005 relaxet
567 960 747 1018 absque
767 958 1085 1005 satisfactione
1100 975 1114 1003 ι
1133 971 1287 1016 neque
1303 959 1444 1004 etiam
1465 971 1523 1004 ex
1546 965 1678 1016 parte
1694 958 1863 1004 divinae
1881 958 2088 1015 Justitiae,

193 1020 453 1067 secundum
473 1033 616 1080 quam
633 1022 775 1066 homo
790 1025 1013 1066 aeternam
1032 1021 1379 1077 damnationem
1400 1025 1649 1067 meruerat.
1664 1023 1783 1078 Ergo
1796 1019 1979 1064 videtur
1996 1032 2089 1064 non

191 1081 338 1128 fuisse
357 1085 677 1130 necessarium
696 1083 820 1141 quod
839 1083 1048 1129 Christus
1065 1096 1149 1141 pro
1169 1083 1445 1128 liberatione
1464 1082 1977 1141 hominumxpateretur.

247 1149 291 1190 4.
323 1148 563 1203 Praeterea,
579 1145 791 1202 angelica
806 1150 974 1190 natura
990 1149 1063 1190 est
1080 1145 1379 1191 excellentior
1393 1144 1535 1202 qnam
1551 1144 1776 1200 humana,
1789 1149 1844 1189 ut
1859 1148 1987 1201 patet
2006 1157 2092 1202 per

192 1206 466 1264 Dionysium
489 1211 567 1264 (De
589 1209 683 1254 div.
704 1220 831 1252 nom.
853 1219 956 1266 cap.
975 1211 1028 1264 2,
1049 1208 1076 1252 a
1098 1208 1245 1265 princ.
1272 1208 1378 1253 lect.
1399 1210 1459 1262 1).
1481 1207 1569 1252 Sed
1588 1219 1672 1265 pro
1691 1207 1980 1263 reparatione
2002 1219 2090 1251 an·

193 1269 354 1326 geHcae
372 1274 569 1327 naturae,
583 1282 688 1327 quae
706 1274 994 1326 peccaverat,
1007 1270 1217 1314 Christus
1234 1282 1330 1314 non
1351 1273 1424 1314 est
1440 1280 1626 1326 passus.
1637 1270 1759 1324 Ergo
1770 1267 1954 1313 videtur
1967 1268 2091 1326 quod

193 1341 283 1374 nec
300 1332 442 1376 etiam
464 1332 603 1376 suerit
624 1331 942 1377 necessarium
964 1343 1074 1376 eum
1091 1331 1188 1389 pati
1209 1343 1295 1389 pro
1317 1330 1469 1376 salute
1490 1330 1683 1375 humani
1704 1330 1906 1386 generis.

240 1391 339 1438 'Sed
357 1398 521 1438 contra
538 1398 609 1439 est
628 1393 756 1451 quod
777 1392 946 1439 dicitur
961 1396 1108 1448 (Joan.
1127 1408 1189 1447 m,
1207 1396 1277 1448 14)
1293 1406 1305 1435 :
1320 1396 1450 1438 Sicut
1469 1395 1643 1449 Moyses
1662 1392 1888 1436 exaltavit
1905 1405 2091 1448 serpen-

195 1458 286 1498 tem
302 1458 353 1499 in
374 1457 567 1512 deserto,
592 1459 657 1499 sic
679 1459 856 1512 oporiet
883 1456 1089 1499 emaltari
1111 1456 1285 1498 Filium
1303 1455 1514 1508 hominis,
1539 1457 1592 1498 ut
1614 1457 1757 1498 omnis
1774 1456 1852 1511 qui
1873 1455 2022 1502 credit
2043 1458 2092 1497 in

193 1531 312 1576 eum,
334 1532 424 1562 non
441 1521 623 1575 pereat,
643 1520 725 1562 sed
749 1518 917 1561 habeat
935 1520 1081 1562 vitam
1103 1522 1350 1561 aeternam:
1384 1516 1511 1575 quod
1528 1515 1717 1573 quidem
1737 1516 1796 1561 de
1815 1515 2092 1562 exaltatione
2143 1526 2170 1579 333

193 1580 241 1625 in
262 1593 401 1626 cruce
419 1580 712 1637 intelligitur.
730 1582 849 1637 Ergo
865 1579 1051 1625 videtur
1070 1578 1197 1638 quod
1215 1579 1448 1624 Christum
1463 1577 1719 1636 oportuerit
1735 1578 1848 1635 pati.

241 1657 532 1698 CONCLUSIO.
555 1681 605 1687 —
622 1659 872 1709 Quanquam
891 1657 1168 1698 necessarium
1189 1667 1274 1696 non
1293 1655 1419 1696 fuerit
1433 1654 1647 1695 Christum
1661 1655 1748 1706 pati
1764 1655 1905 1706 aliqua
1919 1657 2091 1697 coactio-

194 1711 260 1751 nis
284 1712 534 1762 necessitate,
560 1712 626 1753 vel
649 1725 698 1753 ex
715 1716 831 1765 parte
853 1715 940 1761 Dei,
958 1713 1032 1764 qui
1059 1712 1204 1763 ipsum
1220 1711 1306 1763 pati
1325 1710 1467 1763 aliqua
1486 1711 1753 1759 definiverat,
1773 1721 1848 1750 nec
1865 1710 1998 1761 ipsius
2018 1711 2093 1763 qui
2142 1743 2147 1752 ,

192 1767 424 1806 voluntarie
440 1779 586 1819 passus
602 1767 698 1817 suit,
719 1767 998 1809 necessarium
1018 1772 1173 1815 tamen,
1190 1770 1231 1807 et
1248 1766 1465 1818 expediens
1487 1765 1582 1814 fuit,
1601 1769 1648 1805 ut
1666 1765 1746 1805 sibi
1763 1768 1804 1806 et
1824 1765 1944 1806 nobis
1961 1765 2093 1806 vitam
2148 1775 2162 1798 r

191 1825 488 1871 promereretur
505 1827 721 1871 aeternam,
749 1834 825 1875 pro
845 1822 966 1863 nobis
987 1823 1100 1862 Patri
1124 1821 1405 1871 satisfaciens,
1427 1825 1466 1861 et
1485 1824 1533 1861 ut
1550 1831 1721 1861 omnem
1739 1819 1784 1860 in
1813 1819 1890 1861 hoc
1906 1819 2093 1872 impleret

193 1875 464 1927 scripturam.

248 1944 523 2003 Respondeo
559 1946 810 1992 dicendum
844 1945 997 2003 quod,
1031 1946 1153 1991 sicut
1191 1945 1498 2003 Philosophus
1529 1945 1663 1990 docet
1697 1944 1907 2002 (Metaph.
1934 1943 2017 1990 lib.
2045 1959 2090 2004 v,

193 2012 307 2052 text.
328 2010 388 2067 6),
410 2010 727 2053 necessarium
749 2008 1065 2065 multipliciter
1083 2007 1281 2054 dicitur:
1296 2019 1395 2053 uno
1413 2006 1603 2064 quidem
1624 2007 1765 2054 modo
1784 2006 1910 2064 quod
1927 2019 2091 2052 secun-

193 2070 306 2115 dum
336 2073 410 2116 sui
440 2076 654 2116 naturam
684 2071 973 2128 impossibile
998 2075 1070 2115 est
1090 2070 1221 2116 aliter
1241 2083 1294 2116 se
1322 2069 1515 2127 haberez,
1540 2075 1586 2116 et
1614 2069 1681 2115 sic
1699 2070 1998 2115 manifestum
2020 2075 2092 2116 est

193 2133 320 2190 quod
348 2146 445 2179 non
469 2133 558 2179 suit
584 2134 901 2179 necessarium
926 2133 1157 2178 Christum
1190 2133 1287 2191 pati
1316 2144 1471 2190 neque
1497 2145 1556 2178 ex
1583 2137 1713 2189 parte
1732 2132 1833 2187 Dei,
1859 2144 2013 2190 neque
2032 2145 2092 2179 ex

193 2200 325 2252 parte
345 2196 575 2253 hominis3
598 2195 689 2241 alio
706 2196 849 2241 modo
866 2195 1038 2241 dicitur
1055 2194 1232 2253 aliquid
1257 2194 1575 2240 necessarium
1596 2207 1654 2240 ex
1675 2194 1832 2252 aliquo
1852 2195 2090 2255 exteriori3

194 2258 319 2314 quod
337 2258 528 2315 quidem
547 2257 588 2302 si
611 2258 670 2302 sit
688 2269 832 2303 causa
853 2257 1077 2315 effidem,
1093 2257 1170 2302 vel
1191 2268 1403 2310 movens,
1420 2255 1532 2302 facit
1552 2255 1874 2302 necessitatem
1893 2256 2091 2302 coactio·
2155 2268 2167 2306 ι·

194 2319 295 2376 nis3
336 2319 504 2377 utputa
537 2323 645 2364 cum
681 2319 850 2377 aliquis
882 2331 976 2364 non
1016 2323 1173 2376 potest
1206 2319 1275 2365 ire
1315 2322 1506 2377 propter
1538 2318 1807 2364 violentiam
1842 2318 2092 2366 detinentis
2135 2318 2155 2378 εἰ]

193 2380 350 2438 ipsum
369 2381 437 2426 :si
460 2380 574 2426 vero
595 2381 711 2425 illud
728 2381 938 2426 exterius
959 2381 1087 2438 quod
1113 2381 1442 2427 necessitatem
1470 2381 1672 2438 inducit,
1696 2380 1756 2425 sit
1776 2379 1901 2437 finiS‚
1925 2380 2104 2439 diciturx

134 2472 138 2479 -
194 2443 370 2501 aliquid
389 2442 706 2488 necessarium
724 2455 785 2488 ex
806 2442 1127 2500 suppositione
1145 2442 1268 2499 finis,
1289 2441 1479 2500 quando
1499 2442 1678 2487 scilicet
1694 2441 1803 2487 finis
1822 2442 1992 2500 aliquis
2011 2447 2092 2489 aut
2131 2444 2167 2503 [3⁶

192 2505 326 2550 nullo
346 2505 487 2551 modo
509 2509 803 2562 potestesse,
823 2510 907 2550 aut
928 2516 1024 2549 non
1053 2508 1207 2560 potest
1233 2516 1340 2550 esse
1360 2503 1694 2550 convenienter
1709 2503 1800 2550 nisi
1821 2507 1876 2559 (2)
1896 2505 1977 2551 tali
2002 2505 2090 2552 ..fine

193 2567 549 2625 praesupposito.
573 2569 671 2611 Non
695 2578 807 2624 ergo
824 2567 915 2611 fuit
937 2567 1256 2612 necessarium
1282 2566 1516 2612 Christum
1544 2566 1640 2624 pati
1662 2566 1939 2612 necessitate
1959 2579 2088 2612 coac·
2124 2595 2141 2614 ,·

194 2629 337 2674 tionis
365 2641 519 2686 neque
548 2642 608 2674 ex
636 2633 770 2685 parte
796 2629 900 2688 Dei,
925 2630 1006 2686 qui
1035 2629 1268 2684 Christum
1297 2628 1504 2686 definivit
1535 2629 1656 2688 pati,
1682 2641 1836 2688 neque
1865 2628 2006 2674 etiam
2033 2640 2092 2676 ex
2114 2655 2123 2673 κ
2161 2658 2166 2669 f

193 2696 327 2750 parte
355 2692 502 2749 ipsius
531 2690 717 2749 Christi,
744 2690 827 2749 qui
855 2690 1118 2736 voluntarie
1143 2702 1314 2748 passus
1342 2694 1430 2737 est.
1453 2691 1558 2736 Fuit
1587 2695 1743 2736 autem
1774 2690 2095 2737 necessarium.
2127 2690 2130 2691 ’
2155 2710 2161 2712 f

194 2753 470 2799 necessitate
491 2752 599 2797 finis
619 2767 632 2797 ε
653 2752 739 2810 qui
761 2752 949 2811 quidem
977 2756 1130 2810 potest
1150 2751 1391 2810 tripliciter
1408 2751 1620 2811 intelligi.
1642 2751 1796 2797 Primo
1815 2751 2004 2809 quidem
2031 2763 2091 2799 ex

192 2820 326 2873 parte
357 2818 538 2867 nostra,
570 2814 651 2871 qui
683 2825 768 2871 per
798 2813 902 2872 ejus
939 2814 1206 2871 passionem
1233 2813 1417 2870 liberati
1451 2825 1641 2871 sumus,
1681 2813 1942 2859 secundum
1976 2809 2088 2858 illud
2163 2844 2165 2850 -

198 2879 346 2932 (Joan.
380 2891 441 2933 111,
471 2879 542 2931 14)
561 2890 572 2919 ι
592 2878 783 2932 Oportet
799 2876 1009 2920 exaltari
1029 2877 1175 2931 silium
1191 2876 1412 2932 homini33
1430 2879 1485 2920 ut
1506 2879 1648 2920 omnis
1662 2878 1740 2933 qui
1759 2875 1907 2919 credit
1924 2877 1973 2918 in
1991 2886 2088 2919 eum
2143 2894 2146 2897 ‘

192 2953 284 2986 non
304 2943 478 2996 pereat,
500 2940 580 2982 sed
602 2940 771 2983 liabeai
798 2942 944 2983 vitam
971 2942 1206 2984 aeternam.
1232 2938 1460 2995 Secundo,
1485 2952 1545 2986 ex
1575 2943 1707 2997 parte
1738 2938 1887 2996 ipsius
1907 2936 2085 2995 Christi,
2136 2979 2138 2981 ,

195 3001 275 3055 qui
296 3014 380 3058 per
401 3001 709 3046 humilitatem
731 3000 965 3058 passionis
983 3001 1154 3046 meruit
1176 2999 1371 3058 gloriam
1393 3001 1718 3047 exaltationis:
1735 3005 1783 3048 et
1800 3001 1861 3047 ad
1880 3000 1970 3046 hoc
1987 3010 2086 3056 per-

192 3066 310 3109 tinet
330 3064 456 3121 quod
477 3063 647 3108 dicitur
668 3065 794 3119 (Luc.
815 3063 902 3109 ult.
923 3066 995 3119 26)
1016 3078 1029 3108 ε
1049 3067 1206 3107 Nonne
1230 3067 1436 3120 oportuit
1459 3066 1693 3109 Christum
1719 3064 1837 3120 pati,
1870 3065 1915 3107 et
1935 3065 2086 3107 sicin-

191 3131 320 3170 trare.
338 3129 387 3169 in
405 3126 601 3183 qloriam
622 3126 783 3170 suam?
797 3125 962 3181 Tertio,
987 3139 1047 3171 ex
1069 3131 1201 3183 parte
1221 3127 1300 3171 Dei
1312 3161 1324 3183 ,
1346 3127 1483 3184 cuius
1502 3126 1819 3171 definitionem
1840 3125 1963 3170 circa
1981 3134 2086 3182 pas·

193 3255 357 3296 absoluta,
372 3254 430 3288 sed
438 3255 573 3289 tantum
588 3254 628 3289 de
641 3255 840 3291 necessitate
858 3268 895 3291 ex
906 3244 1098 3299 hypothesi,
1183 3257 1376 3292 necessitari
1390 3256 1430 3292 ad
1446 3256 1574 3298 aYiquid
1589 3256 1754 3297 agendum
1767 3257 1787 3290 Ξι
1799 3255 1937 3291 nemine
1950 3253 2087 3290 omnint·

192 3307 231 3339 ut
244 3307 338 3346 patet
351 3302 518 3344 praecipui>
534 3314 572 3336 cx
587 3315 738 3344 respons.
758 3304 800 3338 ac‘t
814 3305 848 3339 5.
1183 3306 1306 3347 potest,
1324 3310 1364 3340 ut
1380 3305 1428 3340 ait
1442 3305 1583 3339 Nicolai.

233 3351 278 3395 (Ι)
292 3352 368 3387 Sive
384 3362 457 3391 quae
474 3350 641 3391 significat
658 3351 880 3393 indigentiam
899 3380 907 3392 ,
925 3353 1006 3394 quia
1022 3352 1100 3387 nul·
1227 3355 1269 3392 (2)
1292 3354 1343 3388 Ita
1359 3365 1437 3388 cum
1465 3353 1547 3388 Mss.
1566 3353 1687 3394 passim
1706 3352 1785 3388 edit.
1813 3352 1943 3393 antiqui
1975 3353 2009 3385 et
2029 3348 2092 3384 Ni*

192 3399 261 3435 lius
287 3401 373 3440 eget,
396 3399 466 3434 sive
495 3410 568 3439 quae
592 3399 761 3439 significat
781 3400 987 3435 coactionem
1019 3403 1097 3441 quia
1184 3403 1321 3437 colaius.
1347 3402 1428 3436 Cod.
1447 3402 1562 3435 Alcan.
1588 3415 1596 3436 :
1617 3402 1702 3436 Nisi
1728 3402 1799 3436 tali
1827 3402 1908 3436 sine
1934 3407 2085 3442 consup-

1186 3452 1316 3487 vosito.
1337 3449 1389 3485 ΑΙ.
1411 3450 1524 3484 :Nisi
1544 3451 1614 3484 tali
1628 3450 1910 3492 proesupposito.
