2170 3808
739 184 936 237 QUAEST.
968 184 1108 238 LXIX,
1138 184 1259 227 ART.
1290 183 1341 227 11.
1902 183 1980 225 605

145 263 491 309 ARTIGULUS
522 268 583 309 11.
615 289 670 297 —-
698 278 839 309 11111οΜ
866 279 943 308 PER
967 277 1195 308 311115111111
1217 277 1446 308 mammon
1464 275 1576 308 nouo
1599 276 1651 306 aa
1673 275 1774 311 oum
1796 274 1929 305 amru

896 339 1071 369 racem
1100 328 1175 380 (1).

92 403 144 438 De
168 401 222 436 his
248 401 351 437 etiam
374 414 486 445 supra,
507 406 625 443 quaest.
653 411 776 443 valn,
792 407 858 437 nrt.
877 403 911 444 4,
936 406 970 436 et
990 403 1083 437 Sent.
1101 410 1156 443 111,
1187 401 1266 436 dist.
1290 401 1343 442 49.
1367 405 1434 436 art.
1456 402 1492 443 5,
1519 404 1636 444 qnaest.
1654 409 1696 442 11,
1722 402 1758 435 et
1779 399 1927 442 xudist.
1945 400 1979 442 ⁴,

133 452 250 491 quaest.
267 457 304 488 11.
323 453 387 484 art.
407 451 439 491 i,
455 454 570 490 quoest.
588 459 628 490 11,
643 454 676 483 et
691 454 758 484 art.
781 450 814 487 5.
835 452 952 490 quaest.
972 456 997 489 ι,
1017 453 1051 482 et
1069 448 1149 483 dist.
1165 448 1200 490 7,
1217 453 1330 490 quoest.
1350 457 1375 488 1,
1390 452 1458 484 art.
1476 449 1509 489 4.
1528 452 1649 490 quoest.
1666 457 1691 489 1,
1707 451 1743 483 et
1767 448 1868 482 Cont.
1886 450 1978 487 gent.

131 496 193 531 lib.
213 503 261 538 lv,
282 507 354 537 cap.
370 498 424 537 58,
441 498 483 532 59
498 502 532 532 ct
544 497 598 538 72,
616 503 650 533 et
664 498 760 532 Rom.
780 505 828 539 xi,
847 497 924 532 lect.
944 496 977 535 4.
993 500 1028 529 et
1042 495 1147 531 Hebr.
1162 503 1213 536 vl,
1232 495 1314 531 lect.
1329 496 1351 530 5
1365 495 1426 531 fin.

145 556 214 602 Ad
235 559 495 604 secundum
510 558 579 603 sic
599 558 878 615 proceditur.
894 561 937 602 1.
956 557 1140 602 Videtur
1158 555 1284 613 quod
1304 568 1387 613 per
1399 556 1684 613 baptismum
1700 570 1796 602 non
1816 556 1980 603 libere-

91 625 168 665 tul
188 619 328 665 homo
347 621 406 665 ab
428 620 555 666 omni
576 626 708 666 reatu
731 620 925 677 peccati.
949 619 1063 664 Dicit
1082 618 1207 663 enim
1227 618 1474 675 Apostolus
1494 621 1640 672 (Rom.
1659 633 1750 675 xm,
1766 622 1843 671 1).
1875 623 1981 675 Qaae

90 684 121 726 ὰ
143 689 237 730 Deo
260 687 380 742 sunt,
405 683 627 726 ordinata
648 686 767 727 sunt.
800 681 888 727 Sed
917 681 1054 738 culpa
1075 692 1170 725 non
1207 679 1450 725 ordinatur
1474 680 1563 724 nisi
1596 692 1678 737 per
1703 692 1907 738 poenam,
1932 684 1981 725 ut

91 746 378 804 Augustinus
399 744 510 791 dicit
533 747 745 799 (Retract.
770 744 851 788 lib.
878 757 908 800 1,
944 755 1047 800 cap.
1081 745 1123 799 9,
1157 747 1203 787 et
1225 745 1290 786 De
1311 741 1393 786 lib.
1414 742 1548 786 arbit.
1570 742 1651 787 lib.
1679 756 1741 799 111,
1766 755 1868 799 cap.
1891 743 1979 796 18).

91 811 210 866 Ergo
248 821 331 865 per
362 807 646 864 baptismum
686 819 781 851 non
819 805 994 850 tollitur
1026 809 1184 850 reatus
1224 817 1378 861 poenae
1413 804 1775 858 praecedentium
1816 815 1981 860 pecca-

93 876 264 917 torum.

147 935 190 979 2.
221 935 460 986 Praeterea,
485 931 678 976 effectus
701 930 982 974 sacramenti
1003 928 1206 986 aliquam
1225 928 1573 975 similitudinem
1591 928 1860 974 habet'cum
1879 929 1980 984 ipso

93 998 400 1050 sacramento,
426 993 536 1051 quia
551 996 843 1038 sacramenta
863 1003 998 1036 novae
1015 991 1132 1048 legis
1150 991 1360 1035 efficiunt
1378 991 1503 1048 quod
1522 988 1742 1048 figurant,
1764 997 1818 1035 ut
1839 1003 1981 1047 supra

94 1056 271 1102 dictum
293 1061 365 1102 est
381 1060 563 1112 (quaest.
586 1068 687 1112 1.x11,
708 1058 794 1098 art.
820 1057 841 1098 1
866 1053 926 1098 ad
945 1055 1000 1108 1).
1022 1053 1110 1098 Sed
1131 1053 1307 1099 ablutio
1326 1053 1614 1110 baptismalis
1636 1053 1776 1097 habet
1792 1053 1980 1109 quidem

93 1117 295 1175 aliquam
328 1115 678 1161 similitudinem
700 1127 809 1160 cum
831 1114 1068 1158 ablutione
1095 1115 1308 1168 macniae,
1341 1114 1517 1158 nuliam
1541 1118 1697 1159 autem
1718 1113 1980 1158 similitudi-

94 1191 202 1224 nem
223 1179 395 1224 habere
416 1179 601 1223 videtur
618 1188 727 1222 cum
747 1176 1063 1221 subtractione
1077 1178 1234 1220 reatus
1252 1187 1418 1232 poenae.
1442 1178 1540 1220 Non
1564 1187 1675 1232 ergo
1695 1188 1779 1233 per
1811 1176 1982 1231 baptis-

93 1253 221 1287 mum
242 1243 417 1287 tollitur
438 1246 594 1286 reatus
622 1251 790 1296 poenae.

147 1306 192 1349 3.
223 1306 464 1358 Praeterea,
487 1301 671 1346 sublato
684 1303 818 1344 reatu
839 1310 1011 1355 poenae,
1033 1298 1200 1354 aliquis
1226 1310 1321 1358 11911
1336 1303 1548 1344 remanet
1562 1300 1734 1356 dignus
1754 1303 1911 1357 poena,
1935 1305 1981 1346 et

92 1363 157 1409 ita
186 1364 414 1421 injustum
453 1366 577 1407 esset
599 1373 707 1406 eum
748 1360 920 1417 puniri.
956 1359 1001 1405 Si
1036 1359 1178 1415 igitur
1212 1372 1296 1416 per
1317 1360 1601 1418 baptismum
1625 1362 1796 1406 tollitur
1822 1366 1981 1408 reatus

91 1438 261 1483 poenae,
292 1425 519 1482 injustum
548 1428 672 1469 esset
703 1427 808 1481 post
839 1422 1121 1479 baptismum
1155 1422 1440 1478 suspendere
1464 1423 1709 1480 lationem,
1741 1424 1821 1481 qui
1843 1426 1981 1470 antea

92 1487 393 1532 homicidium
414 1486 661 1547 commisit
691 1489 738 1530 et
756 1485 819 1528 ita
836 1496 920 1540 per
942 1483 1226 1539 baptismum
1247 1484 1487 1529 tolleretur
1502 1485 1627 1541 rigor
1647 1487 1866 1531 humanae
1883 1486 1981 1531 dis-

93 1548 290 1606 ciplinae,
315 1548 441 1605 quod
462 1552 534 1593 est
554 1546 911 1591 inconveniens.
946 1547 1044 1591 Non
1064 1557 1174 1601 ergo
1197 1557 1281 1601 per
1314 1545 1598 1604 baptismum
1629 1547 1804 1592 tollitur
1824 1553 1980 1594 reatus

93 1621 262 1666 poenae.

148 1672 236 1718 Sed
257 1676 415 1716 contra
432 1676 506 1716 est
525 1670 649 1727 quod
682 1669 951 1714 Ambrosius
975 1669 1113 1725 (alius
1127 1671 1304 1724 auctor)
1332 1670 1444 1715 dicit
1460 1683 1602 1727 super
1619 1670 1735 1717 illud
1754 1675 1883 1718 Rom.
1899 1687 1945 1717 xi
1965 1690 1977 1719 ε

92 1736 199 1778 Sine
219 1735 492 1791 paenitentia
522 1735 624 1776 sant
644 1732 782 1787 dona,
813 1735 856 1775 et
873 1735 1046 1775 vocatio
1066 1734 1186 1788 Πᾶς
1208 1731 1392 1776 «Gratia
1412 1733 1491 1777 Dei
1516 1733 1563 1776 in
1583 1732 1814 1790 baptismo
1836 1735 1981 1791 gratis

94 1794 252 1840 omnia
283 1794 569 1839 condonati»

140 1870 425 1911 CONCLUSIO.
440 1867 609 1908 —Cum
633 1879 701 1919 per
728 1867 984 1918 baptismum
1008 1868 1337 1908 communicetur
1364 1868 1526 1908 homini
1553 1871 1752 1910 meritum
1777 1870 1980 1922 passionis

95 1923 262 1973 Christi,
278 1936 362 1964 non
387 1935 500 1964 secus
515 1934 561 1963 ac
582 1924 618 1964 si
644 1924 732 1974 ipse
754 1925 945 1962 mortuus
969 1925 1073 1962 esset
1087 1926 1126 1962 et
1144 1934 1300 1973 passus,
1321 1935 1572 1976 consequens
1596 1929 1671 1974 est,
1690 1937 1761 1977 per
1785 1925 1918 1977 bapti
1909 1926 1980 1966 1111

94 1983 397 2020 sacramentum
412 1977 624 2018 hominem
639 1978 691 2017 ab
711 1976 829 2017 omni
846 1979 961 2017 reatu
976 1988 1106 2029 poenae
1121 1976 1301 2018 liberari.

147 2048 417 2104 Respondeo
442 2047 692 2092 dicendum
720 2045 863 2103 quod,
890 2046 1011 2090 sicut
1029 2058 1171 2102 supra
1193 2047 1370 2091 dictum
1388 2051 1460 2092 est
1475 2049 1659 2104 (quaest.
1683 2062 1828 2106 vam,
1850 2054 1936 2093 art.
1953 2053 1980 2095 5

93 2110 143 2155 in
180 2122 306 2168 corp.
332 2115 379 2155 et
410 2109 470 2154 ad
490 2111 548 2164 1),
581 2121 664 2165 per
682 2108 966 2164 baptismum
990 2108 1158 2165 aliquis
1194 2109 1516 2166 incorporatur
1538 2110 1742 2166 passioni
1781 2115 1827 2155 et
1846 2111 1980 2156 morti

95 2171 275 2227 Christi,
298 2171 555 2216 secundum
578 2170 692 2214 illud
715 2172 859 2222 (Rom.
882 2183 940 2225 vl,
958 2172 1000 2224 8)
1024 2185 1035 2214 ε
1054 2173 1105 2214 Si
1121 2174 1285 2215 mortui
1303 2184 1455 2215 sumus
1478 2185 1578 2215 cum
1607 2173 1809 2222 Christo,
1831 2174 1980 2217 credi-

94 2246 191 2276 mus
209 2235 315 2288 quia
334 2233 470 2276 simul
503 2235 643 2275 etiam
662 2234 859 2275 vivemus
884 2246 983 2276 cum
1009 2245 1074 2275 eo.
1106 2235 1173 2276 Ex
1197 2244 1291 2290 quo
1312 2237 1438 2289 patet
1462 2233 1588 2289 quod
1605 2233 1732 2277 omni
1750 2234 1981 2291 baptizato

95 2294 463 2340 communicatur
481 2295 636 2351 passio
653 2294 817 2339 Christi
848 2294 906 2339 ad
924 2294 1198 2351 remedium,
1229 2307 1287 2339 ac
1311 2296 1351 2339 si
1379 2295 1480 2352 ipse
1514 2306 1683 2351 passus
1703 2300 1750 2340 et
1768 2302 1980 2342 mortuus

95 2361 232 2401 esset.
244 2380 297 2389 -
312 2355 467 2400 Passio
475 2360 632 2401 autem
648 2355 830 2412 Christi,
844 2355 964 2400 sicut
975 2355 1232 2400 dictumest
1247 2359 1427 2413 (quaest.
1438 2369 1583 2412 vam,
1599 2362 1685 2400 art.
1697 2359 1756 2412 5),
1770 2362 1841 2401 est
1855 2358 1982 2402 suffi-

94 2417 223 2463 ciens
239 2418 489 2462 satisfactio
512 2430 597 2474 pro
615 2417 834 2462 omnibus
865 2417 1066 2474 peccatis
1080 2418 1291 2462 omnium
1313 2418 1571 2464 hominum.
1591 2420 1645 2463 Et
1678 2417 1782 2463 ideo
1806 2419 1881 2464 ille
1900 2419 1981 2476 qui

93 2478 364 2535 baptizatur,
392 2478 614 2524 liberatur
632 2479 660 2522 a
689 2483 822 2522 reatu
854 2479 997 2523 totius
1020 2492 1174 2535 poenae
1195 2479 1281 2524 sibi
1305 2480 1472 2526 debitae
1496 2493 1580 2537 pro
1607 2480 1827 2537 peccatis,
1863 2492 1920 2525 ac
1939 2482 1980 2526 si

92 2539 193 2597 ipse
211 2539 496 2584 sufficienter
516 2539 816 2585 satisfecisset
835 2551 919 2596 pro
937 2540 1157 2585 omnibus
1170 2541 1372 2598 peccatis
1393 2542 1492 2585 suis
1515 2544 1590 2595 (2).

146 2600 215 2645 Ad
229 2604 427 2657 primum
449 2613 560 2657 ergo
583 2600 848 2656 dicendum,
867 2601 990 2655 quod
1006 2601 1115 2657 quia
1138 2614 1277 2658 poena
1291 2602 1521 2658 passionis
1538 2601 1702 2646 Christi
1722 2603 1972 2647 communi-

94 2665 226 2706 catur
262 2661 508 2718 baptizato,
549 2663 829 2718 inquantum
869 2661 922 2705 fit
957 2661 1220 2706 membrum
1257 2663 1436 2719 Christi,
1479 2675 1534 2707 ac
1571 2663 1611 2707 si
1649 2662 1749 2718 ipse
1792 2675 1980 2719 poenam

93 2720 219 2766 illam
236 2721 549 2778 sustinuisset,
570 2722 672 2767 ideo
690 2723 792 2779 eJus
807 2727 998 2779 peccata
1019 2728 1264 2768 remanent
1281 2724 1494 2769 ordinata
1509 2736 1592 2781 per
1603 2736 1793 2781 poenam
1808 2725 1982 2781 passio·

94 2783 169 2829 nis
194 2784 371 2828 Christi.

147 2846 216 2891 Ad
229 2847 472 2890 secandum
492 2845 759 2904 dicendum,
778 2847 906 2904 quod
919 2860 1042 2904 aqua
1062 2860 1157 2892 non
1176 2848 1328 2892 solum
1345 2848 1508 2906 abluit,
1531 2848 1611 2893 sed
1626 2849 1765 2893 etiam
1786 2848 1981 2905 refrige-

92 2912 181 2964 rat,
210 2914 255 2952 et
273 2909 336 2953 ita
367 2920 453 2953 suo
468 2907 707 2964 refrigerio
730 2906 962 2964 significat
979 2909 1344 2955 subtractionem
1373 2914 1531 2955 reatus
1549 2922 1719 2967 poenae,
1741 2910 1862 2955 sicut
1894 2913 1981 2956 sua

91 2969 325 3014 ablutione
342 2970 573 3026 significat
591 2970 969 3015 emundationem
1002 2970 1029 3015 a
1051 2972 1203 3029 culpa.

146 3032 213 3076 Ad
239 3035 421 3075 tertiam
454 3032 721 3088 dicendum,
758 3033 883 3089 quod
903 3033 952 3077 in
977 3035 1131 3090 poenis
1147 3046 1252 3091 quae
1265 3034 1441 3091 iudicio
1459 3035 1665 3079 humano
1699 3035 1978 3086 inferuntur,

134 3181 177 3222 (Ι)
205 3182 251 3216 In
268 3183 423 3222 renatis,
456 3183 504 3216 ait
533 3181 716 3216 concilium
734 3182 989 3222 Tridentinum‚
1077 3185 1244 3228 aliquam
1261 3186 1507 3226 committant,
1522 3187 1648 3222 statim
1662 3186 1712 3221 ad
1729 3196 1884 3229 requam
1908 3197 1979 3222 σω-

92 3228 191 3263 nihil
213 3229 289 3263 odit
311 3231 418 3269 Deus,
442 3232 532 3271 qaia
556 3229 654 3263 ‘nihil
671 3233 721 3264 est
737 3229 989 3265 damnationis
1078 3231 1201 3266 loram
1215 3235 1248 3266 et
1266 3233 1333 3267 Dei
1347 3234 1523 3268 visIonem
1539 3235 1772 3276 perveniant.

91 3276 141 3310 iis
157 3277 221 3318 qui
239 3278 319 3312 ver&
339 3278 541 3319 consepulti
555 3280 641 3311 sunt
662 3287 742 3311 cum
763 3277 908 3311 Christo
925 3288 991 3319 per
1107 3278 1147 3319 (2³
1161 3280 1351 3314 Notandum
1363 3286 1412 3315 est
1428 3281 1518 3322 quod
1530 3282 1564 3315 in
1579 3281 1744 3323 baptismo
1757 3286 1795 3316 ut
1807 3286 1873 3316 tota
1883 3294 1979 3324 poena

91 3323 307 3367 baptismam
323 3325 364 3357 in
374 3331 566 3358 mortem...
583 3325 637 3357 ica
659 3328 699 3357 ut
715 3324 813 3357 nihil
831 3335 988 3367 prorsus
1076 3327 1282 3366 remittatur,
1303 3340 1370 3362 nou
1388 3329 1452 3362 alia
1478 3330 1669 3370 requiritur
1689 3331 1861 3370 dispositio
1877 3333 1978 3373 quam

92 3375 164 3408 eos)
180 3371 223 3404 ab
251 3372 423 3413 maressa
439 3373 522 3405 coeli
547 3374 768 3406 remoretur.
797 3372 840 3405 Et
868 3373 990 3406 concii.
1077 3387 1150 3414 qum
1170 3377 1354 3410 necessaria
1372 3381 1422 3410 est
1440 3377 1479 3409 ad
1501 3377 1730 3412 remissionem
1753 3378 1870 3419 culpae,
1889 3379 1978 3421 quod

91 3419 346 3455 Florentinum:
374 3421 574 3456 Morcemes
587 3447 598 3461 ,
620 3423 816 3462 antequam
842 3421 990 3466 culpam
1076 3421 1111 3454 in
1133 3423 1262 3456 caeteris
1275 3425 1495 3459 sacramentis
1513 3436 1580 3459 non
1598 3426 1779 3466 contingit.
