2170 3808
761 199 958 250 QUAEST.
987 199 1088 251 XLI,
1118 199 1236 242 ART.
1266 198 1335 241 lv.
1906 196 1987 239 347

107 284 291 339 (Genae.
311 296 383 338 m,
400 282 471 337 ss:
489 282 587 325 Cur
603 282 823 337 praecepit
845 280 987 322 verbis
1010 284 1145 334 Deua,
1163 282 1213 322 ut
1233 292 1324 321 non
1340 276 1629 321 comederetis
1650 277 1708 320 de
1727 277 1850 318 omn-i
1869 273 1990 331 liquo

109 344 356 403 paradisi?
383 341 615 397 Secunde,
641 340 698 386 de
730 341 854 384 inani
886 341 1052 398 gloria,
1083 340 1190 384 cum
1219 339 1335 385 dixit
1357 352 1369 383 :
1389 342 1663 394 Aperientur
1688 337 1806 380 oculi
1832 338 1985 381 vestri.

108 407 273 463 Tertie,
296 404 510 463 perduxit
536 403 836 448 tentationem
869 403 927 447 ad
952 407 1206 447 extremam
1234 401 1524 457 superbiam,
1548 403 1654 445 cum
1679 399 1793 444 dixit
1813 411 1825 442 :
1847 399 1988 442 Eritis

110 472 223 514 sicut
254 471 345 525 Dii,
376 469 559 511 scientes
587 466 748 508 bonum
783 469 826 508 et
856 464 1117 508 malum.—
1136 466 1189 507 Et
1219 463 1344 508 hunc
1372 463 1510 516 etiam
1543 462 1745 507 tentandi
1777 460 1988 506 ordinem

109 530 310 576 servavit
324 529 374 574 in
394 527 584 573 Christo.
604 529 717 571 Nam
736 526 882 584 prime
907 525 1102 570 tentavit
1118 525 1273 582 ipsum
1292 525 1350 569 de
1371 536 1427 569 eo
1450 525 1573 581 qued
1592 528 1814 580 appetunt
1833 534 1988 580 quan-—

110 594 412 648 tixmcumque
440 589 704 646 spirituales
732 588 845 645 viri,
873 587 1050 632 scilicet
1083 587 1141 632 de
1167 586 1506 631 sustentatione
1531 585 1781 642 corporalis
1812 590 1987 629 naturae

109 665 194 710 per
219 653 390 699 cibum.
424 651 633 696 Secundo
666 650 891 707 processit
920 649 980 694 ad
1015 649 1060 694 id
1095 649 1143 693 in
1174 661 1267 705 quo
1297 648 1558 705 spirituales
1585 647 1670 691 viri
1703 647 1986 704 quandoque

110 714 345 770 deficiunt,
368 717 420 758 ut
441 713 616 757 scilicet
641 713 794 769 aliqua
814 711 873 756 ad
895 711 1250 756 ostentationem
1271 715 1536 767 operentur,
1561 709 1685 766 quod
1713 709 1907 765 pertinet
1927 709 1986 754 ad

109 773 296 821 inanem
329 775 539 832 gloriam.
562 773 734 830 Tertie,
767 773 983 830 perduxit
1013 773 1313 818 tentationem
1344 773 1403 817 ad
1432 771 1480 816 id
1511 770 1635 828 quod
1663 771 1760 827 jam
1791 782 1884 813 non
1915 774 1986 815 est

106 838 415 895 spiritualium
435 838 654 893 virorum,
666 837 748 882 sed
767 836 1048 893 carnalium3
1065 836 1242 880 scilicet
1258 839 1312 880 ut
1329 834 1530 889 divitias,
1547 838 1594 878 et
1609 834 1804 890 gloriam
1823 833 1983 877 mundi

105 900 440 956 concupiscant
461 911 609 955 usque
633 898 692 943 ad
711 902 1030 954 contemptum
1059 897 1150 941 Dei.
1172 899 1225 940 Et
1254 896 1357 941 ideo
1379 896 1425 940 in
1448 894 1610 952 primis
1632 894 1815 938 duabus
1839 897 1985 937 tenta-

107 960 312 1006 tionibus
330 960 445 1005 dixit
462 972 473 1003 :
489 962 539 1003 Si
558 960 679 1014 filius
698 963 782 1002 Dei
801 972 876 1016 es,-
894 971 988 1003 non
1009 964 1163 1002 autem
1180 958 1227 1001 in
1245 957 1396 1012 tertia,
1413 970 1518 1013 quae
1537 969 1626 1000 non
1646 961 1796 1012 potest
1813 967 1985 1000 conve·
2025 983 2027 985 -

107 1021 207 1067 nire
220 1023 536 1079 spiritualibus
552 1021 662 1065 viris
677 1021 757 1078 qui
777 1025 888 1066 sunt
903 1033 988 1077 per
1005 1020 1301 1076 adoptionem
1323 1019 1403 1064 filii
1426 1019 1520 1073 Dei,
1537 1019 1659 1063 sicut
1679 1018 1784 1063 duae
1804 1018 1981 1074 primae.

106 1107 162 1116 —-
174 1083 250 1128 His
265 1090 420 1128 autem
439 1082 768 1141 tentationibus
786 1079 1004 1127 Christus
1013 1082 1181 1127 restitit
1198 1081 1470 1126 testimoniis
1493 1080 1625 1136 legis,
1642 1093 1735 1124 non
1761 1083 1983 1136 potestate

106 1144 304 1201 virtutis,
321 1164 342 1184 «
362 1152 413 1190 ut
431 1146 517 1190 hoc
533 1145 634 1202 ipso
650 1149 697 1189 et
715 1143 819 1201 plus
836 1143 1071 1188 hominem
1091 1143 1353 1200 honoraret,
1370 1147 1417 1187 et
1438 1142 1755 1187 adversarium
1775 1143 1879 1198 plus
1897 1153 1981 1198 pu-

105 1205 243 1263 niret,
264 1210 371 1251 cum
392 1205 535 1250 hostis
564 1204 748 1261 generis
767 1203 956 1248 humani
980 1216 1074 1247 non
1091 1203 1225 1260 quasi
1247 1203 1278 1247 a
1296 1206 1402 1259 Deo,
1431 1203 1516 1248 sed
1537 1203 1674 1260 quasi
1695 1203 1756 1246 ab
1777 1203 1978 1262 homine,

103 1265 366 1324 vinceretur
385 1271 456 1322 (1),
477 1266 598 1311 sicut
615 1265 725 1310 dicit
744 1267 831 1309 Leo
849 1278 968 1322 papa
986 1267 1142 1319 (serm.
1161 1269 1182 1309 l
1208 1264 1435 1321 Quadrag.
1458 1276 1559 1320 cap.
1580 1267 1636 1316 3).

157 1329 223 1373 Ad
240 1333 442 1392 primunt
460 1340 571 1384 ergo
589 1329 851 1383 dicendum,
868 1328 993 1385 qued
1017 1328 1083 1372 uti
1108 1328 1380 1373 necessariis
1401 1327 1460 1372 ad
1482 1327 1866 1371 sustentationem
1888 1339 1980 1372 non

103 1393 174 1435 est
195 1395 436 1446 peccatum
461 1390 602 1445 gulae;
627 1388 709 1434 sed
730 1389 855 1446 qued
874 1402 933 1433 ex
952 1389 1183 1435 desiderio
1207 1389 1346 1446 hujus
1365 1388 1718 1434 sustentationis
1739 1389 1876 1433 homo
1894 1388 1980 1432 ali-

101 1449 214 1509 quid
239 1450 548 1495 inordinatum
568 1450 720 1506 faciat,
739 1450 801 1495 ad
818 1451 981 1495 vitium
1001 1452 1122 1506 gulae
1140 1452 1372 1508 pertinere
1393 1454 1556 1506 potest.
1581 1453 1658 1493 Est
1680 1457 1834 1494 autem
1857 1449 1980 1494 inor-

103 1512 311 1557 dinatum
332 1513 455 1570 qued
470 1512 654 1569 aliquis,
675 1512 754 1557 ubi
774 1516 925 1569 potest
945 1525 1162 1557 recursus
1180 1512 1340 1557 haberi
1356 1512 1416 1556 ad
1434 1512 1638 1556 humana
1655 1511 1880 1567 subsidia,
1895 1524 1979 1568 pro

103 1572 202 1618 solo
229 1585 420 1630 corpore
443 1573 761 1630 sustentando,
787 1574 1061 1618 miraculose
1090 1574 1179 1618 sibi
1211 1574 1366 1619 cibum
1392 1586 1599 1631 quaerere
1628 1573 1753 1617 velit.
1781 1573 1905 1618 Unde
1930 1578 1980 1619 et

102 1636 322 1680 Dominus
346 1637 454 1680 filiis
484 1637 624 1681 Israel
653 1636 929 1682 miraculose
958 1649 1132 1682 manna
1163 1637 1359 1694 praebuit
1383 1637 1433 1681 in
1465 1637 1664 1691 deserto,
1689 1636 1770 1680 ubi
1793 1637 1979 1682 aliunde

102 1696 237 1742 cibus
268 1698 425 1744 haberi
457 1712 548 1743 non
577 1703 758 1755 poterat
782 1711 795 1743 ε
817 1704 864 1743 et
896 1699 1106 1744 similiter
1133 1700 1338 1744 Christus
1369 1700 1418 1744 in
1448 1700 1629 1743 deserto
1662 1700 1821 1743 turbas
1854 1700 1980 1756 pavit

103 1759 395 1818 miraculose,
418 1761 499 1805 ubi
530 1761 661 1806 aliter
683 1761 771 1806 cibi
805 1762 964 1806 haberi
996 1775 1089 1806 non
1120 1767 1348 1819 poterant.
1373 1762 1462 1807 Sed
1487 1762 1692 1805 Christus
1719 1762 1778 1806 ad
1806 1763 1980 1808 subve-

102 1820 322 1866 niendum
345 1822 453 1866 fami
475 1827 653 1879 poterat
676 1822 805 1867 aliter
820 1823 907 1867 sibi
925 1824 1181 1880 providere,
1199 1824 1339 1881 quam
1364 1823 1588 1868 miracula
1609 1823 1837 1881 faciendo,
1859 1825 1980 1871 sicut

100 1886 150 1928 et
169 1885 368 1929 Ioannes
385 1885 587 1940 Baptista
607 1885 737 1940 fecit,
760 1890 812 1929 ut
833 1885 1001 1941 legitur
1021 1887 1187 1939 (Matth.
1213 1889 1293 1941 m),
1313 1887 1389 1931 vel
1411 1886 1550 1930 etiam
1569 1885 1627 1930 ad
1651 1886 1749 1930 loca
1770 1888 1979 1942 proxima

102 1947 416 2017 properando:
431 1952 476 1991 et
497 1946 600 1990 ideo
622 1947 864 2003 reputabat
886 1947 1094 1992 diabolus
1113 1948 1238 2004 qued
1254 1948 1457 1992 Christus
1479 1953 1706 2004 peccaret,
1723 1948 1761 1991 si
1784 1949 1845 1993 ad
1867 1949 1978 1994 sub·

100 2007 385 2053 veniendum
404 2007 512 2051 fami
536 2008 758 2052 miracula
777 2009 927 2053 facere
948 2014 1208 2065 attentaret,
1224 2010 1265 2053 si
1284 2014 1407 2054 esset
1429 2022 1574 2066 purus
1595 2010 1750 2054 homo.

153 2070 221 2115 Ad
242 2070 483 2113 secundum
502 2069 767 2125 dicendum,
783 2070 907 2126 qued
930 2083 1012 2126 per
1031 2071 1396 2116 humiliationem
1417 2071 1690 2116 exteriorem
1713 2072 1978 2129 frequenter

99 2131 266 2190 quaerit
283 2131 450 2189 aliquis
468 2130 676 2187 gloriam,
693 2134 786 2187 qua
804 2132 1032 2176 exaltetur
1049 2134 1172 2177 circa
1190 2133 1443 2189 spiritualia
1462 2134 1600 2177 bona.
1619 2134 1747 2178 Unde
1764 2136 1977 2191 Augusti·

102 2206 195 2239 nus
209 2193 316 2238 dicit
338 2193 401 2242 (in
424 2193 504 2237 lib.
521 2206 550 2236 11
570 2193 627 2237 de
647 2195 865 2237 Sermone
885 2194 1062 2237 Domini
1086 2194 1132 2238 in
1155 2199 1329 2251 monte,
1347 2208 1449 2252 cap.
1467 2198 1538 2251 19,
1557 2207 1720 2252 parum
1739 2197 1766 2239 a
1784 2197 1975 2253 princ.):

107 2270 129 2293 οι
153 2254 619 2300 Animadvertendum
652 2260 750 2309 est,
779 2267 872 2298 non
907 2255 953 2298 in
985 2255 1083 2300 solo
1112 2269 1266 2301 rerum
1299 2269 1624 2313 corporearum
1657 2257 1805 2303 nitore
1837 2263 1976 2317 atque

101 2317 286 2372 pompa,
303 2315 386 2359 sed
407 2315 545 2360 etiam
562 2316 607 2359 in
630 2315 742 2372 ipsis
758 2317 972 2361 sordibus
992 2318 1216 2362 luctuosis
1231 2330 1334 2363 esse
1353 2331 1490 2375 posse
1503 2318 1788 2375 jactantiam.
1809 2339 1828 2357 ι»
1849 2324 1901 2365 Et
1917 2322 1978 2367 ad

101 2377 190 2421 hoc
207 2377 557 2435 significandum
581 2377 791 2422 diabolus
812 2379 987 2423 Christo
1009 2380 1171 2437 suasit,
1187 2387 1240 2424 ut
1260 2381 1316 2425 ad
1341 2382 1642 2437 quaerendum
1663 2381 1854 2436 gloriam
1877 2383 1976 2440 spi-—

102 2438 313 2484 ritualem
334 2439 630 2495 corporaliter
645 2440 846 2485 mitteret
867 2453 917 2486 se
941 2442 1174 2486 deorsum.

155 2500 221 2544 Ad
253 2504 432 2544 tertium
463 2501 736 2558 dicendum,
765 2502 889 2559 qued
921 2503 1104 2548 divitias
1131 2510 1177 2549 et
1203 2504 1403 2549 honores
1430 2504 1592 2549 mundi
1623 2511 1838 2561 appetere
1868 2519 1974 2563 pec-

103 2565 255 2606 catum
274 2566 359 2618 est,
377 2563 564 2619 quando
580 2564 842 2621 huJusmodi
866 2565 1125 2610 inordinate
1144 2571 1440 2622 appetuntur.
1458 2568 1551 2610 Hoc
1571 2572 1722 2610 autem
1747 2569 1975 2624 praecipue

102 2623 421 2667 manifestatur
438 2636 495 2669 ex
516 2625 605 2670 hoc
626 2626 747 2683 qued
773 2638 857 2682 pro
876 2626 1140 2682 hujusmodi
1161 2627 1470 2684 adipiscendis
1489 2628 1629 2682 homo,
1646 2628 1819 2683 aliquid
1842 2632 1974 2675 inho-

103 2689 286 2728 nestum
306 2685 429 2730 facit.
453 2688 505 2729 Et
527 2686 628 2731 ideo
649 2700 743 2731 non
764 2687 852 2732 fuit
872 2693 1119 2733 contentus
1142 2689 1354 2734 diabolus
1376 2690 1656 2746 persuadere
1677 2691 1971 2746 cupiditatem

104 2742 364 2790 divitiarum
401 2751 448 2792 et
481 2748 737 2804 honorum3
771 2749 855 2794 sed
893 2750 1074 2795 induxit
1113 2751 1168 2795 ad
1206 2752 1293 2795 hoc
1326 2751 1452 2807 qued
1490 2756 1676 2807 propter
1709 2753 1983 2812 huJusmodi,

104 2804 398 2860 adipiscenda
418 2808 623 2854 Christus
644 2822 752 2854 eum
778 2811 1013 2867 adoraret,
1038 2812 1160 2869 quod
1191 2817 1263 2858 est
1288 2813 1542 2856 maximum
1568 2812 1721 2857 scelus
1745 2821 1790 2857 et
1813 2819 1972 2860 contra

104 2867 264 2936 Deum.
287 2869 378 2911 Nec
407 2868 556 2913 solum
579 2871 715 2915 dixit:
732 2874 781 2914 Si
803 2873 1068 2917 adoraveris
1090 2887 1174 2930 me,
1200 2874 1284 2919 sed
1307 2874 1434 2919 addit
1450 2889 1461 2918 ε
1477 2876 1526 2917 Si
1559 2875 1750 2931 cadens;
1773 2876 1898 2932 quia,
1922 2882 1972 2921 ut

103 2926 214 2989 dicit
234 2929 499 2973 Ambrosius
524 2933 642 2987 (sup.
665 2933 778 2977 illud
807 2936 915 2978 Luc.
939 2938 965 2978 4
984 2949 996 2977 ε
1015 2939 1156 2979 Duxit
1181 2936 1380 2979 illumin
1404 2940 1614 2990 montem,
1640 2939 1761 2992 etc),
1789 2955 1808 2974 α
1836 2938 1972 2984 habet

104 2988 292 3032 ambitio
318 2990 616 3035 domesticum
639 2993 917 3050 periculum,
942 3000 994 3038 ut
1014 2996 1140 3039 enim
1165 2997 1426 3041 dominetur
1447 2996 1564 3052 aliis,
1592 2998 1716 3052 prius
1739 3001 1904 3055 servit,
1928 3006 1972 3045 et

104 3056 320 3120 curvatur
342 3052 580 3109 obsequio,
601 3058 654 3097 ut
675 3054 847 3100 honore
866 3057 1082 3111 donetur-3
1104 3062 1149 3101 et
1166 3058 1283 3103 dum
1305 3058 1406 3102 vult
1427 3070 1530 3102 esse
1553 3059 1807 3116 sublImior,
1829 3063 1878 3105 lit
1901 3074 1972 3107 re-

105 3111 301 3182 missior.
328 3131 346 3152 ι»
374 3116 426 3158 Et
453 3115 663 3159 similiter
683 3116 820 3160 etiam
850 3118 898 3161 in
924 3120 1294 3174 praecedentibus
1322 3119 1653 3164 tentationibus
1681 3134 1739 3165 ex
1768 3123 1972 3178 appetitu

104 3184 242 3217 umus
263 3175 437 3230 peccati
466 3176 513 3220 in
538 3177 662 3222 aliud
690 3184 930 3233 peccatum
957 3181 1176 3225 inducere
1194 3186 1269 3225 est
1288 3186 1506 3236 conatus,
1529 3183 1648 3226 sIcut
1667 3196 1722 3227 ex
1747 3184 1972 3229 desiderio

102 3233 190 3278 cibi
211 3240 403 3281 conatus
420 3244 491 3282 est
511 3238 731 3284 inducere
748 3240 796 3283 in
821 3242 1071 3286 vanitatem
1086 3242 1189 3287 sine
1204 3255 1345 3288 causa
1367 3243 1588 3288 miracula
1605 3245 1826 3302 faciendi3
1852 3251 1898 3290 et
1916 3258 1971 3290 ex

99 3372 247 3454 aeg)·D⁶
262 3373 393 3454 ‹galine-
405 3377 442 3454 ett
456 3378 580 3456 ἑιξίιιη
594 3375 821 3411 tentationum
843 3377 1036 3412 conferatur
1061 3379 1248 3413 Bossuetius
1267 3379 1487 3417 (Elevations
1508 3393 1575 3418 sur
1593 3384 1646 3417 les
1671 3385 1851 3426 mysteres,
1869 3391 1974 3418 xxiii·

171 3430 255 3461 ame,
306 3433 355 3456 cv.
375 3434 396 3455 o
410 3433 427 3455 e
478 3432 500 3464 ).
