2170 3808
631 176 830 228 QUAEsr.
862 178 944 232 Lx,
973 157 1093 221 RRAT.
1126 178 1196 221 vn
1223 178 1287 220 ET
1315 178 1421 219 vni.
1882 178 1963 221 509

81 261 194 303 nata
212 261 363 303 forma
386 260 526 315 quam
550 256 858 301 determinata
879 258 1097 312 materia3
1123 258 1316 302 materia
1340 257 1464 302 enim
1488 257 1790 303 determinata
1813 257 1961 315 requi-

78 318 196 365 ritur
217 323 271 364 ut
289 319 349 364 sit
368 318 716 377 proportionata
745 318 1063 364 determinatae
1087 319 1263 363 formae.
1285 322 1396 364 Cum
1423 319 1565 374 igitur
1586 319 1633 364 in
1658 320 1961 365 sacramentis

78 380 377 438 requirantur
405 379 722 426 determinatae
756 392 832 424 res
865 380 1137 437 sensibiles,
1158 392 1264 436 quae
1292 392 1344 425 se
1372 381 1547 426 hahent
1574 381 1623 425 in
1658 381 1960 426 sacramentis

78 441 201 489 sicut
237 441 453 499 materia,
493 441 640 486 multo
678 442 829 496 magis
861 442 1114 499 requiritur
1147 441 1197 485 in
1229 441 1298 486 eis
1337 441 1644 487 determinata
1682 444 1830 488 forma
1861 456 1959 489 ver·

77 501 244 550 borum
272 506 345 560 (1).

131 566 199 613 Ad
215 569 416 624 primum
438 577 548 622 ergo
571 565 839 622 dicendum,
859 565 1002 622 quod,
1026 565 1148 609 sicut
1168 566 1456 620 Augustinus
1490 567 1600 612 dicit
1630 569 1795 624 (Super
1827 569 1956 613 Joan.
1971 575 1983 588 ·

77 631 210 674 tract.
231 629 303 682 80,
321 627 350 672 a
372 625 531 683 med.),
559 643 579 665 τι
600 626 797 671 verbum
819 633 1036 684 operatur
1050 627 1096 670 in
1122 628 1441 684 sacramentis,
1462 641 1556 672 non
1580 628 1689 685 quia
1711 628 1896 686 dicitur,
1911 629 1960 676 id

76 692 165 745 est,
189 700 284 733 non
307 687 567 733 secundum
586 688 860 733 exteriorem
884 701 1056 733 sonum
1091 689 1220 732 vocis
1234 723 1246 743 ,
1273 689 1353 734 sed
1383 688 1492 746 quia
1518 689 1736 746 creditur,
1754 709 1775 729 »
1796 689 1846 735 id
1869 695 1956 748 est,

77 749 338 795 secundum
356 762 550 795 sensum
572 749 837 807 verborum,
865 750 946 807 qui
972 750 1063 795 fide
1095 754 1296 795 tenetur.
1320 754 1371 795 Et
1403 751 1478 796 hic
1496 751 1685 808 quidem
1704 763 1872 797 sensus
1889 757 1959 798 est

75 809 197 857 idem
210 811 336 869 apud
344 823 522 869 omnes,
531 811 638 856 licet
647 824 740 856 non
753 812 929 857 eaedem
939 824 1078 856 voces
1086 812 1179 856 sint
1187 817 1414 868 quantum
1424 814 1482 859 ad
1492 825 1677 858 sonum.
1692 814 1744 856 Et
1750 812 1871 869 ideo,
1882 827 1958 859 cu-

73 871 354 931 juscumque
367 873 540 930 linguae
560 873 716 919 verbis
734 875 996 931 proferatur
1020 874 1123 918 talis
1144 886 1329 931 sensus,
1349 875 1585 932 perficitur
1599 879 1952 920 sacramentum⁴

131 934 199 980 Ad
223 936 462 979 secundum
491 935 757 992 dicendum,
777 936 901 992 quod
926 936 1033 980 licet
1068 936 1115 979 in
1141 937 1348 992 qualibet
1369 937 1528 994 lingua
1546 937 1786 993 contingat
1802 936 1955 981 diver-

77 995 143 1041 sis
174 996 368 1042 vocibus
409 997 534 1042 idem
568 997 848 1054 significari,
874 1008 1060 1053 semper
1088 1001 1241 1042 tamen
1272 998 1430 1055 aliqua
1465 999 1649 1043 illarum
1685 1010 1854 1043 vocum
1886 1003 1957 1044 est

81 1059 174 1114 qua
197 1057 498 1115 principalius
524 1062 570 1103 et
593 1057 888 1102 communius
911 1057 1121 1110 homines
1147 1058 1273 1103 illius
1295 1058 1469 1114 linguae
1493 1062 1692 1104 utuntur
1708 1059 1768 1104 ad
1791 1060 1880 1104 hoc
1895 1060 1959 1104 si-

79 1116 399 1175 gnificandum
415 1122 503 1176 (2),
528 1123 575 1165 et
593 1120 697 1164 talis
711 1131 803 1164 vox
821 1120 997 1164 assumi
1024 1119 1159 1164 debet
1176 1120 1223 1163 in
1247 1120 1633 1176 significationem
1655 1122 1955 1167 sacramenti:

78 1180 199 1225 sicut
226 1181 367 1227 etiam
396 1182 518 1228 inter
548 1193 626 1226 res
656 1181 904 1226 sensibiles
922 1182 1002 1225 illa
1020 1181 1275 1225 assumitur
1297 1182 1356 1226 ad
1382 1183 1768 1238 significationem
1800 1195 1959 1227 sacra-

77 1242 238 1300 menti,
258 1244 394 1301 quus
407 1255 524 1288 usus
542 1246 612 1288 est
634 1242 926 1286 communior
941 1243 1000 1287 ad
1021 1247 1194 1299 actum,
1219 1255 1301 1299 per
1315 1256 1455 1300 quem
1470 1244 1745 1288 sacramenti
1765 1245 1958 1289 effectus

77 1302 398 1358 significatur.
421 1302 544 1348 sicut
564 1303 687 1359 aqua
699 1303 996 1347 communius
1011 1308 1208 1348 utuntur
1227 1305 1440 1350 homines
1470 1305 1530 1350 ad
1552 1304 1837 1350 ablutionem
1857 1318 1959 1350 cor-

75 1364 298 1420 poralem,
318 1376 402 1421 per
419 1375 561 1421 quam
584 1364 837 1420 spiritualis
857 1364 1035 1409 ablutio
1057 1365 1360 1423 significatur,
1383 1371 1429 1411 et
1442 1365 1546 1412 ideo
1565 1379 1687 1423 aqua
1705 1366 1959 1411 assumitur

77 1430 129 1470 ut
146 1426 403 1472 materiam
423 1426 671 1483 baptismo,

131 1487 198 1534 Ad
217 1491 396 1533 tertium
416 1489 680 1543 dicendum,
701 1488 827 1545 quod
857 1489 935 1534 ille
953 1490 1030 1546 qui
1046 1490 1261 1546 corrupte
1282 1491 1456 1547 profert
1474 1490 1615 1535 verba
1645 1496 1958 1537 sacramenta-

75 1548 154 1607 lia,
175 1549 215 1594 si
235 1550 325 1594 hoc
345 1562 404 1594 ex
438 1550 667 1594 industria
696 1550 819 1605 fecit,
845 1563 938 1594 non
961 1550 1144 1595 videtur
1165 1551 1406 1596 intendere
1428 1552 1580 1596 facere
1600 1553 1726 1609 quod
1743 1552 1852 1597 facit
1872 1555 1959 1597 Ec-

77 1610 234 1669 clesia,
268 1616 316 1658 et
346 1612 411 1657 ita
445 1624 540 1656 non
574 1611 755 1657 videtur
785 1612 942 1668 perfici
978 1614 1335 1658 sacramentum.
1362 1613 1405 1658 Si
1438 1620 1591 1658 autem
1623 1614 1712 1659 hoc
1733 1613 1871 1661 faciat
1900 1628 1959 1660 ex

77 1684 232 1719 errore
254 1673 328 1719 vel
345 1674 480 1731 lapsu
492 1674 682 1732 llnguae‚
706 1673 746 1718 si
767 1674 827 1719 sit
849 1679 975 1719 tanta
996 1676 1229 1732 corruptio
1244 1689 1349 1734 quae
1365 1676 1552 1720 omnino
1571 1677 1749 1721 auferat
1766 1688 1957 1723 sensum
1986 1698 1989 1699 ⁷

77 1733 340 1793 locutionis,
364 1748 459 1780 non
490 1736 674 1780 videtur
716 1736 873 1792 perfici
895 1743 1262 1794 sacramentum,
1296 1742 1342 1783 et
1370 1739 1458 1783 hoc
1481 1739 1712 1795 praecipue
1730 1740 1959 1796 contingit

76 1797 270 1854 quando
286 1798 339 1843 fit
370 1798 603 1855 corruptio
631 1811 690 1843 ex
709 1803 842 1855 parte
871 1800 1082 1856 principii
1121 1800 1354 1858 dictionis,
1389 1802 1501 1858 puta
1527 1802 1565 1845 si
1588 1802 1690 1846 loco
1709 1801 1810 1858 ers
1833 1803 1959 1859 quod

77 1863 148 1903 est
168 1873 179 1901 ι
204 1862 258 1902 In
279 1861 456 1903 nomine
476 1862 649 1915 Patria,
666 1859 790 1904 dicat
811 1873 823 1903 :
852 1860 909 1903 In
925 1866 1101 1904 nomine
1119 1865 1297 1906 matris.
1316 1862 1358 1906 Si
1376 1863 1484 1907 vero
1500 1875 1592 1906 non
1610 1863 1809 1907 totaliter
1826 1864 1958 1909 aufe-

77 1924 205 1965 ratur
226 1933 393 1966 sensus
414 1921 662 1966 locutionis
684 1933 766 1978 per
794 1921 1062 1979 hujusmodi
1098 1924 1423 1980 corruptelam,
1448 1925 1749 1969 nihilominus
1777 1922 1958 1981 perfici-

75 1984 154 2027 tur
168 1987 534 2040 sacramentum3
559 1987 605 2027 et
622 1982 711 2027 hoc
726 1984 956 2040 praecipue
978 1985 1203 2058 contingit
1218 1986 1406 2042 quando
1423 1986 1475 2029 fit
1497 1986 1730 2042 corruptio
1752 1998 1811 2031 ex
1829 1991 1958 2044 parte

74 2043 196 2101 finis,
229 2043 344 2102 puta
375 2044 414 2089 si
448 2044 616 2102 aliquis
645 2045 799 2090 dicat:
844 2050 896 2088 In
925 2050 1100 2090 nomine
1127 2051 1327 2104 patrias,
1361 2051 1404 2090 et
1424 2049 1571 2103 filia35
1590 2048 1802 2104 quamvis
1833 2049 1959 2094 enim

75 2105 341 2163 hujusmodi
359 2107 502 2152 verba
522 2100 735 2164 corrupte
750 2106 928 2163 prolata
949 2109 1062 2153 nihil
1084 2109 1349 2165 significent
1370 2121 1428 2153 ex
1446 2109 1616 2153 virtute
1635 2110 1956 2168 impositionis,

77 2168 367 2224 accipiuntur
390 2158 544 2212 tamen
567 2171 620 2212 ut
638 2168 946 2225 significantia
965 2173 1024 2214 ex'
1045 2170 1471 2215 accommodatione
1494 2173 1631 2226 usus·
1659 2176 1706 2215 et
1726 2171 1831 2216 ideo
1852 2172 1959 2217 licet

76 2233 281 2276 mutetur
301 2241 446 2274 sonus
467 2228 717 2285 sensibilis,
741 2237 952 2276 remanet
983 2237 1137 2277 tamen
1170 2233 1293 2277 idem
1332 2244 1516 2276 sensus.
1540 2231 1671 2285 Quod
1687 2236 1845 2278 autem
1862 2233 1958 2279 dic-

78 2293 176 2334 tum
199 2294 272 2334 est
298 2290 356 2334 de
388 2290 647 2336 differentia
680 2293 990 2348 corruptionis
1018 2294 1140 2338 circa
1178 2294 1456 2350 principium
1477 2293 1551 2337 vel
1572 2294 1713 2338 finem
1744 2294 1959 2340 dictionis

76 2351 301 2396 rationem
322 2351 478 2409 hahet,
501 2351 611 2409 quia
628 2353 753 2408 apud
775 2366 862 2397 nos
885 2355 1076 2398 variatio
1094 2355 1308 2399 dictionis
1328 2367 1384 2399 ex
1415 2359 1546 2411 parte
1567 2355 1780 2413 principii
1809 2362 1959 2401 mutat

77 2412 489 2470 significationem,
513 2413 706 2459 valiatio
730 2422 884 2459 autem
907 2428 965 2460 ex
983 2422 1113 2472 parte
1140 2418 1247 2461 finis
1266 2417 1495 2474 dictionis,
1519 2417 1841 2474 utplurimum
1863 2432 1958 2463 non

76 2479 227 2520 mutat
243 2475 627 2532 significationem
643 2478 728 2533 (3),
750 2490 855 2534 quae
879 2482 1034 2523 tamen
1059 2480 1182 2535 apud
1205 2481 1385 2524 Graecos
1406 2479 1611 2523 variatur
1634 2480 1773 2524 etiam
1792 2494 1958 2526 secun-

75 2536 187 2583 dum
207 2536 485 2594 principium
509 2538 754 2584 dictionis
743 2552 791 2583 ln
810 2539 1196 2585 declinationibus
1211 2541 1474 2585 verborum.
1494 2541 1634 2597 Magis
1659 2546 1814 2587 tamen
1828 2544 1955 2588 vide-

78 2601 155 2643 tur
175 2598 455 2644 attendenda
471 2600 708 2657 quantitas
730 2602 1069 2658 corruptionis.
1089 2603 1200 2659 quia
1230 2616 1289 2648 ex
1312 2608 1508 2659 utraque
1538 2607 1666 2659 parte
1686 2608 1838 2660 potest
1855 2617 1957 2650 esse

79 2662 173 2704 tam
190 2672 334 2716 parva
356 2661 482 2718 quod
505 2674 600 2706 non
616 2662 795 2708 auferat
814 2676 1004 2708 sensum
1029 2665 1294 2722 verborum,
1315 2671 1361 2709 et
1379 2668 1473 2708 tam
1492 2676 1663 2720 magna
1682 2665 1807 2722 quod
1828 2667 1955 2710 aufe-

79 2724 167 2765 rat.
180 2721 420 2766 Sedunum
428 2723 592 2768 horum
605 2723 786 2770 facilius
800 2726 1030 2770 acciditex
1040 2731 1171 2782 parte
1184 2726 1414 2782 principii,
1426 2730 1473 2770 et
1486 2726 1612 2771 aliud
1625 2738 1682 2770 ex
1697 2731 1824 2783 parte
1834 2726 1954 2771 finis.

80 2784 423 2828 ARTICULUS
444 2786 572 2829 VIII.
591 2810 646 2817 —
661 2800 795 2830 urhun
815 2801 960 2831 mesu
979 2801 1145 2837 amomo
1165 2802 1324 2831 Annuus
1345 2801 1493 2832 vsmns
1515 2801 1557 2831 nv
1579 2801 1724 2839 Quisus
1747 2801 1956 2833 cousis‘rrr

749 2862 887 2892 FORMA
918 2863 1283 2894 SACRAMENTORUM.

490 2914 539 2949 Dc
553 2914 606 2950 his
627 2915 730 2950 etiam
750 2918 844 2953 Sent.
859 2926 906 2958 lv,
924 2918 1002 2952 dist.
1020 2919 1053 2959 5,
1074 2925 1136 2952 art.
1155 2920 1187 2959 2,
1203 2924 1318 2959 quaest.
1337 2928 1362 2953 n
1380 2918 1421 2952 ad
1435 2919 1457 2952 5
1471 2922 1505 2953 et
1515 2919 1548 2953 4.

134 2965 202 3012 Ad
222 2972 437 3013 octavum
456 2968 524 3013 sic
537 2971 814 3025 proceditur.
839 2976 880 3016 1.
906 2974 1089 3018 Videtur
1111 2973 1234 3029 quod
1259 2973 1371 3017 nihil
1390 2974 1527 3017 liceat
1544 2973 1712 3018 addere
1730 2974 1886 3019 verbis
1906 2974 1955 3018 in

78 3073 129 3106 est
141 3075 282 3112 propter
299 3070 462 3111 formam.
488 3083 557 3106 non
576 3072 684 3106 forma
707 3080 844 3129 propter
872 3079 973 3110 matc—
1101 3076 1141 3115 (21
1158 3077 1320 3113 Attamen,
1341 3075 1630 3110 utanimadvertit
1646 3075 1799 3116 Billuart,
1817 3076 1872 3110 hic
1883 3089 1957 3110 ver-

78 3118 183 3163 riam3
196 3119 375 3152 terminus
390 3122 502 3153 autem
521 3120 750 3161 perfectionis,
771 3123 849 3163 quia
870 3127 975 3156 mate·
1060 3123 1177 3158 borum
1199 3124 1300 3161 magis
1315 3123 1546 3156 communium
1562 3135 1640 3158 usus
1660 3135 1729 3157 non
1745 3128 1793 3158 est
1811 3123 1955 3158 necessi-

78 3164 131 3200 ria
154 3177 216 3207 per
235 3166 380 3200 formam
407 3167 583 3207 perficitur
609 3173 642 3203 et
662 3168 762 3203 habet
786 3179 862 3205 esse
885 3175 973 3211 actu,
1060 3173 1135 3205 tatis
1154 3171 1311 3206 absolutae
1333 3183 1394 3212 pro
1414 3171 1586 3206 validitate
1610 3173 1834 3211 sacramenti,
1852 3173 1953 3206 modo

78 3225 147 3248 non
161 3214 240 3249 verb
252 3212 359 3247 forma
378 3216 729 3255 pe1·materiam.etc.
1058 3219 1206 3253 salvetur
1218 3231 1343 3258 sensus,
1362 3218 1419 3253 sed
1438 3221 1566 3253 tantum
1583 3220 1807 3259 congruentiae
1825 3226 1859 3253 et
1873 3220 1953 3253 obli-

119 3260 164 3303 (4)
194 3261 319 3294 Eadem
346 3262 433 3296 ratio
462 3273 530 3296 non
555 3263 645 3298 valet
672 3275 733 3304 pro
760 3265 977 3299 sacramentis
1059 3267 1201 3305 gationis
1219 3266 1280 3300 sub
1296 3272 1429 3306 peccato
1445 3278 1505 3307 pro
1521 3267 1699 3302 ministris.

80 3309 199 3344 veteris
216 3308 321 3351 legis;
341 3321 419 3343 nam
434 3310 471 3344 in
494 3310 564 3345 ritu
597 3312 864 3346 circumcisionis
885 3317 918 3347 et
939 3313 976 3348 in
1100 3314 1143 3354 (5)
1168 3315 1215 3347 Ita
1243 3326 1318 3347 cum
1343 3313 1501 3354 plurimis
1528 3315 1605 3349 Mss.
1626 3315 1710 3350 editi
1728 3316 1861 3356 passim.
1892 3316 1955 3350 Ed.

79 3355 309 3391 immolatione
326 3356 412 3397 Agat
437 3357 600 3398 paschalis
613 3359 708 3394 nulla
721 3359 975 3394 adhibebantur
1058 3361 1155 3394 Rom.
1176 3374 1183 3395 :
1208 3361 1252 3395 Ut
1275 3362 1480 3404 plurimum
1503 3367 1624 3397 mutat
1645 3364 1951 3407 consiqnificatio-

78 3402 192 3438 verba.
1057 3418 1151 3444 nem.
1177 3409 1304 3444 Garciae
1328 3410 1438 3452 placet
1468 3410 1568 3445 lectio
1593 3411 1666 3446 cod.
1697 3410 1812 3445 Alean.
1842 3424 1850 3444 ε
1886 3411 1954 3446 Va-
