2170 3808
565 163 569 168 ’
601 195 796 246 ρυὼῑετ.
830 195 1003 244 vani,
1033 197 1151 239 ART.
1181 196 1217 238 11
1243 197 1307 238 ET
1336 196 1403 239 111.
1857 196 1941 239 409

121 275 392 332 Respondeo
414 273 661 318 dicendum
681 274 803 329 quod
824 274 901 318 ille
919 276 1101 331 proprie
1120 275 1342 319 satisfacit
1360 288 1444 332 pro
1463 275 1638 319 offensa
1653 273 1732 331 qui
1755 273 1940 318 exhibet

68 352 82 380 ι
98 337 244 382 ffenso
260 336 304 380 id
319 336 438 392 quod
467 334 598 390 aeque
627 335 703 378 vel
727 335 876 390 magis
898 336 1046 392 diligit
1063 336 1202 393 quam
1227 338 1376 381 oderit
1392 337 1618 381 offensam
1635 338 1709 390 (l).
1734 336 1939 380 Christus

67 413 82 443 ε
99 403 220 443 utem
233 411 292 442 ex
303 397 520 441 charitate
535 401 580 440 et
595 396 857 441 obedientia
876 398 1110 453 patiendo,
1130 397 1281 453 majus
1290 398 1464 454 aliquid
1479 402 1567 442 Deo
1581 398 1787 441 exhibuit
1799 397 1938 451 quam

67 459 271 516 ‹xigeret
304 458 668 514 recompensatio
698 458 838 502 totius
867 458 1057 503 offensae
1083 460 1271 503 humani
1304 459 1487 514 generis
1519 475 1530 502 :
1566 459 1715 514 primo
1751 459 1939 515 quidem

65 526 252 579 1·ropter
281 519 647 576 magnitudinem
681 519 932 574 charitatis,
969 532 1026 564 ex
1059 532 1151 575 qua
1180 520 1464 576 patiebatur3
1501 521 1722 574 secundo,
1754 526 1940 576 propter

67 583 339 639 t-ignitatem
362 582 468 625 vitae
489 593 603 634 suae,
624 593 764 636 quam
794 594 880 637 pro
908 582 1223 626 satisfactione
1255 580 1469 636 ponebat,
1495 593 1600 636 quae
1627 587 1724 625 erat
1743 582 1834 625 vita
1862 581 1938 627 Dei

65 647 112 687 (t
135 643 358 695 hominis;
386 641 532 698 tertio,
559 646 745 697 propter
766 642 1111 698 generalitatem
1135 642 1365 698 passionis
1401 650 1448 686 et
1469 642 1835 697 magnitudinem
1856 643 1938 688 do-

64 703 176 748 loris
207 703 447 760 assumpti,
470 708 523 747 ut
552 715 691 759 supra
722 704 893 749 dictum
928 710 1000 748 est
1022 707 1203 760 (quaest.
1234 718 1346 759 xtw,
1370 708 1456 748 art.
1486 705 1546 757 6).
1580 706 1630 746 Et
1650 703 1750 747 ideo
1784 705 1937 759 passio

66 765 226 809 Christi
252 777 345 810 non
371 765 519 810 solum
543 765 797 821 sufficienS,
818 767 898 811 sed
922 767 1060 811 etiam
1083 766 1471 823 superabundans
1486 765 1736 809 satisfactio
1754 766 1840 809 fuit
1855 778 1937 822 pro

64 827 263 893 peccatis
274 826 461 870 humani
482 827 684 885 generis,
705 828 963 872 secundum
984 828 1098 872 illud
1117 832 1165 882 (l.
1181 831 1310 872 Joan.
1335 842 1381 884 11,
1398 831 1441 883 2)
1456 843 1466 869 z
1481 832 1582 884 Ipse
1597 831 1660 870 est
1673 831 1938 883 propitiatio

59 891 149 943 'pro
165 891 363 944 peccatis
393 892 571 944 nostris,
592 902 682 932 non
698 903 784 946 pro
806 892 974 934 nostris
1002 895 1155 934 autem
1187 891 1380 945 tantiam,
1412 891 1493 934 sed
1522 892 1659 933 etiam
1687 902 1771 945 pro
1803 892 1938 932 totius

65 951 240 994 mandi.

19 1066 22 1068 Ὗ
116 1011 185 1055 Ad
202 1015 398 1068 primum
417 1023 528 1067 ergo
550 1012 813 1067 dicendum,
835 1013 960 1070 quod
981 1018 1120 1070 caput
1140 1018 1185 1058 et
1212 1013 1420 1058 membra
1441 1018 1552 1058 sunt
1567 1013 1699 1070 quasi
1718 1025 1813 1057 una
1830 1024 1938 1068 per·

62 1084 182 1130 spna
203 1073 419 1130 mystica3
441 1078 488 1117 et
510 1073 612 1117 ideo
631 1075 885 1119 satisfactio
905 1075 1066 1119 Christi
1086 1075 1146 1120 ad
1159 1087 1323 1120 omnes
1342 1075 1501 1120 fideles
1520 1076 1715 1132 pertinet
1737 1075 1856 1119 sicut
1878 1075 1938 1120 ad

63 1146 152 1178 sua
171 1134 393 1179 membra.
414 1137 693 1191 Inquantum
707 1137 845 1180 etiam
857 1136 950 1180 duo
968 1137 1180 1180 homines
1199 1141 1310 1180 sunt
1329 1149 1477 1180 unum
1495 1137 1543 1180 in
1564 1137 1800 1191 charitate,
1813 1149 1936 1182 unus

64 1207 149 1251 pro
167 1197 258 1240 alio
278 1197 543 1241 satisfacere
565 1202 731 1253 potest,
753 1203 806 1242 ut
828 1197 947 1241 infra
974 1198 1148 1254 patebit
1175 1197 1240 1245 (in
1278 1198 1511 1255 Supplem.
1534 1204 1698 1255 quaest.
1730 1213 1818 1253 xm,
1846 1203 1934 1243 art.

63 1259 120 1312 2).
152 1259 248 1301 Non
272 1263 428 1302 autem
449 1262 520 1302 est
541 1258 704 1302 similis
736 1258 852 1303 ratio
885 1259 942 1304 de
963 1259 1254 1304 consessione
1289 1265 1334 1303 et
1355 1259 1643 1314 contritione,
1666 1259 1774 1316 quia
1802 1260 1937 1304 satis-

61 1318 200 1362 factio
222 1318 436 1363 consistit
466 1319 513 1361 in
537 1326 644 1363 actu
670 1320 900 1377 exteriori,
925 1320 984 1364 ad
1005 1333 1146 1377 quem
1178 1321 1355 1365 assumi
1384 1326 1582 1377 possunt
1611 1322 1934 1377 instrumenta,

61 1378 181 1424 inter
202 1391 307 1436 quae
325 1384 653 1436 computantur
672 1380 809 1424 etiam
829 1381 980 1425 amici.

115 1441 181 1486 Ad
207 1443 448 1485 secundum
467 1441 732 1497 dicendum,
748 1443 874 1499 quod
891 1443 1040 1500 major
1061 1444 1148 1488 fuit
1162 1443 1361 1488 charitas
1376 1443 1538 1487 Christi
1560 1443 1776 1500 patientis
1794 1444 1935 1500 quam

52 1503 235 1548 ‘malitia
247 1505 615 1560 crucifigentium
629 1510 697 1549 :et
711 1505 814 1550 ideo
832 1506 937 1563 plus
948 1507 1097 1562 potuit
1109 1506 1314 1550 Christus
1329 1506 1595 1550 satisfacere
1614 1509 1700 1550 sua
1723 1506 1937 1562 passione

62 1564 202 1620 quam
235 1566 528 1611 crucifixores
565 1566 798 1612 offendere
837 1568 1116 1624 occidend03
1154 1568 1387 1612 intantum
1421 1567 1546 1624 quod
1588 1567 1741 1624 passio
1772 1567 1932 1612 Christi

62 1625 300 1671 sufficiens
322 1627 407 1672 fuit
433 1632 482 1674 et
502 1628 890 1685 superabundans
923 1630 983 1675 ad
1012 1629 1391 1675 satisfaciendum
1419 1641 1503 1686 pro
1533 1629 1734 1686 peccatis
1756 1629 1935 1674 crucifi-

61 1688 267 1742 gentium
287 1689 456 1745 ipsum.

118 1749 183 1794 Ad
215 1753 399 1794 tertium
418 1751 685 1808 dicendum,
707 1752 830 1809 quod
855 1752 1061 1809 dignitas
1078 1753 1233 1798 carnis
1264 1752 1424 1798 Christi
1451 1765 1545 1797 non
1572 1757 1644 1797 est
1664 1753 1935 1798 aestimanda

60 1810 212 1856 solum
233 1813 489 1857 secundum
517 1814 670 1858 carnis
694 1819 926 1871 naturam,
951 1816 1033 1860 sed
1052 1817 1309 1860 secundum
1328 1827 1575 1871 personam
1600 1821 1932 1873 assumentem,

60 1871 338 1929 inquantum
360 1874 535 1919 seilicet
555 1881 656 1919 erat
671 1888 779 1920 caro
799 1876 892 1931 Dei,
908 1889 967 1921 ex
985 1889 1078 1933 quo
1097 1878 1295 1922 habebat
1315 1877 1585 1933 dignitatem
1609 1877 1849 1922 infinitam.

62 1945 401 1988 ARTICULUS
423 1948 505 1989 111.
519 1969 576 1977 —
594 1959 729 1989 ornum
748 1959 885 1990 missio
905 1959 1071 1990 cnms‘ri
1087 1960 1273 1991 orntum
1284 1960 1347 1990 srr
1368 1960 1450 1989 PER
1471 1959 1613 1989 monum
1632 1960 1842 1990 silcmmcn
1855 1949 1932 2002 (2).

61 2025 114 2061 De
127 2024 187 2069 this
199 2025 301 2060 etiam
317 2026 421 2067 infra,
441 2030 554 2068 quaest.
573 2035 667 2070 xmx,
685 2031 749 2062 art.
768 2028 788 2062 4
801 2039 892 2068 corp.
913 2032 948 2062 et
963 2032 1077 2068 quaest.
1094 2037 1215 2069 Lxxnt,
1232 2031 1296 2063 art.
1313 2029 1333 2063 4
1346 2039 1438 2069 corp.
1457 2032 1492 2062 et
1506 2028 1549 2062 ad
1559 2028 1592 2070 5,
1607 2032 1642 2062 et
1656 2034 1771 2070 quaest.
1789 2037 1932 2073 Lxxxm,

677 2080 741 2108 art.
762 2075 777 2109 l
798 2087 890 2114 corp.
911 2080 944 2110 et
961 2076 1081 2118 Opusc.
1102 2084 1155 2118 LX,
1175 2087 1246 2117 cap.
1266 2077 1317 2111 48.

112 2141 180 2186 Ad
208 2141 391 2186 tertium
408 2142 475 2186 sic
497 2143 774 2198 proceditur.
795 2146 836 2187 1.
857 2143 1041 2188 Videtur
1059 2144 1182 2201 quod
1203 2144 1357 2199 passio
1379 2145 1541 2188 Christi
1556 2157 1647 2188 non
1673 2144 1732 2189 sit
1748 2149 1935 2201 operata

47 2207 144 2258 'per
161 2203 349 2246 modum
368 2203 595 2247 sacrificii.
615 2203 790 2247 Veritas
818 2204 942 2247 enim
963 2204 1102 2248 debet
1120 2205 1399 2260 respondere
1417 2205 1592 2260 figurae.
1620 2205 1705 2249 Sed
1723 2205 1770 2248 in
1794 2205 1934 2250 sacri-

34 2263 177 2308 'fici1s
207 2264 374 2308 veteris
404 2265 536 2321 legiS‚
558 2277 664 2320 quae
698 2270 831 2309 erant
862 2263 1024 2323 figurae
1046 2266 1224 2321 Christi,
1250 2267 1490 2322 nunquam
1518 2266 1794 2311 offerebatur
1826 2279 1934 2312 caro

59 2325 263 2370 humana
279 2340 292 2381 3
308 2326 515 2382 quinimo
533 2327 633 2370 haec
657 2327 885 2371 sacrificia
908 2328 1144 2372 immunda
1170 2333 1215 2372 et
1235 2328 1430 2372 nefanda
1444 2328 1750 2384 habebantur,
1767 2341 1934 2373 secun-

60 2386 170 2431 dum
200 2387 311 2431 illud
346 2388 479 2440 (Psal.
511 2401 579 2445 cv,
610 2390 713 2442 38):
746 2390 1016 2443 Effuderunt
1046 2393 1307 2445 sanquinem
1344 2394 1636 2447 innocentem,
1670 2394 1934 2446 sanquinem

60 2448 252 2502 filiorum
273 2462 453 2491 suornm
471 2453 514 2491 et
536 2450 740 2502 filiarum
755 2463 958 2504 suarum,
982 2463 1095 2505 quas
1121 2452 1492 2504 sacrificaverunt
1509 2453 1792 2508 sculptilibus
1815 2454 1934 2496 Cha-

59 2523 199 2553 naan.
220 2512 336 2564 Ergo
353 2510 537 2554 videtur
558 2510 683 2567 quod
705 2511 858 2567 passio
877 2511 1039 2555 Christi
1057 2512 1333 2556 sacrificium
1349 2513 1438 2557 dici
1463 2526 1554 2556 non
1577 2514 1735 2569 possit.

58 2577 59 2580 ’
108 2573 150 2614 2.
175 2572 413 2627 Praeterea,
435 2572 720 2627 Augustinus
754 2573 864 2616 dicit
889 2575 966 2627 (De
994 2573 1183 2617 Civitate
1211 2574 1303 2630 Dei,
1336 2574 1414 2618 lib.
1445 2589 1486 2628 x,
1514 2587 1614 2630 cap.
1647 2578 1689 2631 5,
1714 2576 1876 2631 parum
1905 2576 1933 2620 a

52 2631 241 2687 ‘princ.),
263 2631 386 2687 quod
421 2649 441 2670 «ε
459 2633 734 2677 sacrificium
761 2634 958 2689 visibile,
989 2634 1233 2679 invisibilis
1268 2636 1478 2680 sacrificii
1509 2644 1862 2692 sacramentum,
1885 2637 1929 2682 id

59 2696 145 2747 est,
174 2704 358 2736 sacrum
393 2693 578 2749 signum
600 2700 684 2739 est.
703 2714 723 2734 »
754 2696 840 2740 Sed
867 2696 1020 2751 passio
1038 2696 1199 2740 Christi
1230 2709 1321 2740 non
1347 2702 1417 2741 est
1446 2697 1648 2751 signum,
1676 2697 1757 2741 sed
1784 2698 1932 2754 magis

60 2753 295 2808 signatum
323 2766 405 2810 per
433 2755 522 2799 alia
542 2756 690 2813 signa.
712 2759 828 2812 Ergo
852 2757 1036 2802 videtur
1062 2758 1188 2814 quod
1216 2758 1371 2814 passio
1393 2759 1555 2802 Christi
1581 2771 1674 2802 non
1704 2758 1763 2802 sit
1791 2760 1932 2803 sacri-

57 2814 231 2861 ficium.

112 2879 153 2921 3.
175 2879 412 2932 Praeterea,
435 2877 714 2936 quicumque
736 2880 870 2926 offert
899 2881 1191 2939 sacrificium,
1219 2882 1404 2938 aliquod
1434 2894 1618 2927 sacrum
1645 2882 1767 2936 facit,
1791 2887 1842 2927 ut
1862 2883 1932 2940 ip-

57 2948 163 2981 sum
187 2949 354 2982 nomen
376 2938 584 2983 sacrificii
601 2940 902 2986 demonstrat.
922 2943 990 2987 Illi
1014 2948 1168 2988 autem
1184 2944 1262 2999 qui
1281 2944 1508 2988 Christum
1531 2943 1814 3001 occiderunt,
1837 2957 1931 2989 non

56 2997 265 3042 fecerunt
297 2999 482 3055 aliquod
514 3012 714 3057 sacrum,
749 3002 832 3047 sed
867 3016 1085 3061 magnam
1128 3005 1349 3048 malitiam
1385 3009 1780 3061 perpetraverunt.
1813 3008 1931 3062 Ergo

55 3059 211 3116 passio
231 3061 391 3105 Christi
412 3061 564 3118 potius
581 3062 669 3106 fuit
685 3063 960 3109 maleficium
976 3067 1115 3122 quam
1139 3067 1431 3112 sacrificium.

111 3121 199 3164 Sed
220 3125 378 3164 contra
403 3127 473 3166 est
502 3122 627 3178 quod
643 3124 887 3179 Apostolus
905 3126 1017 3170 dicit
1037 3129 1217 3182 (Ephes.
1237 3142 1279 3182 v,
1301 3130 1343 3181 2)
1366 3139 1377 3168 ε
1414 3126 1627 3171 Tradidit
1647 3131 1931 3185 semetipsum

54 3195 139 3237 pro
161 3184 283 3225 nobis
299 3184 565 3227 oblalionem
584 3188 627 3228 et
647 3186 842 3229 hostiam
859 3191 951 3230 Deo
969 3191 1017 3231 in
1034 3191 1216 3232 odorem
1235 3191 1475 3232 suavitatis
1493 3191 1570 3245 (3).

95 3317 140 3358 (l)
160 3317 334 3358 Siquidem
357 3318 535 3353 satisfactio
555 3319 600 3353 sit
617 3319 669 3353 vel
692 3320 741 3355 rei
757 3320 876 3355 debitae
889 3334 946 3356 so-
1031 3322 1291 3358 demonstrando
1315 3324 1500 3366 passionom
1527 3325 1650 3361 Christi
1683 3327 1783 3362 fuisse
1810 3339 1928 3363 verum

58 3362 153 3404 lutio,
173 3365 223 3399 vel
243 3366 374 3404 injuriae
392 3365 490 3400 iilalae
509 3368 747 3407 compensatio.
1030 3371 1245 3404 sacrificium.

95 3410 138 3454 (2)
166 3412 204 3445 In
235 3413 298 3447 hoc
325 3413 466 3447 articulo
491 3413 618 3448 refellit
641 3415 744 3450 etiam
762 3416 949 3452 socinianos
1085 3419 1175 3461 (5)1n
1188 3430 1258 3461 cap.
1271 3428 1308 3454 11
1321 3425 1355 3455 et
1369 3429 1391 3455 x
1403 3421 1444 3456 ad
1455 3421 1557 3457 ltebr.
1571 3422 1674 3456 multa
1688 3422 1818 3457 disserit
1831 3423 1929 3464 Apos-
