2170 3808
0 0 6 3 “
100 0 276 19 ,ts-‘W'Y-fswee
303 0 307 3 ’
331 0 363 7 ·’·
383 0 402 6 -’
435 0 487 8 -
531 2 534 6 ι

658 247 858 299 QUAEST.
893 248 961 301 Vl,
991 247 1107 290 ΛΒΤ.
1139 247 1193 289 lll
1219 247 1282 288 ET
1311 247 1377 288 lv.
1906 246 1959 288 63

129 329 196 374 Ad
211 331 413 386 primum
443 339 555 385 ergo
583 326 848 385 dicendum,
883 327 1023 385 quod,
1049 327 1170 371 sicut
1196 339 1337 383 supra
1377 326 1552 371 dictum
1581 330 1654 372 est
1682 326 1786 381 (art.
1810 328 1830 368 1
1859 325 1958 382 huj.

76 393 278 449 quaest),
309 390 463 435 anima
484 389 649 434 Christi
671 389 839 434 dicitur
863 401 966 434 esse
990 388 1197 433 medium
1220 389 1269 432 in
1291 387 1466 433 unione
1493 388 1648 433 carnis
1671 386 1731 432 ad
1761 385 1960 457 Verbum

76 452 335 498 secundum
365 452 576 498 ordinem
605 455 785 496 naturae
808 464 819 492 :
848 464 943 496 non
967 454 1123 495 autem
1146 453 1328 506 oportet
1348 462 1406 494 ex
1435 450 1525 494 hoc
1543 449 1668 507 quod
1696 448 1836 493 fuerit
1866 459 1961 491 me-

77 513 206 559 dium
221 527 278 560 ex
293 514 454 560 ordine
474 513 711 569 temporis,
1891 570 1900 581 ·

65 627 67 629 ,
131 575 198 622 Ad
218 576 459 621 secundum
473 575 741 628 dicendum,
762 574 903 632 quod,
929 574 1050 620 sicut
1066 576 1155 619 Leo
1172 585 1293 630 papa
1314 573 1378 627 (in
1398 573 1562 618 eadem
1584 573 1719 630 epist.
1737 572 1841 642 loco
1862 574 1960 626 011.)

78 636 202 695 (11011,
227 637 382 682 anima
403 636 567 682 Christi
591 636 775 681 excellit
797 641 982 680 nostras
1008 635 1186 680 animas
1210 646 1336 678 «non
1360 633 1624 680 diversitate
1650 646 1848 706 generis,
1875 633 1961 678 sed

78 698 356 744 sublimitate
384 698 594 755 virtutis3
613 717 633 737 »
661 703 733 743 est
765 697 891 744 enim
913 697 1124 755 eJusdem
1158 696 1344 754 generis
1371 707 1480 740 cum
1502 696 1676 740 nostris
1697 695 1958 766 animabus,

77 759 160 805 sed
182 760 367 806 excellit
383 759 523 806 etiam
546 760 740 817 angelos
757 759 1016 805 secundum
1029 758 1366 817 plenitudinem
1388 757 1548 814 gratiae
1569 762 1616 803 et
1636 762 1860 828 veritam.
1876 759 1973 802 llio-t

77 821 165 867 dus
189 827 344 868 autem
363 822 611 868 creationis
629 823 880 880 respondet
897 823 1064 867 animae
1088 821 1348 867 secundum
1369 820 1697 878 proprietatem
1721 831 1795 864 501
1818 832 1960 876 gene-

74 882 156 942 riS‚
178 896 237 930 ex
264 897 356 942 quo
375 885 531 943 habet,
554 888 659 931 cinn
694 885 754 930 sit
783 885 988 942 corporis
1014 885 1180 940 forma,
1204 888 1258 929 ut
1275 887 1458 928 creetur
1483 882 1623 928 simul
1645 883 1758 928 dum
1780 882 1961 953 corpori

75 943 337 991 infunditur
355 950 402 991 et
425 946 584 992 unitur
604 949 695 1001 (1):
722 946 846 1004 quod
875 958 968 991 non
990 945 1211 1003 competit
1243 944 1437 1001 angelis,
1457 944 1538 1001 qui
1556 948 1667 988 sunt
1687 943 1964 988 substantlae

75 1006 264 1052 omnino
280 1008 307 1052 a
328 1008 600 1066 corporibus
622 1009 859 1054 absolutae.
1925 1068 1936 1078 ·

132 1068 198 1114 Ad
217 1072 402 1114 tertium
424 1070 692 1129 dicendum,
712 1071 837 1128 quod
854 1070 911 1115 de
932 1069 1219 1126 plenitudine
1244 1069 1408 1115 Christi
1428 1081 1593 1115 omnes
1614 1068 1826 1115 homines
1841 1080 1961 1113 accl-

74 1127 211 1185 piunt
229 1131 488 1176 secundum
504 1132 643 1177 fidem
662 1143 802 1189 quam
824 1131 996 1176 habent
1018 1130 1066 1175 in
1090 1131 1275 1188 ipsum:
1296 1131 1463 1176 dicitur
1480 1131 1606 1176 enim
1626 1133 1772 1187 (Rom.
1793 1143 1854 1186 111,
1874 1132 1964 1190 22),

75 1190 199 1245 qued
212 1193 398 1246 justitia
419 1195 505 1236 Dei
517 1197 584 1237 est
594 1207 681 1251 per
699 1194 834 1247 fidem
849 1196 956 1237 Iesu
971 1192 1144 1236 Christi
1165 1196 1215 1236 in
1232 1205 1381 1236 omnes
1395 1195 1437 1235 et
1453 1205 1588 1249 super
1605 1205 1755 1235 omnes
1771 1194 1849 1247 qui
1864 1205 1961 1236 cre-

77 1251 194 1295 dunt
226 1256 277 1296 in
315 1257 480 1311 ipsum.
519 1255 646 1300 Sicut
667 1259 823 1300 autem
842 1267 930 1300 nos
947 1254 996 1298 in
1020 1254 1176 1311 ipsum
1195 1253 1446 1309 credimus»,
1475 1259 1529 1299 ut
1563 1255 1663 1311 Jam
1685 1258 1873 1311 natum3
1899 1254 1963 1299 ita

75 1313 254 1370 antiqui
267 1315 564 1361 crediderunt
579 1316 628 1361 in
643 1316 813 1373 ipsum,
833 1320 888 1361 ut
907 1315 1213 1360 nasciturum.
1244 1316 1469 1360 Habentes
1499 1319 1618 1359 enim
1645 1317 1849 1360 eumdem
1865 1319 1963 1373 spi-

75 1376 215 1418 ritum
232 1377 341 1430 fidei
357 1373 596 1435 credimus,
620 1384 674 1424 01
693 1379 860 1424 dicitur
879 1380 945 1433 (ll.
959 1378 1158 1423 Corinth.
1180 1392 1242 1433 iv,
1257 1379 1346 1433 13).
1371 1377 1515 1423 Habet
1533 1382 1689 1423 autem
1708 1378 1842 1436 fides⁷
1859 1391 1964 1435 quae

76 1436 208 1480 estin
231 1437 475 1497 Christum,
495 1439 713 1485 virtutem
740 1437 1028 1497 justificandi
1051 1452 1110 1484 ex
1131 1439 1369 1496 proposito
1399 1438 1560 1495 gratiae
1580 1439 1675 1497 Dei,
1703 1439 1962 1484 secundnm

76 1495 192 1542 illud
207 1500 351 1554 (Rom.
373 1515 431 1556 iv,
450 1503 496 1557 5)
518 1517 529 1546 z
551 1505 608 1545 Ei
619 1505 696 1558 qui
708 1516 798 1546 non
811 1505 1048 1559 operatur,
1065 1502 1271 1545 credenti
1289 1505 1443 1544 autem
1456 1504 1505 1544 in
1518 1514 1618 1544 eum
1642 1504 1720 1557 qui
1732 1502 1964 1557 justificat

76 1561 282 1618 impium,
309 1562 423 1616 fides
447 1567 686 1620 reputatur
714 1565 778 1608 ad
795 1565 1033 1619 justitiam
1064 1564 1311 1607 secundam
1349 1566 1630 1619 propositum
1667 1566 1829 1619 qratiae
1861 1567 1962 1609 Dei.

77 1621 205 1666 Unde
239 1622 350 1680 quia
379 1624 467 1668 hoc
488 1626 778 1682 propositum
815 1630 887 1671 est
927 1629 1172 1682 aeternum,
1199 1625 1312 1669 nihil
1333 1622 1547 1681 prohibet
1575 1637 1659 1681 per
1686 1625 1826 1670 fidem
1854 1626 1964 1670 Jesu

77 1681 237 1728 Christi
260 1684 439 1742 aliquos
450 1686 714 1743 justificari„
731 1688 868 1733 etiam
893 1691 1143 1743 antequam
1159 1687 1261 1743 eJus
1276 1687 1432 1730 anima
1453 1690 1579 1731 esset
1599 1687 1737 1743 plena
1752 1686 1902 1744 gratia
1918 1691 1965 1732 et

78 1743 284 1790 veritate.

80 1805 421 1852 ARTICULUS
447 1811 529 1854 IV.
558 1834 616 1842 —
642 1824 776 1855 ornum
801 1823 907 1854 cmo
932 1823 1092 1855 cnmsri
1115 1824 1265 1854 runnu·
1289 1823 1406 1854 rmus
1427 1824 1452 1852 A
1476 1823 1610 1855 vi-:Rno
1628 1823 1836 1856 Assunru
1855 1824 1965 1862 001111

80 1895 89 1898 —
837 1885 971 1915 ANIMAE
991 1885 1111 1915 urum
1131 1875 1204 1927 (2).

657 1939 708 1973 De
724 1939 777 1973 his
787 1939 887 1973 etiam
899 1939 982 1973 locis
998 1951 1109 1981 supra,
1129 1944 1192 1974 art.
1206 1940 1240 1981 ὅ,
1256 1939 1381 1974 citatis.

134 1988 202 2034 Ad
219 1994 437 2046 quartum
461 1992 530 2036 sic
550 1993 829 2048 proceditur.
850 1996 892 2037 1.
916 1993 1102 2038 Videtur
1124 1993 1247 2050 quod
1276 2006 1383 2038 caro
1416 1994 1578 2039 Christi
1603 1995 1742 2040 fuerit
1772 1996 1902 2052 prius
1934 1997 1963 2041 a

79 2048 242 2093 Verbo.
258 2058 497 2109 assumpta
524 2054 665 2110 quam
685 2054 852 2099 animae
870 2055 1016 2117 unita.
1038 2055 1151 2099 Dicit
1183 2055 1308 2100 enim
1344 2056 1631 2111 Augustinus
1661 2057 1962 2114 (Fulgentius)

81 2108 175 2163 (lib.
197 2112 257 2155 De
275 2109 367 2156 fide
388 2114 447 2158 ad
466 2116 559 2158 Pet.
582 2127 684 2171 cap.
705 2118 775 2170 18)
797 2130 807 2157 :
834 2116 1144 2160 «Firmissime
1166 2119 1273 2161 16116
1292 2121 1338 2161 61
1360 2117 1627 2162 nullatenus
1658 2118 1843 2163 dubites
1869 2132 1962 2164 non

78 2181 267 2216 carnem
282 2173 446 2218 Christi
465 2174 566 2219 sine
581 2176 821 2220 divinitate
832 2182 1104 2234 conceptam
1124 2178 1171 2222 in
1190 2182 1323 2222 utero
1337 2178 1551 2234 VirgInis,
1566 2179 1840 2237 priusquam
1860 2194 1965 2226 sus-

79 2231 309 2289 ciperetur
336 2234 363 2278 a
386 2235 582 2293 Verbo‚»
615 2241 703 2283 etc.
745 2239 831 2283 Sed
854 2251 962 2284 0610
999 2239 1160 2284 Christi
1187 2239 1369 2285 videtur
1403 2240 1534 2296 prius
1559 2240 1706 2286 fuisse
1740 2250 1965 2300 concepta

79 2293 219 2350 quam
242 2295 409 2340 animae
430 2297 641 2343 rationali
671 2299 828 2354 unita3
850 2300 959 2356 quia
986 2300 1178 2344 materia
1199 2300 1273 2345 vel
1301 2300 1540 2356 dispositio
1563 2302 1687 2358 prior
1705 2307 1778 2348 est
1805 2304 1854 2348 in
1888 2308 1964 2349 via

80 2356 392 2411 generationis
413 2358 554 2415 quam
568 2359 716 2405 forma
730 2361 1019 2417 completiva.
1044 2364 1162 2417 Ergo
1176 2361 1305 2418 prius
1321 2361 1409 2406 fuit
1422 2374 1530 2407 caro
1546 2363 1709 2408 Christi
1724 2373 1964 2424 assumpta

79 2416 218 2473 quam
231 2418 398 2463 animae
418 2420 562 2465 unita.

132 2480 175 2523 2.
201 2481 439 2537 Praeterea‚
463 2482 584 2541 sicut
604 2482 759 2527 anima
781 2487 854 2529 est
883 2496 992 2540 pars
1022 2489 1200 2529 naturae
1230 2485 1465 2545 humanae,
1497 2486 1562 2531 ita
1590 2492 1636 2532 et
1660 2500 1845 2545 corpus.
1876 2491 1961 2536 Sed

79 2539 234 2584 anima
257 2541 460 2586 humana
479 2555 571 2587 non
596 2543 757 2589 habuit
782 2545 907 2590 aliud
930 2545 1209 2602 principium
1242 2546 1314 2591 sui
1340 2559 1444 2592 esse
1472 2547 1522 2592 in
1557 2549 1731 2594 Christo
1752 2551 1892 2607 quam
1913 2551 1962 2596 in

79 2599 181 2645 aliis
201 2602 483 2659 hominibus,
505 2609 558 2649 ut
587 2610 712 2662 patet
736 2619 792 2651 ex
816 2607 1087 2652 auctoritate
1106 2609 1273 2653 Leonis
1305 2621 1438 2666 papae
1459 2622 1602 2666 supra
1633 2611 1824 2656 inducta
1857 2618 1963 2666 (art.

79 2663 254 2718 praec.).
273 2666 389 2720 Ergo
422 2665 604 2710 videtur
622 2667 746 2724 quod
776 2680 862 2713 nec
895 2680 1063 2725 corpus
1089 2669 1252 2714 Christi
1286 2670 1418 2715 aliter
1438 2671 1651 2717 habuerit
1683 2674 1962 2731 principium

81 2725 264 2770 essendi
286 2727 426 2783 quam
444 2727 493 2771 in
507 2728 657 2773 nobis.
675 2730 759 2775 Sed
775 2730 823 2774 in
842 2730 978 2775 nobis
998 2738 1105 2776 61116
1123 2732 1384 2789 concipitur
1402 2745 1572 2790 corpus
1585 2733 1725 2791 quam
1744 2737 1965 2782 adveniat

83 2784 235 2830 anima
255 2787 507 2833 rationalis.
534 2793 654 2847 Ergo
675 2791 814 2836 etiam
837 2791 901 2836 ita
931 2791 1020 2836 fuit
1047 2793 1092 2837 in
1126 2794 1303 2838 Christo
1325 2808 1335 2836 :
1365 2798 1412 2839 et
1438 2794 1636 2845 sic‚caro
1662 2797 1791 2853 prius
1817 2798 1904 2842 fuit
1935 2797 1963 2842 ὸ

82 2845 228 2891 Verbo
248 2854 485 2906 assumpta
504 2851 644 2907 quam
662 2852 830 2896 animae
848 2853 994 2898 unita.

137 2908 179 2951 3.
208 2909 446 2966 Praeterea‚
466 2911 585 2956 sicut
597 2913 763 2958 dicitur
782 2914 874 2966 (lib.
891 2918 954 2959 De
973 2915 1142 2972 causis,
1162 2916 1382 2972 proposit.
1402 2920 1463 2971 1),
1483 2934 1503 2955 «
1528 2929 1670 2963 causa
1686 2919 1836 2975 prima
1856 2921 1963 2976 plus

83 2966 234 3012 influit
258 2967 306 3013 in
327 2976 588 3030 causatum,
612 2980 659 3018 et
680 2975 809 3030 prius
831 2976 990 3020 unitur
1007 2977 1050 3021 61
1071 2978 1211 3034 quam
1239 2989 1381 3022 causa
1403 2979 1624 3024 secunda.
1647 2998 1667 3018 »
1692 2981 1779 3026 Sed
1807 2983 1962 3026 anima

82 3029 246 3075 Christi
262 3038 554 3088 comparatur
570 3036 630 3080 ad
647 3037 846 3083 Verbum
862 3039 983 3084 sicut
1002 3052 1143 3084 causa
1165 3040 1372 3084 secunda
1390 3041 1448 3085 ad
1466 3041 1680 3097 primam.
1702 3044 1834 3090 Prius
1850 3058 1962 3102 ergo

81 3091 280 3137 Verbum
305 3098 375 3137 est
392 3094 574 3140 unitum
592 3099 719 3141 carni
741 3099 881 3155 quam
904 3102 1074 3145 anima.

138 3154 224 3198 Sed
246 3158 405 3198 cont-ra
420 3160 492 3200 est
511 3157 637 3213 quod
653 3161 964 3206 Damascenus
985 3162 1094 3207 dicit
1115 3163 1256 3216 (Orth.
1276 3159 1354 3207 fid.
1377 3162 1456 3207 lib,
1476 3177 1545 3221 111,
1565 3178 1665 3222 cap.
1688 3170 1737 3224 2,
1758 3169 1817 3213 ad
1834 3169 1930 3220 fin.)
1945 3183 1959 3212 ε

123 3276 166 3317 (l)
186 3276 276 3311 Hinc
302 3277 385 3312 dicit
401 3278 437 3312 S.
467 3278 593 3313 Doctor
622 3280 696 3318 (ax-t.
722 3281 905 3321 sequenti):
926 3287 976 3317 est
1061 3290 1110 3318 est
1129 3297 1137 3318 :
1155 3285 1199 3318 Si
1216 3286 1299 3327 quis
1316 3286 1407 3320 dicit
1422 3289 1490 3321 aut
1504 3289 1614 3323 sentit
1627 3291 1739 3333 prius
1758 3290 1959 3328 formatum

83 3327 212 3360 contra
230 3327 406 3359 naturam
431 3327 565 3360 animae
591 3332 632 3360 ut
656 3328 765 3371 prius
789 3330 839 3363 sit
867 3332 976 3372 quam
1059 3341 1134 3366 esse
1151 3343 1284 3374 corpus
1312 3334 1461 3368 Domini
1487 3336 1617 3370 Nostri
1634 3338 1724 3371 Jesu
1750 3337 1889 3372 Christi
1916 3339 1958 3374 in

85 3372 232 3414 corpori
245 3373 414 3407 uniatur.
1059 3383 1163 3413 utero
1190 3381 1353 3422 Virginis
1379 3387 1529 3423 sanctae,
1554 3389 1587 3417 et
1614 3385 1781 3426 deinceps
1811 3386 1957 3419 unicum

122 3420 166 3461 (2)
183 3420 224 3454 In
244 3420 304 3453 hoc
319 3420 461 3456 articulo
483 3421 610 3457 refellit
628 3424 662 3457 S.
684 3423 808 3457 Doctor
825 3436 975 3460 errorem
1058 3437 1130 3461 esse
1156 3428 1198 3462 in
1228 3429 1341 3462 Deum
1374 3430 1539 3470 Verbum,
1571 3435 1678 3475 acque
1702 3433 1883 3471 animam,
1913 3435 1957 3468 ut

82 3468 141 3510 qui
164 3467 215 3502 his
229 3467 341 3503 verbis
362 3467 400 3502 in
422 3468 449 3503 V
470 3469 588 3511 synod.
613 3470 761 3511 generali
778 3472 974 3515 profligatus
1058 3475 1155 3517 quod
1171 3477 1280 3519 prius
1299 3479 1466 3512 extiterit
1481 3490 1491 3512 .-
1508 3480 1703 3513 anathema
1719 3480 1780 3513 sit.
