2170 3808
88 0 230 30 *ff-'ff‘ffw’u
253 0 363 14 “fea-mma

115 23 122 27 ”
136 25 174 38 ἰν-,ν’
248 26 249 29 ’
309 27 313 34 ·

755 234 951 284 QUAEST.
984 233 1143 289 van,
1175 232 1292 274 ART.
1324 233 1390 274 vt.
1930 230 2013 272 583

122 316 241 358 ritas
262 315 426 371 sancti,
443 313 604 359 dicunt
621 312 811 370 quidam
835 311 958 369 quod
982 325 1075 356 non
1100 313 1388 357 conferretur
1403 313 1750 355 sacramentum
1774 308 2008 366 baptismi,

124 376 181 421 eo
201 375 326 433 quod
349 388 442 420 non
462 379 725 420 servaretur
745 374 895 418 forma
919 373 1148 428 Ecciesiae,
1171 386 1275 430 quae
1299 373 1366 418 sic
1384 372 1558 417 habet:
1580 376 1674 428 qu
1699 374 1740 415 te
1763 371 1941 425 baptizo
1963 373 2012 413 in

123 440 300 481 nomine
311 440 486 491 Patris,
509 441 552 481 et
569 436 702 492 Filii,
728 440 771 480 et
794 438 994 493 Spiritus
1016 437 1175 478 sancti.
1202 434 1289 480 Sed
1312 435 1400 479 hoc
1422 434 1685 479 excluditur
1710 446 1793 490 per
1817 432 2011 477 sormam

122 498 401 556 baptizandi,
426 511 519 556 qua
542 497 684 543 utitur
704 498 908 543 Ecclesia
925 499 1218 541 Graecorum:
1237 500 1427 552 possent
1445 495 1567 540 enim
1591 495 1777 540 dicere·
1801 498 2015 550 Bapttze-

123 563 201 604 tur
218 572 371 603 servus
396 560 571 603 Christi
587 563 645 604 Ν.
666 562 714 603 in
732 562 907 603 nomine
926 562 1095 614 Patris,
1114 561 1159 601 et
1180 559 1308 613 Filii,
1331 561 1374 600 et
1390 559 1588 613 Spiritas
1604 559 1767 611 sancti,
1793 562 1900 612 οἵα,
1921 555 2012 600 Sub

124 632 217 678 qua
239 620 387 665 forma
410 621 553 665 Graeci
574 620 857 679 baptismum
886 620 1173 676 suscipiunt3
1200 631 1306 676 quae
1330 624 1486 663 tamen
1507 619 1655 663 forma
1685 618 1832 662 multo
1861 617 2014 674 magis

125 681 363 727 dissimilis
378 687 450 727 est
470 682 630 727 formae
645 685 738 739 qua
755 695 839 726 nos
856 681 1047 737 utimur,
1072 681 1213 738 quam
1237 680 1275 725 si
1299 681 1480 725 dicatur
1501 693 1512 723 :
1539 683 1629 724 Nos
1648 683 1690 723 te
1709 680 2007 736 baptizamus.

125 742 212 788 Sed
234 743 625 788 considerandum
649 743 865 800 estquod
887 755 945 788 ex
969 743 1045 786 tali
1068 744 1253 787 forma.
1279 746 1368 786 Nos
1391 746 1432 784 te
1455 741 1742 797 baptizamus
1765 744 1836 794 (1)
1857 740 2012 796 expri—

124 804 265 852 mitur
273 806 394 868 talis
407 806 601 851 intentio
617 806 741 863 quod
753 807 910 863 plures
929 807 1207 849 conveniant
1224 805 1282 850 ad
1305 816 1454 848 unum
1468 803 1750 860 baptismum
1767 803 2009 847 conseren-

126 865 257 912 dum·
247 900 260 923 ,
273 849 403 938 quod
419 867 609 924 quidem
622 868 804 913 videtur
814 879 918 912 esse
934 872 1095 912 contra
1104 868 1331 912 rationem
1342 865 1607 910 ministerii:
1623 865 1761 909 homo
1773 864 1896 908 enim
1915 877 2009 911 non

123 926 322 984 baptizat
342 929 430 974 nisi
447 934 499 974 ut
517 929 726 974 ministe1
741 929 920 987 Christi,
942 933 987 974 et
1004 929 1154 974 vicem
1171 929 1273 985 eJus
1291 939 1486 998 gerens3
1511 926 1638 971 unde
1659 926 1780 971 sicut
1798 939 1923 970 unus
1937 932 2009 972 est

124 989 346 1043 Christus,
367 990 429 1035 ita
446 996 627 1048 oportet
644 1003 747 1035 esse
761 1003 909 1035 unum
928 991 1209 1048 ministrum,
1226 991 1305 1047 qui
1325 990 1553 1034 Christum
1570 991 1882 1044 repraesentet.
1901 990 2006 1034 Pro-

124 1055 228 1107 pter
256 1052 379 1107 quod
399 1053 636 1109 signanter
651 1053 898 1109 Apostolus
916 1053 1026 1098 dicit
1044 1054 1222 1108 (Ephes.
1244 1066 1301 1107 iv,
1314 1055 1379 1106 5):
1400 1054 1522 1094 Unus
1535 1050 1871 1103 DominuS,una
1880 1051 2009 1108 fides,

123 1125 259 1156 unum
275 1114 517 1171 baptisma.
530 1117 585 1159 Et
603 1114 707 1160 ideo
720 1113 950 1159 contraria
964 1114 1155 1158 intentio
1170 1113 1351 1158 videtur
1362 1110 1835 1167 excludere-baptismi
1856 1123 2008 1157 sacra-

124 1179 407 1219 mentum.-
420 1176 463 1221 Si
480 1176 590 1222 vero
604 1182 799 1233 uterque
814 1176 987 1221 diceret
1000 1191 1011 1219 :
1022 1180 1117 1232 qu
1135 1180 1177 1219 te
1194 1176 1371 1232 baptizo
1382 1177 1430 1217 in
1446 1175 1623 1217 nomine
1635 1177 1805 1230 Patris,
1818 1176 1863 1215 et
1877 1175 2006 1231 Filii,

127 1237 172 1277 et
194 1237 392 1294 Spiritus
414 1242 575 1295 sancti,
595 1243 793 1294 uterque
811 1237 1088 1294 exprimeret
1108 1249 1243 1280 suam
1273 1234 1601 1291 intentionem,
1623 1234 1757 1291 quasi
1786 1234 1887 1291 ipse
1908 1235 2007 1280 sin-

125 1297 347 1352 gulariter
366 1299 649 1357 baptismum
667 1300 921 1355 conferret3
946 1299 1070 1355 quod
1095 1302 1253 1355 posset
1271 1298 1542 1352 contingere
1561 1297 1608 1339 in
1630 1308 1686 1340 eo
1706 1308 1821 1340 casu
1844 1296 1891 1339 in
1915 1309 2009 1353 quo

124 1360 412 1404 contentiose
430 1365 621 1430 uterque
643 1360 846 1416 aliquem
867 1358 1101 1415 baptizare
1123 1364 1389 1416 conaretur,
1414 1364 1461 1403 et
1477 1363 1592 1402 tunc
1621 1357 1920 1401 manifestum
1939 1362 2009 1402 est

121 1419 246 1475 quod
267 1420 344 1464 ille
367 1421 447 1478 qui
470 1422 601 1478 prius
627 1422 771 1466 verba
793 1421 946 1478 profe1
949 1426 1041 1478 ret
1073 1422 1204 1465 daret
1231 1419 1450 1477 baptismi
1479 1425 1853 1473 sacramentum3
1888 1419 2006 1464 alius

120 1480 249 1537 vero,
271 1487 700 1542 quantumcumque
714 1484 793 1539 J'us
806 1482 1119 1553 baptizandi&
1123 1482 1359 1540 >habe1et,
1379 1481 1494 1525 nihil
1516 1481 1714 1536 faceret,
1735 1485 1782 1525 et
1804 1480 1842 1524 si
1864 1481 2008 1525 verba

120 1544 421 1598 pronuntiare
440 1549 758 1603 praesumeret,
780 1549 904 1589 esset
922 1545 1189 1600 puniendus
1208 1543 1427 1600 tanquam
1446 1542 1766 1598 rebaptizator.
1789 1542 1832 1586 Si
1851 1547 2008 1588 autem

121 1605 313 1649 omnino
329 1607 467 1651 simul
484 1607 621 1652 ambo
638 1607 782 1651 verba
801 1607 1076 1664 proferrent,
1096 1612 1142 1651 et
1157 1606 1395 1651 hominem
1413 1605 1742 1660 immergerent
1757 1609 1840 1649 aut
1854 1617 2009 1662 asper-

121 1672 302 1723 gerent,
328 1673 486 1713 essent
505 1669 727 1725 puniendi
748 1669 805 1713 de
828 1669 1091 1714 inordinato
1112 1668 1251 1712 modo
1272 1667 1535 1725 baptizandi
1556 1669 1635 1724 (3),
1660 1671 1706 1710 et
1727 1679 1819 1711 non
1844 1667 1902 1712 de
1921 1667 2008 1712 ite-

120 1729 296 1774 ratione
329 1731 572 1787 baptismi,
597 1730 706 1788 quia
731 1735 928 1787 uterque
955 1731 1218 1775 intenderet
1247 1743 1342 1774 non
1371 1730 1652 1786 baptizatum
1680 1727 1937 1785 baptizare3
1961 1733 2008 1774 et

119 1794 331 1849 uterque,
352 1796 579 1849 quantum
597 1797 669 1838 est
691 1793 740 1837 in
760 1805 828 1863 se,
847 1793 1116 1850 baptizaret.
1136 1795 1226 1837 Nec
1251 1791 1487 1837 traderent
1504 1790 1631 1838 aliud
1649 1795 1697 1834 et
1712 1790 1838 1835 aliud
1857 1803 2011 1835 sacra-

120 1857 356 1909 mentum3
378 1855 462 1899 sed
484 1854 707 1912 Christus,
729 1856 807 1912 qui
828 1861 899 1901 est
922 1868 1047 1901 unus
1064 1855 1261 1901 interius
1279 1854 1543 1910 baptizans,
1567 1864 1718 1898 unum
1741 1864 2006 1897 sacramen-

120 1919 217 1959 tum
243 1928 325 1971 per
343 1921 592 1973 utrumque
611 1916 856 1962 conferret.

174 1977 241 2022 Ad
267 1991 467 2034 przmum
496 1991 607 2036 ergo
640 1979 918 2034 dicendum,
955 1978 1080 2036 quod
1108 1978 1227 2023 ratio
1252 1978 1332 2023 illa
1360 1978 1517 2023 locum
1549 1956 1690 2022 habet
1720 1976 1769 2022 in
1798 1975 1874 2021 his
1901 1989 2009 2033 quae

119 2044 268 2094 agunt
317 2041 502 2097 propria
541 2042 727 2087 virtute.
771 2042 857 2086 Sed
894 2041 1107 2086 homines
1151 2053 1246 2085 non
1289 2038 1531 2096 baptizant
1569 2038 1757 2095 propria
1804 2039 2001 2095 virtute,

118 2101 202 2145 sed
245 2101 417 2147 virtute
448 2103 631 2159 Christi,
666 2102 762 2160 qui,
792 2106 900 2148 cum
938 2103 999 2148 sit
1037 2114 1181 2158 unus,
1213 2114 1296 2159 per
1337 2112 1488 2145 unum
1525 2099 1793 2144 ministrum
1829 2099 2008 2155 peificit

118 2174 256 2207 suum
278 2177 413 2221 opus,

171 2225 239 2270 Ad
260 2228 504 2271 secundum
526 2227 793 2284 dicendum,
818 2227 943 2284 quod
970 2227 1018 2271 in
1057 2239 1172 2271 casu
1204 2225 1496 2270 necessitatis
1530 2236 1657 2269 unus
1677 2228 1838 2280 posset
1865 2223 2005 2271 simul

116 2287 276 2344 plures
295 2288 526 2344 baptizare
545 2289 633 2335 sub
647 2289 735 2334 hac
756 2290 933 2334 forma:
959 2293 1056 2346 qu
1071 2302 1148 2332 vos
1171 2289 1367 2344 baptizo,
1383 2286 1497 2343 puta
1516 2286 1554 2330 si
1576 2285 1841 2330 immineret
1867 2286 2004 2332 ruina

117 2353 198 2393 aut
216 2349 416 2408 gladius,
438 2357 518 2397 aut
534 2351 708 2408 aliquid
725 2351 1008 2408 hujusmodi,
1023 2351 1148 2408 quod
1166 2349 1357 2394 omnino
1371 2361 1472 2393 mci
1474 2360 1550 2392 am
1575 2360 1670 2391 non
1687 2351 1939 2403 pateretur
1951 2353 2007 2394 ut

116 2410 350 2467 sigillatim
372 2426 536 2458 omnes
554 2414 910 2470 baptiza1entur.
934 2415 1026 2457 Nec
1053 2425 1137 2469 per
1155 2412 1243 2455 hoc
1263 2407 1652 2456 diversificaretur
1673 2410 1821 2453 forma
1850 2411 2002 2457 Eccle-

115 2472 212 2531 siae‚
232 2474 342 2530 quia
361 2475 540 2531 plurale
558 2488 652 2519 non
683 2481 755 2520 est
785 2475 874 2519 nisi
897 2475 1132 2530 singulare
1156 2473 1461 2530 geminatum,
1487 2471 1744 2529 praesertim
1766 2475 1873 2516 cum
1896 2473 2005 2529 plu-

114 2534 272 2581 raliter
292 2537 472 2582 dicatur
491 2539 659 2591 (Matth
687 2538 768 2583 ult.
773 2540 820 2594 )·
810 2541 1135 2594 .Baptz'zantes
1156 2550 1245 2593 eos,
1267 2541 1355 2581 etc.
1378 2538 1470 2580 Nec
1498 2541 1568 2579 est
1595 2534 1744 2579 simile
1773 2534 1832 2579 de
1851 2535 2005 2592 bapti·

114 2602 248 2643 zante
266 2604 313 2643 et
332 2599 576 2658 baptizato,
595 2600 706 2658 quia
722 2601 947 2655 Christus,
969 2600 1049 2657 qui
1068 2599 1383 2656 principaliter
1402 2598 1619 2654 baptizat,
1641 2602 1713 2642 est
1734 2609 1887 2653 unus;
1918 2597 2003 2643 sed

115 2658 249 2703 multi
267 2672 350 2715 per
370 2661 653 2717 baptismum
671 2662 935 2707 efficiuntur
955 2674 1103 2706 unum
1123 2661 1171 2704 in
1195 2661 1389 2705 Christo.

169 2720 237 2764 Ad
262 2725 446 2765 tertium
463 2723 728 2780 dicendum,
747 2724 889 2781 quod,
909 2724 1029 2768 sicut
1051 2736 1194 2779 supra
1226 2723 1402 2768 dictum
1423 2725 1495 2766 est
1514 2723 1696 2777 (quaest.
1730 2733 1843 2779 uvi,
1861 2724 1949 2766 art.
1974 2724 2003 2767 3

115 2785 162 2824 et
189 2782 250 2836 5),
271 2781 513 2838 integritas
539 2784 757 2841 baptismi
778 2786 1014 2830 consistit'
1004 2798 1051 2829 in
1074 2785 1220 2828 forma
1238 2784 1484 2828 verborum
1508 2787 1555 2827 et
1586 2781 1634 2826 in
1664 2794 1755 2826 usu
1778 2783 1998 2828 materiae.

114 2845 169 2888 Et
195 2843 296 2889 ideo
330 2857 482 2902 neque
511 2846 585 2891 ille
617 2847 696 2903 qui
726 2852 906 2893 tantum
927 2848 1071 2892 verba
1096 2847 1266 2902 profert
1298 2845 1516 2902 baptizat,
1537 2856 1689 2901 neque
1721 2844 1798 2888 ille
1818 2845 1898 2901 qui
1919 2845 2005 2892 im·

114 2907 295 2961 mergit.
324 2910 375 2951 Et
402 2907 504 2952 ideo
532 2908 571 2952 si
604 2921 730 2953 unus
759 2911 902 2954 verba
930 2910 1148 2967 proferat,
1178 2914 1224 2953 et
1248 2908 1368 2953 alius
1397 2907 1659 2966 immergat,
1691 2907 1821 2951 nulla
1853 2908 2003 2953 forma

114 2967 361 3013 verborum
384 2970 549 3025 poterit
565 2982 670 3015 esse
692 2973 1002 3028 conveniensz,
1031 2983 1182 3028 neque
1201 2970 1325 3015 enim
1345 2969 1514 3026 poterit
1535 2968 1625 3013 dici
1646 2982 1657 3014 :
1687 2973 1783 3026 Eyo
1816 2972 1860 3013 te
1889 2970 1999 3028 bap-

115 3031 222 3085 tizo,
243 3031 350 3074 cum
368 3030 467 3087 ipse
482 3044 575 3075 non
590 3032 908 3089 immergat,et
920 3046 1004 3089 per
1022 3044 1316 3089 consequens
1342 3043 1431 3075 non
1447 3029 1666 3086 baptizet3
1691 3043 1842 3087 neque
1859 3031 2000 3077 etiam

113 3092 280 3145 poterit
302 3092 390 3137 dici
417 3106 428 3134 :
469 3097 562 3138 Nos
582 3097 624 3137 te
645 3095 947 3150 baptizamus,
968 3097 1075 3141 cum
1101 3100 1262 3140 neuter
1284 3094 1561 3151 baptizaret3
1585 3092 1625 3137 si
1649 3093 1773 3138 enim
1795 3094 1888 3139 duo
1910 3096 1999 3140 sint

114 3162 311 3207 quorum
350 3167 475 3199 unus
496 3167 639 3199 unam
673 3160 849 3212 partem
872 3157 975 3202 libri
998 3158 1185 3210 scribat,
1210 3161 1256 3201 et
1274 3156 1392 3200 alius
1415 3155 1569 3214 aliam,
1589 3167 1683 3199 non
1707 3155 1794 3200 erit
1816 3158 2000 3214 propria

155 3262 199 3303 (l)
215 3262 249 3297 Si
265 3263 367 3298 verba
387 3264 443 3299 illa
456 3265 913 3310 accipianturconjunctim,
930 3270 1012 3304 tunc
1139 3268 1183 3310 (2ss
1203 3268 1255 3302 Ita
1282 3278 1359 3301 cum
1382 3265 1541 3307 plurimis
1562 3266 1641 3301 Mss.
1668 3266 1751 3302 editi
1768 3268 1903 3309 passim.
1930 3269 2000 3313 Al..

114 3319 182 3343 non
206 3310 381 3350 perficitur
408 3313 603 3354 baptismus,
624 3319 704 3348 tunc
721 3316 812 3349 enim
833 3327 901 3350 non
922 3315 1012 3350 adest
1098 3316 1338 3350 intentionem
1353 3314 1581 3358 baptizandi.

114 3359 228 3392 unitas
244 3360 411 3403 ministri3
431 3361 456 3395 si
474 3363 553 3396 verb
575 3361 724 3403 divisim,
742 3368 824 3397 tunc
850 3369 899 3398 est
914 3375 1012 3398 verus
1141 3364 1183 3405 (5)
1202 3366 1302 3399 Actus
1316 3361 1404 3397 foret
1420 3362 1572 3404 illicitus,
1590 3361 1647 3398 sed
1664 3374 1731 3397 non
1746 3362 1927 3400 invalidus.

115 3403 319 3446 baptismus.
337 3408 414 3448 quia
432 3409 504 3447 sing
507 3409 555 3444 uli
575 3409 756 3445 intendunt
770 3423 805 3445 se
818 3411 1008 3453 baptizare,

114 3457 150 3487 et
163 3451 256 3488 adest
271 3453 381 3489 forma
396 3461 429 3490 et
445 3458 586 3491 materia
600 3459 818 3497 sacramenti.
