2170 3808
117 227 199 268 084
642 222 842 274 QUAEST.
874 222 1036 277 LXVII,
1067 222 1187 264 ART.
1217 222 1270 264 VI
1300 221 1366 264 ET
1394 222 1480 265 vn.

121 305 314 350 locutio:
335 307 428 348 Nos
445 305 707 360 scripsimus
725 302 890 346 librum
912 305 1065 359 istum,
1089 301 1172 347 sed
1195 302 1553 359 synecdochica,
1578 302 1855 360 inquantum
1875 307 2023 348 totum

121 368 307 423 ponitur
324 378 409 421 pro
431 369 576 420 parte.

120 428 464 472 ARTICULUS
493 427 599 471 vll.
622 448 678 457 -
707 438 850 468 mmm
878 438 920 468 m
949 437 1150 468 BAPTISMO
1181 437 1446 474 REQumATun
1475 439 1638 476 Amoms
1669 438 1738 475 Qm
1767 439 2023 470 ΒΛΡΤιΖΑτυκ

750 501 882 531 cevm-
911 501 964 531 m:
995 501 1126 532 sAcno
1156 501 1287 531 rome
1313 490 1387 543 (1).

780 557 830 592 De
845 557 899 592 his
918 557 1019 592 eliam
1035 557 1137 598 infra,
1152 562 1218 592 art.
1237 557 1258 591 8
1273 556 1316 591 ad
1333 556 1372 591 4.

171 611 239 656 Ad
262 611 511 668 septimum
534 612 603 656 sic
631 612 913 669 proceditur.
939 615 982 657 1.
1001 612 1192 656 Videtur
1212 611 1338 669 quod
1360 612 1406 656 in
1439 612 1671 670 baptismo
1692 626 1784 658 non
1809 613 2024 671 requira-

118 677 195 718 tur
215 673 384 730 aliquis
407 674 488 731 qui
522 675 806 731 baptizatum
830 675 888 720 de
919 687 1053 719 sacro
1089 676 1218 720 fonte
1256 675 1394 719 levet.
1415 676 1678 733 Baptismus
1700 675 1826 721 enim
1864 681 2022 721 noster

118 747 201 792 per
220 737 506 792 baptismum
525 738 690 782 Christi
709 742 1027 794 consecratur,
1049 738 1155 781 etei
1174 738 1509 783 conformatur.
1535 740 1624 784 Sed
1645 739 1850 784 Christus
1868 738 2022 795 bapti-

117 803 250 842 zatus
273 811 366 842 non
388 805 459 843 est
477 799 536 843 ab
560 799 716 856 aliquo
741 799 799 844 de
820 799 949 843 fonte
974 804 1252 856 susceptus3
1279 799 1380 856 sed,
1405 799 1527 845 sicut
1558 800 1726 845 dicitur
1754 800 1922 855 (Matth.
1956 813 2019 856 m,

116 862 209 911 16):
230 863 504 916 Baptizatus
521 865 651 904 Jesus
672 863 908 916 confestim
928 863 1135 905 ascendit
1152 862 1210 904 de
1229 875 1367 917 aqua.
1383 864 1504 918 Ergo
1521 862 1707 907 videtur
1723 861 1848 919 quod
1868 873 1957 905 nec
1974 860 2021 905 ln

118 921 314 966 aliorum
357 923 591 979 baptismo
631 923 896 980 requiratur
935 922 1104 979 aliquis
1151 923 1232 980 qui
1271 923 1557 980 baptizatum
1609 924 1667 969 de
1711 935 1846 969 sacro
1895 923 2022 968 fonte

117 983 358 1041 suscipiat.

172 1048 216 1090 2.
237 1048 476 1100 Praeterea,
497 1046 760 1103 baptismus
788 1051 861 1093 est
890 1046 1146 1104 spiritualis
1166 1047 1470 1104 regenerati0‚
1497 1051 1551 1092 ut
1567 1047 1743 1093 dictum
1772 1051 1842 1093 est
1871 1049 1973 1101 (art.
1993 1050 2021 1093 3

116 1107 215 1165 huj.
242 1110 445 1164 quaest.).
486 1109 573 1153 Sed
609 1108 658 1153 in
687 1109 861 1154 carnali
885 1109 1187 1165 generatione
1207 1122 1305 1154 non
1337 1109 1593 1167 requiritur
1628 1110 1718 1154 nisi
1739 1110 2021 1166 principium

116 1169 336 1227 activum,
357 1169 485 1227 quod
507 1176 579 1215 est
600 1175 748 1228 pater,
775 1176 820 1217 et
851 1172 1133 1228 principium
1165 1172 1423 1228 passivum,
1446 1171 1573 1228 quod
1592 1176 1664 1216 est
1681 1175 1843 1216 mater.
1879 1172 2021 1227 Igitur

116 1234 224 1275 cum
247 1231 293 1275 in
310 1231 543 1288 baptismo
561 1233 716 1278 locum
740 1234 885 1291 patris
904 1235 1110 1278 obtineat
1128 1233 1206 1278 ille
1223 1234 1304 1290 qui
1328 1233 1543 1292 baptizat,
1565 1234 1721 1278 locum
1743 1238 1896 1278 autem
1917 1246 2021 1278 ma-

116 1293 201 1337 tris
219 1293 319 1350 ipsa
340 1307 462 1351 aqua
484 1294 718 1353 baptismi,
741 1300 794 1340 ut
820 1297 1109 1353 Augustinus
1129 1296 1241 1341 dicit
1270 1296 1318 1340 in
1343 1297 1547 1353 quodam
1581 1308 1797 1341 sermone
1824 1295 2021 1353 Epipha-

116 1355 208 1400 niae
227 1357 264 1410 (1
301 1359 429 1401 Dom.
454 1357 562 1401 infr.
591 1360 779 1415 octav.),
800 1359 986 1403 videtur
1006 1358 1131 1415 quod
1162 1371 1258 1403 non
1289 1359 1554 1416 requiratur
1585 1358 1754 1416 aliquis
1789 1357 1908 1402 alius
1940 1359 2020 1416 qui

115 1417 400 1475 baptizatum
426 1420 485 1464 de
507 1433 640 1465 sacro
660 1422 789 1466 fonte
808 1422 946 1467 levet.
1994 1422 2005 1431 ’

171 1483 213 1525 3.
239 1483 477 1537 Praeterea,
492 1482 537 1525 in
552 1484 859 1528 sacramentis
877 1484 1094 1528 Ecclesiae
1114 1484 1230 1528 nihil
1244 1483 1523 1529 derisorium
1546 1481 1647 1530 fieri
1666 1484 1817 1530 debet.
1835 1485 1923 1530 Sed
1932 1485 2021 1530 hoc

115 1543 393 1588 derisorium
406 1544 590 1588 videtur
599 1544 722 1600 quod
732 1545 878 1590 adulti
891 1545 1126 1602 baptizati,
1135 1546 1216 1603 qui
1233 1545 1413 1602 seipsos
1425 1550 1688 1591 sustentare
1700 1551 1952 1603 possuntet
1962 1547 2021 1593 de

115 1616 249 1649 sacro
279 1605 407 1650 fonte
430 1606 574 1665 exire,
595 1606 653 1651 ab
675 1607 764 1651 alio
796 1608 1129 1664 suscipiantur.
1152 1610 1272 1664 Ergo
1294 1608 1480 1652 videtur
1499 1608 1626 1665 qued
1643 1620 1737 1652 non
1758 1609 2021 1665 requiratur

115 1666 301 1725 aliquiS,
321 1668 555 1724 praecipue
577 1669 626 1713 in
650 1668 882 1727 baptismo
915 1670 1197 1727 adultorum,
1221 1670 1303 1728 qui
1331 1671 1617 1727 baptizatum
1639 1670 1697 1716 de
1730 1682 1863 1715 sacro
1893 1672 2021 1717 fonte

115 1728 252 1774 levet.

172 1792 259 1837 Sed
285 1794 447 1835 contra
462 1793 679 1849 estquod
695 1794 945 1852 Dionysius
960 1794 1072 1839 dicit
1089 1794 1226 1850 (Eccl.
1252 1794 1367 1840 hier.
1394 1808 1498 1851 cap.
1518 1798 1562 1851 2,
1582 1799 1690 1839 ante
1712 1795 1869 1852 med),
1893 1795 2021 1852 quod

118 1873 140 1893 οι
163 1853 428 1900 sacerdotes
451 1859 748 1901 assumentes
784 1856 1082 1913 baptizatum,
1107 1856 1300 1901 tradunt
1320 1869 1429 1901 eum
1451 1856 1511 1901 ad
1547 1857 1872 1902 educationem
1909 1870 2020 1904 sus—

113 1915 286 1973 ceptori
311 1920 358 1960 et
376 1916 500 1961 duci.
521 1936 540 1955 »

162 1984 453 2025 CONCLUSIo.
476 2007 521 2014 -—
542 1986 657 2026 Sicut
672 1986 836 2038 parvuli
852 1999 983 2038 nuper
1004 1987 1158 2027 carnali
1183 1988 1443 2038 generatione
1460 1987 1549 2027 nati
1567 1987 1800 2028 nutricibus
1818 1991 1857 2027 et
1882 1988 2018 2040 paeda-

114 2039 229 2090 gogis
250 2038 482 2079 instruendi
513 2041 751 2090 traduntur,
769 2042 828 2080 ita
856 2042 900 2081 in
920 2041 1128 2092 spirituali
1154 2053 1227 2093 per
1248 2042 1505 2093 baptismum
1534 2043 1839 2093 regeneratione
1864 2042 2018 2096 aliquis

114 2093 357 2146 requiritur,
373 2095 449 2145 qui
472 2093 731 2146 baptizatum
757 2095 806 2135 de
823 2108 936 2136 sacro
956 2097 1067 2136 fonte
1090 2097 1352 2147 baptismatis
1367 2097 1598 2148 suscipiens
1609 2097 1749 2149 ipsum
1770 2100 1955 2149 tueatur,
1979 2101 2019 2139 et

114 2149 306 2189 instituat
323 2150 369 2188 in
386 2149 453 2188 his
471 2162 563 2200 quae
578 2150 630 2190 ad
650 2151 845 2191 divinum
866 2150 1074 2206 pertinent
1093 2153 1270 2192 cultum.

169 2213 441 2268 Respondeo
462 2213 709 2258 dicendum
728 2214 852 2271 quod
866 2214 1119 2270 spiritualis
1143 2216 1449 2272 regeneratiQ
1484 2227 1591 2272 quae
1627 2216 1680 2260 fit
1724 2228 1808 2272 per
1838 2216 2017 2273 baptis-

113 2284 261 2328 mum,
279 2275 562 2319 assimilatur
580 2276 922 2332 quodammodo
952 2278 1242 2333 generationi
1272 2278 1472 2335 carnali3
1496 2278 1625 2323 unde
1644 2277 1814 2323 dicitur
1831 2281 1879 2334 (1.
1899 2280 2017 2325 Petri

115 2348 163 2392 ιι,
183 2338 248 2390 2):
271 2339 400 2380 Sicut
424 2339 560 2381 modo
581 2342 722 2394 yenit-i
745 2342 962 2396 infantes,
988 2341 1280 2397 rationabile,
1292 2344 1389 2384 sine
1411 2341 1533 2395 dolo,
1549 2340 1622 2384 lac
1633 2344 1947 2398 concupiscite.
1965 2344 2015 2385 In

113 2398 412 2454 generatione
431 2404 588 2443 autem
609 2401 783 2443 carnali
804 2402 1030 2457 parvulus
1051 2415 1202 2459 nuper
1220 2408 1358 2447 natus
1385 2403 1565 2459 indiget
1583 2403 1764 2448 nutrice
1789 2409 1834 2448 et
1859 2404 2018 2461 paeda·

113 2470 252 2514 gogo,
275 2460 402 2504 Unde
421 2469 467 2504 et
488 2461 534 2503 in
557 2461 785 2517 spirituali
802 2463 1101 2517 generatione
1121 2465 1339 2520 baptismi
1355 2464 1607 2521 requiritur
1625 2465 1792 2521 aliquis
1815 2466 1895 2521 qui
1914 2466 2018 2510 fun-

114 2524 253 2576 gatur
284 2520 386 2565 vice
419 2521 614 2566 nutricis
653 2526 700 2566 et
731 2522 992 2579 paedagogi,
1029 2524 1325 2569 informando
1359 2531 1405 2569 et
1431 2525 1707 2569 instruendo
1737 2538 1863 2583 eum,
1881 2528 2014 2583 quasi

114 2581 342 2626 novitium
362 2582 409 2626 in
431 2580 539 2636 fide,
565 2582 623 2627 de
637 2583 709 2628 his
732 2596 838 2641 quae
858 2585 1095 2641 pertinent
1126 2586 1185 2630 ad
1205 2583 1344 2631 fidem
1366 2590 1413 2631 et
1434 2586 1578 2630 vitam
1597 2586 1928 2645 christianam3
1955 2589 2014 2634 ad

100 2644 241 2700 vquod
269 2643 443 2701 praelati
487 2645 702 2690 Ecclesiae
725 2659 893 2692 vacare
915 2660 1009 2691 non
1035 2654 1235 2704 possunt
1258 2649 1380 2693 circa
1403 2660 1701 2693 communem
1738 2661 1898 2694 curam
1929 2663 2017 2708 po-

112 2706 210 2763 puli
227 2707 469 2764 occupatiss
493 2708 676 2763 parvuli
704 2708 829 2752 enim
856 2714 903 2754 et
925 2710 1087 2754 novitii
1117 2711 1331 2768 indigent
1361 2711 1552 2767 speciali
1571 2711 1684 2756 cura
1702 2716 1870 2768 praeter
1888 2725 2016 2759 com-

112 2779 335 2825 munem3
380 2775 425 2813 et
461 2769 566 2814 ideo
601 2770 853 2827 requiritur
882 2772 1006 2828 qued
1044 2773 1214 2830 aliquis
1245 2774 1470 2831 suscipiat
1488 2773 1770 2830 baptizatum
1796 2774 1854 2819 de
1881 2787 2016 2821 sacro

111 2830 258 2885 fonte,
281 2831 414 2887 quasi
434 2831 482 2875 in
505 2844 641 2876 suam
659 2832 1018 2880 instructionem
1038 2841 1085 2881 et
1107 2837 1299 2880 tutelam
1322 2838 1394 2891 (2).
1434 2839 1486 2881 Et
1504 2837 1592 2881 hoc
1611 2838 1826 2894 estquod
1843 2838 2014 2895 Diony-

112 2893 213 2938 sius
229 2892 340 2937 dicit
366 2894 465 2947 (ult.
489 2907 589 2951 cap.
615 2896 789 2940 Eccles.
807 2896 1036 2942 hierarch.
1071 2899 1236 2943 versus
1254 2898 1354 2952 fin.)
1378 2913 1389 2941 ε
1418 2916 1439 2937 α
1458 2898 1633 2942 Divinis
1671 2900 1843 2943 nostris
1880 2900 2015 2944 duci-

113 2954 219 3011 bus,
236 2974 256 2995 »
282 2955 330 3000 id
349 2963 436 3013 est,
457 2957 695 3014 apostolis,
721 2976 742 2996 «
768 2959 827 3003 ad
847 2964 1052 3005 mentem
1072 2961 1214 3018 venit,
1235 2962 1282 3006 'et
1298 2961 1452 3006 visum
1476 2967 1547 3007 est
1562 2963 1800 3018 suscipere
1814 2961 2016 3008 infantes

113 3016 375 3062 secundum
404 3018 546 3063 istum
581 3024 797 3064 sanctum
821 3021 1029 3078 modum,
1052 3023 1178 3080 qued
1199 3024 1436 3067 naturales
1466 3023 1599 3081 pueri
1620 3027 1836 3078 parentes
1862 3025 2014 3070 trade-

112 3083 215 3123 rent
249 3091 447 3135 puerum
487 3080 672 3125 cuidam
712 3082 849 3127 docto
884 3084 933 3127 in
957 3084 1131 3129 divinis
1161 3086 1433 3141 paedagogo,
1455 3091 1503 3130 et
1534 3084 1765 3140 reliquum
1796 3085 1885 3130 sub
1912 3086 2015 3143 ipso

111 3152 229 3197 puer
248 3147 422 3198 ageret,
444 3142 566 3188 sicut
586 3143 675 3188 sub
698 3144 857 3189 divino
878 3151 1026 3203 patre,
1051 3152 1097 3192 et
1120 3148 1388 3193 salvationis
1407 3153 1582 3192 sanctae
1600 3152 1870 3203 susceptore
1886 3150 1961 3204 (3).
1988 3167 2013 3189 υ

157 3276 200 3320 (l)
222 3277 390 3320 Quoniam
408 3278 466 3319 qui
490 3279 677 3321 suscipiunt
699 3280 847 3323 aliquem
869 3283 910 3317 de
927 3294 1020 3318 sacro
1148 3284 1193 3327 (2)
1226 3283 1315 3319 Illud
1347 3284 1586 3320 ministrorum
1615 3297 1720 3326 genus
1762 3297 1852 3320 nuno
1885 3286 2013 3327 patrini

112 3325 221 3368 fonte,
239 3327 344 3362 instar
361 3327 513 3362 ministri
529 3340 563 3363 se
576 3329 713 3370 habent,
732 3330 808 3364 ideo
821 3332 856 3365 B.
873 3331 1020 3367 Thomas
1107 3331 1189 3366 dieti
1203 3359 1211 3373 ,
1236 3333 1320 3366 olim
1342 3337 1570 3374 susceptores,
1585 3343 1778 3374 sponsores,
1798 3345 1857 3368 sou
1882 3334 2012 3375 fidejus-

113 3386 199 3409 nnnc
211 3375 431 3416 quaestionem
445 3379 565 3410 tractat
583 3377 672 3410 inter
687 3389 741 3411 eas
754 3390 828 3419 quoe
844 3379 1020 3419 pertinent
1104 3391 1197 3414 sores
1226 3381 1399 3414 communi
1426 3380 1604 3421 vocabulo,
1621 3382 1640 3415 ὲ
1671 3392 1788 3415 rerum
1818 3381 2011 3418 divinarum

112 3421 155 3454 nd
171 3422 361 3465 ministros3
384 3424 462 3458 cum
482 3423 634 3465 alioquin
654 3426 823 3466 pertineat
845 3425 888 3460 ad
911 3438 1018 3468 quoes-
1104 3428 1328 3468 scriptoribus
1343 3427 1564 3463 vocabantur.

117 3469 240 3506 ionem
258 3473 298 3506 de
312 3474 523 3508 caeremoniis
540 3472 714 3516 baptismi.
1146 3476 1190 3519 (5)
1202 3476 1317 3511 Refert
1328 3477 1421 3511 recte
1435 3476 1505 3511 hoec
1513 3475 1616 3512 verba
1627 3476 2006 3518 Dionysiicatechismus
