2170 3808
223 240 306 284 608
865 241 934 291 QU
938 241 1063 284 AEST.
1095 241 1242 295 IXIX,
1273 242 1393 286 ART.
1425 243 1493 287 IV.

225 319 398 364 tionem
420 319 639 390 baptismi
660 319 952 377 significatur
983 321 1255 366 emundatio
1279 322 1449 368 animae
1463 336 1491 367 a
1509 324 1665 382 culpa,
1690 337 1786 369 non
1806 330 1966 371 autem
1984 326 2132 373 infor-

223 381 367 425 matio
403 381 570 425 animae
584 394 668 438 per
689 383 885 439 gratiam
909 387 955 427 et
973 382 1186 428 virtutes.
1211 382 1399 429 Videtur
1420 385 1563 442 igitur
1578 386 1703 445 quod
1726 399 1812 444 per
1844 387 2130 445 baptismum

224 454 319 487 non
340 442 640 488 conferantur
665 444 842 489 homini
863 444 1012 502 gratia
1038 451 1085 490 et
1105 445 1321 490 virtutes.

279 507 323 548 2.
354 506 591 562 Praeterea‚
609 505 724 551 illud
747 479 900 563 quodq
883 519 980 563 Jam
1004 507 1172 563 aliquis
1184 507 1382 564 adeptus
1394 513 1591 564 estffinon
1611 508 1789 566 indiget
1805 510 1974 556 iterum
1988 512 2132 558 susei-

225 577 352 622 pere.
382 566 470 612 Sed
494 567 637 625 aliqui
668 569 900 613 accedunt
923 569 982 614 ad
1005 569 1291 626 baptismum
1311 570 1410 627 Jam
1434 570 1661 617 habentes
1685 585 1740 629 g1
1742 572 1884 616 attam
1914 577 1961 618 et
1983 573 2133 620 virtu-

224 632 314 684 tes,
350 628 472 673 sieut
491 632 603 684 (Act.
635 646 680 687 x
703 634 754 686 1)
792 631 998 689 legitur:
1020 635 1104 675 Vir
1121 632 1312 688 quidam
1328 637 1432 676 erat
1452 635 1500 676 in
1517 637 1743 693 Caewrea,
1768 637 1947 679 nomine
1969 637 2135 682 Corne-

226 690 330 746 lius,
354 694 557 735 centurio
576 693 791 750 cohorti-5,
830 707 930 750 quae
963 695 1140 738 dicitur
1160 694 1347 751 Italica,
1372 695 1610 751 reliqiosus
1628 701 1672 741 et
1686 700 1847 740 timens
1866 697 2032 754 Deum3
2051 698 2132 755 qui

225 755 380 859 tamten
398 760 559 862 ppstea
586 756 762 862 {Petro
779 756 1042 814 baptizatus
1061 760 1150 802 est.
1170 759 1269 803 Non
1292 769 1406 814 ergo
1425 769 1508 814 per
1523 756 1807 816 baptismum
1826 759 2132 805 conferuntur

225 825 308 870 gra
331 828 374 860 ia
398 829 422 860 e
464 829 535 861 v1r
557 831 587 861 u
611 830 662 863 es

280 880 323 922 3.
355 881 595 937 Praeterea
635 880 786 926 virtus
827 884 899 925 est
920 880 1125 938 habitus,
1149 880 1210 926 ad
1250 880 1387 937 cujus
1412 880 1643 926 rationem
1678 882 1880 939 pertinet
1917 883 2042 940 quod
2071 883 2134 929 sit

228 941 463 998 «qualitas
486 943 674 987 difficile
699 943 901 1000 mobilis,
925 955 1010 1000 per
1028 955 1169 1000 quam
1186 943 1357 1000 aliquis
1379 943 1578 989 faciliter
1597 949 1644 989 et
1666 945 2004 990 delectabiliter
2022 958 2133 1004 ope-

224 1008 406 1048 retur.»
440 1005 527 1049 Sed
552 1010 659 1062 post
686 1005 972 1062 baptismum
994 1009 1207 1051 remanet
1244 1006 1291 1049 in
1317 1005 1587 1050 hominibus
1608 1006 1818 1063 pronitas
1837 1007 1897 1052 ad
1936 1007 2130 1061 malum,

225 1076 310 1122 per
330 1066 456 1122 quod
476 1066 652 1111 tollitur
667 1067 831 1123 virtus,
857 1073 903 1113 et
923 1068 1228 1125 consequitur
1252 1067 1576 1119 difficultatem
1596 1069 1703 1126 quis
1723 1069 1780 1114 ad
1801 1069 1978 1114 bonum
2006 1071 2134 1127 quod

224 1132 296 1172 est
312 1133 445 1173 actus
463 1129 665 1174 virtutis.
691 1133 812 1186 Ergo
844 1142 927 1187 per
945 1129 1232 1186 baptismum
1255 1142 1351 1174 non
1380 1130 1685 1188 consequitur
1710 1132 1848 1176 homo
1869 1132 2066 1188 gratiam
2086 1138 2133 1178 et

223 1193 439 1238 virtutes.

282 1255 369 1300 Sed
390 1260 549 1301 contra
578 1261 650 1302 est
676 1258 802 1315 quod
824 1257 919 1311 (Tit.
940 1271 1002 1312 111,
1030 1261 1074 1311 5)
1104 1257 1216 1303 dicit
1237 1258 1519 1315 Apostolus:
1540 1259 1705 1303 Salvos
1726 1273 1807 1303 nos
1829 1263 1938 1315 fecit
1962 1274 2048 1316 per
2064 1261 2132 1305 la-

225 1331 415 1362 vacrum
457 1323 830 1377 reqenerationis⁷
854 1319 900 1364 id
935 1325 1020 1377 est,
1061 1333 1145 1377 per
1184 1321 1487 1381 baptismum,
1527 1326 1572 1364 et
1600 1325 1903 1366 renovationis
1935 1325 2133 1380 Spiritus

225 1385 391 1437 sancti,
410 1395 541 1438 quem
556 1383 727 1438 ¹effudit
766 1386 815 1426 in
837 1396 918 1426 nos
952 1383 1148 1440 abunde,
1187 1383 1236 1428 id
1261 1388 1350 1439 est,
1386 1384 1449 1427 ad
1485 1386 1794 1427 remissionem
1826 1389 2132 1440 peccatorum,

225 1448 272 1488 et
286 1444 466 1501 copiam
475 1445 719 1500 virtutum,
740 1449 793 1489 ut
805 1445 964 1488 Glossa
982 1444 1137 1490 interl.
1157 1445 1221 1489 ibi
1241 1445 1448 1502 exponit.
1471 1445 1542 1490 Sic
1561 1458 1673 1502 ergo
1685 1446 1733 1489 in
1745 1446 1978 1503 baptismo
1996 1447 2134 1492 datur

225 1507 375 1563 gratia
399 1508 592 1563 Spiritus
620 1507 788 1563 sancti,
813 1512 860 1552 et
878 1509 1012 1564 copia
1037 1507 1282 1552 virtutum.

274 1575 567 1615 CONCLUSIO.
587 1598 636 1604 —
656 1574 761 1615 Gum
791 1586 860 1625 per
876 1574 1131 1626 baptismum
1147 1574 1310 1615 Christo
1329 1575 1658 1626 incorporemur,
1676 1586 1762 1615 non
1789 1575 1913 1616 modo
1932 1578 2132 1628 gratiam,

225 1629 296 1670 sed
317 1630 442 1669 etiam
466 1631 640 1670 virtutes
658 1641 729 1681 per
749 1629 883 1681 ipsius
898 1630 1198 1682 susceptionem
1216 1629 1404 1670 homines
1423 1632 1746 1682 consequuntur.

279 1693 553 1748 Respondeo
568 1693 821 1739 dicendum
845 1693 986 1750 quod,
1005 1694 1128 1739 sicut
1157 1694 1450 1750 Augustinus
1472 1693 1584 1739 dicit
1605 1695 1683 1748 (De
1704 1694 1935 1750 baptismo
1957 1707 2133 1752 parvu-

224 1756 377 1800 lorum
391 1755 470 1800 lib.
484 1768 514 1811 ι,
535 1767 620 1800 seu
635 1759 696 1800 De
711 1762 943 1812 peccator.
960 1757 1112 1801 merit.
1138 1762 1184 1801 et
1204 1757 1386 1801 remiss.
1402 1768 1504 1813 cap.
1523 1758 1594 1811 26,
1611 1755 1639 1799 a
1661 1756 1820 1812 med),
1837 1757 1896 1802 ad
1918 1759 2005 1803 hoc
2020 1758 2134 1816 bap·

226 1816 396 1862 tismus
419 1817 545 1861 valet
564 1823 616 1862 ut
647 1817 867 1874 baptizati
889 1818 1069 1863 Christo
1088 1819 1463 1875 incorporentur,
1480 1822 1534 1862 ut
1552 1818 1764 1863 membra
1784 1819 1902 1876 ejus.
1930 1823 1962 1862 A
1983 1821 2134 1878 capite

227 1884 382 1925 autem
402 1879 581 1924 Christo
603 1880 652 1924 in
673 1880 831 1924 omnia
868 1880 1080 1925 membra
1099 1881 1203 1938 ejus
1223 1880 1384 1938 gratiae
1416 1885 1465 1925 et
1482 1880 1668 1925 virtutis
1688 1881 1929 1939 plenitudo
1949 1883 2133 1928 deriva-

226 1948 318 1997 tur,
347 1943 608 1999 secundum
627 1942 742 1986 illud
765 1944 908 1997 (Joan.
930 1956 963 1999 ι,
978 1946 1050 1994 16)
1069 1948 1162 1988 :De
1177 1943 1464 2000 plenitudine
1478 1943 1574 1998 effus
1592 1957 1672 1986 nos
1692 1957 1843 1987 omnes
1862 1947 2131 2001 accepimus.

226 2005 355 2051 Unde
374 2004 671 2049 manifestum
692 2010 764 2049 est
786 2005 910 2062 quod
941 2018 1023 2062 per
1052 2006 1333 2063 baptismum
1352 2005 1522 2061 aliquis
1541 2005 1842 2063 consequitur
1861 2007 2060 2062 gratiam
2087 2013 2134 2053 et

226 2068 437 2112 virtutes.

279 2131 347 2175 Ad
366 2134 570 2187 primum
586 2142 698 2186 ergo
718 2129 988 2188 dicendum,
1012 2130 1138 2186 quod
1154 2131 1276 2177 sicut
1294 2143 1419 2188 aqua
1436 2130 1658 2187 baptismi
1679 2143 1763 2188 per
1781 2144 1917 2186 suam
1930 2131 2133 2178 ablutio-

227 2205 337 2238 nem
367 2193 599 2250 significat
617 2192 1003 2237 emundationem
1026 2193 1193 2249 culpae,
1212 2197 1261 2239 et
1288 2205 1373 2250 per
1409 2204 1551 2237 suum
1575 2193 1870 2250 refrigerium
1900 2193 2133 2250 significat

226 2256 544 2301 liberationem
568 2255 595 2298 a
609 2267 775 2310 poena3
808 2253 872 2298 ita
894 2267 977 2311 per
1016 2256 1276 2301 naturalem
1299 2255 1559 2300 claritatem
1581 2256 1813 2313 significat
1834 2256 2132 2313 splendorem

228 2319 387 2375 gratiae
399 2322 449 2362 et
463 2316 708 2361 virtutum.

281 2381 349 2425 Ad
370 2380 619 2423 secundum
655 2378 926 2433 dicendum„
960 2379 1102 2435 quod,
1129 2380 1252 2424 sicut
1271 2379 1447 2425 dictum
1469 2385 1541 2424 est
1570 2382 1667 2437 (qu.
1691 2394 1835 2438 mm,
1857 2383 1946 2426 art.
1965 2383 2026 2436 3),
2060 2395 2124 2427 re-

227 2442 499 2486 m1ssionem
533 2445 831 2496 peccatorum
865 2441 1035 2496 aliquis
1068 2442 1374 2498 consequitur
1397 2446 1506 2487 ante
1529 2442 1833 2498 baptismum,
1870 2442 2132 2489 secundum

227 2505 352 2562 quod
375 2503 514 2548 habet
543 2502 829 2558 baptismum
849 2502 896 2545 in
932 2507 1041 2546 voto
1065 2504 1138 2546 vel
1169 2503 1385 2560 explicite
1405 2504 1481 2548 vel
1505 2504 1747 2560 implicite3
1774 2509 1821 2549 et
1839 2509 1995 2549 tamen
2021 2506 2130 2551 cum

226 2568 410 2613 realiter
429 2565 627 2621 suscipit
648 2565 952 2622 baptismum,
975 2565 1028 2609 fit
1051 2565 1232 2621 plenior
1249 2566 1464 2612 remissio
1482 2570 1709 2623 quantum
1729 2567 1789 2611 ad
1809 2566 2131 2613 liberationem

227 2631 254 2674 a
275 2634 373 2675 tota
404 2641 561 2686 poena.
585 2630 652 2671 Ita
684 2628 823 2672 etiam
847 2632 956 2671 ant-e
974 2627 1261 2683 baptismum
1283 2628 1523 2672 Cornelius
1558 2632 1840 2673 consecutus
1862 2634 1948 2684 est7
1985 2635 2032 2674 et
2051 2631 2131 2675 alii

227 2693 405 2738 similes
420 2694 775 2747 consequuntur
798 2691 995 2746 gratiam
1020 2695 1067 2735 et
1089 2691 1286 2735 virtutes
1309 2703 1392 2746 per
1414 2690 1556 2735 fidem
1574 2691 1756 2747 Christi,
1776 2696 1824 2736 et
1845 2692 2132 2738 desiderium

226 2754 448 2812 baptismi
478 2753 699 2810 implicite
726 2752 801 2796 vel
823 2752 1062 2808 explicite3
1093 2753 1391 2809 postmodum
1413 2757 1569 2797 tamen
1595 2752 1645 2796 in
1660 2753 1892 2809 baptismo
1908 2755 2134 2812 majorem

227 2818 410 2875 copiam
434 2816 597 2873 gratiae
615 2819 662 2860 et
691 2815 917 2860 virtutum
953 2819 1324 2872 consequuntur.
1351 2815 1480 2861 Unde
1507 2827 1650 2873 super
1679 2816 1797 2861 illud
1821 2817 1989 2862 Psalmi
2009 2832 2129 2864 xxn:

232 2883 372 2938 Super
408 2893 551 2935 aquas
593 2881 851 2933 refectionis
895 2879 1111 2922 educavit
1156 2893 1227 2922 me
1247 2912 1261 2935 ‚
1310 2878 1423 2924 dicit
1473 2877 1634 2923 Glossa
1682 2878 1837 2923 interl.
1889 2884 1937 2924 et
1976 2880 2128 2926 ordin.

229 2943 470 2999 (implic.):
500 2960 519 2979 «
532 2944 617 2986 Per
635 2945 946 2996 augmentum
965 2941 1153 2986 virtutis
1175 2945 1221 2986 et
1242 2941 1379 2986 bonae
1400 2940 1684 2998 operationis
1702 2940 1919 2987 educavit
1951 2941 1999 2986 in
2017 2942 2130 3000 bap-

229 3005 385 3049 tismo.
410 3024 430 3043 »ι

280 3067 348 3111 Ad
369 3069 554 3110 tertium
582 3066 850 3117 dicendum,
874 3064 999 3121 quod
1024 3065 1275 3110 difficultas
1295 3065 1355 3110 ad
1378 3065 1556 3110 bonum
1577 3068 1624 3110 et
1645 3065 1853 3122 pronitas
1874 3066 1934 3112 ad
1955 3067 2134 3114 malum

226 3128 532 3173 inveniuntur
555 3128 603 3172 in
621 3128 881 3184 baptizatis,
900 3140 995 3171 non
1012 3132 1203 3184 propter
1219 3127 1452 3173 desectum
1467 3128 1655 3173 habitus
1666 3128 1912 3185 virtutum,
1928 3129 2010 3175 sed
2025 3142 2134 3187 pro-

226 3195 331 3247 pter
364 3191 794 3247 concupiscentiam
809 3224 822 3249 ,
857 3202 963 3247 quae
997 3203 1091 3234 non
1125 3190 1302 3234 tollitur
1335 3190 1385 3234 in
1419 3190 1668 3247 baptismo,
1706 3190 1831 3236 Sicut
1862 3198 2018 3237 tamen
2049 3205 2134 3250 per

225 3252 511 3310 baptismum
533 3253 806 3299 diminuitur
828 3252 1211 3309 concupis-centia
1230 3255 1303 3307 (l),
1324 3257 1487 3297 utnon
1508 3252 1787 3308 dominetur,
1813 3253 1876 3299 ita
1904 3255 2044 3300 etiam
2059 3255 2134 3300 di·-

226 3316 457 3360 minuitur
475 3322 728 3372 utrumque
752 3314 1000 3371 dictorum,
1021 3327 1081 3359 ne
1102 3316 1241 3359 homo
1265 3315 1323 3359 ab
1346 3315 1419 3359 his
1441 3320 1702 3371 superetur.

272 3452 315 3494 (4)
331 3451 469 3486 Scilicet
480 3452 542 3486 hoc
557 3451 684 3486 vitium
696 3464 763 3493 quo
783 3451 1069 3493 concupiscentia,
1086 3463 1159 3493 quoe
1186 3455 1235 3486 est
1253 3451 1395 3486 facultas
1408 3452 1586 3493 naturalis,
1617 3453 1684 3487 fuit
1700 3451 1837 3488 infecta.
