2170 3808
681 295 682 298 ¹
724 275 920 328 QUAEST.
949 273 1078 326 XXV,
1109 271 1227 314 ART.
1256 271 1309 314 11.
1881 267 1963 309 213

140 361 474 407 ARTICULUS
508 360 571 401 11.
600 379 657 390 -
681 370 818 400 urnuu
848 366 1080 398 numnius
1113 365 1273 396 cuius'ri
1304 363 1516 396 amoarium
1549 362 1612 393 sn·
1650 359 1908 391 anonumum:

895 428 1054 458 numa:
1073 415 1146 468 (1).

329 505 377 538 De
393 502 447 537 his
459 500 560 536 etiam
574 500 669 535 Sent.
684 508 743 541 m,
760 498 839 534 dist.
850 499 884 539 9,
901 499 1018 539 quest.
1038 503 1064 535 1,
1081 499 1147 530 art.
1160 495 1195 536 2,
1211 498 1328 536 quoest.
1345 503 1370 535 1,
1387 497 1423 528 et
1439 496 1556 534 quaest.
1573 499 1608 526 lv
1627 490 1669 525 ad
1682 489 1715 525 l.

137 571 203 617 Ad
234 570 489 616 secundum
525 568 593 613 sic
619 567 895 624 proceditur.
926 569 969 609 1.
1003 563 1190 607 Videtur
1222 561 1347 619 qued
1376 559 1642 605 humanitas
1669 555 1831 603 Christi
1869 567 1964 600 non

83 633 143 678 ait
161 632 391 678 adoranda
408 630 673 676 adoratione
688 629 832 672 latriae
855 641 868 671 :
893 627 1001 684 quia
1024 627 1182 681 (super
1203 626 1274 668 Ps.
1295 625 1441 676 xcviu)
1460 637 1471 665 ε
1496 622 1703 664 Adorate
1725 618 1965 663 scabellum

80 695 247 751 pedum
267 697 379 751 ejus,
415 696 622 748 quoniam
643 693 847 734 sanctum
879 692 959 743 est,
1003 686 1113 732 dicit
1132 686 1290 730 Glossa
1317 684 1432 737 (ord.
1471 687 1608 727 vetus
1630 683 1728 735 ΜΞ.)
1769 695 1781 724 2
1823 682 1965 724 «Caro

85 763 112 798 a
134 755 277 800 Verbo
299 755 372 800 Dei
402 758 640 809 assumpta
677 753 777 797 sine
799 750 1034 807 impietate
1057 747 1274 793 adoratur
1305 746 1334 790 a
1364 744 1516 798 nobis,
1554 743 1664 799 quia
1707 754 1843 786 nemo
1865 754 1961 785 car-

86 829 191 861 nem
227 818 326 872 ejus
362 815 657 873 spiritualiter
692 814 958 868 manducat,
984 811 1071 855 nisi
1106 810 1234 866 prius
1264 809 1447 864 adoret3
1473 818 1564 850 non
1598 804 1677 848 illa
1714 803 1819 848 dico
1855 802 1964 846 ado-

90 877 262 922 ratione
284 890 386 934 quae
410 877 542 922 latria
566 881 660 927 θεῖ,
692 887 797 932 quae
826 874 910 919 soli
947 871 1146 918 Creatori
1182 870 1391 916 debetur.
1406 887 1426 907 »ι
1465 870 1578 912 Caro
1611 869 1763 910 autem
1801 864 1963 908 Christi

85 944 154 1044 {est
170 951 278 995 pars
297 939 610 984 humanitatis.
631 939 750 993 Ergo
775 936 1039 981 humanitas
1054 933 1217 978 Christi
1234 945 1325 976 non
1349 936 1421 976 est
1444 927 1679 975 adoranda
1701 926 1963 971 adoratione

101 1001 242 1044 atriae.

139 1064 183 1106 2.
213 1064 445 1116 Praeterea,
471 1062 623 1105 cultus
655 1060 800 1105 latriae
819 1058 935 1104 nulli
953 1062 1179 1103 creaturae
1198 1055 1393 1101 debetur
1419 1069 1430 1098 :
1459 1066 1519 1099 ex
1539 1053 1627 1097 hoc
1660 1051 1784 1096 enim
1808 1061 1963 1105 repro-

83 1120 252 1166 bantur
270 1122 478 1177 gentiles‚
495 1121 616 1178 quod
648 1121 882 1164 coluerunt
895 1124 939 1163 et
957 1121 1206 1161 servierunt
1227 1125 1465 1168 creatum,
1489 1117 1539 1158 ut
1571 1112 1742 1158 dicitur
1766 1114 1910 1162 (Rom.
1931 1123 1961 1161 ι,

83 1185 169 1287 125).
192 1183 278 1227 Sed
296 1183 559 1227 humanitas
580 1181 744 1227 Christi
765 1186 836 1225 est
850 1185 1078 1225 creatura.
1095 1181 1213 1234 Ergo
1237 1189 1332 1221 non
1363 1181 1433 1220 est
1450 1174 1685 1219 adoranda
1699 1172 1963 1217 adoratione

100 1243 241 1288 atriae.

137 1307 178 1349 3.
210 1308 450 1359 Praeterea,
472 1304 677 1349 adoratio
699 1303 846 1348 latriae
874 1301 1070 1346 debetur
1091 1304 1185 1345 Deo
1209 1300 1256 1343 in
1282 1298 1649 1354 recognitionem
1671 1294 1861 1342 maximi
1880 1295 1964 1339 do-

84 1366 227 1422 minii,
252 1357 507 1412 secundum
531 1366 641 1411 illud
668 1368 927 1420 (Deuteron.
960 1378 1017 1421 vi,
1040 1365 1109 1418 13)
1135 1376 1147 1406 ε
1172 1365 1410 1406 Dominum
1431 1366 1574 1404 Deum
1601 1363 1727 1403 tuum
1751 1359 1965 1401 adorabis

85 1431 128 1471 et
148 1428 217 1470 illi
236 1429 321 1471 solz·
337 1432 515 1471 servies.
534 1427 619 1472 Sed
640 1428 862 1482 ChristuS‚
884 1425 1142 1470 secundum
1158 1423 1283 1480 quod
1297 1426 1369 1468 est
1386 1423 1539 1477 homo,
1558 1425 1630 1466 est
1646 1420 1800 1464 minor
1816 1421 1961 1464 Patre.

89 1490 205 1545 Ergo
227 1489 490 1534 humanitas
508 1489 611 1546 ejus
630 1501 725 1532 non
749 1491 820 1533 e'st
837 1486 1105 1532 adoratione
1130 1483 1279 1530 latriae'
1299 1484 1549 1529 adoranda.

141 1551 228 1595 Sed
252 1556 411 1595 contra
434 1556 506 1595 est
528 1551 651 1606 quod
669 1554 981 1594 Damascenus
1009 1549 1117 1594 dicit
1144 1548 1284 1602 (Orth.
1305 1546 1383 1592 fid.
1408 1546 1488 1590 lib.
1510 1559 1567 1602 iv,
1589 1557 1690 1601 cap.
1707 1545 1779 1598 3):
1808 1560 1828 1581 «
1844 1542 1965 1587 Ado-

86 1617 213 1655 ratur
231 1618 383 1657 autem
413 1625 519 1657 caro
538 1612 701 1657 Christi
725 1612 964 1656 incarnato
984 1610 1130 1655 Verbo
1161 1612 1270 1665 Deo,
1300 1621 1393 1652 non
1423 1612 1611 1664 propter
1641 1606 1859 1661 seipsam„
1882 1605 1965 1650 sed

87 1678 273 1730 propter
294 1674 475 1718 unitum
507 1675 549 1718 ei
583 1675 842 1718 seeundum
870 1672 1158 1731 hypostasim
1192 1671 1390 1716 Verbum
1418 1670 1509 1714 Dei.
1528 1688 1549 1707 »
1579 1672 1632 1714 Et
1672 1680 1812 1724 super
1851 1667 1966 1711 illud

91 1733 224 1786 (Psal.
247 1737 388 1787 xcviii)
409 1750 420 1778 ε
444 1735 648 1778 Adai-ate
668 1735 911 1778 scabellum
930 1736 1094 1790 pedum
1120 1736 1234 1790 ejus,
1263 1731 1374 1777 dicit
1392 1732 1550 1775 Glossa
1571 1729 1686 1784 (ord.
1721 1730 1963 1784 August.):

93 1793 212 1846 «Qui
240 1795 398 1839 adorat
426 1807 595 1851 corpus
631 1796 810 1852 Christi,
850 1809 943 1840 non
967 1801 1137 1840 terram
1160 1796 1382 1850 intuetur,
1402 1793 1483 1837 sed
1506 1792 1637 1836 illum
1658 1791 1812 1848 potius
1829 1790 1965 1847 cujus

89 1854 341 1900 scabellum
361 1861 446 1910 est,
466 1856 513 1899 in
533 1857 668 1912 qu'us
691 1858 866 1901 bonore
891 1856 1143 1901 scabellum
1172 1856 1344 1900 adorat.
1366 1873 1386 1894 »
1417 1855 1504 1899 Sed
1523 1853 1722 1898 Verbum
1753 1853 1975 1896 incarne—¹

89 1919 187 1959 tum
212 1917 428 1961 adoratur
446 1917 711 1962 adoratione
729 1918 890 1962 latriae.
922 1921 1041 1972 Ergo
1058 1922 1106 1962 et
1128 1929 1296 1973 corpus
1323 1916 1424 1972 ejus
1445 1916 1542 1959 sive
1561 1914 1663 1970 ers
1682 1913 1963 1958 humanitas.

137 1991 427 2031 CONCLUSIO.
456 2013 502 2021 —
527 1992 766 2031 Humanitas
783 1992 933 2032 Christi
950 1992 1070 2032 latria
1085 1991 1292 2032 adoranda
1307 1994 1381 2040 est,
1398 1991 1434 2030 si
1451 1990 1633 2030 adoratio
1649 1988 1906 2038 intelligatur
1919 1991 1965 2028 ut

88 2046 143 2085 sit
154 2046 189 2097 ej
197 2057 242 2084 us
261 2050 458 2096 tanquam
475 2046 532 2085 rei
550 2047 724 2086 adoratae
741 2061 751 2087 ε
769 2048 913 2087 sivero
930 2047 1188 2098 intelligatur
1205 2045 1402 2095 adoratio,
1419 2056 1510 2097 quae
1526 2045 1574 2083 fit
1591 2044 1747 2083 ratione
1771 2044 1965 2083 humani-

91 2102 184 2138 tatis
202 2099 367 2148 Christi,
383 2100 497 2139 omni
513 2101 741 2149 gratiarum
755 2113 924 2142 munere
940 2102 1136 2153 perfectae,
1156 2113 1239 2141 non
1257 2101 1392 2149 latria,
1408 2099 1476 2139 sed
1493 2098 1608 2139 dulia
1622 2097 1827 2138 adoranda
1842 2103 1915 2139 est.

142 2161 408 2217 Respondeo
445 2162 693 2206 dicendum
725 2163 867 2218 quod,
896 2164 1014 2207 sicut
1036 2176 1177 2220 supra
1198 2163 1373 2208 dictum
1399 2166 1471 2206 est
1491 2165 1593 2216 (art.
1616 2163 1796 2218 praec.)‚
1819 2161 1965 2205 honor

89 2222 367 2267 adorationis
399 2223 580 2278 proprie
605 2223 799 2268 debetur
831 2225 1069 2281 hypostasi
1102 2223 1400 2279 subsistenti3
1435 2228 1589 2267 tamen
1622 2222 1739 2266 ratio
1775 2221 1964 2266 honoris

89 2287 239 2353 potest
267 2295 370 2328 esse
391 2284 562 2340 aliquid
593 2297 683 2329 non
719 2285 997 2343 subsistens,
1033 2291 1221 2342 propter
1251 2285 1375 2342 quod
1397 2286 1650 2329 honoratur
1666 2295 1866 2340 persona
1888 2286 1964 2329 cui

89 2344 201 2388 illud
227 2350 361 2389 mest.
385 2345 597 2389 Adoratio
618 2347 759 2402 igitur
780 2348 1080 2392 humanitatis
1101 2347 1265 2392 Christi
1293 2346 1535 2403 dupliciter
1558 2350 1710 2403 potest
1730 2345 1924 2403 intelligi
1949 2362 1960 2391 :

90 2417 184 2476 uno
212 2406 349 2451 modo
382 2410 434 2476 ut
470 2406 530 2451 sit
550 2407 652 2464 ejus
685 2409 805 2453 sicut
836 2409 903 2453 rei
935 2409 1161 2466 adoratae-3
1193 2413 1240 2454 et
1262 2409 1338 2453 ‘sic
1366 2408 1557 2453 adorare
1586 2421 1773 2454 carnem
1802 2409 1963 2453 Christi

91 2467 203 2511 nihil
228 2473 297 2512 est
334 2468 459 2538 aliud
495 2470 635 2525 quam
672 2470 864 2515 adorare
902 2471 1101 2516 Verbum
1141 2471 1219 2516 Dei
1259 2471 1575 2527 incarnatum3
1615 2471 1735 2516 sicut
1772 2473 1964 2516 adorare

90 2534 266 2573 vestem
285 2541 408 2599 regis
430 2531 543 2575 nihil
565 2537 635 2576 est
658 2532 784 2578 aliud
814 2533 955 2590 quam
984 2534 1175 2579 adorare
1197 2545 1355 2589 regem
1376 2533 1608 2578 vestitum.
1632 2535 1685 2577 Et
1705 2534 1964 2579 secundum

89 2589 180 2660 hoo
203 2590 404 2661 adoraho
419 2591 729 2663 ‘humanitatis
744 2594 907 2639 Christi
935 2600 1007 2640 cst
1024 2595 1228 2640 adoratio
1251 2595 1411 2640 latriae.
1440 2595 1537 2639 Alio
1558 2595 1695 2640 modo
1718 2602 1870 2652 potest
1889 2598 1963 2641 in-

88 2650 233 2708 telligi
258 2652 461 2698 adoratio
498 2654 797 2701 humanitatis
838 2657 1000 2702 Christi
1032 2669 1136 2714 quae
1166 2657 1217 2702 fit
1250 2657 1429 2702 ratione
1465 2657 1765 2702 humanitatis
1800 2658 1963 2703 Christi

90 2713 304 2766 perfectae
338 2714 480 2786 omni.
502 2727 695 2761 munere
731 2718 984 2774 gratiarum
1017 2732 1028 2760 z
1063 2723 1110 2762 et
1144 2719 1212 2763 sic
1238 2717 1442 2763 adoratio
1468 2718 1768 2762 humanitatis
1799 2720 1963 2765 Christi

92 2783 186 2815 non
209 2778 279 2818 est
309 2775 513 2820 adoratio
538 2777 699 2834 latriae,
723 2779 807 2824 sed
830 2779 1035 2824 adoratio
1067 2779 1204 2824 duliae
1227 2794 1239 2822 t
1263 2779 1328 2824 ita
1352 2778 1526 2824 scilicet
1548 2778 1673 2835 quod
1695 2791 1786 2823 una
1815 2786 1861 2825 et
1884 2793 1964 2826 ea-

93 2831 197 2876 dem
229 2846 425 2890 persona
448 2838 610 2905 Christi
644 2840 860 2886 adoretur
881 2841 1148 2886 adoratione
1183 2841 1329 2886 latriae
1356 2845 1543 2898 propter
1576 2852 1710 2885 suam
1747 2841 1963 2887 divinita-

93 2898 204 2962 tem,
231 2898 277 2938 et
297 2895 561 2964 adoratione
583 2899 720 2944 duliae
747 2906 933 2958 propter
954 2902 1281 2958 perfectionem
1309 2901 1625 2946 humanitatis.
1654 2904 1746 2946 Nec
1775 2902 1863 2947 hoc
1892 2908 1964 2949 est

93 2965 421 3027 mconvemens
447 2970 460 3001 ε
484 2958 591 3014 quia
608 2959 694 3016 ipsi
717 2964 807 3007 Deo
829 2963 948 3006 Patri
971 2963 1165 3008 debetur
1187 2964 1336 3009 honor
1355 2963 1502 3007 latri-ae
1519 2968 1706 3019 propter
1726 2962 1959 3023 mitatem,

91 3019 138 3058 et
153 3015 300 3060 honor
316 3017 454 3062 duliae
473 3021 531 3074 (2)
545 3027 731 3077 propter
749 3024 1005 3073 dominium
1021 3038 1114 3083 quo
1133 3026 1362 3082 gubernat
1378 3029 1655 3070 creaturam.
1677 3024 1805 3070 Unde
1822 3038 1962 3083 super

134 3151 159 3192 (l
169 3157 177 3190 i
194 3150 271 3185 Haec
285 3152 419 3192 quaestio
435 3153 523 3188 clm-e
534 3155 675 3190 enodata
685 3159 734 3191 est
749 3157 783 3191 in
797 3157 851 3192 his
865 3160 982 3200 synodi
1065 3163 1211 3197 rantem
1224 3173 1236 3196 .-
1252 3163 1348 3196 tol-us
1371 3162 1506 3206 quippe
1528 3172 1615 3206 erqo
1638 3162 1735 3198 Deus
1756 3164 1865 3199 etiam
1883 3177 1961 3201 cum

94 3196 238 3232 Nmaenae
268 3199 377 3234 verbis
403 3202 657 3256 qum-adversus
675 3203 815 3238 Paulum
832 3207 982 3242 Samosa-
1066 3219 1239 3252 corpore,
1266 3219 1342 3243 non
1360 3210 1560 3244 secandam
1586 3220 1721 3254 corpus
1736 3223 1748 3245 .·
1764 3214 1858 3247 totus
1876 3213 1961 3247 ado-

91 3247 206 3280 tenum
221 3246 357 3282 fuorunt
371 3249 518 3283 relatam
535 3251 980 3296 conc11.Ephes.(part.111,
1065 3257 1208 3291 raudus
1237 3258 1348 3291 etiam
1387 3268 1470 3292 cum
1500 3268 1675 3302 corpore,
1703 3269 1779 3294 non
1810 3264 1961 3303 propter

91 3302 162 3334 cap.
179 3293 242 3351 6)v:
266 3293 488 3348 Qonfilemur
509 3298 706 3333 Dominum
731 3299 903 3334 Nostrum
922 3302 983 3334 Je-
1067 3298 1218 3347 corpusss

91 3349 170 3373 num
200 3340 424 3377 Cltrtscum...
452 3347 563 3378 lotam
592 3346 819 3403 adorabilem
836 3373 844 3386 ‚
873 3349 982 3383 etiam
1109 3351 1153 3391 (2)
1167 3352 1263 3394 Quod
1281 3365 1349 3387 non
1369 3356 1419 3388 est
1437 3353 1714 3395 intelligendum,
1731 3356 1778 3389 nit
1792 3355 1937 3391 Billuart
1951 3384 1960 3397 ,

91 3396 172 3466 turgt
185 3398 349 3430 corpore,
362 3391 422 3424 sed
436 3401 509 3425 non
530 3394 730 3448 secundam
747 3404 877 3435 corpus
898 3396 982 3429 ado·
1068 3399 1160 3439 quasi
1191 3400 1276 3434 Deus
1301 3401 1398 3435 Pater
1416 3401 1541 3442 duplici
1561 3402 1654 3436 cultu
1675 3402 1782 3442 specie
1802 3402 1959 3438 distincto

91 3441 136 3465 ra
161 3434 245 3468 alem
261 3446 272 3468 .·
290 3439 398 3470 locum
419 3438 635 3473 adorantem
654 3446 763 3474 ettam
782 3450 864 3473 cum
890 3442 981 3475 ἀίυἰ-
1067 3446 1184 3480 debeat
1199 3446 1345 3488 adorari,
1368 3449 1534 3490 superiori
1558 3450 1669 3484 latriae
1688 3454 1725 3482 ut
1748 3450 1848 3488 Deus,
1877 3451 1959 3484 inso-

91 3485 216 3524 Μιαίθι
241 3484 304 3549 secl
328 3495 400 3520 non
418 3488 617 3522 secundam
646 3489 876 3523 divinitatem
897 3490 981 3524 ado·
1067 3493 1151 3528 riori
1169 3494 1266 3529 ‹luliae
1282 3500 1318 3530 ut
1335 3497 1509 3537 Dominus,
1522 3497 1578 3531 sed
1587 3507 1701 3531 sensus
1717 3501 1766 3530 est
1780 3496 1959 3536 quadiu-,et
