2170 3808
211 165 294 207 128
806 161 1007 213 QUAEST.
1034 160 1147 215 xivf,
1178 160 1297 203 ART.
1321 160 1339 202 1
1366 160 1431 202 ET
1457 159 1509 203 ΙΙ.

214 243 327 300 sius,
353 256 412 288 ex
433 255 525 300 qua
543 243 719 287 factum
740 245 813 286 est
838 241 964 297 quod
992 240 1231 285 beatitudo
1249 246 1513 285 remaneret
1531 240 1580 284 in
1610 239 1767 284 anima
1793 242 1839 284 et
1863 251 1957 282 non
1981 237 2092 282 deri-

214 311 402 350 varetur
420 305 481 350 ad
502 316 695 360 corpus3
716 303 800 347 sed
822 316 931 348 caro
961 307 1200 360 pateretur
1227 314 1332 359 quae
1360 303 1648 347 conveniunt
1673 306 1849 345 naturae
1871 299 2103 356 passibili..

214 366 471 411 secundum
495 365 610 410 illud
627 364 753 422 quod
770 367 1086 410 Damascenus
1116 364 1226 410 dicit
1241 364 1383 416 (Orth.
1406 363 1486 408 fid.
1507 364 1588 407 lib.
1609 377 1669 416 111,
1687 375 1788 419 cap.
1808 365 1879 420 15,
1900 361 1928 404 a
1943 361 2103 415 med),
2151 371 2154 375 ·

215 428 340 485 quod
363 446 383 466 a
402 427 693 484 beneplacito
712 427 881 472 divinae
905 427 1160 472 voluntatis
1181 425 1535 484 permittebatur
1555 425 1685 470 carni
1708 423 1827 482 pati,
1852 427 1899 468 et
1924 424 2102 479 operari

247 503 320 534 uae
374 502 425 534 ro
460 503 542 535 ria.
563 509 584 528 n

214 503 246 547 q
267 503 550 597 Adpterlgz‘um
574 551 848 606 dicendum,
874 550 1001 608 quod
1031 561 1173 607 poena
1194 561 1378 606 semper
1413 550 1624 605 sequitur
1657 549 1844 604 culpam
1874 546 2103 591 actualem

215 613 288 658 vel
308 613 598 670 originalem,
621 613 903 670 quandoque
922 613 1111 669 quidem
1130 611 1234 666 ejus
1248 611 1329 667 qui
1345 611 1550 668 punitur,
1569 611 1850 668 quandoque
1866 614 2020 653 autem
2044 608 2104 652 al·

214 673 359 719 terius
385 688 468 730 pro
491 688 584 731 quo
603 675 680 720 ille
700 674 780 732 qui
804 686 968 731 poenas
997 673 1187 730 patitur,
1210 673 1448 717 satisfacit.
1474 675 1527 717 Et
1554 673 1618 717 ita
1636 672 1803 717 accidit
1831 671 1880 715 in
1901 670 2102 724 Christo,

216 738 474 782 secundum
499 737 615 783 illud
631 739 732 791 (Isa.
758 750 846 792 1.111,
868 737 912 790 5)
935 749 947 779 2
971 739 1073 792 Ipse
1095 735 1362 779 vulneratus
1388 738 1454 779 est
1480 738 1667 792 propter
1700 736 1968 790 iniquitates
2001 745 2106 775 nos-

216 801 332 855 tras,
356 803 548 843 attritus
572 805 639 842 est
655 802 841 855 propter
861 798 1036 841 scelera
1057 799 1230 839 nostra.

272 861 335 905 Ad
355 866 574 916 quartum
595 860 862 915 dicendum,
884 859 1010 916 quod
1038 856 1284 903 infirmitas
1308 863 1548 916 assumpta
1578 860 1606 903 a
1636 858 1812 903 Christo
1836 869 1930 913 non
1955 855 2104 912 impe·

216 921 329 966 divit
346 922 487 967 finem
509 922 843 967 incarnationis
858 954 871 977 ,
894 921 978 966 sed
1005 920 1209 965 maxime
1231 921 1488 978 promovit,
1513 925 1564 965 ut
1592 920 1767 965 dictum
1792 924 1866 964 est
1885 918 1948 972 (in
1975 929 2100 973 corp.

216 986 340 1035 art.).
357 985 410 1027 Et
427 983 644 1039 quamvis
665 995 749 1040 per
766 982 1035 1039 hujusmodi
1051 980 1345 1026 infirmitates
1366 981 1729 1026 absconderetur
1746 979 1849 1038 ejus
1868 978 2104 1034 divinitas,

215 1044 600 1089 manifestabatur
622 1050 780 1089 tamen
796 1043 1065 1088 humanitas
1085 1055 1192 1100 quae
1213 1046 1285 1087 est
1303 1043 1380 1087 via
1399 1042 1459 1088 ad
1478 1042 1766 1088 divinitatem
1787 1039 2103 1099 perveniendi,

215 1106 478 1150 secundum
506 1106 622 1151 illud
656 1108 803 1159 (Rom.
826 1119 868 1161 v,
893 1107 936 1159 2)
958 1121 970 1150 ι
991 1108 1232 1149 Accessum
1254 1104 1469 1148 habemus
1501 1117 1586 1161 per
1605 1107 1758 1147 Jesum
1788 1105 2020 1147 Christum
2043 1102 2105 1145 ad

216 1170 376 1212 Deum.
398 1168 730 1213 Desiderabant
757 1172 914 1212 autem
941 1166 1119 1223 antiqui
1149 1170 1306 1223 patres
1325 1166 1373 1210 in
1396 1166 1575 1212 Christo
1594 1179 1688 1210 non
1713 1165 1901 1223 quidem
1922 1164 2105 1209 fortitu-

216 1227 373 1273 dinem
393 1230 698 1286 corporalem,
722 1230 806 1275 sed
825 1229 1130 1287 spiritualem,
1157 1241 1240 1285 per
1259 1241 1401 1285 quam
1435 1234 1482 1274 et
1505 1227 1744 1274 diabolum
1776 1227 1913 1284 vicit,
1945 1231 1992 1271 et
2019 1227 2104 1271 hu-

215 1302 403 1336 manam
422 1292 738 1337 infirmitatem
755 1292 953 1337 sanavit.

216 1363 561 1406 ARTicULUS
589 1364 647 1406 11.
678 1386 733 1393 -
764 1365 899 1405 timuit
930 1373 1127 1405 cumsrus
1150 1373 1462 1404 nncnssrrflnu
1491 1373 1559 1404 ms
1586 1373 1836 1403 nnrncrinus
1865 1372 2105 1403 suessonum

973 1435 1249 1466 Assuiirsssm'r
1269 1424 1344 1477 (1).

384 1498 431 1532 De
450 1498 504 1533 his
522 1498 624 1533 etiam
639 1497 740 1539 infra,
758 1500 874 1539 quoest.
890 1505 949 1539 xv,
962 1501 1027 1533 art.
1043 1499 1065 1532 5
1078 1502 1111 1533 et
1131 1497 1203 1532 adt
1219 1524 1228 1539 ,
1244 1501 1278 1532 et
1294 1497 1392 1532 Sent.
1408 1506 1461 1537 111,
1477 1497 1555 1532 dist.
1571 1497 1623 1538 45,
1642 1501 1760 1539 quaest.
1773 1506 1787 1532 1
1800 1524 1809 1539 ‚
1827 1501 1893 1532 art.
1907 1498 1942 1534 4.

270 1559 337 1604 Ad
355 1559 614 1604 secundum
637 1558 706 1603 sic
723 1558 1005 1615 proceditur.
1037 1562 1079 1603 1.
1101 1559 1287 1604 Videtur
1310 1558 1436 1615 quod
1463 1558 1673 1604 Christus
1701 1572 1795 1603 non
1817 1571 1876 1603 ex
1905 1560 2107 1604 necessi-

217 1625 310 1664 tate
328 1620 400 1664 his
424 1620 680 1666 defectibus
702 1619 1003 1676 subjacuerit.
1025 1620 1198 1664 Dicitur
1213 1619 1339 1664 enim
1359 1621 1460 1674 (lsa.
1479 1634 1567 1677 un,
1588 1623 1631 1675 7)
1649 1634 1662 1666 ε
1683 1622 1875 1664 Oblatas
1898 1625 1980 1677 est,
2001 1626 2107 1678 quia

213 1684 309 1738 ipse
332 1683 502 1738 voluit,·
526 1686 573 1727 et
590 1682 797 1738 loquitur
821 1682 877 1727 de
899 1682 1135 1727 oblatione
1156 1682 1217 1728 ad
1242 1681 1523 1739 passionem.
1553 1682 1641 1727 Sed
1670 1683 1888 1727 voluntas
1908 1685 2107 1740 opponi-

214 1747 292 1786 tur
325 1743 607 1789 necessitati.
631 1746 751 1799 Ergo
774 1743 983 1788 Christus
1010 1756 1106 1788 non
1132 1756 1191 1788 ex
1219 1743 1497 1789 necessitate
1524 1743 1758 1801 subjacuit
1788 1745 2108 1801 corporalibus

214 1803 487 1849 defectibus.

270 1869 312 1909 Ξ.
345 1868 585 1922 Praeterea,
609 1869 925 1917 Damascenus
958 1867 1070 1912 dicit
1091 1866 1296 1921 (orthod.
1327 1867 1408 1912 fid.
1438 1867 1518 1912 lib.
1551 1881 1625 1922 111,
1659 1880 1763 1924 cap.
1795 1871 1875 1925 20,
1907 1869 1954 1913 in
1974 1866 2105 1925 fin.):

218 1945 238 1963 κ
264 1927 383 1971 Nihil
405 1932 619 1972 coactum
639 1927 687 1971 in
706 1928 884 1973 Christo
902 1929 1240 1984 consideratur,
1261 1929 1345 1973 sed
1363 1929 1520 1974 omnia
1538 1929 1816 1975 voluntaria.
1839 1950 1859 1971 υ
1881 1932 1969 1977 Sed
1983 1932 2108 1989 quod

214 1994 286 2034 est
300 1989 633 2044 voluntarium,
657 2003 751 2034 non
773 1996 845 2035 est
865 1991 1200 2036 necessarium.
1218 1994 1337 2049 Ergo
1360 1991 1628 2048 hujUsmodi
1650 1992 1859 2037 defectus
1885 2006 1980 2039 non
2002 1996 2107 2040 fue-

213 2058 324 2096 runt
346 2064 405 2096 ex
423 2053 698 2098 necessitate
718 2053 765 2097 in
785 2054 980 2099 Christo,

269 2115 312 2157 3.
344 2116 582 2167 Praeterea,
604 2115 859 2159 necessitas
882 2115 1075 2159 infertur
1094 2114 1154 2159 ab
1176 2113 1333 2171 aliquo
1351 2114 1616 2171 potentiori.
1638 2115 1727 2160 Sed
1748 2115 1877 2160 nulla
1894 2119 2108 2161 creatura

215 2180 286 2220 est
307 2175 540 2231 potentior
562 2175 703 2232 quam
734 2176 889 2220 anima
911 2177 1103 2233 Christi,
1129 2176 1189 2221 ad
1210 2188 1352 2233 quam
1381 2177 1643 2233 pertinebat
1671 2178 1911 2235 proprium
1937 2190 2108 2236 corpus

215 2248 511 2281 conservare.
546 2239 666 2293 Ergo
702 2237 971 2294 huiusmodi
1004 2238 1214 2283 defectus
1248 2250 1334 2283 seu
1373 2237 1666 2285 infirmitates
1698 2252 1792 2284 non
1832 2241 2023 2286 fuerunt
2058 2240 2105 2285 in

215 2297 390 2342 Christo
414 2310 473 2342 ex
494 2298 787 2343 necessitate.

271 2359 360 2404 Sed
390 2362 552 2402 contra
582 2364 655 2404 est
682 2361 808 2416 quod
836 2361 1082 2417 Apostolus
1103 2360 1216 2405 dicit
1241 2363 1388 2414 (Rom.
1421 2376 1511 2419 vin,
1541 2365 1582 2414 3)
1603 2377 1615 2406 :
1637 2366 1763 2407 Misit
1784 2368 1902 2407 Deus
1933 2365 2108 2409 Filium

214 2435 345 2466 suum
363 2425 410 2465 in
432 2423 783 2466 similitudinem
805 2427 958 2466 carnis
970 2426 1166 2479 peccati.
1188 2424 1273 2468 Sed
1294 2424 1499 2470 conditio
1519 2424 1676 2470 carnis
1694 2426 1871 2482 peccati
1893 2426 2107 2484 estquod

216 2483 383 2528 habeat
417 2484 741 2530 necessitatem
777 2485 1006 2530 moriendi
1040 2490 1087 2542 et
1114 2485 1375 2530 sustinendi
1406 2486 1523 2532 alias
1550 2487 1818 2543 huJusmodi
1845 2489 2106 2544 passiones.

215 2548 332 2602 Ergo
353 2545 457 2589 talis
479 2546 735 2590 necessitas
760 2546 1022 2592 sustinendi
1045 2548 1130 2591 hos
1154 2547 1365 2593 defectus
1386 2548 1472 2593 fuit
1494 2549 1543 2593 in
1560 2562 1701 2595 carne
1718 2550 1901 2596 Christi.

262 2614 551 2655 CONCLUSIO.
568 2636 615 2643 —
630 2615 782 2665 Corpus
799 2614 949 2656 Christi
966 2616 1150 2656 naturali
1167 2617 1403 2657 necessitate
1416 2622 1609 2669 sequente
1623 2620 1855 2669 materiam,
1870 2631 1919 2659 ex
1932 2620 2107 2672 qua-fuit

214 2669 504 2719 compositum,
526 2669 649 2709 morti
673 2670 905 2720 caeterisque
926 2671 1203 2723 corporalibus
1225 2671 1447 2712 defectibus
1462 2672 1694 2724 subjectum
1715 2674 1794 2713 fuit
1810 2687 1821 2714 :
1839 2673 1957 2714 nulla
1970 2680 2108 2716 autem

215 2724 295 2763 fuit
309 2726 353 2763 in
371 2722 530 2763 Christo
545 2724 770 2764 coactionis
794 2724 1008 2766 necessitas
1035 2730 1269 2777 repugnans
1288 2725 1457 2776 divina-2,
1474 2727 1539 2768 vel
1558 2727 1753 2768 humanae
1768 2728 1974 2769 voluntati
1992 2730 2107 2771 abso-

213 2779 315 2828 lute,
334 2780 403 2819 sed
419 2779 555 2819 solum
574 2779 801 2820 secundum
822 2781 1052 2821 naturalem
1069 2787 1232 2822 motum
1249 2782 1491 2824 voluntatis.

271 2841 543 2897 Respondeo
561 2841 812 2887 dicendum
835 2843 961 2900 quod
983 2844 1155 2901 duplex
1173 2849 1246 2890 est
1269 2845 1557 2891 necessitas:
1575 2859 1671 2891 una
1693 2847 1883 2904 quidem
1908 2849 2108 2893 coactio-

219 2903 294 2947 niS
313 2915 419 2959 quae
441 2903 492 2947 fit
522 2903 581 2948 ab
603 2910 773 2960 agente
792 2906 1086 2952 extrinseco:
1111 2912 1158 2952 et
1180 2908 1281 2952 haec
1308 2908 1498 2964 quidem
1529 2910 1785 2954 necessitas
1803 2911 2106 2956 contrariatur

217 2969 265 3008 et
299 2970 478 3009 naturae
505 2971 552 3010 et
578 2966 831 3022 voluntati3
865 2980 1066 3025 quorum
1094 2978 1347 3026 utrumque
1381 2976 1451 3015 est
1472 2970 1753 3028 principium
1787 2972 2105 3018 intrinsecum.

216 3026 314 3071 Alia
337 3031 492 3071 autem
520 3033 591 3073 est
616 3030 869 3074 necessitas
893 3030 1135 3087 naturalis,
1160 3031 1267 3087 quae'
1285 3033 1589 3089 consequitur
1606 3033 1832 3091 principia
1856 3035 2107 3093 naturaliat,

213 3088 328 3143 puta
346 3089 568 3145 formam,
597 3091 719 3136 sicut
738 3093 1054 3138 necessarium
1083 3098 1154 3138 est
1182 3093 1341 3149 ignem
1366 3095 1642 3150 calefacere3
1675 3095 1749 3140 vel
1770 3096 2028 3148 materiam.
2049 3097 2104 3142 si·

214 3154 294 3193 cut
318 3152 633 3196 necessarium
656 3158 727 3198 est
748 3163 920 3211 corpus
940 3168 1000 3200 ex
1016 3156 1260 3201 contrariis
1279 3157 1589 3214 compositum
1615 3158 1820 3203 dissolvi.
1847 3159 2106 3205 Secundum

214 3211 358 3268 Igitur
377 3213 498 3257 hanc
518 3216 859 3273 necessitatem,
876 3230 982 3274 quae
997 3218 1299 3275 consequitur
1319 3220 1578 3276 materiam,
1604 3232 1774 3276 corpus
1806 3221 1969 3265 Christi
1988 3223 2104 3266 sub·

516 3321 528 3334 Π

254 3349 295 3389 (Η
317 3350 418 3383 Docet
434 3351 470 3383 S.
494 3350 619 3384 Doctor
635 3362 755 3392 corpus
772 3352 900 3387 Christi
920 3365 958 3387 ex
977 3355 1117 3388 necessi·
1203 3355 1384 3396 spectando
1412 3355 1644 3390 necessitatem
1676 3368 1749 3397 quae
1774 3367 1813 3390 ex
1841 3355 2020 3398 principiis
2051 3368 2105 3390 ua-

216 3400 283 3430 tate
302 3397 402 3432 fuisse
419 3397 607 3438 subjectum
632 3399 736 3434 morti
761 3406 796 3434 et
817 3400 893 3435 aliis
914 3401 1118 3445 defectibus;
1206 3409 1290 3438 turae
1308 3402 1473 3444 sequitur.
