2170 3808
211 265 293 309 414
861 259 1062 311 QUAEST.
1093 259 1238 315 mx,
1269 261 1386 304 ΛΒΤ.
1416 262 1450 304 1.

212 349 284 390 est
308 348 514 387 nostram
537 341 736 386 salutem
757 353 839 398 per
855 341 1046 386 modum
1067 340 1234 384 meriti.
1266 342 1364 385 Non
1389 353 1502 398 ergo
1517 354 1600 400 per
1618 342 1810 386 modum
1829 339 2101 391 efficientiae.

267 404 352 450 Sed
385 409 547 447 contra
571 408 644 448 est
668 403 793 460 quod
814 403 982 447 dicitur
1003 405 1054 456 (1.
1077 402 1278 446 Corinth.
1305 415 1336 458 1,
1367 406 1454 458 18),
1492 404 1616 461 quod
1648 405 1832 447 verbam
1862 408 2010 448 cmc-is
2032 407 2106 450 his

211 470 288 524 qui
313 466 436 509 salvi
455 468 588 523 fiunt,
619 469 686 509 est
703 468 850 510 virtus
880 467 975 509 Dei.
1002 464 1090 510 Sed
1107 464 1256 508 virtus
1283 465 1359 509 Dei
1383 465 1634 511 efficienter
1654 471 1872 523 operatur
1896 470 2103 513 nostram

212 528 426 574 salutem.
445 529 564 584 Ergo
585 527 742 585 passio
771 527 936 573 Christi
964 527 1017 571 in
1043 539 1183 572 cruce
1207 524 1458 572 efficienter
1479 532 1669 585 operata
1701 532 1772 572 est
1798 535 2005 573 nostram
2025 541 2103 574 sa-

212 588 369 634 lutem.

258 656 553 699 CONCLUSIO.
593 681 642 687 -
678 655 877 706 Quamvis
905 659 1056 696 nostrae
1084 655 1231 697 salutis
1266 656 1447 697 efficiens
1473 658 1699 712 principale
1734 657 1843 698 Deus
1863 657 1934 708 sit,
1966 657 2078 709 passi

211 709 363 752 Christi
383 714 521 752 tamen
541 711 719 752 efficiens
737 711 1057 751 instrumentale
1078 710 1160 752 fuit
1183 709 1342 751 salutis
1352 715 1514 753 nostrae.

264 775 536 831 Respondeo
561 774 813 820 dicendum
836 773 963 831 quud
998 773 1172 831 duplex
1198 778 1270 819 est
1291 772 1523 820 efficiens.
1554 773 1826 833 principale,
1849 777 1897 820 et
1926 774 2102 820 instru-

210 838 428 883 mentale.
446 837 658 882 Efficiens
677 837 865 895 quidem
888 836 1144 898 principale
1161 837 1380 882 humanae
1407 837 1573 883 saluus
1592 843 1665 884 est
1690 840 1826 882 Deus.
1858 835 1972 890 Quia
1990 835 2102 883 veru

207 899 476 945 humanitas
514 899 680 945 Christi
713 904 787 945 est
820 899 1075 945 divinitatis
1111 899 1492 958 instrumentum,
1525 906 1580 946 ut
1613 913 1754 958 supra
1805 899 1982 945 dictum
2029 901 2102 947 est

205 962 391 1019 (quaest.
412 975 526 1014 mn,
551 967 637 1006 art.
651 965 715 1016 23,
732 961 835 1007 ideu
847 973 906 1006 ex
918 962 1223 1019 consequenti
1240 972 1403 1007 omnes
1419 962 1680 1008 actioneset
1698 961 2101 1020 passionesChris-
2136 967 2142 1002 ὲ

207 1024 241 1068 ti
274 1024 691 1070 instrumentaliter
722 1028 975 1082 operantur
995 1024 1042 1069 in
1067 1025 1238 1070 virtute
1261 1024 1515 1070 divinitatis
1534 1024 1595 1070 ad
1609 1025 1807 1079 salutem
1829 1025 2098 1075 humanam.
2129 1036 2139 1062 .’

206 1086 260 1130 Et
281 1085 540 1131 secundum
558 1086 647 1131 hoc
659 1086 818 1143 passio
836 1086 999 1131 Christi
1014 1085 1268 1131 efficienter
1288 1091 1451 1131 causat
1473 1086 1671 1131 salutem
1691 1087 1962 1131 humanam.

219 1153 224 1158 ’
259 1147 326 1193 Ad
347 1151 548 1204 primum
567 1160 679 1204 ergo
705 1147 973 1201 dicendum,
990 1148 1117 1206 quod
1133 1149 1291 1206 passio
1310 1148 1473 1195 Christi
1490 1148 1636 1194 relata
1650 1148 1710 1194 ad
1727 1148 1889 1193 Christi
1912 1158 2099 1196 carnem
2137 1147 2170 1206 3.ss

204 1209 423 1266 congruit
439 1210 693 1255 infirmitati
712 1215 991 1267 assumptae3
1015 1211 1158 1256 relata
1186 1211 1299 1257 veru
1320 1211 1384 1257 ad
1403 1211 1694 1257 divinitatem
1712 1210 2015 1267 consequitur
2041 1221 2100 1258 ex
2134 1208 2170 1273 “25

205 1282 261 1316 ea
283 1271 510 1316 infinitam
533 1272 770 1329 virtutem,
793 1272 1054 1317 secundum
1085 1272 1201 1319 illud
1221 1276 1270 1328 (Ι.
1301 1274 1401 1318 Cor.
1427 1286 1457 1329 1,
1484 1275 1554 1327 25)
1577 1288 1589 1316 z
1613 1274 1744 1328 Quod
1774 1273 2009 1327 infirmum
2035 1274 2102 1319 exe

206 1335 305 1389 Dei,
327 1336 490 1388 fortius
511 1337 577 1378 est
597 1335 849 1378 nominibus
873 1337 950 1390 (1),
976 1333 1087 1392 quia
1108 1334 1399 1391 scilicctipsa
1420 1333 1668 1386 infirmitas
1693 1334 1875 1390 Christi,
1896 1333 2101 1392 inquan-
2138 1335 2143 1356 ²

210 1398 306 1439 tum
325 1401 397 1440 est
411 1395 507 1450 Dei,
525 1395 667 1441 habet
688 1396 907 1440 virtutem
926 1395 1231 1442 excedentem
1250 1407 1440 1442 omnem
1453 1396 1675 1441 virtutem
1691 1395 1958 1441 humanam.

261 1456 326 1500 Ad
349 1459 596 1501 secundum
614 1457 882 1513 dicendum,
902 1457 1029 1514 quud
1056 1458 1214 1514 passio
1241 1458 1423 1515 Christi,
1448 1458 1556 1504 licet
1585 1457 1645 1502 sit
1673 1457 1940 1515 corporalis,
1963 1457 2100 1504 habet

207 1523 359 1562 tamen
396 1518 687 1575 spiritualem
720 1519 940 1564 virtutem
965 1531 1022 1564 ex
1057 1519 1300 1565 divinitate
1319 1521 1484 1565 unita:
1515 1524 1561 1565 et
1581 1518 1686 1564 ideo
1708 1531 1797 1575 per
1814 1519 2099 1576 spiritualem
2162 1531 2170 1574 r]

204 1585 468 1625 contactum
494 1581 748 1626 efficaciam
769 1582 976 1638 sortitur,
1001 1581 1178 1627 scilicet
1191 1581 1426 1638 perfidem
1446 1587 1493 1627 et
1509 1581 1618 1626 fidei
1640 1585 2002 1638 sacramentum,
2025 1592 2099 1628 se·
2137 1583 2170 1634 {212⁴

205 1642 411 1687 cundum
440 1642 556 1688 illud
578 1643 781 1700 Apostoli
809 1644 960 1699 (Rom.
983 1656 1047 1700 111,
1066 1646 1139 1699 25)
1159 1659 1169 1687 :
1195 1648 1335 1700 Quem
1352 1638 1590 1702 proposuit
1612 1646 1735 1686 Deus
1750 1645 2099 1701 propitiatorem

203 1717 287 1761 per
300 1706 437 1759 fidem
453 1707 503 1749 in
519 1706 744 1763 sanquine
761 1708 919 1762 ipsius.

260 1767 326 1812 Ad
350 1770 531 1812 tertium
554 1768 822 1824 dicendum,
840 1768 964 1826 qued
981 1768 1139 1826 passio
1164 1768 1348 1824 Christi,
1371 1769 1633 1815 secundum
1655 1767 1782 1825 quod
1803 1773 2099 1825 comparatur

206 1827 265 1873 ad
287 1828 575 1874 divinitatem
590 1829 710 1887 ejus,
731 1830 827 1887 agit
845 1842 930 1887 per
948 1830 1140 1876 modum
1157 1830 1448 1887 efficientiae3
1479 1830 1760 1888 inquantum
1779 1828 1890 1875 veru
1908 1841 2098 1888 compa-
2159 1856 2167 1892 ·,

206 1893 334 1934 ratur
368 1891 426 1935 ad
458 1891 743 1937 voluntatem
774 1892 943 1937 animae
973 1892 1156 1948 Christi,
1181 1893 1277 1950 agit
1305 1904 1392 1950 per
1413 1893 1605 1939 modum
1627 1891 1806 1949 meritig
1837 1892 2096 1939 secundum

207 1952 314 1997 veru
335 1952 460 2009 quud
483 1953 806 2000 consideratur
822 1955 871 1999 in
891 1955 992 2012 ipsa
1011 1967 1152 2000 earne
1173 1955 1354 2010 Christi,
1385 1955 1481 2012 agit
1502 1966 1588 2012 per
1605 1954 1797 2001 modum
1827 1953 2096 2001 satisfactio·

205 2015 292 2071 nis,
318 2015 596 2072 inquantum
607 2017 707 2075 'per
736 2030 841 2062 eam
868 2017 1121 2062 liberamur
1149 2017 1177 2062 a
1205 2022 1338 2063 reatu
1359 2030 1539 2075 poenae3
1564 2029 1650 2076 per
1678 2017 1871 2062 modum
1892 2017 2002 2064 veru
2019 2029 2097 2064 re-
2138 2014 2169 2076 ’ῖὲ

206 2078 501 2134 demptionis,
526 2078 807 2136 inquantum
823 2093 907 2138 per
928 2092 1033 2125 eam
1050 2080 1305 2126 liberamur
1322 2079 1351 2124 a
1371 2079 1596 2126 servitute
1614 2079 1764 2137 culpae
1786 2092 1894 2136 :per
1905 2080 2096 2126 modum
2136 2078 2164 2142 ξῇΙ

205 2146 359 2184 autem
390 2141 617 2198 sacrificii,
645 2142 923 2199 inquantum
947 2154 1031 2199 per
1061 2153 1165 2188 eam
1200 2141 1554 2188 reconciliamur
1571 2145 1678 2197 Dec,
1699 2145 1752 2186 ut
1778 2141 1898 2185 infra
1917 2141 2097 2187 dicetur
2139 2174 2153 2199 ,Α

200 2203 299 2259 (qm
325 2215 422 2259 seq.
444 2210 531 2249 art.
552 2205 610 2262 4).

884 2331 1191 2396 QUAESTIO
1227 2331 1409 2387 XLIX.

363 2449 422 2484 DE
455 2449 743 2486 EFFEc'rmus
774 2450 1009 2486 PASSIONIS
1040 2450 1244 2501 cnnts'rl,
1280 2451 1328 2486 IN
1361 2451 1450 2487 SEx
1480 2450 1738 2488 ARTicULOS
1769 2450 1935 2487 mvlsA.

253 2537 407 2580 Deinde
425 2538 773 2580 considerandum
789 2543 850 2581 est
862 2540 943 2581 de
931 2540 1034 2593 ipsis
1053 2518 1264 2582 effectibus
1282 2540 1484 2593 passionis
1505 2540 1685 2590 Christi,
1703 2544 1744 2581 et
1765 2540 1872 2582 circa
1888 2540 1966 2582 hoc
1986 2554 2096 2594 quae·
2131 2516 2150 2542 Ἀ

207 2596 356 2635 runtur
375 2607 470 2635 sex:
494 2601 529 2635 1⁰
548 2596 696 2635 Utrum
718 2607 788 2647 per
809 2595 1042 2647 passionem
1060 2596 1214 2637 Christi
1238 2608 1375 2637 simus
1382 2596 1575 2637 liberati
1562 2609 1587 2638 a
1614 2599 1789 2647 peccato
1811 2619 1858 2626 —
1886 2603 1924 2637 2⁰
1948 2596 2120 2639 Utrum
2135 2626 2162 2635 „.

205 2660 275 2702 per
293 2661 385 2690 eam
403 2650 535 2690 simus
553 2650 713 2691 liberati
736 2663 762 2691 a
788 2653 983 2703 potestate
1010 2651 1178 2693 diaboli.
1207 2675 1256 2681 —
1278 2657 1316 2692 3⁰
1336 2652 1482 2693 Utrum
1514 2663 1584 2704 per
1602 2663 1694 2692 eam
1722 2652 1857 2692 simus
1885 2651 2048 2694 liberati
2068 2664 2095 2694 a
2131 2645 2170 2730 3³45

2138 2578 2162 2620 νζ

206 2707 320 2745 reatu
339 2716 485 2756 poenae.
509 2728 556 2734 -—
574 2710 615 2746 4⁰
635 2705 786 2746 Utrum
808 2717 877 2758 per
893 2716 985 2745 eam
1000 2705 1131 2746 simus
1152 2707 1232 2747 Deo
1252 2704 1515 2746 reconciliati.
1537 2729 1584 2736 -
1608 2712 1648 2746 5⁰
1670 2706 1819 2746 Utrum
1840 2716 1911 2758 per
1931 2717 2022 2747 eam
2041 2706 2095 2749 sit
2162 2733 2170 2746 e

206 2758 324 2801 nobis
346 2764 484 2811 aperta
498 2760 628 2812 J‘anua
642 2760 748 2801 coeII.
771 2782 817 2789 —
840 2767 879 2801 6⁰
907 2760 1056 2801 Utrum
1074 2771 1146 2813 per
1161 2772 1252 2802 eam
1268 2761 1457 2802 Christus
1478 2761 1647 2813 adeptus
1666 2761 1721 2801 sit
1735 2760 2041 2815 exaltationem.

206 2825 550 2868 ARTICULUS
576 2826 615 2869 1.
638 2849 696 2856 —
722 2837 862 2868 irritum
891 2837 972 2867 rna
994 2837 1217 2868 PASSIONEM
1237 2837 1400 2869 camsi-1
1420 2837 1539 2869 smus
1561 2837 1749 2868 uanam
1770 2837 1795 2867 A
1818 2837 2001 2870 recca-m
2019 2826 2094 2882 (2).
2142 2826 2152 2883 f

785 2893 832 2929 De
849 2893 901 2928 his
925 2893 1027 2928 etiam
1047 2893 1140 2928 Sent.
1166 2902 1219 2935 m,
1235 2893 1313 2928 dist.
1330 2893 1383 2936 ⁴9,
1402 2897 1467 2928 art.
1485 2892 1519 2928 4.

260 2947 328 2992 Ad
358 2948 561 3004 primum
591 2947 660 2992 sic
685 2947 965 3005 proceditur.
996 2951 1039 2993 1.
1062 2946 1250 2993 Videtur
1273 2947 1397 3006 qued
1418 2959 1503 3005 per
1525 2948 1790 3004 passionem
1815 2948 1979 2995 Christi
2000 2961 2093 2996 nun
2133 2953 2150 3008 7.-

211 3009 358 3054 simus
377 3010 557 3055 liberati
579 3010 605 3054 a
627 3016 835 3067 peccato.
851 3011 1064 3056 Liberare
1082 3011 1207 3055 enim
1224 3010 1251 3054 a
1269 3016 1462 3067 peccato
1484 3016 1556 3056 est
1572 3012 1810 3068 proprium
1823 3011 1918 3065 Dei,
1930 3024 2090 3058 secun·
2138 3013 2150 3057 ζ’

206 3070 317 3116 dum
339 3071 455 3116 illud
485 3075 586 3125 (lsa.
608 3086 723 3129 xun,
742 3074 811 3128 25)
832 3088 842 3117 :
867 3075 963 3128 qu
987 3086 1086 3116 sum
1118 3074 1200 3128 qui
1229 3072 1355 3116 deleo
1385 3075 1647 3128 iniquitates
1682 3076 1784 3116 tuas
1798 3076 1990 3130 propter
2006 3086 2094 3118 me.

205 3131 412 3177 Christus
435 3139 590 3179 autem
612 3147 706 3178 non
727 3138 798 3179 est
815 3146 984 3191 passus
1005 3134 1265 3179 secundum
1286 3135 1411 3191 quud
1432 3137 1568 3190 Deus,
1594 3134 1675 3179 sed
1697 3135 1956 3180 secundum
1969 3132 2110 3192 quud,

206 3196 359 3239 homo·
376 3198 495 3253 Ergo
518 3210 600 3254 per
615 3198 881 3254 passionem
895 3197 1061 3241 Christi
1078 3210 1171 3241 non
1193 3210 1359 3242 sumus
1380 3197 1559 3242 liberati
1577 3197 1604 3240 a
1623 3203 1828 3253 peccato.

247 3320 292 3362 (l)
305 3320 403 3363 Quod
417 3319 458 3355 ad
473 3321 563 3355 hunc
576 3333 708 3356 sensum
722 3321 896 3363 pertinere
905 3321 984 3357 satis
995 3322 1108 3362 aperte
1195 3324 1272 3357 tam
1281 3321 1529 3356 Deion-eutem
1542 3323 1575 3356 et
1585 3320 1653 3354 Dei
1663 3321 1904 3363 sapientiam,
1915 3321 2016 3365 quia,
2025 3322 2081 3354 ete

207 3374 300 3411 patet
326 3381 364 3404 ex
382 3369 507 3404 ibidem
526 3370 703 3410 praemissis
724 3373 822 3410 (vers.
847 3371 901 3413 25)
924 3383 933 3404 :
957 3371 1108 3405 Proedi-
1233 3371 1277 3411 (2)
1301 3371 1397 3404 Juxta
1426 3374 1576 3403 mentem
1603 3369 1644 3402 D.
1671 3368 1810 3403 Thomae
1835 3369 1940 3410 passio
1965 3366 2092 3402 Christi

208 3428 332 3454 camus
350 3418 536 3452 Christum
552 3419 787 3460 crucifioenm,
804 3419 949 3453 Judoeis
963 3419 1109 3461 quidem
1191 3422 1242 3453 est
1258 3419 1354 3453 velut
1376 3429 1472 3451 causa
1498 3417 1696 3452 universalis
1716 3429 1790 3458 quoe
1809 3417 1850 3450 ad
1871 3417 2022 3450 omnium
2040 3417 2093 3450 to*-
2131 3420 2142 3426 ”

205 3467 439 3507 scandalum,
458 3467 621 3509 qentibus
643 3471 763 3500 autem-
781 3467 1108 3508 stulticiam;ip⁸is
1191 3467 1261 3501 tius
1289 3466 1406 3500 mundi
1436 3471 1647 3506 peccatorum
1677 3465 1911 3499 remissionem
1943 3463 2084 3502 suffieit.

207 3519 328 3549 autem
346 3516 482 3549 vocatis
509 3515 654 3549 Judaeis
683 3518 788 3557 acque
813 3515 952 3549 Graecis
983 3515 1106 3549 Chris·
1189 3514 1245 3549 sed
1260 3514 1325 3548 nisi
1341 3514 1542 3555 applicetur,
1555 3514 1715 3550 effectum
1732 3525 1798 3548 non
1811 3513 1924 3547 habet.
