2170 3808
225 262 280 303 ao
920 252 1121 304 QUAEST.
1150 251 1219 307 vl,
1248 250 1367 294 ΛΒΤ.
1396 251 1432 295 1.

229 353 312 398 per
331 339 544 385 eamdem
560 349 731 394 corpus
748 336 1026 392 humanum,
1055 338 1295 390 totumque
1313 332 1503 377 omnino
1520 332 1757 378 hominem
1769 331 1818 376 in
1838 331 2006 376 melius
2019 344 2128 377 mua

231 401 426 447 tandum
445 397 677 456 coaptavit
695 398 769 452 (1).
796 415 816 436 »

280 467 571 511 CONCLUSIO.
598 487 644 495 ——
665 465 771 505 Cum
794 465 936 504 anima
949 462 1085 504 media
1108 464 1216 503 inter
1235 463 1367 502 Deum
1389 464 1428 501 et
1442 470 1607 502 carnem
1623 473 1671 502 ex
1689 472 1765 501 sua
1787 458 2002 501 nobilitate
2018 459 2128 500 exis-

228 528 334 573 tens,
353 522 489 563 carnis
523 520 630 561 Filio
654 519 727 560 Dei
745 519 938 559 uniendae
961 529 1084 558 eausa
1111 514 1414 570 quodammodo
1435 515 1512 565 sit,
1534 516 1750 557 fatendum
1767 519 1829 556 est
1863 515 2019 554 Filium
2041 525 2125 555 ear-

231 590 327 619 nem
346 578 578 617 humanam
593 574 863 626 assumpsisse
880 574 1088 614 mediante
1105 574 1261 613 anima.

215 676 218 682 .
283 638 557 696 Respondeo
577 638 824 684 dicendum
853 636 979 694 quod
1007 635 1213 680 medium
1240 634 1410 679 dicitur
1435 637 1648 690 respectu
1681 632 1898 690 principii
1921 636 1969 677 et
1999 628 2124 677 finis,

226 700 356 746 Unde
378 700 500 745 sicut
525 699 806 757 principium
830 702 876 742 et
907 697 1015 742 finis
1048 697 1298 753 important
1325 694 1538 740 ordinem
1571 695 1837 752 quemdam,
1860 694 1925 738 ita
1954 696 2002 738 et
2033 704 2128 739 me-

226 761 373 807 dium.
396 764 475 807 Est
493 766 652 807 autem
671 760 846 817 duplex
860 760 1004 805 ordo:
1022 771 1148 804 unus
1162 758 1352 816 quidem
1363 756 1600 814 temporis,
1619 756 1740 801 alius
1759 760 1916 801 autem
1930 759 2124 800 naturae.

227 824 494 870 Secundum
509 829 667 869 autem
686 822 896 868 ordinem
916 820 1138 879 temporis
1163 833 1258 866 non
1279 819 1448 866 dicitur
1474 819 1524 863 in
1546 819 1767 878 mysterio
1788 817 2127 864 Incarnationis

227 885 404 944 aliquid
437 886 668 941 medium3
694 884 805 941 quia
825 888 971 929 totam
996 885 1250 929 humanam
1283 886 1500 926 naturam
1522 881 1662 926 simul
1690 881 1780 926 sibi
1810 880 2011 926 Verbum
2045 881 2124 927 Dei

227 947 395 1004 univit,
416 951 470 992 ut
488 947 609 991 infra
628 946 805 1003 patebit
825 949 1009 1003 (quaest.
1024 959 1170 1002 xxxm,
1197 949 1281 989 art.
1303 946 1363 999 3).
1381 943 1503 989 Ordo
1523 947 1678 988 autem
1701 948 1882 988 naturae
1898 942 2023 987 inter
2039 942 2132 987 ali-

226 1019 321 1066 qua
357 1013 512 1066 potest
534 1007 710 1053 attendi
739 1007 986 1064 dupliciter
1009 1019 1138 1052 :uno
1172 1005 1313 1051 modo
1334 1004 1594 1050 secundum
1627 1004 1825 1061 gradum
1849 1002 2123 1061 dignitatis3

228 1070 350 1115 sicut
367 1070 567 1116 dicimus
593 1069 787 1127 angelos
807 1081 912 1114 esse
940 1069 1120 1115 medios
1143 1068 1265 1113 inter
1283 1066 1500 1112 homines
1519 1071 1566 1111 et
1586 1069 1755 1123 Deum3
1778 1066 1868 1110 alio
1889 1065 2029 1111 modo
2048 1078 2125 1111 se-

227 1132 436 1177 cundum
468 1131 695 1177 rationem
731 1131 1042 1188 causalitatis3
1080 1131 1202 1176 sicut
1234 1130 1405 1175 dicitur
1438 1128 1594 1175 media
1614 1140 1757 1174 331153
1785 1128 1985 1174 existere
2005 1129 2127 1174 inter

226 1193 425 1249 primam
443 1206 635 1238 causam
653 1197 700 1238 et
717 1193 936 1238 ultimum
954 1193 1189 1238 effectum.
1213 1195 1267 1237 Et
1288 1192 1365 1236 hic
1395 1191 1632 1236 secundus
1660 1190 1775 1235 ordo
1809 1189 1966 1248 aliquo
1986 1190 2126 1236 modo

227 1254 530 1312 consequitur
549 1255 754 1312 primum
775 1268 788 1299 :
806 1255 930 1300 sicut
951 1255 1078 1300 enim
1097 1253 1468 1312 dicitDionysius
1483 1255 1560 1308 (De
1576 1252 1671 1298 div.
1688 1264 1814 1297 nom.
1838 1264 1942 1309 cap.
1956 1255 2003 1308 4,
2015 1251 2122 1298 lect.

226 1317 253 1360 3
272 1315 446 1372 implic.
472 1319 518 1361 et
535 1329 638 1373 cap.
660 1319 716 1361 12
734 1320 783 1361 et
803 1318 859 1361 13
883 1316 1066 1362 Coelest.
1090 1316 1360 1372 hierarch.):
1379 1332 1399 1369 ‹,‹
1414 1318 1538 1360 Deus
1558 1326 1644 1372 per
1665 1314 1952 1359 substantias
1972 1314 2124 1371 magis

226 1377 314 1422 sibi
337 1378 623 1435 propinquas
641 1378 738 1436 agit
762 1377 811 1422 in
829 1391 885 1424 ea
907 1391 1012 1436 quae
1035 1383 1146 1423 sunt
1160 1378 1312 1436 magis
1337 1382 1531 1423 remota.
1546 1396 1566 1416 2>
1594 1402 1646 1409 —
1671 1376 1743 1421 Sic
1770 1388 1883 1433 ergo
1905 1376 1946 1421 si
1968 1381 2124 1422 atten-

227 1438 394 1484 damus
415 1440 613 1497 gradum
632 1439 888 1497 dignitatis,
905 1441 1061 1485 anima
1083 1441 1236 1486 media
1259 1440 1496 1485 invenitur
1517 1439 1640 1484 inter
1661 1441 1805 1483 Deum
1829 1444 1875 1483 et
1895 1450 2086 1484 carnem
2111 1455 2122 1485 ε

226 1504 273 1545 31
291 1502 552 1546 secundum
572 1502 661 1547 hoc
683 1506 840 1559 potest
857 1502 948 1547 dici
973 1502 1099 1559 quod
1120 1502 1261 1547 Filius
1280 1501 1360 1547 Dei
1380 1501 1532 1546 univit
1552 1500 1643 1546 sibi
1665 1500 2126 1560 carnem,‚mediante

226 1562 400 1607 anima.
426 1564 515 1609 Sed
537 1570 584 1608 31
607 1564 871 1609 secundum
904 1565 1117 1610 ordinem
1140 1563 1428 1609 causalitatis
1459 1563 1563 1621 ipsa
1585 1562 1740 1608 anima
1766 1567 1839 1608 est
1869 1562 2127 1620 aliqualiter

225 1635 368 1669 causa
389 1626 545 1670 carnis
579 1626 799 1672 uniendae
821 1626 931 1671 Filio
961 1628 1054 1671 Dei.
1085 1629 1183 1671 Non
1224 1626 1350 1671 enim
1379 1629 1506 1671 esset
1534 1624 1889 1683 assumptibiliS,
1924 1624 2013 1668 nisi
2044 1637 2127 1682 per

224 1685 437 1731 ordinem
459 1698 601 1744 quem
623 1687 764 1732 habet
786 1687 846 1733 ad
860 1687 1063 1732 animam
1085 1687 1375 1744 rationalem,
1396 1687 1659 1732 secundum
1682 1699 1823 1744 quam
1845 1685 1987 1731 habet
2001 1686 2127 1743 quod

224 1746 285 1792 sit
309 1760 417 1793 caro
439 1748 662 1793 humana.
684 1750 865 1794 Dictum
888 1755 961 1795 est
980 1749 1104 1794 enim
1138 1762 1281 1807 supra
1309 1751 1494 1808 (quaest.
1517 1763 1577 1806 ιν,
1599 1753 1687 1794 art.
1719 1751 1782 1806 1),
1806 1748 1934 1806 quod
1960 1752 2127 1793 natura

223 1809 431 1855 humana
446 1823 542 1868 prae
561 1812 742 1856 caeteris
764 1817 839 1856 est
852 1811 1206 1869 assumptibilis.

278 1871 347 1917 Ad
365 1876 567 1928 primum
588 1885 699 1929 ergo
729 1873 994 1931 dicendum,
1020 1873 1146 1931 qued
1170 1872 1343 1930 duplex
1364 1872 1479 1918 ordo
1509 1871 1796 1917 considerari
1824 1875 1976 1928 potest
2005 1872 2128 1919 inter

223 1938 486 1979 creaturam
510 1940 556 1980 et
573 1939 734 1980 Deum.
761 1939 889 1980 Unus
915 1936 1106 1993 quidem
1130 1935 1390 1980 secundum
1412 1934 1540 1992 quod
1570 1938 1794 1979 creaturae
1822 1941 2077 1980 causantur
2097 1935 2128 1982 3

223 1996 331 2052 Dec,
353 2000 400 2040 et
419 1995 688 2053 dependent
706 1997 765 2041 ab
786 1998 890 2055 ipso
912 1998 1035 2042 sicut
1052 1998 1079 2041 3
1102 1996 1331 2055 principio
1349 1996 1422 2041 sui
1443 2008 1547 2041 esse
1573 2009 1585 2039 :
1612 2001 1656 2041 et
1680 1995 1748 2040 sic
1768 2001 1958 2054 propter
1974 1997 2127 2043 infini—

225 2058 366 2100 tatem
396 2069 494 2101 suae
512 2057 698 2103 virtutis
716 2059 839 2104 Deus
861 2058 1130 2104 immediate
1155 2058 1341 2114 attingit
1377 2056 1633 2114 quamlibet
1665 2068 1782 2112 rem,
1815 2060 2055 2104 causando
2079 2065 2127 2106 et

223 2119 545 2163 conservando
569 2135 581 2163 ι
607 2125 654 2165 31
676 2121 733 2164 ad
748 2122 836 2165 hoc
851 2121 1054 2177 pertinet
1075 2119 1201 2177 quod
1216 2124 1337 2165 Deus
1352 2119 1617 2164 immediate
1639 2123 1710 2163 est
1730 2119 1780 2162 in
1802 2120 2020 2165 omnibns
2042 2134 2128 2179 per

223 2180 493 2235 essentiam,
515 2182 815 2237 praesentiam
827 2186 873 2226 et
891 2182 1159 2238 potentiam.
1173 2182 1301 2226 Alius
1317 2188 1473 2225 autem
1488 2179 1602 2224 ordo
1620 2185 1709 2237 est,
1725 2181 1985 2226 secundum
2002 2183 2125 2240 quod

225 2251 300 2283 res
311 2240 602 2286 reducuntur
617 2243 665 2286 in
684 2246 829 2287 Deum
854 2243 974 2288 sicut
988 2243 1038 2286 in
1061 2243 1203 2287 finem
1227 2256 1240 2287 ε
1265 2246 1312 2287 31
1330 2245 1560 2298 quantum
1578 2241 1638 2287 ad
1658 2242 1748 2286 1103
1765 2242 2004 2288 invenitur
2027 2257 2125 2291 me-

225 2299 497 2346 diuminter
518 2307 780 2347 creaturam
800 2308 846 2348 et
869 2306 1044 2360 nomm
1081 2303 1192 2360 quia
1225 2303 1468 2348 inferiores
1512 2307 1737 2348 creaturae
1758 2303 2050 2351 reducuntur
2075 2307 2123 2352 in

222 2364 367 2407 Deum
383 2376 468 2420 per
481 2364 762 2423 superiores,
777 2369 831 2410 ut
853 2365 964 2409 dicit
981 2365 1230 2423 Dionysius
1254 2365 1349 2419 (lib.
1366 2364 1700 2410 Ecclesiasticae
1714 2365 1943 2412 hierarch.
1963 2380 2066 2425 cap.
2079 2372 2124 2427 5,

224 2423 347 2469 inter
371 2426 521 2482 princ.
558 2431 604 2471 et
633 2427 794 2481 med.).
817 2429 871 2471 Et
891 2426 951 2471 ad
979 2428 1108 2471 hunc
1137 2427 1349 2472 ordinem
1378 2427 1579 2484 pertinet
1611 2427 1869 2485 assumptio
1907 2429 2128 2477 humanae

224 2491 406 2532 naturae
430 2488 459 2532 a
479 2488 628 2533 Verbo
642 2488 738 2547 Dei,
763 2489 888 2546 quod
911 2493 984 2534 est
1006 2489 1234 2534 terminus
1251 2489 1611 2546 assumptionis3
1637 2494 1683 2535 et
1697 2490 1802 2536 ideo
1819 2503 1904 2548 per
1919 2493 2123 2539 animam

224 2547 387 2593 unitur
404 2550 550 2594 carni.
1234 2573 1238 2578 ·

279 2610 347 2655 Ad
377 2611 623 2655 secundum
658 2610 928 2665 dicendum,
961 2611 1088 2667 quod
1120 2611 1159 2656 si
1190 2611 1460 2668 hypostasis
1481 2612 1616 2658 Verbi
1651 2613 1729 2658 Dei
1765 2615 2128 2663 constitueretur

225 2672 497 2729 simpliciter
517 2685 602 2730 per
620 2674 876 2717 humanam
899 2677 1132 2731 naturam,
1160 2680 1436 2730 sequeretur
1456 2674 1583 2731 quod
1604 2687 1776 2732 corpus
1797 2681 1924 2722 esset
1949 2677 1991 2723 31
2008 2678 2126 2725 vici-

226 2733 352 2790 nius,
379 2735 487 2779 cum
511 2735 571 2779 sit
587 2735 781 2780 materia
796 2748 904 2792 quae
917 2739 989 2780 est
1008 2734 1391 2780 individuationis
1413 2737 1727 2795 principium3
1752 2737 1874 2783 sicut
1887 2744 1935 2784 et
1949 2741 2121 2799 anima,

225 2808 332 2853 quae
352 2801 426 2841 est
446 2797 596 2841 forma
615 2796 846 2854 specifica,
870 2797 1181 2855 propinquius
1200 2810 1251 2842 se
1268 2797 1408 2843 habet
1429 2798 1490 2844 ad
1508 2805 1722 2845 naturam
1743 2799 2016 2847 humanam.
2038 2805 2126 2850 Sed

225 2857 336 2915 quia
358 2857 625 2915 hypostasis
652 2858 787 2903 Verbi
819 2864 891 2903 est
912 2859 1038 2915 prior
1061 2863 1107 2904 et
1129 2859 1264 2903 altior
1292 2859 1434 2917 quam
1461 2861 1670 2905 humana
1696 2866 1889 2919 natura3
1918 2865 2048 2910 tanto
2076 2866 2126 2913 id

226 2920 352 2976 quod
376 2925 450 2965 est
471 2920 522 2964 in
549 2921 756 2965 humana
778 2925 946 2965 natura
973 2921 1280 2978 propinquii1s
1310 2922 1370 2968 ad
1397 2934 1502 2967 eam
1521 2935 1571 2967 se
1591 2922 1747 2980 habet,
1768 2924 1944 2982 quanto
1963 2931 2036 2972 est
2057 2927 2125 2974 al-

224 2982 336 3027 tius.
360 2984 415 3027 Et
433 2982 537 3028 ideo
555 2982 860 3040 propinquior
877 2987 950 3028 est
965 2983 1115 3028 Verbo
1137 2983 1220 3029 Dei
1235 2983 1391 3028 anima
1413 2984 1554 3042 quam
1578 2998 1764 3043 corpus.

280 3043 347 3088 Ad
373 3047 558 3088 tertium
584 3044 854 3102 dicendum,
873 3045 1001 3103 quod
1019 3045 1132 3090 nihil
1158 3045 1370 3103 prohibet
1388 3046 1560 3103 aliquid
1580 3059 1685 3093 esse
1709 3060 1901 3094 eausam
1925 3048 2127 3110 alicujus

225 3105 454 3162 quantum
482 3105 541 3151 ad
563 3106 869 3164 aptitudinem
894 3111 941 3152 et
969 3108 1336 3165 congruitatem,
1369 3119 1463 3165 quo
1492 3112 1646 3154 tamen
1672 3113 1866 3167 remote,
1889 3109 2006 3157 illud
2027 3125 2124 3160 non

226 3165 404 3212 tollitur
422 3181 433 3209 :
454 3168 565 3225 quia
579 3170 667 3214 etsi
685 3170 785 3215 fieri
807 3170 1007 3227 alicujus
1027 3170 1260 3228 dependet
1277 3183 1338 3216 ex
1359 3170 1531 3229 aliqu0,
1547 3175 1796 3230 postquam
1809 3177 1965 3219 tamen
1984 3180 2057 3221 est
2072 3177 2122 3222 in

226 3228 349 3274 facto
371 3241 493 3286 esse,
514 3229 574 3274 ab
593 3243 650 3275 eo
679 3244 773 3276 non
797 3232 1028 3290 dependet
1051 3247 1063 3278 t
1085 3232 1207 3278 sicut
1229 3232 1269 3278 si
1298 3232 1421 3278 inter
1453 3233 1635 3291 aliquos
1664 3234 1865 3279 amicitia
1903 3241 2128 3284 causatur

229 3290 384 3348 aliquo
403 3291 663 3349 mediante,
689 3305 744 3337 eo
766 3294 1028 3354 recedente,
1059 3294 1212 3340 adhuc
1243 3294 1444 3340 amicitia
1471 3300 1683 3341 remanet
1707 3309 1720 3341 :
1751 3301 1797 3340 et
1825 3296 1894 3341 sic
1913 3298 2052 3343 etiam
2082 3301 2122 3346 si

229 3353 383 3411 aliqua
402 3354 449 3398 in
471 3354 817 3399 matrimonium
833 3355 1018 3400 ducitur
1036 3361 1225 3414 propter
1239 3357 1648 3414 pulchritudinem,
1668 3370 1773 3416 quae
1785 3357 1895 3404 facit
1905 3363 2124 3418 congrui-

269 3443 313 3484 (Ι)
330 3443 410 3478 Haec
424 3443 575 3478 doctrina
591 3449 639 3479 est
654 3445 844 3480 communis
856 3445 1133 3482 scholasticorum
1218 3460 1256 3483 ex
1280 3447 1458 3487 Augustin.
1484 3448 1558 3482 loeo
1579 3447 1635 3491 hic
1651 3448 1754 3484 citato
1771 3453 1804 3484 et
1822 3449 1863 3484 de
1886 3461 1992 3491 agone
2014 3449 2114 3486 chris·

228 3491 335 3533 (Sent.
350 3500 413 3533 111.
441 3492 520 3527 dist.
539 3492 571 3532 2)
587 3499 703 3528 contra
720 3493 920 3528 Duraudum
939 3498 972 3527 et
985 3494 1133 3529 sumitur
1219 3495 1312 3530 tiano
1329 3500 1411 3537 (cap.
1426 3496 1491 3538 48),
1507 3501 1541 3529 et
1555 3507 1593 3530 ex
1609 3496 1763 3532 Damaso.
1779 3496 1850 3535 (lib.
1869 3505 1924 3539 111,
1944 3509 2018 3539 cap.
2031 3497 2077 3539 6).
