<?xml version="1.0" encoding="UTF-8"?>
<!DOCTYPE html PUBLIC "-//W3C//DTD XHTML 1.0 Transitional//EN"
    "http://www.w3.org/TR/xhtml1/DTD/xhtml1-transitional.dtd">
<html xmlns="http://www.w3.org/1999/xhtml" xml:lang="en" lang="en">
 <head>
  <title>
</title>
<meta http-equiv="Content-Type" content="text/html;charset=utf-8" />
  <meta name='ocr-system' content='tesseract 3.04.00' />
  <meta name='ocr-capabilities' content='ocr_page ocr_carea ocr_par ocr_line ocrx_word'/>
</head>
<body>
  <div class='ocr_page' id='page_1' title='image "./summatheologica06thomuoft_0143.png"; bbox 0 0 2170 3808; ppageno 0'>
   <div class='ocr_carea' id='block_1_1' title="bbox 772 210 1992 271">
    <p class='ocr_par' dir='ltr' id='par_1_1' title="bbox 772 210 1992 271">
     <span class='ocr_line' id='line_1_1' title="bbox 772 210 1992 271; baseline -0.007 -9"><span class='ocrx_word' id='word_1_1' title='bbox 772 218 970 271; x_wconf 79' lang='lat' dir='ltr'>QUAEsr.</span> <span class='ocrx_word' id='word_1_2' title='bbox 999 217 1071 271; x_wconf 86' lang='lat' dir='ltr'>x1‚</span> <span class='ocrx_word' id='word_1_3' title='bbox 1100 216 1216 259; x_wconf 74' lang='lat' dir='ltr'>Am.</span> <span class='ocrx_word' id='word_1_4' title='bbox 1246 215 1279 259; x_wconf 86' lang='lat'>1.</span> <span class='ocrx_word' id='word_1_5' title='bbox 1909 210 1992 254; x_wconf 80' lang='lat'>107</span> 
     </span>
    </p>
   </div>
   <div class='ocr_carea' id='block_1_2' title="bbox 117 292 1993 725">
    <p class='ocr_par' dir='ltr' id='par_1_2' title="bbox 117 292 1992 610">
     <span class='ocr_line' id='line_1_2' title="bbox 117 292 1991 354; baseline -0.012 0"><span class='ocrx_word' id='word_1_6' title='bbox 117 310 348 354; x_wconf 77' lang='lat' dir='ltr'><strong><em>Christum</em></strong></span> <span class='ocrx_word' id='word_1_7' title='bbox 371 306 434 350; x_wconf 82' lang='lat' dir='ltr'>ad</span> <span class='ocrx_word' id='word_1_8' title='bbox 457 304 694 348; x_wconf 77' lang='lat' dir='ltr'>dexteram</span> <span class='ocrx_word' id='word_1_9' title='bbox 715 312 846 343; x_wconf 83' lang='lat' dir='ltr'>suam</span> <span class='ocrx_word' id='word_1_10' title='bbox 871 303 916 341; x_wconf 83' lang='lat' dir='ltr'>z&#39;n</span> <span class='ocrx_word' id='word_1_11' title='bbox 941 296 1188 341; x_wconf 79' lang='lat' dir='ltr'>coelestibus</span> <span class='ocrx_word' id='word_1_12' title='bbox 1210 307 1351 350; x_wconf 78' lang='lat' dir='ltr'>supra</span> <span class='ocrx_word' id='word_1_13' title='bbox 1385 306 1557 337; x_wconf 78' lang='lat' dir='ltr'>omnem</span> <span class='ocrx_word' id='word_1_14' title='bbox 1588 292 1923 346; x_wconf 76' lang='lat' dir='ltr'>Prz‘ncz‘patum,</span> <span class='ocrx_word' id='word_1_15' title='bbox 1949 294 1991 331; x_wconf 83' lang='lat' dir='ltr'>et</span> 
     </span>
     <span class='ocr_line' id='line_1_3' title="bbox 118 354 1988 422; baseline -0.012 -7"><span class='ocrx_word' id='word_1_16' title='bbox 118 373 401 422; x_wconf 80' lang='lat' dir='ltr'>Potestatem,</span> <span class='ocrx_word' id='word_1_17' title='bbox 421 371 465 410; x_wconf 76' lang='lat' dir='ltr'>et</span> <span class='ocrx_word' id='word_1_18' title='bbox 489 365 728 415; x_wconf 77' lang='lat' dir='ltr'>Virtutem,</span> <span class='ocrx_word' id='word_1_19' title='bbox 746 365 791 404; x_wconf 78' lang='lat' dir='ltr'>et</span> <span class='ocrx_word' id='word_1_20' title='bbox 807 360 1184 412; x_wconf 78' lang='lat' dir='ltr'>Dominationem,</span> <span class='ocrx_word' id='word_1_21' title='bbox 1199 359 1242 399; x_wconf 82' lang='lat' dir='ltr'>et</span> <span class='ocrx_word' id='word_1_22' title='bbox 1258 368 1383 398; x_wconf 76' lang='lat' dir='ltr'>omne</span> <span class='ocrx_word' id='word_1_23' title='bbox 1405 367 1564 397; x_wconf 78' lang='lat' dir='ltr'>nomen</span> <span class='ocrx_word' id='word_1_24' title='bbox 1579 354 1699 408; x_wconf 83' lang='lat' dir='ltr'>quod</span> <span class='ocrx_word' id='word_1_25' title='bbox 1713 354 1988 420; x_wconf 59' lang='lat' dir='ltr'>nominatur,</span> 
     </span>
     <span class='ocr_line' id='line_1_4' title="bbox 117 411 1992 480; baseline -0.013 -3"><span class='ocrx_word' id='word_1_26' title='bbox 117 446 204 476; x_wconf 81' lang='lat' dir='ltr'>non</span> <span class='ocrx_word' id='word_1_27' title='bbox 223 431 364 474; x_wconf 61' lang='lat' dir='ltr'>solum</span> <span class='ocrx_word' id='word_1_28' title='bbox 381 432 429 471; x_wconf 78' lang='lat' dir='ltr'>in</span> <span class='ocrx_word' id='word_1_29' title='bbox 447 428 530 470; x_wconf 83' lang='lat' dir='ltr'>hoc</span> <span class='ocrx_word' id='word_1_30' title='bbox 547 423 724 478; x_wconf 80' lang='lat' dir='ltr'>saeculo,</span> <span class='ocrx_word' id='word_1_31' title='bbox 741 423 821 464; x_wconf 81' lang='lat' dir='ltr'>sed</span> <span class='ocrx_word' id='word_1_32' title='bbox 836 424 974 464; x_wconf 76' lang='lat' dir='ltr'>etiam</span> <span class='ocrx_word' id='word_1_33' title='bbox 995 421 1042 461; x_wconf 80' lang='lat' dir='ltr'>in</span> <span class='ocrx_word' id='word_1_34' title='bbox 1065 421 1237 471; x_wconf 75' lang='lat' dir='ltr'>future.</span> <span class='ocrx_word' id='word_1_35' title='bbox 1252 416 1338 461; x_wconf 90' lang='lat' dir='ltr'>Sed</span> <span class='ocrx_word' id='word_1_36' title='bbox 1354 416 1401 459; x_wconf 92' lang='lat' dir='ltr'>in</span> <span class='ocrx_word' id='word_1_37' title='bbox 1418 415 1496 459; x_wconf 89' lang='lat' dir='ltr'>illa</span> <span class='ocrx_word' id='word_1_38' title='bbox 1511 414 1686 459; x_wconf 87' lang='lat' dir='ltr'>coelesti</span> <span class='ocrx_word' id='word_1_39' title='bbox 1703 413 1848 469; x_wconf 80' lang='lat' dir='ltr'>gloria</span> <span class='ocrx_word' id='word_1_40' title='bbox 1863 411 1992 480; x_wconf 66' lang='lat' dir='ltr'>tanto</span> 
     </span>
     <span class='ocr_line' id='line_1_5' title="bbox 119 472 1992 550; baseline -0.012 -12"><span class='ocrx_word' id='word_1_41' title='bbox 119 493 284 550; x_wconf 89' lang='lat' dir='ltr'>aliquis</span> <span class='ocrx_word' id='word_1_42' title='bbox 303 494 373 535; x_wconf 87' lang='lat' dir='ltr'>est</span> <span class='ocrx_word' id='word_1_43' title='bbox 394 485 618 544; x_wconf 83' lang='lat' dir='ltr'>superior,</span> <span class='ocrx_word' id='word_1_44' title='bbox 635 482 810 540; x_wconf 79' lang='lat' dir='ltr'>quanto</span> <span class='ocrx_word' id='word_1_45' title='bbox 827 478 1075 538; x_wconf 83' lang='lat' dir='ltr'>perfectius</span> <span class='ocrx_word' id='word_1_46' title='bbox 1093 476 1332 532; x_wconf 87' lang='lat' dir='ltr'>cognoscit</span> <span class='ocrx_word' id='word_1_47' title='bbox 1347 478 1505 519; x_wconf 87' lang='lat' dir='ltr'>Deum.</span> <span class='ocrx_word' id='word_1_48' title='bbox 1522 478 1640 530; x_wconf 87' lang='lat' dir='ltr'>Ergo</span> <span class='ocrx_word' id='word_1_49' title='bbox 1655 474 1809 518; x_wconf 89' lang='lat' dir='ltr'>anima</span> <span class='ocrx_word' id='word_1_50' title='bbox 1828 472 1992 517; x_wconf 80' lang='lat' dir='ltr'>Christi</span> 
     </span>
     <span class='ocr_line' id='line_1_6' title="bbox 118 538 1380 610; baseline -0.016 -11"><span class='ocrx_word' id='word_1_51' title='bbox 118 551 362 610; x_wconf 79' lang='lat' dir='ltr'>perfectius</span> <span class='ocrx_word' id='word_1_52' title='bbox 382 548 506 593; x_wconf 83' lang='lat' dir='ltr'>videt</span> <span class='ocrx_word' id='word_1_53' title='bbox 522 550 667 592; x_wconf 90' lang='lat' dir='ltr'>Deum</span> <span class='ocrx_word' id='word_1_54' title='bbox 689 542 830 600; x_wconf 78' lang='lat' dir='ltr'>quam</span> <span class='ocrx_word' id='word_1_55' title='bbox 853 539 1029 598; x_wconf 84' lang='lat' dir='ltr'>quaevis</span> <span class='ocrx_word' id='word_1_56' title='bbox 1046 538 1136 583; x_wconf 85' lang='lat' dir='ltr'>alia</span> <span class='ocrx_word' id='word_1_57' title='bbox 1153 541 1380 582; x_wconf 86' lang='lat' dir='ltr'>creatura.</span> 
     </span>
    </p>

    <p class='ocr_par' dir='ltr' id='par_1_3' title="bbox 118 601 1993 725">
     <span class='ocr_line' id='line_1_7' title="bbox 166 601 1989 664; baseline -0.012 -2"><span class='ocrx_word' id='word_1_58' title='bbox 166 618 450 662; x_wconf 85' lang='lat' dir='ltr'>CONCLUSIO.</span> <span class='ocrx_word' id='word_1_59' title='bbox 467 636 512 644; x_wconf 91' lang='lat'><strong>—</strong></span> <span class='ocrx_word' id='word_1_60' title='bbox 526 614 677 655; x_wconf 88' lang='lat' dir='ltr'>Anima</span> <span class='ocrx_word' id='word_1_61' title='bbox 695 610 860 659; x_wconf 88' lang='lat' dir='ltr'>Christi,</span> <span class='ocrx_word' id='word_1_62' title='bbox 876 609 970 649; x_wconf 79' lang='lat' dir='ltr'>cum</span> <span class='ocrx_word' id='word_1_63' title='bbox 988 604 1275 659; x_wconf 67' lang='lat' dir='ltr'>perfectissime</span> <span class='ocrx_word' id='word_1_64' title='bbox 1289 604 1509 656; x_wconf 85' lang='lat' dir='ltr'>conjuncta</span> <span class='ocrx_word' id='word_1_65' title='bbox 1522 603 1646 643; x_wconf 77' lang='lat' dir='ltr'>fuerit</span> <span class='ocrx_word' id='word_1_66' title='bbox 1662 601 1791 642; x_wconf 87' lang='lat' dir='ltr'>Verbo</span> <span class='ocrx_word' id='word_1_67' title='bbox 1805 601 1890 647; x_wconf 86' lang='lat' dir='ltr'>Dei,</span> <span class='ocrx_word' id='word_1_68' title='bbox 1910 601 1989 664; x_wconf 77' lang='lat' dir='ltr'>sci·</span> 
     </span>
     <span class='ocr_line' id='line_1_8' title="bbox 118 655 1993 725; baseline -0.012 -8"><span class='ocrx_word' id='word_1_69' title='bbox 118 677 210 717; x_wconf 84' lang='lat' dir='ltr'>licet</span> <span class='ocrx_word' id='word_1_70' title='bbox 227 677 272 714; x_wconf 91' lang='lat' dir='ltr'>in</span> <span class='ocrx_word' id='word_1_71' title='bbox 295 683 481 725; x_wconf 85' lang='lat' dir='ltr'>persona,</span> <span class='ocrx_word' id='word_1_72' title='bbox 500 668 652 709; x_wconf 81' lang='lat' dir='ltr'>caeteris</span> <span class='ocrx_word' id='word_1_73' title='bbox 683 675 842 718; x_wconf 85' lang='lat' dir='ltr'>quoque</span> <span class='ocrx_word' id='word_1_74' title='bbox 865 662 1058 704; x_wconf 81' lang='lat' dir='ltr'>creaturis</span> <span class='ocrx_word' id='word_1_75' title='bbox 1077 659 1263 701; x_wconf 88' lang='lat' dir='ltr'>divinam</span> <span class='ocrx_word' id='word_1_76' title='bbox 1292 660 1509 698; x_wconf 81' lang='lat' dir='ltr'>essentiam</span> <span class='ocrx_word' id='word_1_77' title='bbox 1534 657 1748 707; x_wconf 80' lang='lat' dir='ltr'>perfectius</span> <span class='ocrx_word' id='word_1_78' title='bbox 1774 660 1814 697; x_wconf 85' lang='lat' dir='ltr'>et</span> <span class='ocrx_word' id='word_1_79' title='bbox 1841 655 1993 697; x_wconf 84' lang='lat' dir='ltr'>clarius</span> 
     </span>
    </p>
   </div>
   <div class='ocr_carea' id='block_1_3' title="bbox 119 733 1992 847">
    <p class='ocr_par' dir='ltr' id='par_1_4' title="bbox 119 733 1992 847">
     <span class='ocr_line' id='line_1_9' title="bbox 119 733 1992 847; baseline -0.009 -12"><span class='ocrx_word' id='word_1_80' title='bbox 119 733 438 847; x_wconf 37' lang='lat' dir='ltr'>mtikilgtsprondeo</span> <span class='ocrx_word' id='word_1_81' title='bbox 454 783 699 831; x_wconf 89' lang='lat' dir='ltr'>dicendum</span> <span class='ocrx_word' id='word_1_82' title='bbox 712 781 838 839; x_wconf 77' lang='lat' dir='ltr'>quod</span> <span class='ocrx_word' id='word_1_83' title='bbox 850 779 967 824; x_wconf 85' lang='lat' dir='ltr'>visio</span> <span class='ocrx_word' id='word_1_84' title='bbox 982 777 1150 823; x_wconf 84' lang='lat' dir='ltr'>divinae</span> <span class='ocrx_word' id='word_1_85' title='bbox 1163 775 1379 821; x_wconf 76' lang='lat' dir='ltr'>essentiae</span> <span class='ocrx_word' id='word_1_86' title='bbox 1390 772 1606 819; x_wconf 83' lang='lat' dir='ltr'>convenit</span> <span class='ocrx_word' id='word_1_87' title='bbox 1615 772 1834 816; x_wconf 88' lang='lat' dir='ltr'>omnibus</span> <span class='ocrx_word' id='word_1_88' title='bbox 1844 772 1992 818; x_wconf 88' lang='lat' dir='ltr'>beatis</span> 
     </span>
    </p>
   </div>
   <div class='ocr_carea' id='block_1_4' title="bbox 118 833 1997 2378">
    <p class='ocr_par' dir='ltr' id='par_1_5' title="bbox 118 833 1993 1338">
     <span class='ocr_line' id='line_1_10' title="bbox 118 833 1990 905; baseline -0.009 -8"><span class='ocrx_word' id='word_1_89' title='bbox 118 851 373 896; x_wconf 79' lang='lat' dir='ltr'>secundum</span> <span class='ocrx_word' id='word_1_90' title='bbox 406 845 803 905; x_wconf 82' lang='lat' dir='ltr'>participationem</span> <span class='ocrx_word' id='word_1_91' title='bbox 834 842 1025 887; x_wconf 88' lang='lat' dir='ltr'>luminis</span> <span class='ocrx_word' id='word_1_92' title='bbox 1056 838 1246 885; x_wconf 88' lang='lat' dir='ltr'>derivati</span> <span class='ocrx_word' id='word_1_93' title='bbox 1268 838 1419 881; x_wconf 86' lang='lat' dir='ltr'>in-eos</span> <span class='ocrx_word' id='word_1_94' title='bbox 1441 835 1468 879; x_wconf 76' lang='lat' dir='ltr'>a</span> <span class='ocrx_word' id='word_1_95' title='bbox 1490 836 1617 879; x_wconf 83' lang='lat' dir='ltr'>fonte</span> <span class='ocrx_word' id='word_1_96' title='bbox 1635 833 1766 879; x_wconf 89' lang='lat' dir='ltr'>Verbi</span> <span class='ocrx_word' id='word_1_97' title='bbox 1792 834 1884 890; x_wconf 87' lang='lat' dir='ltr'>Dei,</span> <span class='ocrx_word' id='word_1_98' title='bbox 1913 847 1990 880; x_wconf 89' lang='lat' dir='ltr'>se-</span> 
     </span>
     <span class='ocr_line' id='line_1_11' title="bbox 120 898 1991 965; baseline -0.008 -7"><span class='ocrx_word' id='word_1_99' title='bbox 120 915 321 960; x_wconf 67' lang='lat' dir='ltr'>cundnm</span> <span class='ocrx_word' id='word_1_100' title='bbox 343 911 454 957; x_wconf 92' lang='lat' dir='ltr'>illud</span> <span class='ocrx_word' id='word_1_101' title='bbox 470 910 623 965; x_wconf 86' lang='lat' dir='ltr'>(Eccli.</span> <span class='ocrx_word' id='word_1_102' title='bbox 646 923 676 965; x_wconf 88' lang='lat'>1,</span> <span class='ocrx_word' id='word_1_103' title='bbox 699 910 770 963; x_wconf 79' lang='lat'>5):</span> <span class='ocrx_word' id='word_1_104' title='bbox 805 910 924 950; x_wconf 82' lang='lat' dir='ltr'>Fons</span> <span class='ocrx_word' id='word_1_105' title='bbox 953 906 1214 961; x_wconf 66' lang='lat' dir='ltr'>sapientiae,</span> <span class='ocrx_word' id='word_1_106' title='bbox 1244 901 1434 944; x_wconf 76' lang='lat' dir='ltr'>Verbum</span> <span class='ocrx_word' id='word_1_107' title='bbox 1456 903 1541 942; x_wconf 82' lang='lat' dir='ltr'>Dei</span> <span class='ocrx_word' id='word_1_108' title='bbox 1565 901 1613 942; x_wconf 76' lang='lat' dir='ltr'>in</span> <span class='ocrx_word' id='word_1_109' title='bbox 1646 898 1847 942; x_wconf 75' lang='lat' dir='ltr'>excelsis.</span> <span class='ocrx_word' id='word_1_110' title='bbox 1878 898 1991 943; x_wconf 85' lang='lat' dir='ltr'>Huic</span> 
     </span>
     <span class='ocr_line' id='line_1_12' title="bbox 121 959 1991 1028; baseline -0.01 -7"><span class='ocrx_word' id='word_1_111' title='bbox 121 982 271 1020; x_wconf 88' lang='lat' dir='ltr'>autem</span> <span class='ocrx_word' id='word_1_112' title='bbox 306 973 447 1019; x_wconf 88' lang='lat' dir='ltr'>Verbo</span> <span class='ocrx_word' id='word_1_113' title='bbox 475 972 550 1017; x_wconf 90' lang='lat' dir='ltr'>Dei</span> <span class='ocrx_word' id='word_1_114' title='bbox 580 968 884 1028; x_wconf 83' lang='lat' dir='ltr'>propinquius</span> <span class='ocrx_word' id='word_1_115' title='bbox 916 964 1214 1021; x_wconf 74' lang='lat' dir='ltr'>conjungitur</span> <span class='ocrx_word' id='word_1_116' title='bbox 1242 962 1397 1007; x_wconf 88' lang='lat' dir='ltr'>anima</span> <span class='ocrx_word' id='word_1_117' title='bbox 1424 959 1611 1015; x_wconf 83' lang='lat' dir='ltr'>Christi,</span> <span class='ocrx_word' id='word_1_118' title='bbox 1633 972 1738 1016; x_wconf 87' lang='lat' dir='ltr'>quae</span> <span class='ocrx_word' id='word_1_119' title='bbox 1765 965 1837 1003; x_wconf 88' lang='lat' dir='ltr'>est</span> <span class='ocrx_word' id='word_1_120' title='bbox 1860 960 1991 1004; x_wconf 85' lang='lat' dir='ltr'>unita</span> 
     </span>
     <span class='ocr_line' id='line_1_13' title="bbox 119 1020 1991 1091; baseline -0.007 -12"><span class='ocrx_word' id='word_1_121' title='bbox 119 1036 263 1081; x_wconf 86' lang='lat' dir='ltr'>Verbo</span> <span class='ocrx_word' id='word_1_122' title='bbox 282 1035 330 1080; x_wconf 86' lang='lat' dir='ltr'>in</span> <span class='ocrx_word' id='word_1_123' title='bbox 351 1045 564 1091; x_wconf 85' lang='lat' dir='ltr'>persona,</span> <span class='ocrx_word' id='word_1_124' title='bbox 585 1031 724 1088; x_wconf 80' lang='lat' dir='ltr'>quam</span> <span class='ocrx_word' id='word_1_125' title='bbox 743 1029 919 1087; x_wconf 85' lang='lat' dir='ltr'>quaevis</span> <span class='ocrx_word' id='word_1_126' title='bbox 942 1025 1029 1070; x_wconf 86' lang='lat' dir='ltr'>alia</span> <span class='ocrx_word' id='word_1_127' title='bbox 1048 1029 1274 1070; x_wconf 85' lang='lat' dir='ltr'>creatura.</span> <span class='ocrx_word' id='word_1_128' title='bbox 1300 1022 1365 1067; x_wconf 89' lang='lat' dir='ltr'>Ed</span> <span class='ocrx_word' id='word_1_129' title='bbox 1394 1021 1498 1067; x_wconf 88' lang='lat' dir='ltr'>ideo</span> <span class='ocrx_word' id='word_1_130' title='bbox 1526 1021 1708 1078; x_wconf 80' lang='lat' dir='ltr'>plenius</span> <span class='ocrx_word' id='word_1_131' title='bbox 1734 1020 1894 1077; x_wconf 82' lang='lat' dir='ltr'>recipit</span> <span class='ocrx_word' id='word_1_132' title='bbox 1921 1020 1991 1065; x_wconf 90' lang='lat' dir='ltr'>in-</span> 
     </span>
     <span class='ocr_line' id='line_1_14' title="bbox 118 1083 1991 1149; baseline -0.008 -6"><span class='ocrx_word' id='word_1_133' title='bbox 118 1098 353 1143; x_wconf 85' lang='lat' dir='ltr'>fluentiam</span> <span class='ocrx_word' id='word_1_134' title='bbox 376 1094 580 1146; x_wconf 85' lang='lat' dir='ltr'>luminis,</span> <span class='ocrx_word' id='word_1_135' title='bbox 604 1094 653 1138; x_wconf 93' lang='lat' dir='ltr'>in</span> <span class='ocrx_word' id='word_1_136' title='bbox 673 1104 764 1149; x_wconf 88' lang='lat' dir='ltr'>quo</span> <span class='ocrx_word' id='word_1_137' title='bbox 786 1093 902 1135; x_wconf 90' lang='lat' dir='ltr'>Deus</span> <span class='ocrx_word' id='word_1_138' title='bbox 925 1088 1107 1134; x_wconf 87' lang='lat' dir='ltr'>videtur</span> <span class='ocrx_word' id='word_1_139' title='bbox 1129 1086 1187 1130; x_wconf 88' lang='lat' dir='ltr'>ab</span> <span class='ocrx_word' id='word_1_140' title='bbox 1209 1086 1310 1143; x_wconf 90' lang='lat' dir='ltr'>ipso</span> <span class='ocrx_word' id='word_1_141' title='bbox 1331 1084 1493 1139; x_wconf 88' lang='lat' dir='ltr'>Verbo,</span> <span class='ocrx_word' id='word_1_142' title='bbox 1518 1083 1658 1140; x_wconf 76' lang='lat' dir='ltr'>quam</span> <span class='ocrx_word' id='word_1_143' title='bbox 1685 1095 1991 1140; x_wconf 82' lang='lat' dir='ltr'>quaecumque</span> 
     </span>
     <span class='ocr_line' id='line_1_15' title="bbox 122 1147 1990 1213; baseline -0.008 -7"><span class='ocrx_word' id='word_1_144' title='bbox 122 1161 209 1205; x_wconf 85' lang='lat' dir='ltr'>alia</span> <span class='ocrx_word' id='word_1_145' title='bbox 228 1165 452 1205; x_wconf 87' lang='lat' dir='ltr'>creatura.</span> <span class='ocrx_word' id='word_1_146' title='bbox 472 1161 523 1203; x_wconf 89' lang='lat' dir='ltr'>Et</span> <span class='ocrx_word' id='word_1_147' title='bbox 540 1157 645 1202; x_wconf 92' lang='lat' dir='ltr'>ideo</span> <span class='ocrx_word' id='word_1_148' title='bbox 662 1168 757 1213; x_wconf 84' lang='lat' dir='ltr'>prae</span> <span class='ocrx_word' id='word_1_149' title='bbox 778 1152 956 1198; x_wconf 84' lang='lat' dir='ltr'>caeteris</span> <span class='ocrx_word' id='word_1_150' title='bbox 974 1150 1198 1196; x_wconf 88' lang='lat' dir='ltr'>creaturis</span> <span class='ocrx_word' id='word_1_151' title='bbox 1219 1148 1463 1205; x_wconf 82' lang='lat' dir='ltr'>perfectius</span> <span class='ocrx_word' id='word_1_152' title='bbox 1480 1147 1604 1192; x_wconf 89' lang='lat' dir='ltr'>videt</span> <span class='ocrx_word' id='word_1_153' title='bbox 1627 1147 1774 1203; x_wconf 86' lang='lat' dir='ltr'>ipsam</span> <span class='ocrx_word' id='word_1_154' title='bbox 1797 1147 1990 1204; x_wconf 85' lang='lat' dir='ltr'>primam</span> 
     </span>
     <span class='ocr_line' id='line_1_16' title="bbox 121 1210 1993 1277; baseline -0.006 -14"><span class='ocrx_word' id='word_1_155' title='bbox 121 1222 374 1277; x_wconf 88' lang='lat' dir='ltr'>veritatem,</span> <span class='ocrx_word' id='word_1_156' title='bbox 390 1231 493 1276; x_wconf 85' lang='lat' dir='ltr'>quae</span> <span class='ocrx_word' id='word_1_157' title='bbox 503 1223 574 1264; x_wconf 90' lang='lat' dir='ltr'>est</span> <span class='ocrx_word' id='word_1_158' title='bbox 583 1217 658 1262; x_wconf 91' lang='lat' dir='ltr'>Dei</span> <span class='ocrx_word' id='word_1_159' title='bbox 673 1215 870 1261; x_wconf 87' lang='lat' dir='ltr'>essentia</span> <span class='ocrx_word' id='word_1_160' title='bbox 890 1230 901 1259; x_wconf 75' lang='lat' dir='ltr'><strong><em>z</em></strong></span> <span class='ocrx_word' id='word_1_161' title='bbox 922 1213 1048 1258; x_wconf 92' lang='lat' dir='ltr'>unde</span> <span class='ocrx_word' id='word_1_162' title='bbox 1066 1211 1232 1257; x_wconf 88' lang='lat' dir='ltr'>dicitur</span> <span class='ocrx_word' id='word_1_163' title='bbox 1246 1213 1391 1264; x_wconf 86' lang='lat' dir='ltr'>(Joan.</span> <span class='ocrx_word' id='word_1_164' title='bbox 1410 1224 1441 1267; x_wconf 88' lang='lat'>1,</span> <span class='ocrx_word' id='word_1_165' title='bbox 1463 1212 1532 1264; x_wconf 72' lang='lat'>14)</span> <span class='ocrx_word' id='word_1_166' title='bbox 1550 1210 1782 1253; x_wconf 76' lang='lat' dir='ltr'>:Vidimus</span> <span class='ocrx_word' id='word_1_167' title='bbox 1796 1210 1993 1265; x_wconf 73' lang='lat' dir='ltr'>qloriam</span> 
     </span>
     <span class='ocr_line' id='line_1_17' title="bbox 119 1270 1992 1338; baseline -0.007 -12"><span class='ocrx_word' id='word_1_168' title='bbox 119 1286 232 1337; x_wconf 73' lang='lat' dir='ltr'>ejus,</span> <span class='ocrx_word' id='word_1_169' title='bbox 245 1285 375 1338; x_wconf 80' lang='lat' dir='ltr'>quasi</span> <span class='ocrx_word' id='word_1_170' title='bbox 391 1283 617 1337; x_wconf 71' lang='lat' dir='ltr'>Um‘qem&#39;m&#39;</span> <span class='ocrx_word' id='word_1_171' title='bbox 636 1281 667 1323; x_wconf 88' lang='grc' dir='ltr'><em>ὰ</em></span> <span class='ocrx_word' id='word_1_172' title='bbox 684 1282 838 1332; x_wconf 76' lang='lat' dir='ltr'>Patre,</span> <span class='ocrx_word' id='word_1_173' title='bbox 857 1276 1036 1333; x_wconf 80' lang='lat' dir='ltr'>plenum</span> <span class='ocrx_word' id='word_1_174' title='bbox 1057 1286 1150 1318; x_wconf 93' lang='lat' dir='ltr'>non</span> <span class='ocrx_word' id='word_1_175' title='bbox 1166 1272 1315 1317; x_wconf 80' lang='lat' dir='ltr'>solum</span> <span class='ocrx_word' id='word_1_176' title='bbox 1331 1270 1602 1327; x_wconf 76' lang='lat' dir='ltr'>qratiae,sed</span> <span class='ocrx_word' id='word_1_177' title='bbox 1618 1270 1754 1315; x_wconf 90' lang='lat' dir='ltr'>etiam</span> <span class='ocrx_word' id='word_1_178' title='bbox 1769 1272 1992 1313; x_wconf 79' lang='lat' dir='ltr'>veritatis.</span> 
     </span>
    </p>

    <p class='ocr_par' dir='ltr' id='par_1_6' title="bbox 119 1333 1995 1765">
     <span class='ocr_line' id='line_1_18' title="bbox 171 1333 1991 1398; baseline -0.007 -10"><span class='ocrx_word' id='word_1_179' title='bbox 171 1344 235 1388; x_wconf 84' lang='lat' dir='ltr'>Ad</span> <span class='ocrx_word' id='word_1_180' title='bbox 255 1341 450 1398; x_wconf 79' lang='lat' dir='ltr'>primum</span> <span class='ocrx_word' id='word_1_181' title='bbox 468 1343 579 1398; x_wconf 80' lang='lat' dir='ltr'>ergo</span> <span class='ocrx_word' id='word_1_182' title='bbox 596 1339 859 1393; x_wconf 78' lang='lat' dir='ltr'>dicendum,</span> <span class='ocrx_word' id='word_1_183' title='bbox 886 1337 1010 1394; x_wconf 84' lang='lat' dir='ltr'>quod</span> <span class='ocrx_word' id='word_1_184' title='bbox 1031 1335 1250 1393; x_wconf 78' lang='lat' dir='ltr'>perfectio</span> <span class='ocrx_word' id='word_1_185' title='bbox 1275 1334 1570 1389; x_wconf 75' lang='lat' dir='ltr'>cognitionis,</span> <span class='ocrx_word' id='word_1_186' title='bbox 1592 1333 1816 1389; x_wconf 81' lang='lat' dir='ltr'>quantum</span> <span class='ocrx_word' id='word_1_187' title='bbox 1842 1338 1911 1376; x_wconf 88' lang='lat' dir='ltr'>est</span> <span class='ocrx_word' id='word_1_188' title='bbox 1933 1344 1991 1376; x_wconf 83' lang='lat' dir='ltr'>ex</span> 
     </span>
     <span class='ocr_line' id='line_1_19' title="bbox 121 1396 1994 1461; baseline -0.007 -11"><span class='ocrx_word' id='word_1_189' title='bbox 121 1411 247 1461; x_wconf 85' lang='lat' dir='ltr'>parte</span> <span class='ocrx_word' id='word_1_190' title='bbox 280 1404 477 1461; x_wconf 81' lang='lat' dir='ltr'>cogniti,</span> <span class='ocrx_word' id='word_1_191' title='bbox 507 1403 758 1448; x_wconf 84' lang='lat' dir='ltr'>attenditur</span> <span class='ocrx_word' id='word_1_192' title='bbox 788 1400 1045 1446; x_wconf 82' lang='lat' dir='ltr'>secundum</span> <span class='ocrx_word' id='word_1_193' title='bbox 1074 1397 1303 1449; x_wconf 87' lang='lat' dir='ltr'>medium;</span> <span class='ocrx_word' id='word_1_194' title='bbox 1330 1396 1412 1441; x_wconf 89' lang='lat' dir='ltr'>sed</span> <span class='ocrx_word' id='word_1_195' title='bbox 1437 1398 1662 1452; x_wconf 79' lang='lat' dir='ltr'>quantum</span> <span class='ocrx_word' id='word_1_196' title='bbox 1684 1399 1755 1439; x_wconf 88' lang='lat' dir='ltr'>est</span> <span class='ocrx_word' id='word_1_197' title='bbox 1783 1406 1840 1438; x_wconf 87' lang='lat' dir='ltr'>ex</span> <span class='ocrx_word' id='word_1_198' title='bbox 1864 1398 1994 1450; x_wconf 89' lang='lat' dir='ltr'>parte</span> 
     </span>
     <span class='ocr_line' id='line_1_20' title="bbox 120 1456 1995 1521; baseline -0.005 -11"><span class='ocrx_word' id='word_1_199' title='bbox 120 1466 465 1521; x_wconf 84' lang='lat' dir='ltr'>cognoscentis,</span> <span class='ocrx_word' id='word_1_200' title='bbox 494 1464 744 1510; x_wconf 87' lang='lat' dir='ltr'>attenditur</span> <span class='ocrx_word' id='word_1_201' title='bbox 776 1461 1032 1507; x_wconf 82' lang='lat' dir='ltr'>secundum</span> <span class='ocrx_word' id='word_1_202' title='bbox 1068 1459 1318 1517; x_wconf 88' lang='lat' dir='ltr'>potentiam</span> <span class='ocrx_word' id='word_1_203' title='bbox 1352 1458 1426 1502; x_wconf 88' lang='lat' dir='ltr'>vel</span> <span class='ocrx_word' id='word_1_204' title='bbox 1454 1457 1679 1502; x_wconf 88' lang='lat' dir='ltr'>habitum.</span> <span class='ocrx_word' id='word_1_205' title='bbox 1703 1458 1755 1501; x_wconf 85' lang='lat' dir='ltr'>Et</span> <span class='ocrx_word' id='word_1_206' title='bbox 1785 1456 1893 1501; x_wconf 90' lang='lat' dir='ltr'>inde</span> <span class='ocrx_word' id='word_1_207' title='bbox 1922 1460 1995 1501; x_wconf 85' lang='lat' dir='ltr'>est</span> 
     </span>
     <span class='ocr_line' id='line_1_21' title="bbox 119 1517 1995 1582; baseline -0.006 -11"><span class='ocrx_word' id='word_1_208' title='bbox 119 1527 242 1582; x_wconf 69' lang='lat' dir='ltr'>quud</span> <span class='ocrx_word' id='word_1_209' title='bbox 265 1527 401 1571; x_wconf 85' lang='lat' dir='ltr'>etiam</span> <span class='ocrx_word' id='word_1_210' title='bbox 424 1527 542 1570; x_wconf 89' lang='lat' dir='ltr'>inter</span> <span class='ocrx_word' id='word_1_211' title='bbox 563 1525 771 1569; x_wconf 84' lang='lat' dir='ltr'>homines</span> <span class='ocrx_word' id='word_1_212' title='bbox 801 1535 883 1580; x_wconf 87' lang='lat' dir='ltr'>per</span> <span class='ocrx_word' id='word_1_213' title='bbox 912 1533 1059 1566; x_wconf 89' lang='lat' dir='ltr'>unum</span> <span class='ocrx_word' id='word_1_214' title='bbox 1087 1520 1292 1565; x_wconf 85' lang='lat' dir='ltr'>medium</span> <span class='ocrx_word' id='word_1_215' title='bbox 1322 1531 1446 1563; x_wconf 87' lang='lat' dir='ltr'>unus</span> <span class='ocrx_word' id='word_1_216' title='bbox 1473 1517 1724 1575; x_wconf 78' lang='lat' dir='ltr'>perfectius</span> <span class='ocrx_word' id='word_1_217' title='bbox 1753 1517 1995 1573; x_wconf 83' lang='lat' dir='ltr'>cognoscit</span> 
     </span>
     <span class='ocr_line' id='line_1_22' title="bbox 120 1579 1995 1644; baseline -0.004 -14"><span class='ocrx_word' id='word_1_218' title='bbox 120 1588 319 1644; x_wconf 82' lang='lat' dir='ltr'>aliquam</span> <span class='ocrx_word' id='word_1_219' title='bbox 335 1588 681 1632; x_wconf 88' lang='lat' dir='ltr'>conclusionem</span> <span class='ocrx_word' id='word_1_220' title='bbox 700 1585 839 1642; x_wconf 74' lang='lat' dir='ltr'>quam</span> <span class='ocrx_word' id='word_1_221' title='bbox 857 1584 992 1629; x_wconf 87' lang='lat' dir='ltr'>alius.</span> <span class='ocrx_word' id='word_1_222' title='bbox 1013 1586 1067 1628; x_wconf 90' lang='lat' dir='ltr'>Et</span> <span class='ocrx_word' id='word_1_223' title='bbox 1084 1595 1166 1639; x_wconf 90' lang='lat' dir='ltr'>per</span> <span class='ocrx_word' id='word_1_224' title='bbox 1180 1583 1306 1627; x_wconf 90' lang='lat' dir='ltr'>hunc</span> <span class='ocrx_word' id='word_1_225' title='bbox 1320 1582 1509 1626; x_wconf 88' lang='lat' dir='ltr'>modum</span> <span class='ocrx_word' id='word_1_226' title='bbox 1527 1580 1681 1624; x_wconf 86' lang='lat' dir='ltr'>anima</span> <span class='ocrx_word' id='word_1_227' title='bbox 1694 1579 1874 1635; x_wconf 85' lang='lat' dir='ltr'>Christi,</span> <span class='ocrx_word' id='word_1_228' title='bbox 1891 1592 1995 1635; x_wconf 84' lang='lat' dir='ltr'>quae</span> 
     </span>
     <span class='ocr_line' id='line_1_23' title="bbox 122 1641 1995 1705; baseline -0.004 -13"><span class='ocrx_word' id='word_1_229' title='bbox 122 1649 446 1694; x_wconf 86' lang='lat' dir='ltr'>abundantiori</span> <span class='ocrx_word' id='word_1_230' title='bbox 479 1649 682 1705; x_wconf 89' lang='lat' dir='ltr'>repletur</span> <span class='ocrx_word' id='word_1_231' title='bbox 721 1647 920 1704; x_wconf 84' lang='lat' dir='ltr'>lumine,</span> <span class='ocrx_word' id='word_1_232' title='bbox 950 1644 1200 1702; x_wconf 81' lang='lat' dir='ltr'>perfectius</span> <span class='ocrx_word' id='word_1_233' title='bbox 1234 1643 1472 1699; x_wconf 83' lang='lat' dir='ltr'>cognoscit</span> <span class='ocrx_word' id='word_1_234' title='bbox 1507 1642 1710 1687; x_wconf 89' lang='lat' dir='ltr'>divinam</span> <span class='ocrx_word' id='word_1_235' title='bbox 1745 1641 1995 1686; x_wconf 82' lang='lat' dir='ltr'>essentiam</span> 
     </span>
     <span class='ocr_line' id='line_1_24' title="bbox 123 1702 1903 1765; baseline -0.004 -13"><span class='ocrx_word' id='word_1_236' title='bbox 123 1710 261 1765; x_wconf 79' lang='lat' dir='ltr'>quam</span> <span class='ocrx_word' id='word_1_237' title='bbox 280 1710 355 1754; x_wconf 88' lang='lat' dir='ltr'>alii</span> <span class='ocrx_word' id='word_1_238' title='bbox 374 1710 512 1765; x_wconf 86' lang='lat' dir='ltr'>beati,</span> <span class='ocrx_word' id='word_1_239' title='bbox 532 1709 639 1754; x_wconf 78' lang='lat' dir='ltr'>licet</span> <span class='ocrx_word' id='word_1_240' title='bbox 659 1720 822 1753; x_wconf 89' lang='lat' dir='ltr'>omnes</span> <span class='ocrx_word' id='word_1_241' title='bbox 843 1707 992 1763; x_wconf 88' lang='lat' dir='ltr'>ipsam</span> <span class='ocrx_word' id='word_1_242' title='bbox 1012 1706 1088 1750; x_wconf 90' lang='lat' dir='ltr'>Dei</span> <span class='ocrx_word' id='word_1_243' title='bbox 1112 1705 1362 1750; x_wconf 85' lang='lat' dir='ltr'>essentiam</span> <span class='ocrx_word' id='word_1_244' title='bbox 1378 1704 1563 1748; x_wconf 85' lang='lat' dir='ltr'>videant</span> <span class='ocrx_word' id='word_1_245' title='bbox 1584 1715 1666 1759; x_wconf 89' lang='lat' dir='ltr'>per</span> <span class='ocrx_word' id='word_1_246' title='bbox 1684 1702 1903 1758; x_wconf 87' lang='lat' dir='ltr'>seipsam.</span> 
     </span>
    </p>

    <p class='ocr_par' dir='ltr' id='par_1_7' title="bbox 121 1764 1997 2071">
     <span class='ocr_line' id='line_1_25' title="bbox 180 1764 1995 1826; baseline -0.003 -11"><span class='ocrx_word' id='word_1_247' title='bbox 180 1770 246 1815; x_wconf 83' lang='lat' dir='ltr'>Ad</span> <span class='ocrx_word' id='word_1_248' title='bbox 275 1772 516 1814; x_wconf 76' lang='lat' dir='ltr'>secundum</span> <span class='ocrx_word' id='word_1_249' title='bbox 542 1770 814 1824; x_wconf 89' lang='lat' dir='ltr'>dicendum,</span> <span class='ocrx_word' id='word_1_250' title='bbox 837 1768 960 1826; x_wconf 84' lang='lat' dir='ltr'>quod</span> <span class='ocrx_word' id='word_1_251' title='bbox 977 1767 1094 1812; x_wconf 88' lang='lat' dir='ltr'>visio</span> <span class='ocrx_word' id='word_1_252' title='bbox 1118 1767 1286 1811; x_wconf 84' lang='lat' dir='ltr'>divinae</span> <span class='ocrx_word' id='word_1_253' title='bbox 1304 1765 1518 1810; x_wconf 80' lang='lat' dir='ltr'>essentiae</span> <span class='ocrx_word' id='word_1_254' title='bbox 1537 1764 1718 1809; x_wconf 87' lang='lat' dir='ltr'>excedit</span> <span class='ocrx_word' id='word_1_255' title='bbox 1739 1764 1995 1809; x_wconf 84' lang='lat' dir='ltr'>naturalem</span> 
     </span>
     <span class='ocr_line' id='line_1_26' title="bbox 123 1827 1992 1887; baseline -0.002 -13"><span class='ocrx_word' id='word_1_256' title='bbox 123 1831 372 1887; x_wconf 86' lang='lat' dir='ltr'>potentiam</span> <span class='ocrx_word' id='word_1_257' title='bbox 386 1831 633 1887; x_wconf 89' lang='lat' dir='ltr'>cujuslibet</span> <span class='ocrx_word' id='word_1_258' title='bbox 644 1836 885 1885; x_wconf 84' lang='lat' dir='ltr'>creaturae,</span> <span class='ocrx_word' id='word_1_259' title='bbox 900 1829 1014 1874; x_wconf 88' lang='lat' dir='ltr'>utin</span> <span class='ocrx_word' id='word_1_260' title='bbox 1028 1828 1176 1885; x_wconf 90' lang='lat' dir='ltr'>prima</span> <span class='ocrx_word' id='word_1_261' title='bbox 1196 1832 1326 1884; x_wconf 87' lang='lat' dir='ltr'>parte</span> <span class='ocrx_word' id='word_1_262' title='bbox 1341 1827 1513 1871; x_wconf 89' lang='lat' dir='ltr'>dictum</span> <span class='ocrx_word' id='word_1_263' title='bbox 1535 1831 1606 1871; x_wconf 87' lang='lat' dir='ltr'>est</span> <span class='ocrx_word' id='word_1_264' title='bbox 1621 1828 1717 1882; x_wconf 85' lang='lat' dir='ltr'>(qu.</span> <span class='ocrx_word' id='word_1_265' title='bbox 1737 1839 1811 1878; x_wconf 80' lang='lat' dir='ltr'>xu,</span> <span class='ocrx_word' id='word_1_266' title='bbox 1829 1832 1916 1870; x_wconf 86' lang='lat' dir='ltr'>art.</span> <span class='ocrx_word' id='word_1_267' title='bbox 1931 1830 1992 1879; x_wconf 69' lang='lat'>4).</span> 
     </span>
     <span class='ocr_line' id='line_1_27' title="bbox 121 1887 1995 1948; baseline -0.002 -13"><span class='ocrx_word' id='word_1_268' title='bbox 121 1894 173 1935; x_wconf 80' lang='lat' dir='ltr'>Et</span> <span class='ocrx_word' id='word_1_269' title='bbox 195 1892 298 1936; x_wconf 90' lang='lat' dir='ltr'>ideo</span> <span class='ocrx_word' id='word_1_270' title='bbox 320 1891 492 1948; x_wconf 90' lang='lat' dir='ltr'>gradus</span> <span class='ocrx_word' id='word_1_271' title='bbox 514 1892 560 1935; x_wconf 82' lang='lat' dir='ltr'>ln</span> <span class='ocrx_word' id='word_1_272' title='bbox 582 1892 683 1948; x_wconf 88' lang='lat' dir='ltr'>ipsa</span> <span class='ocrx_word' id='word_1_273' title='bbox 701 1892 1003 1936; x_wconf 87' lang='lat' dir='ltr'>attenduntur</span> <span class='ocrx_word' id='word_1_274' title='bbox 1024 1890 1174 1945; x_wconf 84' lang='lat' dir='ltr'>magis</span> <span class='ocrx_word' id='word_1_275' title='bbox 1186 1891 1244 1943; x_wconf 86' lang='lat'>(1)</span> <span class='ocrx_word' id='word_1_276' title='bbox 1263 1888 1518 1933; x_wconf 79' lang='lat' dir='ltr'>secundum</span> <span class='ocrx_word' id='word_1_277' title='bbox 1538 1887 1748 1932; x_wconf 88' lang='lat' dir='ltr'>ordinem</span> <span class='ocrx_word' id='word_1_278' title='bbox 1768 1888 1928 1943; x_wconf 81' lang='lat' dir='ltr'>gratiae</span> <span class='ocrx_word' id='word_1_279' title='bbox 1947 1887 1995 1931; x_wconf 86' lang='lat' dir='ltr'>in</span> 
     </span>
     <span class='ocr_line' id='line_1_28' title="bbox 121 1948 1997 2009; baseline -0.002 -12"><span class='ocrx_word' id='word_1_280' title='bbox 121 1965 213 2009; x_wconf 89' lang='lat' dir='ltr'>quo</span> <span class='ocrx_word' id='word_1_281' title='bbox 238 1953 442 2005; x_wconf 82' lang='lat' dir='ltr'>Christus</span> <span class='ocrx_word' id='word_1_282' title='bbox 464 1957 535 1998; x_wconf 89' lang='lat' dir='ltr'>est</span> <span class='ocrx_word' id='word_1_283' title='bbox 555 1952 987 2006; x_wconf 86' lang='lat' dir='ltr'>excellentissimus,</span> <span class='ocrx_word' id='word_1_284' title='bbox 1009 1952 1149 2006; x_wconf 80' lang='lat' dir='ltr'>quam</span> <span class='ocrx_word' id='word_1_285' title='bbox 1171 1950 1430 1995; x_wconf 77' lang='lat' dir='ltr'>secundum</span> <span class='ocrx_word' id='word_1_286' title='bbox 1458 1948 1666 1994; x_wconf 85' lang='lat' dir='ltr'>ordinem</span> <span class='ocrx_word' id='word_1_287' title='bbox 1696 1953 1894 2007; x_wconf 86' lang='lat' dir='ltr'>naturae,</span> <span class='ocrx_word' id='word_1_288' title='bbox 1921 1961 1997 1994; x_wconf 93' lang='lat' dir='ltr'>se-</span> 
     </span>
     <span class='ocr_line' id='line_1_29' title="bbox 121 2012 1417 2071; baseline -0.002 -14"><span class='ocrx_word' id='word_1_289' title='bbox 121 2014 323 2058; x_wconf 84' lang='lat' dir='ltr'>cundum</span> <span class='ocrx_word' id='word_1_290' title='bbox 347 2027 487 2071; x_wconf 86' lang='lat' dir='ltr'>quem</span> <span class='ocrx_word' id='word_1_291' title='bbox 507 2021 672 2059; x_wconf 88' lang='lat' dir='ltr'>natura</span> <span class='ocrx_word' id='word_1_292' title='bbox 693 2015 901 2070; x_wconf 85' lang='lat' dir='ltr'>angelica</span> <span class='ocrx_word' id='word_1_293' title='bbox 923 2013 1163 2070; x_wconf 84' lang='lat' dir='ltr'>praefertur</span> <span class='ocrx_word' id='word_1_294' title='bbox 1184 2012 1417 2057; x_wconf 80' lang='lat' dir='ltr'>humanae.</span> 
     </span>
    </p>

    <p class='ocr_par' dir='ltr' id='par_1_8' title="bbox 119 2072 1997 2378">
     <span class='ocr_line' id='line_1_30' title="bbox 171 2072 1993 2132; baseline -0.001 -13"><span class='ocrx_word' id='word_1_295' title='bbox 171 2075 238 2120; x_wconf 89' lang='lat' dir='ltr'>Ad</span> <span class='ocrx_word' id='word_1_296' title='bbox 261 2078 441 2119; x_wconf 79' lang='lat' dir='ltr'>tertium</span> <span class='ocrx_word' id='word_1_297' title='bbox 472 2075 740 2132; x_wconf 82' lang='lat' dir='ltr'>dicendum,</span> <span class='ocrx_word' id='word_1_298' title='bbox 763 2075 903 2132; x_wconf 80' lang='lat' dir='ltr'>quod,</span> <span class='ocrx_word' id='word_1_299' title='bbox 929 2075 1050 2120; x_wconf 89' lang='lat' dir='ltr'>sicut</span> <span class='ocrx_word' id='word_1_300' title='bbox 1082 2086 1222 2130; x_wconf 89' lang='lat' dir='ltr'>supra</span> <span class='ocrx_word' id='word_1_301' title='bbox 1251 2073 1425 2118; x_wconf 84' lang='lat' dir='ltr'>dictum</span> <span class='ocrx_word' id='word_1_302' title='bbox 1451 2078 1522 2117; x_wconf 90' lang='lat' dir='ltr'>est</span> <span class='ocrx_word' id='word_1_303' title='bbox 1552 2072 1609 2118; x_wconf 91' lang='lat' dir='ltr'>de</span> <span class='ocrx_word' id='word_1_304' title='bbox 1638 2072 1786 2128; x_wconf 84' lang='lat' dir='ltr'>gratia</span> <span class='ocrx_word' id='word_1_305' title='bbox 1800 2075 1898 2130; x_wconf 86' lang='lat' dir='ltr'>(qu.</span> <span class='ocrx_word' id='word_1_306' title='bbox 1917 2087 1993 2129; x_wconf 86' lang='lat' dir='ltr'>vu,</span> 
     </span>
     <span class='ocr_line' id='line_1_31' title="bbox 121 2133 1996 2193; baseline 0.001 -14"><span class='ocrx_word' id='word_1_307' title='bbox 121 2142 205 2180; x_wconf 88' lang='lat' dir='ltr'>art.</span> <span class='ocrx_word' id='word_1_308' title='bbox 228 2138 312 2191; x_wconf 71' lang='lat'>12),</span> <span class='ocrx_word' id='word_1_309' title='bbox 332 2137 457 2193; x_wconf 84' lang='lat' dir='ltr'>quod</span> <span class='ocrx_word' id='word_1_310' title='bbox 479 2133 571 2181; x_wconf 87' lang='lat' dir='ltr'>non</span> <span class='ocrx_word' id='word_1_311' title='bbox 597 2142 868 2193; x_wconf 84' lang='lat' dir='ltr'>potestesse</span> <span class='ocrx_word' id='word_1_312' title='bbox 888 2137 1037 2193; x_wconf 86' lang='lat' dir='ltr'>maj0r</span> <span class='ocrx_word' id='word_1_313' title='bbox 1055 2135 1199 2191; x_wconf 80' lang='lat' dir='ltr'>gratia</span> <span class='ocrx_word' id='word_1_314' title='bbox 1219 2134 1359 2191; x_wconf 81' lang='lat' dir='ltr'>quam</span> <span class='ocrx_word' id='word_1_315' title='bbox 1375 2134 1521 2190; x_wconf 83' lang='lat' dir='ltr'>gratia</span> <span class='ocrx_word' id='word_1_316' title='bbox 1535 2134 1695 2178; x_wconf 89' lang='lat' dir='ltr'>Christi</span> <span class='ocrx_word' id='word_1_317' title='bbox 1715 2146 1798 2191; x_wconf 89' lang='lat' dir='ltr'>per</span> <span class='ocrx_word' id='word_1_318' title='bbox 1812 2147 1996 2190; x_wconf 81' lang='lat' dir='ltr'>respec-</span> 
     </span>
     <span class='ocr_line' id='line_1_32' title="bbox 122 2196 1997 2252; baseline 0.001 -12"><span class='ocrx_word' id='word_1_319' title='bbox 122 2203 220 2240; x_wconf 91' lang='lat' dir='ltr'>tum</span> <span class='ocrx_word' id='word_1_320' title='bbox 243 2197 302 2243; x_wconf 90' lang='lat' dir='ltr'>ad</span> <span class='ocrx_word' id='word_1_321' title='bbox 323 2199 543 2242; x_wconf 90' lang='lat' dir='ltr'>unionem</span> <span class='ocrx_word' id='word_1_322' title='bbox 562 2199 693 2242; x_wconf 86' lang='lat' dir='ltr'>Verbi</span> <span class='ocrx_word' id='word_1_323' title='bbox 712 2214 723 2243; x_wconf 74' lang='grc' dir='ltr'><strong><em>ε</em></strong></span> <span class='ocrx_word' id='word_1_324' title='bbox 748 2198 868 2243; x_wconf 83' lang='lat' dir='ltr'>idem</span> <span class='ocrx_word' id='word_1_325' title='bbox 892 2198 1030 2242; x_wconf 87' lang='lat' dir='ltr'>etiam</span> <span class='ocrx_word' id='word_1_326' title='bbox 1049 2197 1296 2242; x_wconf 87' lang='lat' dir='ltr'>dicendum</span> <span class='ocrx_word' id='word_1_327' title='bbox 1311 2200 1445 2241; x_wconf 91' lang='lat' dir='ltr'>estet</span> <span class='ocrx_word' id='word_1_328' title='bbox 1462 2196 1519 2240; x_wconf 90' lang='lat' dir='ltr'>de</span> <span class='ocrx_word' id='word_1_329' title='bbox 1537 2196 1815 2252; x_wconf 83' lang='lat' dir='ltr'>perfectione</span> <span class='ocrx_word' id='word_1_330' title='bbox 1829 2197 1997 2242; x_wconf 86' lang='lat' dir='ltr'>divinae</span> 
     </span>
     <span class='ocr_line' id='line_1_33' title="bbox 120 2257 1995 2316; baseline 0.002 -15"><span class='ocrx_word' id='word_1_331' title='bbox 120 2258 336 2314; x_wconf 80' lang='lat' dir='ltr'>visionis3</span> <span class='ocrx_word' id='word_1_332' title='bbox 357 2259 481 2316; x_wconf 79' lang='lat' dir='ltr'>licet,</span> <span class='ocrx_word' id='word_1_333' title='bbox 504 2258 715 2304; x_wconf 81' lang='lat' dir='ltr'>absolute</span> <span class='ocrx_word' id='word_1_334' title='bbox 729 2259 1082 2314; x_wconf 79' lang='lat' dir='ltr'>considerandO,</span> <span class='ocrx_word' id='word_1_335' title='bbox 1101 2259 1249 2315; x_wconf 90' lang='lat' dir='ltr'>possit</span> <span class='ocrx_word' id='word_1_336' title='bbox 1266 2270 1371 2303; x_wconf 89' lang='lat' dir='ltr'>esse</span> <span class='ocrx_word' id='word_1_337' title='bbox 1389 2257 1558 2315; x_wconf 88' lang='lat' dir='ltr'>aliquis</span> <span class='ocrx_word' id='word_1_338' title='bbox 1575 2258 1749 2314; x_wconf 88' lang='lat' dir='ltr'>gradus</span> <span class='ocrx_word' id='word_1_339' title='bbox 1766 2258 1899 2303; x_wconf 86' lang='lat' dir='ltr'>altior</span> <span class='ocrx_word' id='word_1_340' title='bbox 1916 2271 1995 2304; x_wconf 89' lang='lat' dir='ltr'>su-</span> 
     </span>
     <span class='ocr_line' id='line_1_34' title="bbox 119 2319 1403 2378; baseline 0.001 -15"><span class='ocrx_word' id='word_1_341' title='bbox 119 2319 390 2378; x_wconf 86' lang='lat' dir='ltr'>blimiorque</span> <span class='ocrx_word' id='word_1_342' title='bbox 412 2322 667 2366; x_wconf 80' lang='lat' dir='ltr'>secundum</span> <span class='ocrx_word' id='word_1_343' title='bbox 689 2322 962 2366; x_wconf 84' lang='lat' dir='ltr'>infinitatem</span> <span class='ocrx_word' id='word_1_344' title='bbox 985 2321 1154 2366; x_wconf 80' lang='lat' dir='ltr'>divinae</span> <span class='ocrx_word' id='word_1_345' title='bbox 1172 2320 1403 2377; x_wconf 85' lang='lat' dir='ltr'>potentiae.</span> 
     </span>
    </p>
   </div>
   <div class='ocr_carea' id='block_1_5' title="bbox 838 2439 1268 2503">
    <p class='ocr_par' dir='ltr' id='par_1_9' title="bbox 838 2439 1268 2503">
     <span class='ocr_line' id='line_1_35' title="bbox 838 2439 1268 2503; baseline -0.002 -10"><span class='ocrx_word' id='word_1_346' title='bbox 838 2439 1140 2503; x_wconf 85' lang='lat' dir='ltr'><strong>QUAESTIO</strong></span> <span class='ocrx_word' id='word_1_347' title='bbox 1179 2439 1268 2492; x_wconf 92' lang='lat' dir='ltr'>XI.</span> 
     </span>
    </p>
   </div>
   <div class='ocr_carea' id='block_1_6' title="bbox 120 2547 1989 2600">
    <p class='ocr_par' dir='ltr' id='par_1_10' title="bbox 120 2547 1989 2600">
     <span class='ocr_line' id='line_1_36' title="bbox 120 2547 1989 2600; baseline 0.005 -20"><span class='ocrx_word' id='word_1_348' title='bbox 120 2547 181 2582; x_wconf 88' lang='lat' dir='ltr'>DE</span> <span class='ocrx_word' id='word_1_349' title='bbox 214 2547 424 2584; x_wconf 74' lang='lat' dir='ltr'>sclENTIA</span> <span class='ocrx_word' id='word_1_350' title='bbox 454 2550 609 2586; x_wconf 72' lang='lat' dir='ltr'>{Num</span> <span class='ocrx_word' id='word_1_351' title='bbox 639 2552 730 2587; x_wconf 79' lang='lat' dir='ltr'>VEL</span> <span class='ocrx_word' id='word_1_352' title='bbox 762 2552 928 2587; x_wconf 71' lang='lat' dir='ltr'><strong>INFUSA</strong></span> <span class='ocrx_word' id='word_1_353' title='bbox 948 2551 1111 2586; x_wconf 78' lang='lat' dir='ltr'>ANIMAE</span> <span class='ocrx_word' id='word_1_354' title='bbox 1133 2551 1337 2600; x_wconf 74' lang='lat' dir='ltr'>CHRISTI,</span> <span class='ocrx_word' id='word_1_355' title='bbox 1361 2550 1410 2586; x_wconf 87' lang='lat' dir='ltr'>IN</span> <span class='ocrx_word' id='word_1_356' title='bbox 1432 2552 1521 2588; x_wconf 81' lang='lat' dir='ltr'>SEX</span> <span class='ocrx_word' id='word_1_357' title='bbox 1543 2551 1803 2588; x_wconf 79' lang='lat' dir='ltr'>ARTICULOS</span> <span class='ocrx_word' id='word_1_358' title='bbox 1822 2553 1989 2590; x_wconf 77' lang='lat' dir='ltr'>mVISA.</span> 
     </span>
    </p>
   </div>
   <div class='ocr_carea' id='block_1_7' title="bbox 121 2629 1994 2846">
    <p class='ocr_par' dir='ltr' id='par_1_11' title="bbox 121 2629 1994 2846">
     <span class='ocr_line' id='line_1_37' title="bbox 169 2629 1994 2684; baseline 0.004 -16"><span class='ocrx_word' id='word_1_359' title='bbox 169 2629 318 2670; x_wconf 88' lang='lat' dir='ltr'>Deinde</span> <span class='ocrx_word' id='word_1_360' title='bbox 340 2631 676 2673; x_wconf 87' lang='lat' dir='ltr'>considerandum</span> <span class='ocrx_word' id='word_1_361' title='bbox 699 2637 759 2673; x_wconf 86' lang='lat' dir='ltr'>est</span> <span class='ocrx_word' id='word_1_362' title='bbox 780 2634 828 2674; x_wconf 85' lang='lat' dir='ltr'>de</span> <span class='ocrx_word' id='word_1_363' title='bbox 852 2633 1021 2673; x_wconf 88' lang='lat' dir='ltr'>scientia</span> <span class='ocrx_word' id='word_1_364' title='bbox 1046 2634 1179 2672; x_wconf 87' lang='lat' dir='ltr'>indita</span> <span class='ocrx_word' id='word_1_365' title='bbox 1205 2632 1270 2673; x_wconf 89' lang='lat' dir='ltr'>vel</span> <span class='ocrx_word' id='word_1_366' title='bbox 1291 2632 1428 2672; x_wconf 82' lang='lat' dir='ltr'>infusa</span> <span class='ocrx_word' id='word_1_367' title='bbox 1452 2633 1604 2673; x_wconf 82' lang='lat' dir='ltr'>animae</span> <span class='ocrx_word' id='word_1_368' title='bbox 1632 2634 1781 2674; x_wconf 89' lang='lat' dir='ltr'>Christi</span> <span class='ocrx_word' id='word_1_369' title='bbox 1797 2649 1812 2684; x_wconf 65' lang='lat' dir='ltr'>;v</span> <span class='ocrx_word' id='word_1_370' title='bbox 1833 2638 1871 2675; x_wconf 87' lang='lat' dir='ltr'>et</span> <span class='ocrx_word' id='word_1_371' title='bbox 1889 2638 1994 2676; x_wconf 87' lang='lat' dir='ltr'>circa</span> 
     </span>
     <span class='ocr_line' id='line_1_38' title="bbox 121 2684 1993 2733; baseline 0.005 -12"><span class='ocrx_word' id='word_1_372' title='bbox 121 2684 196 2722; x_wconf 87' lang='lat' dir='ltr'>hoc</span> <span class='ocrx_word' id='word_1_373' title='bbox 215 2689 455 2733; x_wconf 88' lang='lat' dir='ltr'>quaeruntur</span> <span class='ocrx_word' id='word_1_374' title='bbox 479 2698 573 2726; x_wconf 83' lang='lat' dir='ltr'>sex:</span> <span class='ocrx_word' id='word_1_375' title='bbox 598 2693 633 2726; x_wconf 82' lang='lat'>1⁰</span> <span class='ocrx_word' id='word_1_376' title='bbox 661 2689 805 2728; x_wconf 83' lang='lat' dir='ltr'>Utrum</span> <span class='ocrx_word' id='word_1_377' title='bbox 829 2686 1054 2728; x_wconf 79' lang='lat' dir='ltr'>secundum</span> <span class='ocrx_word' id='word_1_378' title='bbox 1074 2687 1179 2727; x_wconf 88' lang='lat' dir='ltr'>hanc</span> <span class='ocrx_word' id='word_1_379' title='bbox 1206 2687 1420 2727; x_wconf 85' lang='lat' dir='ltr'>scientiam</span> <span class='ocrx_word' id='word_1_380' title='bbox 1437 2687 1622 2728; x_wconf 84' lang='lat' dir='ltr'>Christus</span> <span class='ocrx_word' id='word_1_381' title='bbox 1647 2690 1746 2729; x_wconf 86' lang='lat' dir='ltr'>sciat</span> <span class='ocrx_word' id='word_1_382' title='bbox 1769 2691 1923 2730; x_wconf 86' lang='lat' dir='ltr'>omnia.</span> <span class='ocrx_word' id='word_1_383' title='bbox 1945 2711 1993 2720; x_wconf 73' lang='grc'>«-</span> 
     </span>
     <span class='ocr_line' id='line_1_39' title="bbox 121 2738 1994 2794; baseline 0.003 -16"><span class='ocrx_word' id='word_1_384' title='bbox 121 2739 163 2778; x_wconf 75' lang='lat'>2⁰</span> <span class='ocrx_word' id='word_1_385' title='bbox 178 2738 323 2777; x_wconf 78' lang='lat' dir='ltr'>Utrum</span> <span class='ocrx_word' id='word_1_386' title='bbox 340 2738 415 2778; x_wconf 77' lang='lat' dir='ltr'>hac</span> <span class='ocrx_word' id='word_1_387' title='bbox 431 2741 599 2780; x_wconf 78' lang='lat' dir='ltr'>scientia</span> <span class='ocrx_word' id='word_1_388' title='bbox 614 2741 676 2780; x_wconf 84' lang='lat' dir='ltr'>uti</span> <span class='ocrx_word' id='word_1_389' title='bbox 694 2742 871 2793; x_wconf 84' lang='lat' dir='ltr'>potuerit</span> <span class='ocrx_word' id='word_1_390' title='bbox 890 2753 972 2781; x_wconf 89' lang='lat' dir='ltr'>non</span> <span class='ocrx_word' id='word_1_391' title='bbox 994 2741 1262 2782; x_wconf 84' lang='lat' dir='ltr'>convertendo</span> <span class='ocrx_word' id='word_1_392' title='bbox 1282 2753 1323 2781; x_wconf 87' lang='lat' dir='ltr'>se</span> <span class='ocrx_word' id='word_1_393' title='bbox 1340 2741 1391 2781; x_wconf 86' lang='lat' dir='ltr'>ad</span> <span class='ocrx_word' id='word_1_394' title='bbox 1410 2742 1711 2794; x_wconf 85' lang='lat' dir='ltr'>phantasmata.</span> <span class='ocrx_word' id='word_1_395' title='bbox 1727 2766 1776 2772; x_wconf 94' lang='lat'>--</span> <span class='ocrx_word' id='word_1_396' title='bbox 1790 2749 1829 2783; x_wconf 81' lang='lat'>3⁶</span> <span class='ocrx_word' id='word_1_397' title='bbox 1846 2742 1994 2784; x_wconf 76' lang='lat' dir='ltr'>Utrum</span> 
     </span>
     <span class='ocr_line' id='line_1_40' title="bbox 128 2792 1993 2846; baseline 0.005 -17"><span class='ocrx_word' id='word_1_398' title='bbox 128 2793 208 2829; x_wconf 83' lang='lat' dir='ltr'>haec</span> <span class='ocrx_word' id='word_1_399' title='bbox 226 2792 391 2831; x_wconf 87' lang='lat' dir='ltr'>scientia</span> <span class='ocrx_word' id='word_1_400' title='bbox 406 2793 527 2833; x_wconf 82' lang='lat' dir='ltr'>fuerit</span> <span class='ocrx_word' id='word_1_401' title='bbox 544 2795 746 2836; x_wconf 86' lang='lat' dir='ltr'>collativa.</span> <span class='ocrx_word' id='word_1_402' title='bbox 771 2817 817 2825; x_wconf 89' lang='lat'><strong>—</strong></span> <span class='ocrx_word' id='word_1_403' title='bbox 831 2801 872 2835; x_wconf 76' lang='grc' dir='ltr'>4ο</span> <span class='ocrx_word' id='word_1_404' title='bbox 891 2797 946 2835; x_wconf 86' lang='lat' dir='ltr'>De</span> <span class='ocrx_word' id='word_1_405' title='bbox 965 2796 1266 2846; x_wconf 84' lang='lat' dir='ltr'>comparatione</span> <span class='ocrx_word' id='word_1_406' title='bbox 1285 2795 1408 2846; x_wconf 72' lang='lat' dir='ltr'>huJ&#39;us</span> <span class='ocrx_word' id='word_1_407' title='bbox 1427 2797 1604 2836; x_wconf 86' lang='lat' dir='ltr'>scientiae</span> <span class='ocrx_word' id='word_1_408' title='bbox 1615 2796 1671 2836; x_wconf 82' lang='lat' dir='ltr'>ad</span> <span class='ocrx_word' id='word_1_409' title='bbox 1690 2798 1901 2838; x_wconf 87' lang='lat' dir='ltr'>scientiam</span> <span class='ocrx_word' id='word_1_410' title='bbox 1917 2809 1993 2839; x_wconf 83' lang='lat' dir='ltr'>an-</span> 
     </span>
    </p>
   </div>
   <div class='ocr_carea' id='block_1_8' title="bbox 125 2843 1996 2940">
    <p class='ocr_par' dir='ltr' id='par_1_12' title="bbox 125 2843 1996 2940">
     <span class='ocr_line' id='line_1_41' title="bbox 125 2843 1996 2938; baseline 0.005 -53"><span class='ocrx_word' id='word_1_411' title='bbox 125 2843 304 2938; x_wconf 45' lang='lat' dir='ltr'>aegtzasmil.</span> <span class='ocrx_word' id='word_1_412' title='bbox 323 2853 427 2938; x_wconf 49' lang='lat' dir='ltr'>-fftffi</span> <span class='ocrx_word' id='word_1_413' title='bbox 444 2848 592 2888; x_wconf 79' lang='lat' dir='ltr'>Utrum</span> <span class='ocrx_word' id='word_1_414' title='bbox 610 2850 731 2889; x_wconf 83' lang='lat' dir='ltr'>fuerit</span> <span class='ocrx_word' id='word_1_415' title='bbox 745 2850 913 2890; x_wconf 85' lang='lat' dir='ltr'>scientia</span> <span class='ocrx_word' id='word_1_416' title='bbox 932 2849 1167 2889; x_wconf 87' lang='lat' dir='ltr'>habitualis.</span> <span class='ocrx_word' id='word_1_417' title='bbox 1190 2872 1239 2879; x_wconf 93' lang='lat'>—</span> <span class='ocrx_word' id='word_1_418' title='bbox 1262 2857 1301 2890; x_wconf 86' lang='lat'>6⁰</span> <span class='ocrx_word' id='word_1_419' title='bbox 1319 2851 1466 2891; x_wconf 75' lang='lat' dir='ltr'>Utrum</span> <span class='ocrx_word' id='word_1_420' title='bbox 1490 2852 1612 2892; x_wconf 81' lang='lat' dir='ltr'>fuerit.</span> <span class='ocrx_word' id='word_1_421' title='bbox 1626 2852 1818 2892; x_wconf 86' lang='lat' dir='ltr'>distincta</span> <span class='ocrx_word' id='word_1_422' title='bbox 1836 2864 1904 2904; x_wconf 87' lang='lat' dir='ltr'>per</span> <span class='ocrx_word' id='word_1_423' title='bbox 1926 2853 1996 2895; x_wconf 77' lang='lat' dir='ltr'>di-</span> 
     </span>
     <span class='ocr_line' id='line_1_42' title="bbox 305 2910 452 2940; baseline 0.014 -2"><span class='ocrx_word' id='word_1_424' title='bbox 305 2910 327 2938; x_wconf 84' lang='lat' dir='ltr'>a</span> <span class='ocrx_word' id='word_1_425' title='bbox 357 2912 369 2937; x_wconf 86' lang='lat' dir='ltr'>l</span> <span class='ocrx_word' id='word_1_426' title='bbox 391 2911 452 2940; x_wconf 83' lang='lat' dir='ltr'>us.</span> 
     </span>
    </p>
   </div>
   <div class='ocr_carea' id='block_1_9' title="bbox 234 2964 1879 3083">
    <p class='ocr_par' dir='ltr' id='par_1_13' title="bbox 234 2964 1879 3083">
     <span class='ocr_line' id='line_1_43' title="bbox 234 2964 1879 3014; baseline 0.007 -11"><span class='ocrx_word' id='word_1_427' title='bbox 234 2964 568 3008; x_wconf 80' lang='lat' dir='ltr'>ARTicULUS</span> <span class='ocrx_word' id='word_1_428' title='bbox 595 2968 634 3010; x_wconf 88' lang='lat'>1.</span> <span class='ocrx_word' id='word_1_429' title='bbox 658 2991 714 2999; x_wconf 91' lang='lat'><strong>—</strong></span> <span class='ocrx_word' id='word_1_430' title='bbox 738 2980 877 3010; x_wconf 74' lang='lat' dir='ltr'>urium</span> <span class='ocrx_word' id='word_1_431' title='bbox 908 2980 1120 3010; x_wconf 60' lang='lat' dir='ltr'>sscmvnum</span> <span class='ocrx_word' id='word_1_432' title='bbox 1157 2980 1371 3011; x_wconf 62' lang='lat' dir='ltr'>selemiau</span> <span class='ocrx_word' id='word_1_433' title='bbox 1401 2980 1566 3011; x_wconf 68' lang='lat' dir='ltr'>mnium</span> <span class='ocrx_word' id='word_1_434' title='bbox 1596 2982 1676 3012; x_wconf 68' lang='lat' dir='ltr'>vm„</span> <span class='ocrx_word' id='word_1_435' title='bbox 1705 2982 1879 3014; x_wconf 67' lang='lat' dir='ltr'>ini-usu</span> 
     </span>
     <span class='ocr_line' id='line_1_44' title="bbox 756 3030 1348 3083; baseline 0.003 -12"><span class='ocrx_word' id='word_1_436' title='bbox 756 3040 955 3072; x_wconf 75' lang='lat' dir='ltr'>cumsrus</span> <span class='ocrx_word' id='word_1_437' title='bbox 983 3041 1107 3072; x_wconf 59' lang='lat' dir='ltr'>omma</span> <span class='ocrx_word' id='word_1_438' title='bbox 1138 3041 1255 3072; x_wconf 74' lang='lat' dir='ltr'>scm</span> <span class='ocrx_word' id='word_1_439' title='bbox 1274 3030 1348 3083; x_wconf 76' lang='lat'>(2).</span> 
     </span>
    </p>
   </div>
   <div class='ocr_carea' id='block_1_10' title="bbox 123 3091 1991 3191">
    <p class='ocr_par' dir='ltr' id='par_1_14' title="bbox 123 3091 1991 3191">
     <span class='ocr_line' id='line_1_45' title="bbox 123 3091 1991 3147; baseline 0.007 -21"><span class='ocrx_word' id='word_1_440' title='bbox 123 3092 172 3126; x_wconf 80' lang='lat' dir='ltr'>De</span> <span class='ocrx_word' id='word_1_441' title='bbox 189 3091 241 3127; x_wconf 82' lang='lat' dir='ltr'>his</span> <span class='ocrx_word' id='word_1_442' title='bbox 258 3091 356 3127; x_wconf 79' lang='lat' dir='ltr'>etiam</span> <span class='ocrx_word' id='word_1_443' title='bbox 374 3092 473 3134; x_wconf 80' lang='lat' dir='ltr'>infra,</span> <span class='ocrx_word' id='word_1_444' title='bbox 490 3097 606 3134; x_wconf 63' lang='lat' dir='ltr'>quest.</span> <span class='ocrx_word' id='word_1_445' title='bbox 630 3102 710 3135; x_wconf 86' lang='lat' dir='ltr'>xm,</span> <span class='ocrx_word' id='word_1_446' title='bbox 728 3099 793 3131; x_wconf 79' lang='lat' dir='ltr'>art.</span> <span class='ocrx_word' id='word_1_447' title='bbox 809 3098 824 3131; x_wconf 73' lang='lat' dir='ltr'>l</span> <span class='ocrx_word' id='word_1_448' title='bbox 848 3109 940 3140; x_wconf 86' lang='lat' dir='ltr'>corp.</span> <span class='ocrx_word' id='word_1_449' title='bbox 957 3101 992 3133; x_wconf 85' lang='lat' dir='ltr'>et</span> <span class='ocrx_word' id='word_1_450' title='bbox 1010 3097 1052 3133; x_wconf 78' lang='lat' dir='ltr'>ud</span> <span class='ocrx_word' id='word_1_451' title='bbox 1066 3098 1099 3138; x_wconf 79' lang='lat'>5,</span> <span class='ocrx_word' id='word_1_452' title='bbox 1118 3102 1152 3132; x_wconf 84' lang='lat' dir='ltr'>et</span> <span class='ocrx_word' id='word_1_453' title='bbox 1167 3099 1260 3133; x_wconf 83' lang='lat' dir='ltr'>Sent.</span> <span class='ocrx_word' id='word_1_454' title='bbox 1275 3107 1330 3139; x_wconf 81' lang='lat'>11¹,</span> <span class='ocrx_word' id='word_1_455' title='bbox 1349 3099 1427 3134; x_wconf 79' lang='lat' dir='ltr'>dist.</span> <span class='ocrx_word' id='word_1_456' title='bbox 1443 3099 1498 3140; x_wconf 73' lang='grc' dir='ltr'>Μ,</span> <span class='ocrx_word' id='word_1_457' title='bbox 1519 3102 1634 3141; x_wconf 70' lang='lat' dir='ltr'>quaest.</span> <span class='ocrx_word' id='word_1_458' title='bbox 1655 3109 1682 3141; x_wconf 78' lang='grc' dir='ltr'>ι,</span> <span class='ocrx_word' id='word_1_459' title='bbox 1701 3105 1767 3137; x_wconf 76' lang='lat' dir='ltr'>art.</span> <span class='ocrx_word' id='word_1_460' title='bbox 1784 3104 1817 3143; x_wconf 83' lang='lat'>5,</span> <span class='ocrx_word' id='word_1_461' title='bbox 1828 3108 1941 3144; x_wconf 79' lang='lat' dir='ltr'>quaest.</span> <span class='ocrx_word' id='word_1_462' title='bbox 1963 3112 1991 3147; x_wconf 74' lang='grc' dir='ltr'>Ι,</span> 
     </span>
     <span class='ocr_line' id='line_1_46' title="bbox 223 3143 1886 3191; baseline 0.007 -19"><span class='ocrx_word' id='word_1_463' title='bbox 223 3143 258 3173; x_wconf 83' lang='lat' dir='ltr'>et</span> <span class='ocrx_word' id='word_1_464' title='bbox 273 3143 387 3180; x_wconf 67' lang='lat' dir='ltr'>quaest.</span> <span class='ocrx_word' id='word_1_465' title='bbox 409 3148 444 3174; x_wconf 83' lang='lat' dir='ltr'>lv</span> <span class='ocrx_word' id='word_1_466' title='bbox 460 3152 552 3182; x_wconf 82' lang='lat' dir='ltr'>corp.</span> <span class='ocrx_word' id='word_1_467' title='bbox 573 3143 607 3175; x_wconf 77' lang='lat' dir='ltr'>et</span> <span class='ocrx_word' id='word_1_468' title='bbox 621 3147 736 3182; x_wconf 74' lang='lat' dir='ltr'>quaest.</span> <span class='ocrx_word' id='word_1_469' title='bbox 750 3152 773 3178; x_wconf 80' lang='lat' dir='ltr'>v</span> <span class='ocrx_word' id='word_1_470' title='bbox 794 3144 834 3178; x_wconf 82' lang='lat' dir='ltr'>ad</span> <span class='ocrx_word' id='word_1_471' title='bbox 851 3144 885 3186; x_wconf 82' lang='lat'>2,</span> <span class='ocrx_word' id='word_1_472' title='bbox 899 3151 932 3179; x_wconf 80' lang='lat' dir='ltr'>ct</span> <span class='ocrx_word' id='word_1_473' title='bbox 952 3146 999 3179; x_wconf 87' lang='lat' dir='ltr'>De</span> <span class='ocrx_word' id='word_1_474' title='bbox 1021 3157 1093 3180; x_wconf 83' lang='lat' dir='ltr'>ver.</span> <span class='ocrx_word' id='word_1_475' title='bbox 1120 3150 1237 3187; x_wconf 67' lang='lat' dir='ltr'>quest.</span> <span class='ocrx_word' id='word_1_476' title='bbox 1253 3154 1311 3186; x_wconf 79' lang='lat' dir='ltr'>xx.</span> <span class='ocrx_word' id='word_1_477' title='bbox 1329 3149 1396 3181; x_wconf 71' lang='lat' dir='ltr'>art.</span> <span class='ocrx_word' id='word_1_478' title='bbox 1415 3147 1448 3188; x_wconf 84' lang='lat'>6,</span> <span class='ocrx_word' id='word_1_479' title='bbox 1473 3150 1508 3182; x_wconf 84' lang='lat' dir='ltr'>et</span> <span class='ocrx_word' id='word_1_480' title='bbox 1525 3148 1646 3188; x_wconf 86' lang='lat' dir='ltr'>Opusc·</span> <span class='ocrx_word' id='word_1_481' title='bbox 1669 3156 1709 3191; x_wconf 89' lang='lat'>11,</span> <span class='ocrx_word' id='word_1_482' title='bbox 1724 3159 1798 3191; x_wconf 76' lang='lat' dir='ltr'>cap.</span> <span class='ocrx_word' id='word_1_483' title='bbox 1810 3150 1886 3184; x_wconf 74' lang='lat'><strong>216.</strong></span> 
     </span>
    </p>
   </div>
   <div class='ocr_carea' id='block_1_11' title="bbox 177 3192 1990 3255">
    <p class='ocr_par' dir='ltr' id='par_1_15' title="bbox 177 3192 1990 3255">
     <span class='ocr_line' id='line_1_47' title="bbox 177 3192 1990 3255; baseline 0.006 -19"><span class='ocrx_word' id='word_1_484' title='bbox 177 3192 243 3237; x_wconf 85' lang='lat' dir='ltr'>Ad</span> <span class='ocrx_word' id='word_1_485' title='bbox 265 3192 462 3249; x_wconf 89' lang='lat' dir='ltr'>primum</span> <span class='ocrx_word' id='word_1_486' title='bbox 486 3194 553 3238; x_wconf 91' lang='lat' dir='ltr'>sic</span> <span class='ocrx_word' id='word_1_487' title='bbox 574 3196 850 3250; x_wconf 86' lang='lat' dir='ltr'>proceditur.</span> <span class='ocrx_word' id='word_1_488' title='bbox 876 3202 919 3242; x_wconf 72' lang='lat'>1.</span> <span class='ocrx_word' id='word_1_489' title='bbox 943 3199 1128 3243; x_wconf 89' lang='lat' dir='ltr'>Videtur</span> <span class='ocrx_word' id='word_1_490' title='bbox 1158 3199 1284 3255; x_wconf 82' lang='lat' dir='ltr'>quod</span> <span class='ocrx_word' id='word_1_491' title='bbox 1315 3201 1571 3245; x_wconf 77' lang='lat' dir='ltr'>secundum</span> <span class='ocrx_word' id='word_1_492' title='bbox 1605 3202 1724 3246; x_wconf 86' lang='lat' dir='ltr'>hanc</span> <span class='ocrx_word' id='word_1_493' title='bbox 1752 3203 1990 3248; x_wconf 85' lang='lat' dir='ltr'>scientiam</span> 
     </span>
    </p>
   </div>
   <div class='ocr_carea' id='block_1_12' title="bbox 122 3285 1990 3431">
    <p class='ocr_par' dir='ltr' id='par_1_16' title="bbox 122 3285 1990 3431">
     <span class='ocr_line' id='line_1_48' title="bbox 145 3285 1990 3340; baseline 0.006 -21"><span class='ocrx_word' id='word_1_494' title='bbox 145 3285 419 3340; x_wconf 46' lang='lat' dir='ltr'>·(t)Adve1-bium</span> <span class='ocrx_word' id='word_1_495' title='bbox 434 3289 549 3332; x_wconf 74' lang='lat' dir='ltr'>mayis</span> <span class='ocrx_word' id='word_1_496' title='bbox 567 3289 622 3323; x_wconf 82' lang='lat' dir='ltr'>hic</span> <span class='ocrx_word' id='word_1_497' title='bbox 647 3290 831 3332; x_wconf 74' lang='lat' dir='ltr'>improprie</span> <span class='ocrx_word' id='word_1_498' title='bbox 852 3293 1009 3333; x_wconf 84' lang='lat' dir='ltr'>sumitur,</span> <span class='ocrx_word' id='word_1_499' title='bbox 1137 3293 1181 3334; x_wconf 90' lang='lat'>(2)</span> <span class='ocrx_word' id='word_1_500' title='bbox 1194 3293 1264 3328; x_wconf 86' lang='lat' dir='ltr'>Vox</span> <span class='ocrx_word' id='word_1_501' title='bbox 1282 3296 1406 3329; x_wconf 77' lang='lat' dir='ltr'>omnia</span> <span class='ocrx_word' id='word_1_502' title='bbox 1424 3295 1478 3330; x_wconf 78' lang='lat' dir='ltr'>hic</span> <span class='ocrx_word' id='word_1_503' title='bbox 1489 3307 1557 3330; x_wconf 88' lang='lat' dir='ltr'>non</span> <span class='ocrx_word' id='word_1_504' title='bbox 1572 3296 1723 3335; x_wconf 79' lang='lat' dir='ltr'>designat</span> <span class='ocrx_word' id='word_1_505' title='bbox 1739 3296 1921 3337; x_wconf 84' lang='lat' dir='ltr'>possibilia,</span> <span class='ocrx_word' id='word_1_506' title='bbox 1933 3296 1990 3330; x_wconf 86' lang='lat' dir='ltr'>sed</span> 
     </span>
     <span class='ocr_line' id='line_1_49' title="bbox 123 3334 1989 3385; baseline 0.006 -19"><span class='ocrx_word' id='word_1_507' title='bbox 123 3337 170 3367; x_wconf 77' lang='lat' dir='ltr'>uit</span> <span class='ocrx_word' id='word_1_508' title='bbox 183 3334 324 3376; x_wconf 83' lang='lat' dir='ltr'>Sylvius,</span> <span class='ocrx_word' id='word_1_509' title='bbox 340 3340 374 3369; x_wconf 82' lang='lat' dir='ltr'>et</span> <span class='ocrx_word' id='word_1_510' title='bbox 390 3348 501 3371; x_wconf 80' lang='lat' dir='ltr'>sensus</span> <span class='ocrx_word' id='word_1_511' title='bbox 516 3340 566 3371; x_wconf 87' lang='lat' dir='ltr'>est</span> <span class='ocrx_word' id='word_1_512' title='bbox 578 3338 719 3377; x_wconf 75' lang='lat' dir='ltr'>gradum</span> <span class='ocrx_word' id='word_1_513' title='bbox 734 3338 871 3374; x_wconf 82' lang='lat' dir='ltr'>visionis</span> <span class='ocrx_word' id='word_1_514' title='bbox 886 3340 1010 3374; x_wconf 81' lang='lat' dir='ltr'>attendi</span> <span class='ocrx_word' id='word_1_515' title='bbox 1095 3341 1203 3375; x_wconf 82' lang='lat' dir='ltr'>solum</span> <span class='ocrx_word' id='word_1_516' title='bbox 1221 3343 1332 3376; x_wconf 84' lang='lat' dir='ltr'>omnia</span> <span class='ocrx_word' id='word_1_517' title='bbox 1343 3342 1539 3385; x_wconf 76' lang='lat' dir='ltr'>singularia,</span> <span class='ocrx_word' id='word_1_518' title='bbox 1563 3343 1735 3384; x_wconf 71' lang='lat' dir='ltr'>praeterita</span> <span class='ocrx_word' id='word_1_519' title='bbox 1745 3371 1753 3383; x_wconf 92' lang='lat'>,</span> <span class='ocrx_word' id='word_1_520' title='bbox 1771 3343 1946 3383; x_wconf 80' lang='lat' dir='ltr'>praesentia</span> <span class='ocrx_word' id='word_1_521' title='bbox 1958 3349 1989 3378; x_wconf 81' lang='lat' dir='ltr'>et</span> 
     </span>
     <span class='ocr_line' id='line_1_50' title="bbox 122 3382 1905 3431; baseline 0.005 -17"><span class='ocrx_word' id='word_1_522' title='bbox 122 3382 302 3416; x_wconf 80' lang='lat' dir='ltr'>secundum</span> <span class='ocrx_word' id='word_1_523' title='bbox 321 3382 472 3418; x_wconf 81' lang='lat' dir='ltr'>ordinem</span> <span class='ocrx_word' id='word_1_524' title='bbox 487 3384 602 3425; x_wconf 65' lang='lat' dir='ltr'>gratie</span> <span class='ocrx_word' id='word_1_525' title='bbox 619 3389 654 3419; x_wconf 86' lang='lat' dir='ltr'>et</span> <span class='ocrx_word' id='word_1_526' title='bbox 677 3397 742 3420; x_wconf 89' lang='lat' dir='ltr'>non</span> <span class='ocrx_word' id='word_1_527' title='bbox 758 3386 941 3422; x_wconf 80' lang='lat' dir='ltr'>secuudum</span> <span class='ocrx_word' id='word_1_528' title='bbox 960 3399 1012 3421; x_wconf 86' lang='lat' dir='ltr'>or·</span> <span class='ocrx_word' id='word_1_529' title='bbox 1097 3387 1223 3430; x_wconf 81' lang='lat' dir='ltr'>sutura,</span> <span class='ocrx_word' id='word_1_530' title='bbox 1245 3390 1312 3426; x_wconf 86' lang='lat' dir='ltr'>sive</span> <span class='ocrx_word' id='word_1_531' title='bbox 1331 3391 1510 3431; x_wconf 76' lang='lat' dir='ltr'>naturalia,</span> <span class='ocrx_word' id='word_1_532' title='bbox 1534 3393 1604 3426; x_wconf 87' lang='lat' dir='ltr'>sive</span> <span class='ocrx_word' id='word_1_533' title='bbox 1626 3390 1905 3431; x_wconf 73' lang='lat' dir='ltr'>supernaturalia.</span> 
     </span>
    </p>
   </div>
   <div class='ocr_carea' id='block_1_13' title="bbox 123 3428 390 3465">
    <p class='ocr_par' dir='ltr' id='par_1_17' title="bbox 123 3428 390 3465">
     <span class='ocr_line' id='line_1_51' title="bbox 123 3428 390 3465; baseline 0.015 -4"><span class='ocrx_word' id='word_1_534' title='bbox 123 3428 235 3463; x_wconf 87' lang='lat' dir='ltr'>dinem</span> <span class='ocrx_word' id='word_1_535' title='bbox 250 3433 390 3465; x_wconf 80' lang='lat' dir='ltr'>naturae.</span> 
     </span>
    </p>
   </div>
  </div>
 </body>
</html>
