2170 3808
781 252 980 304 QUAEST.
1010 251 1150 306 XVIII,
1180 251 1300 294 ART.
1330 251 1379 294 V.
1945 250 2027 292 173

142 342 265 387 gere.
294 334 409 387 Ergo
440 327 655 372 voluntas
683 326 888 371 humana
923 327 970 371 in
997 325 1174 370 Christo
1203 325 1315 369 nihil
1349 324 1476 368 aliud
1506 323 1650 368 voluit
1679 322 1819 380 quam
1849 323 2022 368 divina.

197 395 240 436 3.
271 395 504 445 Praeterea,
538 388 743 433 Christus
780 388 868 432 fuit
905 399 1043 431 verus
1083 386 1458 442 comprehensor.
1497 386 1583 430 Sed
1620 385 1768 429 sancti
1797 384 1877 441 qui
1913 390 2026 429 sunt
2051 406 2068 420 υ

141 454 548 509 comprehensores
586 450 633 493 in
674 449 823 506 patria
873 448 986 493 nihil
1022 446 1149 492 aliud
1186 447 1348 491 volunt
1397 446 1539 503 quam
1575 446 1701 502 quod
1736 450 1857 491 Deus
1893 445 2022 500 vult,

142 514 345 570 alioquin
376 525 468 560 non
502 516 660 556 essent
693 510 831 566 beati,
870 509 979 566 quia
1001 521 1096 552 non
1128 508 1354 552 haberent
1385 508 1613 564 quidquid
1643 507 1838 563 vellent3
1876 507 2023 552 «bea-

143 580 220 621 tus
252 577 375 621 enim
407 579 478 620 est
498 573 578 630 qui
615 572 755 617 habet
786 583 1093 629 quaecumque
1115 570 1232 626 vult,
1267 575 1314 614 et
1351 569 1464 613 nihil
1500 570 1621 615 male
1653 571 1806 623 vult,»
1845 574 1898 614 ut
1928 574 2020 613 Auo

145 637 358 694 gustinus
379 636 488 682 dicit
518 638 595 688 (De
631 634 786 678 Trinit.
822 633 901 677 lib.
935 646 1026 687 xm,
1064 644 1164 688 cap.
1189 634 1233 686 5,
1269 631 1315 675 in
1348 631 1465 684 fin.).
1507 633 1625 687 Ergo
1666 632 1872 676 Christus
1908 631 2023 676 nihil

144 698 271 743 aliud
310 697 454 742 voluit
487 695 747 741 secundum
782 694 1070 739 voluntatem
1106 692 1358 737 humanam
1400 691 1542 748 quam
1574 692 1771 736 voluerit
1806 692 2025 737 voluntas

145 759 317 805 divina.

199 820 287 865 Sed
305 824 459 864 contra
472 824 543 864 est
557 818 682 876 quod
696 818 983 875 Augustinus
1004 816 1115 861 dicit
1129 821 1291 861 contra
1310 815 1605 860 Maximinum
1626 815 1718 866 (lib.
1740 829 1800 870 111,
1822 828 1922 871 cap.
1946 819 2021 873 20,

143 881 192 925 in
222 882 363 936 med.)
386 897 398 926 ε
437 885 520 926 «ln
543 881 630 925 hoc
662 880 787 937 quod
807 879 1014 924 Christus
1039 878 1102 923 ait
1123 894 1134 922 :
1173 882 1273 922 Non
1295 879 1413 933 quod
1437 891 1517 933 eqo
1547 877 1643 920 volo
1659 912 1671 930 ‚
1691 877 1771 920 sed
1802 878 1923 932 quod
1955 881 2020 934 tu,

145 942 270 988 aliud
289 956 339 988 se
357 943 556 988 ostendit
571 942 775 987 voluisse
791 941 930 997 quam
947 942 1094 995 Pater,
1113 939 1236 997 quod
1254 939 1342 983 nisi
1362 940 1567 984 humano
1582 938 1721 983 corde
1737 951 1829 983 non
1846 943 2023 996 posset,

143 1008 250 1049 cum
271 1005 582 1050 infirmitatem
600 1010 804 1049 nostram
823 1003 871 1047 in
886 1013 1026 1047 suum
1040 1014 1134 1046 non
1149 1002 1376 1058 divinum,
1393 1001 1477 1046 sed
1492 1001 1751 1045 humanum
1772 1001 2022 1056 transfigu-

143 1067 558 1174 Γᾶἒῧὲἳῖῗῧέῑῐιὸφί
572 1133 757 1174 Christus
774 1131 1001 1173 seeundum
1017 1130 1273 1171 voluntatem
1298 1129 1577 1170 sensualitatis
1595 1130 1931 1181 voluntatemque
1947 1142 2020 1169 na·

143 1190 317 1228 turalem
330 1189 443 1229 aliud
459 1187 562 1228 velle
578 1191 734 1240 poterat
753 1188 880 1240 quam
896 1187 1023 1235 Deus;
1047 1185 1262 1226 voluntate
1285 1189 1425 1225 autem
1448 1185 1621 1225 rationis
1642 1185 1836 1225 humanae
1864 1197 2022 1237 semper
2090 1216 2091 1219 η

143 1243 267 1294 idem,
283 1244 393 1295 quod
413 1246 520 1284 Deus
537 1244 681 1284 voluit.

197 1307 465 1362 Respondeo
497 1305 744 1350 dicendum
772 1303 912 1360 quod,
935 1303 1055 1347 sicut
1072 1303 1246 1347 dietum
1268 1307 1340 1346 est
1363 1301 1466 1358 (art.
1488 1305 1507 1346 1
1536 1306 1581 1346 et
1600 1305 1628 1346 2
1650 1301 1791 1359 huJus
1815 1304 2020 1359 quaest.),

142 1366 191 1410 in
207 1367 382 1412 Christo
403 1367 659 1412 secundum
681 1367 934 1411 humanam
953 1368 1167 1409 naturam
1189 1364 1377 1421 ponitur
1394 1363 1568 1420 duplex
1587 1363 1803 1408 voluntas
1820 1378 1831 1408 t
1846 1363 2022 1408 scilieet

141 1428 357 1474 voluntas
388 1428 717 1483 sensualitatis,
747 1439 852 1484 quae
868 1426 1186 1483 participative
1198 1426 1417 1470 voluntas
1439 1425 1630 1481 dicitur;
1653 1431 1699 1470 et
1710 1425 1925 1470 voluntas
1943 1437 2022 1477 ra-

144 1491 342 1550 tionalis,
365 1492 464 1537 sive
484 1491 802 1538 consideretur
822 1502 907 1547 per
927 1490 1118 1535 modum
1151 1494 1346 1546 naturae,
1367 1489 1463 1534 sive
1484 1502 1567 1546 per
1585 1489 1777 1534 modum
1807 1487 2018 1532 rationis·

143 1552 321 1597 Dictum
354 1558 427 1598 est
442 1561 597 1599 autem
617 1565 758 1609 supra
779 1555 961 1609 (quaest.
983 1565 1071 1603 x1v,
1092 1555 1178 1596 art.
1199 1555 1219 1596 1
1241 1551 1301 1596 ad
1315 1554 1373 1606 2),
1391 1551 1516 1606 quod
1536 1564 1593 1595 ex
1613 1551 1815 1607 quadam
1833 1550 2021 1607 dispen-

145 1614 321 1659 satione
335 1616 473 1660 Fiiius
487 1616 565 1660 Dei
582 1621 690 1660 ante
702 1626 835 1659 suam
854 1614 1114 1670 passionem
1133 1614 1424 1671 permittebat
1446 1613 1574 1659 carni
1594 1625 1731 1670 agere
1746 1618 1792 1657 et
1805 1612 1899 1669 pati
1914 1625 2021 1669 quae

146 1682 257 1719 sunt
275 1676 316 1720 ei
349 1677 531 1734 propria
564 1689 578 1721 ε
601 1680 648 1721 et
678 1675 887 1720 similiter
906 1675 1046 1720 etiam
1078 1675 1373 1732 permittebat
1400 1676 1618 1720 omnibus
1653 1675 1830 1719 viribus
1853 1673 2021 1718 animae

148 1747 284 1791 agere
305 1742 351 1780 et
371 1737 464 1793 pati
483 1749 587 1794 quae
608 1741 718 1782 sunt
738 1736 780 1781 ei
815 1736 1016 1792 propria.
1043 1736 1333 1781 Manifestum
1368 1743 1439 1782 est
1473 1743 1630 1781 autem
1652 1736 1775 1794 quod
1803 1735 2021 1780 voluntas

148 1798 458 1842 sensualitatis
481 1798 649 1854 refugit
683 1797 953 1842 naturaliter
985 1797 1166 1842 dolores
1187 1798 1432 1843 sensibiles
1464 1804 1511 1844 et
1541 1798 1746 1855 corporis
1763 1798 2018 1842 laesionem.

148 1859 362 1903 Similiter
383 1860 523 1905 etiam
537 1860 752 1904 voluntas
768 1865 822 1903 ut
839 1863 1003 1903 natura
1021 1860 1234 1916 repudiat
1251 1873 1306 1904 ea
1323 1873 1428 1917 quae
1445 1866 1557 1906 sunt
1578 1866 1754 1906 naturae
1772 1859 2018 1913 contraria,

147 1924 193 1964 et
213 1932 318 1978 quae
337 1926 446 1965 sunt
467 1921 722 1966 seeundum
741 1933 792 1966 se
810 1920 949 1975 mala,
967 1920 1080 1977 puta
1101 1927 1293 1965 mortem
1316 1927 1362 1966 et
1384 1922 1473 1966 alia
1503 1922 1797 1979 hujusmodi3
1821 1921 1903 1965 sed
1920 1921 2021 1965 haee

147 1985 300 2026 tamen
330 1982 543 2027 voluntas
562 1982 842 2040 quandoque
861 1994 944 2037 per
972 1982 1162 2026 modum
1190 1983 1381 2027 rationis
1411 1984 1580 2040 eligere
1597 1988 1748 2041 potest
1779 1995 1838 2028 ex
1858 1982 2020 2028 ordine

146 2042 203 2086 ad
226 2043 393 2097 finem,
431 2043 553 2088 sicut
586 2044 725 2089 etiam
748 2044 795 2087 in
829 2043 983 2100 aliquo
1016 2056 1133 2100 puro
1168 2044 1355 2089 homine
1377 2046 1654 2090 sensualitas
1678 2045 1779 2101 ejus
1813 2049 1860 2089 et
1881 2044 2019 2089 etiam

144 2104 358 2149 voluntas
374 2105 584 2149 absolute
601 2105 889 2149 considerata
908 2105 1079 2160 refugit
1101 2105 1347 2159 ustionem,
1367 2119 1507 2163 quam
1529 2112 1684 2151 tamen
1709 2106 1927 2150 voluntas
1941 2119 2020 2151 se—

143 2166 349 2210 eundum
363 2166 586 2211 rationem
603 2166 793 2222 eligeret
810 2170 996 2222 propter
1007 2166 1149 2211 finem
1165 2166 1389 2211 sanitatis.
1412 2167 1632 2212 Voluntas
1654 2172 1809 2212 autem
1825 2168 1899 2212 Dei
1919 2174 2020 2213 erat

144 2232 197 2270 ut
213 2227 416 2271 Christus
432 2226 629 2285 dolores,
642 2235 688 2271 et
702 2227 960 2284 passiones,
980 2231 1027 2271 et
1041 2232 1237 2272 mortem
1251 2232 1499 2286 pateretur,
1517 2242 1609 2274 non
1625 2229 1748 2286 quod
1762 2230 1848 2274 ista
1861 2235 2020 2274 essent

146 2287 174 2330 a
185 2291 273 2332 Deo
286 2287 422 2332 volita
433 2289 687 2333 secundum
698 2301 763 2344 se,
778 2288 858 2332 sed
871 2300 928 2332 ex
943 2288 1103 2332 ordine
1115 2289 1174 2334 ad
1186 2289 1324 2333 finem
1333 2291 1548 2335 humanae
1559 2290 1738 2335 salutis.
1752 2290 1880 2335 Unde
1892 2295 2021 2347 patet

143 2348 268 2406 quod
296 2350 502 2395 Christus
519 2350 776 2395 secundum
807 2350 1092 2395 voluntatem
1111 2351 1440 2408 sensualitatis,
1460 2359 1506 2397 et
1526 2352 1785 2398 secundum
1801 2352 2020 2397 volunta-

144 2417 236 2455 tem
247 2410 450 2466 rationis,
462 2423 567 2468 quae
576 2411 894 2457 consideratur
908 2423 989 2468 per
1003 2412 1193 2456 modum
1208 2418 1400 2467 naturae,
1415 2413 1540 2458 aliud
1552 2418 1731 2471 poterat
1743 2413 1862 2459 velle
1876 2415 2017 2470 quam

142 2474 283 2526 Deus;
305 2472 386 2517 sed
403 2472 659 2517 secundnm
673 2472 957 2517 voluntatem
971 2485 1075 2529 quae
1091 2479 1162 2517 est
1175 2486 1256 2529 per
1268 2474 1458 2519 modum
1471 2475 1678 2531 rationis,
1699 2487 1882 2532 semper
1893 2476 2018 2520 idem

142 2533 325 2577 volebat
342 2533 466 2590 quod
483 2537 603 2579 Deus
624 2549 635 2578 ε
657 2533 783 2590 quod
802 2539 928 2590 patet
949 2546 1008 2578 ex
1028 2534 1115 2578 hoc
1138 2534 1239 2590 ipso
1257 2536 1380 2592 quod
1400 2536 1510 2581 dicit
1527 2537 1677 2589 (Marci
1694 2550 1781 2592 xiv,
1798 2539 1867 2590 36)
1890 2550 1901 2580 :
1920 2541 2019 2582 Non

142 2596 256 2638 sicut
276 2608 355 2651 eqo
373 2596 488 2650 volo,
512 2596 594 2640 sed
622 2598 739 2639 sicut
755 2598 820 2639 tu.
843 2594 1030 2653 Volebat
1047 2595 1171 2640 enim
1191 2597 1445 2642 secundum
1466 2598 1705 2654 rationem,
1730 2599 2017 2644 voluntatem

143 2654 346 2700 divinam
366 2655 543 2712 impleri
560 2670 574 2712 ς
595 2656 808 2713 quamvis
829 2655 955 2701 aliud
976 2656 1098 2701 dicat
1119 2669 1170 2701 se
1186 2658 1304 2703 velle
1326 2660 1585 2704 secundum
1606 2660 1858 2717 quamdam
1878 2661 2017 2706 aliam

143 2714 244 2771 ejus
256 2716 555 2761 voluntatem.

198 2777 261 2820 Ad
280 2781 475 2832 primum
497 2790 606 2835 ergo
645 2778 909 2834 dicendum,
929 2777 1054 2836 quod
1087 2780 1293 2825 Christus
1326 2794 1409 2837 per
1430 2782 1715 2827 voluntatem
1746 2783 2019 2829 rationalem

143 2836 289 2880 voluit
309 2842 362 2882 ut
398 2838 554 2882 divina
583 2839 798 2885 voluntas
825 2839 1117 2897 impleretur3
1161 2854 1255 2885 non
1291 2846 1446 2887 autem
1485 2856 1568 2900 per
1592 2843 1876 2889 voluntatem
1909 2857 2019 2890 sen-

145 2897 387 2953 sualitatis,
422 2899 556 2955 cujus
587 2906 742 2946 motus
778 2913 871 2945 non
909 2913 960 2946 se
995 2902 1203 2947 extendit
1240 2916 1392 2960 usque
1410 2905 1469 2950 ad
1502 2906 1790 2950 voluntatem
1826 2907 1900 2952 Dei
1930 2909 2015 2964 (υς

144 2968 296 3014 neque
319 2970 400 3014 per
431 2959 715 3006 voluntatem
734 2974 839 3019 quae
869 2962 1189 3008 consideratur
1209 2976 1292 3021 per
1316 2966 1507 3010 modum
1523 2972 1716 3022 naturae,
1751 2980 1856 3025 quae
1873 2969 2019 3014 fertur

143 3018 367 3124 Ξὲῐὲἰίᾳιω
385 3019 562 3076 obJecta
583 3021 791 3067 absolute
806 3024 1111 3082 considerata,
1131 3030 1176 3070 et
1190 3038 1285 3070 non
1302 3026 1351 3071 in
1371 3027 1533 3073 ordine
1552 3028 1612 3073 ad
1626 3028 1828 3076 divinam
1852 3031 2018 3076 volun-

240 3091 302 3124 m.

197 3140 263 3185 Ad
283 3141 526 3185 secundum
544 3141 806 3199 dicendum,
826 3145 950 3202 quod
971 3149 1268 3192 conformitas
1285 3149 1536 3196 voluntatis
1549 3152 1764 3197 humanae
1779 3154 1838 3199 ad
1852 3154 2017 3198 volun·

142 3204 283 3244 tatem
303 3200 502 3245 divinam
524 3202 777 3248 attenditur
797 3206 1051 3252 secundum
1072 3208 1358 3253 voluntatem
1379 3211 1587 3269 rationis,
1604 3214 1859 3259 secundum
1875 3226 2017 3270 quam

141 3262 279 3305 etiam
299 3262 556 3308 voluntates
567 3264 819 3309 amicorum
831 3269 1130 3324 concordant,
1146 3269 1421 3326 inquantum
1434 3273 1609 3319 scilicet
1622 3275 1738 3319 ratio
1753 3276 2016 3320 considerat

143 3323 330 3379 aliquod
347 3324 536 3369 volitum
556 3325 604 3370 in
627 3326 788 3372 ordine
810 3327 869 3372 ad
893 3327 1181 3375 voluntatem
1202 3331 1352 3377 amici.

140 3468 176 3499 et
185 3417 357 3501 2133}an
366 3420 603 3503 reatrilgffleratus
617 3424 655 3457 ut
671 3422 897 3461 sensualitatis
909 3424 1043 3461 tantum
1056 3429 1118 3469 est,
1141 3438 1210 3464 non
1228 3431 1266 3464 ut
1279 3440 1342 3470 per
1359 3430 1652 3473 participationem
1667 3431 1846 3474 quamdam
1860 3431 2017 3468 subditu-
