2170 3808
178 218 261 261 514
758 208 960 262 QUAEST.
987 208 1091 261 LXI,
1119 208 1237 251 ΛΒΤ.
1269 208 1304 252 11
1332 208 1398 252 ET
1426 209 1495 253 111.

180 311 263 356 per
281 297 456 355 aliquid
470 292 726 351 corporale,
749 290 875 348 quod
900 290 952 334 fit
977 290 1024 333 in
1054 289 1372 334 sacramentis.
1390 292 1444 334 Et
1462 289 1565 335 ideo
1580 291 1628 334 in
1652 293 1780 334 statu
1801 288 2077 334 innocentiae

181 361 321 406 homo
343 355 649 404 sacramentis
670 366 766 399 non
781 352 1037 410 indigebat,
1056 364 1150 396 non
1169 352 1322 396 solum
1337 352 1618 409 inquantum
1641 355 1933 397 sacramenta
1951 352 2077 397 ordi-

181 427 357 468 nantur
385 421 443 465 ad
473 417 733 464 remedium
764 415 959 473 peccati,
991 414 1075 459 sed
1104 414 1243 459 etiam
1278 414 1560 471 inquantum
1581 415 1685 472 ipsa
1721 413 1995 460 ordinantur
2018 414 2076 460 ad

180 485 349 529 animae
368 481 698 539 perfectionem
716 479 790 533 (1).

235 545 302 591 Ad
323 546 522 602 primum
545 554 656 600 ergo
669 541 937 594 dicendum,
962 539 1086 596 quod
1109 539 1250 584 homo
1275 539 1323 583 in
1339 542 1465 583 statu
1482 539 1761 584 innocentiae
1783 538 1932 596 gratia
1953 538 2079 583 indi-

180 607 339 664 gebat3
372 619 467 651 non
498 610 654 651 tamen
685 607 739 649 ut
770 615 875 648 eam
897 607 1262 658 consequeretur
1279 612 1363 658 per
1387 601 1543 657 aliqua
1563 600 1801 647 sensibilia
1821 601 1973 658 signa,
1995 599 2079 646 sed

178 668 481 726 spiritualiter
495 672 542 713 et
560 665 869 712 invisibiliter.

233 731 300 777 Ad
313 731 559 776 secundum
582 727 850 782 dicendum,
868 725 992 783 quod
1011 725 1174 770 eadem
1194 728 1266 770 est
1281 727 1446 769 natura
1463 724 1665 771 hominis
1688 729 1797 771 ante
1815 728 2076 783 peccatum,

178 796 225 838 et
239 797 347 850 post
361 795 606 849 peccatum
621 806 634 848 3
651 802 745 834 non
767 795 923 834 tamen
949 792 1021 832 est
1037 787 1158 832 idem
1175 792 1356 832 naturae
1372 790 1546 844 status3
1562 799 1672 832 nam
1688 791 1796 845 post
1813 792 2075 844 peccatum,
2132 818 2148 828 s

177 855 333 900 anima
356 855 495 900 etiam
523 853 751 910 quantum
780 851 839 896 ad
872 849 1159 906 superiorem
1189 854 1368 907 partem
1393 848 1571 907 indiget
1600 850 1810 907 accipere
1841 848 2018 906 aliquid
2051 848 2078 894 a

177 917 495 974 corporalibus
515 915 658 960 rebus
673 913 733 959 ad
755 914 831 958 sui
848 911 1198 970 perfectionem,
1223 911 1348 969 quod
1370 911 1416 955 in
1440 910 1519 955 illo
1542 915 1668 957 statu
1685 911 1862 957 homini
1885 923 2078 957 necesse

176 991 273 1024 non
296 984 411 1026 erat.

233 1042 301 1088 Ad
318 1045 501 1087 tertium
517 1039 786 1096 dicendum,
813 1037 938 1095 quod
958 1036 1310 1082 matrimonium
1331 1036 1420 1081 fuit
1441 1036 1709 1081 institutum
1726 1037 1775 1082 in
1804 1039 1930 1082 statu
1943 1038 2077 1082 inno-

176 1103 358 1161 centiae,
377 1115 472 1148 non
494 1101 755 1147 secundum
777 1100 900 1158 quod
925 1104 996 1144 est
1014 1102 1378 1155 sacramentum,
1403 1099 1486 1144 sed
1508 1098 1770 1143 secundum
1788 1098 1913 1156 qued
1935 1103 2008 1145 est
2030 1099 2076 1143 in

174 1165 382 1210 officium
400 1169 602 1221 naturae-3
623 1176 681 1209 ex
709 1162 1013 1220 consequenti
1045 1167 1196 1207 tamen
1224 1161 1399 1219 aliquid
1420 1161 1710 1218 significabat
1732 1161 1942 1207 futurum
1956 1162 2077 1207 circa

176 1227 407 1272 Christum
425 1231 472 1272 et
486 1225 756 1280 Ecclesiam,
778 1225 899 1269 sicut
921 1229 966 1268 et
981 1224 1138 1267 omnia
1155 1222 1244 1266 alia
1265 1236 1371 1280 quae
1391 1223 1438 1266 in
1462 1223 1612 1280 figura
1637 1222 1802 1268 Christi
1823 1235 2077 1281 praecesse-

175 1297 301 1335 runt.

258 1352 608 1396 ARTICULUS
634 1352 719 1394 111.
746 1372 804 1382 —
834 1361 971 1392 ursum
997 1360 1096 1392 rosr
1126 1360 1337 1392 racemum
1366 1361 1471 1391 ANTE
1494 1360 1697 1392 cmusruu
1727 1361 1993 1393 SACRAMENTA

347 1434 349 1436 ·
903 1423 1136 1454 nnnusnm‘r
1160 1422 1261 1454 Essa
1280 1411 1352 1465 (2).

592 1481 642 1516 De
656 1480 711 1516 his
723 1479 827 1515 etiam
846 1481 943 1515 Sent.
959 1488 1007 1519 iv,
1024 1479 1104 1514 dist.
1120 1478 1152 1516 ⁴.
1165 1484 1283 1521 quaest.
1302 1488 1326 1521 1,
1344 1483 1411 1514 art.
1424 1479 1459 1524 2,
1476 1483 1592 1523 quoest.
1609 1488 1659 1516 lv.

229 1539 297 1584 Ad
318 1538 507 1583 tertium
529 1535 597 1580 sic
612 1535 893 1592 proceditur.
910 1539 952 1580 1.
974 1535 1163 1579 Videtur
1185 1533 1308 1591 quod
1329 1539 1435 1591 post
1453 1539 1696 1591 peccatum
1716 1540 1822 1581 ante
1845 1536 2078 1583 Christum

173 1605 468 1647 sacramenta
486 1611 583 1644 non
602 1598 850 1644 debuerint
865 1610 985 1643 esse.
1010 1598 1189 1642 Dictum
1215 1602 1287 1642 est
1306 1597 1431 1642 enim
1445 1599 1548 1652 (art.
1577 1601 1600 1642 1
1627 1598 1726 1655 huj.
1744 1603 1911 1655 quaest.
1927 1599 1988 1645 ad
2016 1602 2075 1661 3),

173 1663 300 1721 quod
327 1675 410 1721 per
445 1665 738 1708 sacramenta
768 1661 926 1718 passio
958 1659 1121 1705 Christi
1151 1659 1420 1704 hominibus
1453 1659 1729 1717 applicatur,
1746 1664 1794 1705 et
1824 1661 1892 1706 sic
1921 1663 2078 1718 passio

171 1725 339 1771 Christi
361 1727 659 1782 comparatur
685 1723 743 1769 ad
770 1727 1079 1779 sacramenta,
1114 1722 1237 1766 sicut
1267 1734 1410 1770 causa
1433 1722 1492 1767 ad
1519 1722 1751 1768 effectum.
1777 1723 1863 1768 Sed
1884 1724 2080 1771 effectus

171 1800 268 1833 non
291 1786 511 1845 praecedit
540 1798 749 1831 causam.
777 1787 897 1842 Ergo
931 1788 1226 1829 sacramenta
1257 1795 1352 1828 non
1373 1784 1638 1830 debuerunt
1659 1795 1765 1830 esse
1785 1789 1895 1831 ante
1913 1787 2076 1834 Christi

171 1850 445 1895 adventum.

226 1915 269 1957 2.
294 1914 539 1968 Praeterea,
559 1913 851 1955 sacramenta
862 1908 1034 1954 debent
1049 1921 1154 1955 esse
1170 1910 1497 1956 convenientia
1512 1911 1653 1956 statui
1666 1911 1858 1957 humani
1874 1913 2075 1971 generis,

170 1982 223 2020 ut
240 1978 367 2032 patet
390 1987 475 2032 per
491 1973 807 2030 Augustinum
831 1973 1017 2028 (Contra
1031 1975 1269 2029 Faustum,
1292 1973 1373 2018 lib.
1393 1988 1481 2031 iux,
1508 1987 1609 2031 cap.
1633 1977 1688 2020 16
1707 1983 1750 2019 et
1772 1977 1859 2029 17).
1883 1976 1968 2022 Sed
1989 1982 2078 2022 sta-

170 2041 248 2083 tus
269 2036 464 2082 humani
488 2036 675 2093 generis
697 2048 792 2080 non
817 2036 905 2080 fuit
923 2042 1132 2080 mutatus
1159 2041 1264 2092 post
1283 2041 1540 2094 peccatum,
1563 2049 1716 2094 usque
1742 2037 1801 2083 ad
1828 2040 2075 2095 reparatio-

170 2113 280 2146 nem
321 2101 492 2146 factam
527 2111 611 2157 per
648 2099 898 2144 Christum.
940 2102 1059 2156 Ergo
1094 2111 1248 2156 neque
1287 2104 1580 2146 sacramenta
1614 2101 1879 2147 debuerunt
1909 2102 2075 2148 immu-

169 2164 274 2220 tari,
295 2168 350 2209 ut
370 2169 539 2221 praeter
557 2168 849 2207 sacramenta
871 2162 990 2219 legis
1016 2167 1195 2207 naturae
1216 2162 1307 2207 alia
1329 2166 1648 2209 statuerentur
1663 2164 1712 2209 in
1730 2165 1835 2222 lege
1859 2166 2015 2223 Moysi.

225 2229 268 2270 3.
292 2228 536 2280 Praeterea,
557 2224 733 2281 quanto
753 2224 930 2281 aliquid
952 2230 1024 2268 est
1046 2224 1197 2280 magis
1208 2225 1522 2283 propinquum
1537 2226 1758 2284 perfecto,
1780 2227 1912 2272 tanto
1927 2229 2078 2286 magis

169 2286 309 2332 debet
331 2286 374 2331 ei
403 2286 669 2331 assimilari.
690 2285 779 2331 Sed
798 2285 1019 2342 perfectio
1050 2286 1215 2331 salutis
1245 2288 1466 2333 humanae
1486 2300 1571 2346 per
1598 2289 1831 2334 Christum
1849 2290 1971 2335 facta
1988 2298 2074 2349 est,

169 2350 244 2393 cui
266 2348 600 2406 propinquiora
630 2349 820 2393 fuerunt
839 2354 1131 2393 sacramenta
1154 2349 1326 2395 veteris
1358 2350 1477 2409 legis
1511 2351 1653 2408 quam
1681 2365 1737 2398 ea
1755 2364 1863 2410 quae
1888 2353 2077 2400 fuerunt

170 2417 278 2456 ante
316 2411 489 2468 legem.
519 2414 639 2468 Ergo
676 2410 943 2456 debuerunt
987 2423 1090 2455 esse
1125 2411 1345 2457 similiora
1379 2415 1687 2460 sacramentis
1718 2414 1898 2461 Christi.
1936 2417 2078 2474 Cujus

171 2477 326 2518 tamen
349 2472 636 2517 contrarium
660 2476 853 2529 apparet
874 2484 933 2517 ex
951 2485 1006 2516 eo
1030 2473 1159 2535 quod
1176 2475 1488 2522 sacerdotium
1511 2476 1676 2522 Christi
1690 2474 1958 2533 praedicitur
1971 2491 2077 2525 esse

170 2534 379 2580 futurum
415 2535 678 2580 secundum
716 2534 925 2580 ordinem
961 2534 1310 2593 Melchisedech,
1352 2543 1398 2581 et
1434 2550 1529 2582 non
1567 2538 1828 2584 secundum
1864 2540 2077 2587 ordinem

167 2598 338 2656 Aaron,
368 2601 422 2641 ut
467 2595 667 2641 habetur
694 2596 847 2651 (Hebr.
872 2598 964 2652 vn).
990 2599 1090 2641 Non
1120 2608 1232 2653 ergo
1265 2599 1600 2645 convenienter
1632 2600 1821 2646 fuerunt
1851 2601 2074 2658 disposita

167 2665 278 2704 ante
300 2659 535 2704 Christum
553 2667 863 2704 sacramenta.

224 2721 314 2766 Sed
331 2725 492 2765 contra
514 2726 587 2766 est
606 2721 732 2778 quod
754 2720 1044 2777 Augustinus
1065 2720 1176 2766 dicit
1193 2723 1379 2776 (Contra
1400 2723 1639 2780 Faustum,
1663 2723 1743 2768 lib.
1766 2739 1852 2780 xix,
1878 2739 1979 2783 cap.
2001 2731 2073 2785 13,

166 2781 217 2828 in
236 2783 418 2841 p1·inc.)‚
443 2783 570 2841 quod
593 2801 611 2821 «
637 2784 786 2840 prima
809 2788 1119 2840 sacramenta,
1137 2797 1242 2840 quae
1258 2784 1618 2841 celebrabantur
1638 2791 1687 2832 et
1708 2786 2077 2836 observabantur

165 2857 226 2890 ex
247 2846 368 2902 lege,
390 2846 654 2902 praenuntia
670 2850 804 2890 erant
821 2845 985 2890 Christi
1010 2845 1211 2890 venturi.
1235 2866 1256 2886 ι»
1277 2847 1366 2892 Sed
1385 2847 1705 2894 necessarium
1720 2855 1820 2893 erat
1833 2850 1890 2895 ad
1910 2851 2074 2897 huma-

167 2921 279 2954 nam
313 2908 512 2953 salutem
532 2914 585 2953 ut
606 2908 839 2953 adventus
871 2907 1035 2952 Christi
1060 2910 1465 2964 praenuntiaretur.
1505 2913 1625 2969 Ergo
1645 2913 1959 2958 necessarium
1977 2919 2076 2960 erat

167 2975 275 3016 ante
288 2971 519 3016 Christum
542 2975 838 3016 sacramenta
854 2971 1072 3027 quaedam
1091 2972 1291 3028 disponi.

217 3040 508 3080 CONCLUSIO.
529 3061 576 3069 --
595 3040 701 3080 Cum
719 3042 811 3090 post
835 3044 1047 3089 peccatum
1074 3041 1216 3080 nullus
1235 3042 1481 3084 sanctificari
1503 3043 1632 3094 possit
1648 3043 1728 3083 nisi
1751 3055 1821 3095 per
1835 3044 2073 3095 Christum,

167 3096 391 3135 necessario
413 3099 501 3145 post
524 3099 736 3146 peccatum
755 3099 1041 3146 praecesserunt.
1057 3097 1208 3136 Christi
1223 3097 1451 3139 adventum
1474 3099 1616 3151 aliqua
1634 3102 1900 3150 sacramenta,
1921 3101 2075 3152 quibus

165 3150 294 3191 fidem
315 3161 432 3189 suam
451 3150 495 3189 in
510 3150 722 3192 Christum
738 3150 862 3191 homo
877 3154 1181 3203 protestaretur.

209 3241 254 3283 (i)
277 3240 347 3275 Nec
370 3244 538 3281 repugnat
557 3242 647 3284 quod
663 3245 728 3278 art.
753 3241 767 3276 4
789 3241 876 3276 dixit
895 3254 905 3275 t
925 3254 941 3275 11
960 3242 1078 3275 11111116-
1164 3246 1418 3279 crementorum
1438 3244 1457 3279 11
1472 3243 1598 3287 quibus
1614 3245 1843 3280 essentialiter
1854 3244 2070 3286 differebant,

164 3299 250 3323 num
271 3291 399 3322 naturoe
414 3288 592 3329 proprium
613 3301 681 3324 esse
700 3293 738 3323 ut
757 3301 818 3330 per
834 3289 1023 3329 corporalia
1045 3297 1077 3324 ct
1163 3295 1201 3324 ut
1225 3295 1319 3332 patet
1346 3304 1384 3326 ex
1404 3291 1456 3326 his
1481 3291 1618 3326 concilii
1644 3292 1840 3327 Tridentini
1865 3293 1978 3329 verbis
2002 3292 2074 3327 :Si

164 3333 338 3371 sensibilia
362 3336 398 3370 in
416 3336 607 3376 spiritualia
629 3341 664 3372 et
679 3337 911 3376 intelligibilia
933 3338 1075 3371 deduce·
1162 3339 1245 3383 quis
1261 3340 1404 3374 dioeerit
1427 3350 1471 3373 ea
1493 3341 1579 3383 ipsa
1601 3350 1702 3374 noroe
1726 3340 1818 3383 leqis
1836 3343 2071 3375 sacramenta

166 3388 234 3420 tur,
264 3392 278 3411 n
306 3384 384 3424 quia
401 3383 465 3418 hoo
488 3384 528 3418 de
550 3389 673 3418 natura
690 3385 755 3418 sibi
777 3385 895 3419 relicta
914 3391 948 3420 et
961 3397 1076 3419 secun·
1162 3388 1185 3421 ὰ
1216 3388 1462 3422 sacramentis
1490 3388 1655 3429 antiquae
1679 3388 1768 3430 leqis
1799 3398 1876 3422 non
1895 3388 2070 3431 differre,

165 3431 246 3465 dnm
267 3432 442 3472 proprium
461 3436 587 3467 statum
607 3432 785 3473 intelligit.
1160 3437 1238 3470 nisi
1255 3437 1344 3480 quia
1366 3435 1593 3470 caeremonioe
1609 3438 1697 3469 sunt
1719 3436 1806 3470 aliae
1828 3438 1861 3472 et
1878 3436 1949 3471 alii
1970 3435 2071 3470 ritas

208 3478 251 3520 l2)
261 3479 477 3514 Sacramenta
500 3479 557 3513 illa
570 3480 710 3514 fuerunt
721 3481 914 3520 signanovae
924 3480 1008 3521 legis
1023 3492 1072 3514 sa·
1159 3484 1319 3523 externi,
1335 3484 1534 3519 anathema
1557 3484 1605 3518 sit
1621 3484 1712 3518 (sess.
1733 3492 1782 3516 vn
1817 3494 1890 3517 can.
1913 3483 1959 3519 2).
