2170 3808
136 247 220 290 624
712 243 913 295 QUAEST.
943 244 1083 301 LXXI,
1113 245 1232 287 ART.
1263 245 1282 286 1
1308 245 1372 287 ΕΤ
1400 246 1452 288 11.

138 327 252 385 quin
277 327 465 383 diceret,
493 327 685 381 Credetr,
718 326 802 372 sed
825 325 1069 384 profitetur
1094 327 1231 372 fidem
1259 327 1473 372 Ecclesiae
1495 328 1543 371 in
1573 339 1776 384 persona
1802 327 1934 383 pueri
1962 326 2038 371 cui

139 389 528 442 communicatur,
551 387 688 444 cujus
712 395 1060 433 sacramentum
1084 388 1125 433 ei
1147 388 1383 443 tribuitur,
1403 395 1448 434 et
1462 390 1519 433 ad
1541 401 1682 445 quam
1707 388 1939 444 obligatur
1957 400 2041 445 per

140 451 284 495 alium
303 453 376 505 (1),
401 462 492 494 non
517 454 589 494 est
610 450 734 493 enim
766 449 1105 495 inconveniens
1129 451 1257 507 quod
1280 450 1447 507 aliquis
1467 451 1697 507 obligetur
1718 461 1801 507 per
1823 449 1964 493 alium
1988 449 2038 494 in

139 513 212 558 his
234 525 338 569 quae
361 517 472 556 sunt
494 511 552 557 de
569 512 847 556 necessitate
862 513 1041 557 salutis.
1068 512 1284 557 Similiter
1298 512 1438 556 etiam
1458 514 1670 569 patrinus
1686 524 1770 569 pro
1786 523 1931 568 puero
1945 523 2040 555 res-

143 576 371 635 pondens,
396 575 624 632 promittit
650 587 700 619 se
727 588 918 632 operam
944 577 1162 620 daturum
1195 576 1254 620 ad
1287 575 1376 620 hoc
1408 575 1534 632 quod
1554 589 1671 633 puer
1703 575 1887 632 credat3
1913 574 2039 632 quod

145 642 295 683 tamen
319 650 412 682 non
434 637 671 682 sufficeret
681 637 729 681 in
750 638 920 682 adultis
944 650 1083 683 usum
1099 637 1293 683 rationis
1316 637 1612 683 habentibus,

312 706 658 749 ARTICULUS
679 707 739 748 11.
757 729 812 736 —
833 719 970 748 ornum
992 717 1249 748 axoacismus
1269 706 1698 749 DEBEAT‘PRAECEDERE
1713 717 1942 749 Barrxsfflm
1959 705 2037 760 (2).

141 766 188 802 De
202 765 255 800 his
271 765 374 801 etiam
390 766 493 807 infra,
510 773 576 801 art.
591 768 613 802 5
628 766 667 801 ad
685 767 719 806 5,
735 770 770 800 et
784 766 935 808 Senmv,
952 767 1075 806 dist.6,
1090 770 1206 807 quaest.
1219 776 1259 806 ιι,
1278 770 1343 801 art.
1357 767 1391 808 5,
1403 772 1518 807 quaest.
1537 776 1562 806 1,
1577 779 1638 809 per
1654 774 1714 801 tot.
1730 772 1763 800 ct
1775 770 1892 807 quaest.
1907 775 1933 800 n
1950 765 1993 800 ad
2003 766 2037 802 4.

192 813 260 875 Ad
279 814 542 858 secundum
565 814 633 858 sic
655 814 940 870 proceditur.
982 818 1026 860 1.
1059 814 1246 859 Videtur
1265 813 1390 871 quod
1426 815 1715 859 exorcismus
1744 827 1835 858 non
1872 813 2039 858 debeat

140 876 399 932 praecedere
409 877 707 933 baptismum.
721 876 1017 921 Exercismus
1027 877 1154 921 enim
1167 882 1324 921 contra
1340 888 1700 932 energumenos,
1712 877 1761 922 id
1775 881 1863 932 est,
1881 887 2038 934 arrep-

142 937 280 993 titios,
306 938 563 983 ordinatur.
593 938 679 983 Sed
712 950 806 982 non
826 950 990 982 omnes
1011 937 1278 994 baptizandi
1311 941 1422 983 sunt
1445 938 1576 984 tales.
1599 941 1718 994 Ergo
1750 938 2039 983 exorcismus

141 1011 232 1044 non
256 1000 397 1045 debet
416 1000 680 1056 praecedere
702 1000 1006 1057 baptismum.

192 1064 236 1106 2.
268 1064 509 1119 Praeterea‚
546 1063 770 1120 quamdiu
800 1062 939 1107 homo
968 1062 1183 1120 subjacet
1211 1066 1419 1119 peccam,
1442 1061 1655 1106 diabolus
1691 1060 1741 1106 in
1771 1074 1878 1106 eum
1898 1060 2039 1109 habet

135 1128 430 1180 potestatem,
464 1125 591 1181 quia,
615 1129 668 1169 ut
692 1124 861 1169 dicitur
891 1127 1036 1180 (Joan.
1062 1139 1157 1181 vm,
1180 1127 1270 1181 34),
1295 1128 1371 1180 qui
1388 1126 1504 1178 facit
1523 1127 1775 1180 peccatum,
1800 1137 1954 1168 servus
1973 1126 2038 1167 est

134 1190 327 1242 peccati.
351 1187 439 1232 Sed
460 1192 701 1244 peccatum
718 1188 894 1232 tollitur
924 1200 1008 1245 per
1039 1187 1343 1244 baptismum.
1365 1189 1462 1230 Non
1491 1198 1602 1243 ergo
1626 1191 1736 1231 ante
1751 1186 2038 1243 baptismum

137 1253 248 1293 sunt
273 1249 488 1293 homines
512 1249 824 1294 exorcizandi.

191 1311 232 1353 3.
256 1312 495 1365 Praeterea,
521 1311 581 1357 ad
614 1312 869 1357 arcendum
901 1311 1167 1356 daemonum
1206 1314 1487 1368 potestatem
1516 1309 1781 1354 introducta
1813 1313 1887 1355 est
1917 1322 2039 1366 aqua

135 1370 394 1441 benedicta.
417 1377 514 1418 Non
531 1387 641 1430 ergo
665 1374 723 1419 ad
747 1375 837 1419 hoc
854 1374 1097 1431 oportebat
1119 1374 1246 1418 aliud
1266 1372 1526 1418 remedium
1557 1372 1765 1418 adhiberi
1798 1385 1883 1430 per
1900 1384 2039 1418 exor-

136 1445 323 1479 (nemos,

193 1498 278 1541 Sed
297 1502 455 1541 contra
479 1505 550 1542 est
570 1498 696 1555 quod
719 1497 997 1542 coelestinus
1016 1510 1136 1554 papa
1158 1496 1274 1543 dicit
1296 1497 1449 1554 (epist.
1473 1499 1518 1554 2,
1542 1509 1650 1543 can.
1687 1502 1731 1554 9,
1763 1501 1811 1542 et
1840 1496 2039 1543 habetur

135 1561 197 1602 De
220 1567 478 1604 consecrat.
500 1573 604 1616 cap.
622 1562 693 1615 53,
715 1560 824 1604 dist.
847 1563 892 1613 4,
917 1565 964 1604 et
986 1560 1067 1604 lib.
1089 1563 1151 1604 De
1173 1559 1340 1603 eccles,
1378 1559 1584 1614 dogmat.
1620 1570 1725 1615 cap.
1745 1560 1824 1612 31)
1849 1572 1861 1601 ι
1888 1577 1909 1596 «
1935 1561 2039 1605 Sive

134 1622 335 1676 parvuli,
361 1622 460 1666 sive
478 1621 681 1678 Juvenes
703 1621 764 1666 ad
778 1621 1148 1677 regenerationis
1177 1621 1371 1665 veniant
1393 1625 1758 1676 sacramentum,
1792 1633 1888 1665 non
1908 1621 2039 1677 prius

136 1682 310 1728 sontem
333 1685 437 1728 vitae
457 1684 642 1739 adeant,
667 1684 808 1740 quam
831 1684 1105 1728 exorcismis
1127 1687 1174 1728 et
1192 1680 1597 1728 exsufflationibus
1615 1682 1888 1728 clericorum
1908 1683 2040 1742 spiri-

136 1747 212 1788 tus
229 1744 502 1790 immundus
522 1745 580 1789 ab
603 1745 671 1790 eis
695 1746 956 1802 abjiciatur.
982 1763 1003 1785 »

185 1805 479 1846 CONCLUSIO.
505 1829 550 1836 ——
578 1807 878 1847 Convenienter
910 1811 1006 1847 ante
1032 1805 1290 1858 baptismum
1318 1805 1584 1858 expelluntur
1605 1806 1814 1846 daemones
1839 1817 1910 1858 per
1928 1817 2041 1847 exor-

135 1859 299 1910 cismos,
315 1873 367 1901 ne
386 1861 571 1902 hominis
585 1863 764 1903 salutem
778 1863 1023 1915 impediant.

191 1917 464 1973 Respondeo
492 1918 744 1963 dicendum
779 1917 906 1975 quod
939 1917 1226 1975 quicumque
1263 1917 1500 1974 sapienter
1527 1917 1716 1974 aliquod
1748 1929 1867 1974 opus
1883 1918 2038 1964 facere

135 1979 368 2036 proponit,
394 1980 525 2036 prius
543 1985 755 2026 removet
772 1981 1109 2038 impedimenta
1126 1978 1201 2024 sui
1219 1980 1400 2037 operis3
1425 1980 1551 2024 unde
1571 1979 1741 2025 dicitur
1759 1981 1942 2035 (Jerem.
1977 1994 2035 2037 iv,

136 2044 177 2094 3)
197 2054 208 2084 :
227 2044 399 2086 Novate
415 2043 535 2086 vobis
554 2044 732 2100 novale,
749 2047 791 2087 et
809 2043 951 2086 nolite
969 2055 1117 2087 serere
1133 2055 1271 2099 super
1284 2045 1459 2099 spinas.
1481 2042 1703 2087 Diabolus
1721 2048 1878 2087 autem
1890 2043 2040 2088 hostis

136 2107 208 2148 est
243 2104 464 2148 humanae
487 2104 671 2162 salutis,
706 2118 812 2162 quae
842 2105 1020 2150 homini
1057 2117 1141 2161 per
1171 2105 1460 2162 baptismum
1495 2105 1774 2162 att-quiritum
1814 2110 1860 2150 et
1899 2105 2040 2150 habet

135 2170 410 2222 potestatem
441 2167 647 2224 aliquam
693 2168 741 2212 in
786 2168 1023 2212 hominem
1062 2179 1120 2211 ex
1160 2167 1248 2212 hoc
1283 2167 1386 2223 ipso
1416 2166 1544 2224 quod
1573 2167 1790 2212 subditur
1821 2167 2038 2224 originali

134 2233 342 2286 peccato,
364 2230 439 2275 vel
458 2230 597 2274 etiam
619 2230 806 2275 actuali.
829 2231 958 2275 Unde
984 2230 1317 2275 convenienter
1338 2233 1448 2275 ante
1480 2229 1766 2286 baptismum
1795 2231 2038 2286 expellun-

134 2296 214 2336 tur
232 2291 471 2337 daemones
495 2307 578 2350 per
601 2294 907 2348 exorcismos,
931 2306 991 2338 ne
1007 2293 1206 2338 salutem
1230 2292 1434 2336 hominis
1451 2292 1736 2348 impediant3
1761 2304 1903 2349 quam
1929 2293 2040 2350 qui-

135 2355 243 2400 dem
274 2356 600 2412 expulsionem
640 2357 874 2414 significat
903 2356 1183 2401 exsufflatio.
1224 2355 1488 2400 Benedictio
1534 2360 1690 2399 autem
1729 2353 1837 2399 cum
1867 2359 2038 2401 manus

134 2417 432 2474 impositione
458 2420 703 2475 praecludit
734 2420 929 2476 expulso
964 2420 1106 2474 viam,
1136 2431 1195 2463 ne
1229 2418 1378 2463 redire
1409 2417 1574 2474 possit.
1609 2417 1683 2461 Sal
1708 2423 1864 2463 autem
1899 2418 1945 2462 in
1983 2431 2038 2464 os
2083 2409 2094 2426 ⁹

135 2480 348 2536 missum,
372 2486 417 2525 et
432 2481 615 2525 narium
636 2487 682 2525 et
701 2482 886 2525 aurium
901 2488 1038 2538 sputo
1054 2481 1220 2533 linitio,
1244 2479 1477 2536 significat
1492 2480 1805 2537 receptionem
1817 2479 2038 2526 doctrinae

134 2541 241 2586 fidei
262 2543 492 2599 quantum
516 2543 573 2587 ad
593 2556 748 2600 aures,
770 2548 815 2588 et
839 2543 1222 2600 approbationem
1246 2542 1476 2598 quantUm
1499 2541 1558 2586 ad
1584 2554 1740 2598 nares,
1769 2546 1817 2586 et
1858 2542 2038 2588 conses-

136 2603 317 2649 sionem
359 2606 588 2661 quantum
631 2606 690 2651 ad
718 2618 788 2650 os.
834 2606 928 2650 Olei
973 2604 1085 2650 vero
1111 2603 1322 2649 inunctio
1382 2604 1440 2659 (3)
1474 2602 1709 2660 significat
1727 2603 2036 2661 aptitudinem

134 2666 337 2710 hominis
362 2666 420 2710 ad
439 2667 750 2723 pugnandum
773 2672 936 2712 contra
959 2667 1216 2712 daemones·

190 2727 256 2772 Ad
269 2731 470 2784 primum
493 2741 602 2785 ergo
626 2729 896 2786 dicendum,
922 2728 1049 2786 quod
1066 2726 1370 2784 energumeni
1399 2726 1637 2783 dicuntur,
1672 2725 1807 2783 quasi
1839 2727 2035 2774 interius

135 2789 404 2834 laborantes
422 2792 479 2845 (4)
502 2802 560 2834 ex
580 2791 836 2836 intrinseca
869 2791 1138 2848 operatione
1169 2789 1367 2844 diaboli3
1404 2792 1451 2833 et
1489 2787 1704 2844 quamvis
1745 2800 1840 2833 non
1870 2801 2035 2837 omnes

123 2895 131 2904 ”
188 2900 220 2942 4)
254 2901 350 2944 Quod
377 2901 510 2942 egregie
538 2903 719 2943 Dionysius
738 2903 811 2945 (lib.
844 2903 893 2937 De
925 2902 1041 2938 eccles.

1127 2910 1200 2941 cato
1221 2907 1306 2947 orig.
1317 2917 1391 2948 cap.
1407 2905 1461 2948 40,
1473 2908 1508 2940 et
1521 2903 1584 2939 lib.
1602 2912 1638 2939 vl
1652 2909 1742 2939 cont.
1755 2905 1883 2941 Julian.
1903 2908 2033 2950 cap.5),

135 2949 306 2985 hierarch.
330 2960 403 2992 cap.
423 2950 501 2992 ult.)
523 2955 640 2986 contra
659 2950 814 2986 infideles
837 2950 982 2992 explicat
1008 2955 1042 2986 et

1126 2972 1166 2980 -
1183 2953 1414 2996 Impositionis
1427 2965 1604 2994 manuum,
1623 2953 1724 2987 Dion.
1746 2953 1882 2995 (Eccles.
1900 2954 2033 2990 hierar.

1127 3016 1201 3045 cap.
1220 3005 1266 3045 Ι4,
1282 3003 1410 3037 Concil.
1431 3011 1465 3037 lv
1480 3004 1637 3042 Carthag.
1655 3014 1727 3043 cap.
1747 3004 1800 3045 85,
1820 3008 1854 3037 et
1867 3004 1990 3039 concil.
2007 3009 2033 3039 ιι

1126 3052 1255 3094 Hispal.
1277 3064 1350 3086 can.
1376 3052 1421 3090 7).
1442 3069 1485 3077 -·
1502 3051 1586 3086 Usus
1607 3050 1684 3086 salis
1702 3050 1782 3086 Isid.
1802 3051 1885 3092 (Off.
1910 3052 1972 3088 lib.
1989 3061 2032 3096 11,

1127 3112 1200 3142 cap.
1212 3100 1284 3141 20),
1296 3102 1436 3139 August.
1455 3100 1605 3134 Confess.
1625 3100 1686 3134 lib.
1703 3108 1728 3141 1,
1750 3112 1822 3142 cap.
1843 3101 1897 3144 44,
1912 3101 2034 3138 concil.

1127 3159 1168 3184 ιιι
1187 3150 1343 3188 Carthag.
1363 3161 1437 3184 can.
1452 3150 1498 3188 5).
1512 3165 1555 3173 —
1569 3148 1752 3183 Linitiouis
1766 3148 1902 3184 aurium
1916 3156 1951 3185 et
1974 3160 2032 3185 na·

1128 3198 1233 3238 rium,
1250 3198 1407 3232 Ambros.
1424 3197 1487 3238 (De
1501 3208 1644 3231 sacram.
1670 3196 1732 3231 lib.
1752 3207 1778 3238 1,
1795 3209 1826 3231 c.
1839 3197 1886 3239 4).
1903 3214 1948 3223 -·
1962 3199 2035 3232 lm-

1127 3245 1309 3281 mersionis
1324 3245 1403 3285 olei,
1420 3245 1578 3279 Ambros.
1607 3245 1667 3286 (De
1688 3245 1989 3287 sacramentis,lib.
2006 3254 2032 3289 1,

136 2997 305 3039 defendit3
332 2996 392 3032 ubi
424 2998 599 3040 patrinum
624 2999 679 3034 hic
712 3004 866 3034 vocatum
896 2999 1043 3042 appellat

136 3050 401 3089 susceptorem,
431 3058 668 3090 sponsorem,
704 3049 841 3089 ducem,
867 3050 1042 3094 poedaqo·

136 3105 235 3139 qum.
249 3095 415 3128 divinum
433 3099 591 3139 patrem,
609 3101 675 3131 etc.

178 3144 223 3185 (2)
247 3144 294 3178 Dc
318 3145 520 3185 exorcismis,
541 3145 587 3179 ait
611 3146 839 3181 Catechismus
863 3158 1039 3190 romanus,

135 3191 212 3228 vide
244 3191 388 3226 Tertull.
426 3193 486 3231 (De
519 3194 704 3235 praescript.
737 3206 808 3236 cap.
846 3195 912 3237 4¹),
943 3197 1040 3236 cypr.

136 3241 255 3282 (Epist.
279 3241 330 3282 n),
351 3241 530 3281 Angustia.
545 3243 608 3283 (De
634 3242 743 3283 gratia
767 3243 829 3278 Dei
856 3248 890 3278 et
908 3248 1042 3286 peccato

137 3288 306 3330 originali,
326 3288 386 3323 lib.
411 3297 453 3329 11,
469 3301 541 3331 cap.
558 3292 612 3334 40,
628 3296 662 3326 et
679 3291 739 3326 lib.
769 3300 796 3325 11
816 3292 866 3325 De
884 3299 981 3331 nupt.
1008 3300 1043 3327 et

137 3338 327 3378 concupisc.
350 3348 422 3377 cap.
448 3337 514 3379 26),
536 3341 654 3380 Optat.
670 3339 744 3382 (lib.
771 3347 805 3374 lv
826 3344 944 3373 contra
963 3340 1042 3374 Par-

135 3385 358 3427 monianum).

177 3434 220 3476 (5)
240 3434 490 3470 Exsufssationis
507 3436 665 3470 meminit
679 3436 877 3472 Ambrosius
892 3438 976 3480 (cap.
996 3437 1011 3471 4
1030 3464 1039 3479 ,

136 3480 199 3518 ΙίΙο.
217 3482 270 3518 De
285 3483 334 3519 iis
354 3485 418 3526 qui
437 3484 669 3527 initiantur),
687 3485 868 3526 Angustia.
887 3486 947 3526 (De
965 3496 1039 3530 pee-

1129 3307 1159 3329 c.
1183 3295 1216 3336 2,
1230 3300 1264 3328 et
1281 3293 1343 3329 lib.
1360 3302 1414 3334 ΙΙΙ,
1429 3305 1499 3334 cap·
1518 3293 1551 3334 4,
1569 3293 1686 3333 cyrill.
1703 3294 1839 3327 catech.
1856 3293 1904 3333 2).

1169 3343 1213 3386 (4)
1226 3342 1286 3377 Vel
1301 3343 1446 3377 interius
1455 3342 1497 3376 ad
1508 3342 1716 3383 operandum
1727 3341 1806 3382 acti,
1820 3342 1934 3376 sivein
1950 3342 2033 3384 qui-

1125 3390 1188 3426 bus
1205 3391 1335 3426 doemon
1359 3390 1451 3425 intus
1471 3390 1611 3424 existens
1635 3395 1809 3431 operatur,
1838 3395 1933 3431 juxta
1956 3402 2033 3432 pro·

1125 3438 1234 3479 priam
1253 3438 1535 3478 significationem
1550 3448 1662 3476 graecae
1684 3438 1776 3475 vocis
1791 3442 2013 3482 ἱνιργοὺμενος,
