2170 3808
51 195 134 238 430
648 194 848 247 QUAEST.
878 193 934 246 L,
965 193 1083 235 ART.
1112 193 1145 235 V
1176 193 1241 235 ET
1269 193 1338 237 vl.

52 276 278 321 Gaianum
295 278 370 335 (1),
391 275 646 321 secundum
662 274 865 331 primum
881 272 1191 330 corruptionis
1210 272 1401 319 modum
1413 277 1522 318 ante
1539 271 1941 330 resurrectionem,

53 342 125 384 est
139 337 335 396 impium
355 353 367 382 ι
392 341 439 382 et
456 336 567 393 quia
585 348 755 394 corpus
771 335 935 380 Christi
956 347 1048 379 non
1072 338 1197 379 esset
1209 334 1608 380 consubstantiale
1628 333 1780 389 nobiS,
1797 333 1943 378 necin

51 399 246 445 veritate
257 402 495 444 mortuum
510 403 650 454 esset,
673 409 759 442 nec
774 409 916 441 secun
923 397 1034 441 dum
1050 395 1290 440 veritatem
1302 395 1468 441 salvati
1486 407 1714 442 essemus.
1732 393 1944 439 Secundo

52 466 209 507 autem
230 459 371 505 modo
387 471 559 516 corpus
581 460 743 504 Christi
768 459 855 504 fuit
873 459 1213 515 incorruptum.
1230 476 1251 498 »ι

106 523 172 568 Ad
191 524 391 580 primum
404 532 515 578 ergo
527 521 794 577 dicendum,
811 521 938 579 quod
955 533 1123 577 corpus
1139 523 1376 565 mortuum
1397 520 1738 579 cujuscumque
1756 517 1946 564 alterius

49 583 249 629 hominis
270 595 366 627 non
400 588 612 628 remanet
646 584 831 628 unitum
850 581 990 627 alicui
1026 580 1267 639 hypostasi
1297 581 1606 638 permanenti,
1629 579 1753 625 sicut
1775 589 1949 635 corpus

51 645 214 690 Christi
236 649 489 691 mortuum.
513 648 566 690 Et
587 644 691 690 ideo
713 657 883 702 corpus
909 649 1148 689 mortuum
1177 642 1514 701 cujuscumque
1531 642 1722 688 alterius
1743 639 1944 686 hominis

50 719 144 752 non
180 711 250 753 est
271 706 394 753 idem
427 707 712 765 simpliciter,
735 706 819 751 sed
838 706 1100 751 secundum
1133 704 1248 762 quid
1267 720 1279 750 z
1300 704 1411 762 quia
1431 709 1503 750 est
1534 704 1661 751 idem
1683 702 1941 749 secundum

49 768 309 827 materiam,
349 781 445 814 non
478 774 636 814 autem
667 768 793 813 idem
824 766 1086 812 secundum
1125 767 1340 812 formam.
1374 767 1550 824 Corpus
1581 770 1740 812 autem
1779 761 1943 811 Christi

49 835 260 876 remanet
278 830 405 876 idem
439 829 712 886 simpliciter
732 833 921 886 propter
937 828 1225 872 identitatem
1245 827 1486 886 suppositi,
1508 832 1562 873 ut
1589 827 1765 874 dictum
1785 829 1859 871 est
1879 825 1943 881 (in

50 904 179 949 corp.
211 895 334 947 art.).

104 954 169 1000 Ad
184 955 432 999 secundum
454 952 721 1006 dicendum,
753 951 880 1009 quod
899 951 1010 1008 quia
1031 950 1157 996 idem
1178 962 1375 995 numero
1394 950 1562 996 dicitur
1580 950 1755 1008 aliquid
1773 961 1945 995 secun-

49 1014 164 1060 dum
185 1014 497 1072 suppositum,
516 1013 641 1058 idern
656 1017 813 1058 autem
826 1012 981 1070 specie
993 1017 1065 1058 est
1083 1011 1207 1058 idem
1225 1012 1484 1058 secundum
1495 1012 1692 1057 formam
1705 1026 1718 1069 3
1736 1010 1946 1057 ubicum-

49 1087 142 1132 que
159 1074 454 1134 suppositum
470 1074 686 1120 subsistit
699 1074 749 1119 in
769 1086 864 1119 una
890 1074 990 1119 sola
1014 1077 1198 1132 natura,
1221 1077 1402 1131 oportet
1423 1072 1550 1131 quod
1564 1073 1748 1119 sublata
1769 1073 1946 1120 unitate

49 1138 239 1198 speciei,
263 1138 502 1183 auferatur
513 1137 671 1183 unitas
696 1136 969 1182 numeralis·
995 1137 1082 1182 Sed
1103 1136 1371 1195 hypostasis
1403 1135 1538 1181 Verbi
1568 1136 1646 1181 Dei
1665 1134 1877 1181 subsistit
1897 1135 1946 1181 in

49 1199 235 1246 duabus
257 1199 438 1245 naturis
458 1216 470 1244 z
487 1203 535 1244 et
554 1199 659 1245 ideo
673 1199 892 1257 quamvis
908 1199 958 1244 in
974 1199 1152 1244 Christo
1175 1212 1270 1244 non
1285 1202 1525 1244 remaneat
1542 1210 1713 1256 corpus
1731 1197 1854 1243 idem
1871 1208 1946 1243 se·

50 1262 257 1307 cundum
281 1261 486 1319 speciem
523 1262 742 1307 humanae
775 1265 974 1319 naturae,
999 1266 1214 1307 remanet
1232 1266 1392 1306 tamen
1414 1261 1538 1307 idem
1557 1272 1753 1306 numero
1775 1272 1943 1306 secun-

49 1322 162 1368 dum
185 1323 481 1382 suppositum
500 1323 631 1368 Verbi
654 1324 748 1369 Dei.

104 1385 170 1431 Ad
193 1389 379 1430 tertium
400 1385 667 1442 dicendum,
689 1386 816 1444 quod
833 1386 1069 1443 corruptio
1099 1391 1147 1432 et
1177 1398 1305 1431 mors
1320 1398 1413 1430 non
1435 1385 1656 1443 competit
1673 1385 1852 1431 Christo
1871 1396 1945 1429 ra·

49 1447 176 1493 tione
197 1447 442 1505 suppositi,
468 1447 728 1492 secundum
749 1447 875 1505 quod
893 1448 1148 1493 attenditur
1166 1448 1342 1506 unitas,
1361 1447 1445 1493 sed
1461 1447 1642 1493 ratione
1662 1451 1946 1506 naturae,se-

48 1509 257 1554 cundum
277 1521 417 1565 quam
439 1508 676 1553 invenitur
697 1509 957 1554 differentia
971 1509 1135 1554 mortis
1148 1514 1195 1554 et
1214 1510 1334 1554 vitae.

75 1573 418 1616 ARTICULUS
455 1572 534 1614 Vl.
572 1595 630 1602 —
661 1585 801 1615 ornum
839 1584 947 1615 mons
979 1584 1141 1615 cums'n
1178 1585 1343 1623 AmQum
1363 1584 1548 1616 oritana
1571 1583 1638 1615 sn·
1656 1585 1709 1616 Au
1730 1584 1918 1617 NOSTRA!

546 1638 548 1643 ’
603 1660 607 1663 -
652 1641 654 1643 ’
899 1646 1101 1677 SALUTEM.

216 1702 266 1736 De
287 1700 341 1736 his
362 1701 467 1736 etiam
485 1700 588 1742 infra,
603 1706 719 1742 quaest.
735 1710 782 1742 u.
806 1702 903 1740 arm
926 1714 1021 1744 corp,
1039 1704 1074 1737 et
1088 1706 1203 1745 quaest.
1221 1711 1291 1743 LVI,
1308 1706 1374 1738 art.
1395 1704 1409 1737 4
1429 1702 1471 1738 ad
1489 1703 1522 1744 4,
1538 1702 1627 1737 etad
1643 1702 1717 1738 Gal.
1739 1710 1780 1738 Π.

104 1755 170 1802 Ad
204 1760 389 1801 sextum
411 1756 481 1800 sic
501 1756 782 1813 proceditur.
806 1761 848 1802 1.
874 1758 1061 1802 Videtur
1099 1757 1226 1815 qued
1255 1769 1383 1802 mors
1424 1756 1588 1803 Christi
1622 1756 1737 1802 nihil
1757 1762 1948 1814 operata

49 1817 111 1863 sit
151 1818 211 1863 ad
255 1823 463 1863 nostram
501 1818 715 1863 salutem.
765 1821 882 1864 Mors
916 1820 1042 1864 enim
1083 1825 1154 1876 est
1194 1819 1409 1877 quaedam
1453 1818 1649 1877 privatio
1662 1852 1675 1878 ,
1713 1823 1786 1864 est
1820 1818 1946 1864 enim

48 1879 247 1937 privatio
283 1880 409 1925 vitae.
451 1881 538 1926 Sed
572 1881 793 1939 privati0,
830 1886 936 1927 cum
982 1895 1078 1928 non
1114 1882 1176 1927 sit
1217 1894 1293 1927 res
1332 1881 1503 1939 aliqua,
1549 1894 1644 1928 non
1681 1882 1822 1927 habet
1859 1881 1944 1926 ali-

49 1953 192 2046 qulam
231 1941 452 1986 virtutem
489 1942 674 1997 agendi.
721 1945 839 1999 Ergo
877 1956 970 1988 non
1017 1943 1169 2001 potuit
1210 1943 1387 2001 aliquid
1422 1943 1604 2002 operari
1642 1943 1702 1990 ad
1739 1948 1945 1989 nostram

50 2015 102 2048 sa
122 2008 262 2048 utem.

105 2069 149 2111 2.
179 2068 418 2122 Praeterea,
436 2066 590 2122 passio
611 2066 773 2112 Christi
794 2073 984 2125 operata
999 2073 1071 2113 est
1091 2073 1300 2113 nostram
1324 2067 1522 2113 salutem
1541 2081 1625 2126 per
1643 2069 1834 2114 modum
1853 2082 1948 2115 me-

48 2126 141 2172 riti.
165 2127 238 2172 Sic
260 2131 418 2172 autem
452 2140 546 2172 non
571 2129 722 2185 potuit
753 2130 933 2186 operari
963 2142 1090 2175 mors
1119 2130 1302 2186 Christi;
1326 2141 1438 2174 nam
1469 2129 1518 2174 in
1537 2134 1687 2175 morte
1705 2136 1948 2189 separatur

50 2189 208 2234 anima
228 2188 256 2233 ἐι
284 2201 492 2246 corpore,
518 2203 622 2247 quae
638 2195 708 2235 est
726 2191 935 2236 merendi
952 2192 1233 2249 principium
1251 2191 1328 2248 (2).
1350 2194 1469 2250 Ergo
1503 2203 1631 2237 mors
1662 2192 1827 2238 Christi
1849 2206 1945 2239 non

50 2255 124 2297 est
139 2256 328 2308 operata
347 2250 522 2308 aliquid
541 2252 597 2297 ad
617 2258 821 2298 nostram
839 2253 1052 2299 salutem.
1294 2252 1297 2255 ’

105 2315 149 2358 3.
178 2314 420 2369 Praeterea,
441 2314 678 2370 corporale
716 2327 808 2359 non
846 2321 917 2361 est
937 2329 1080 2362 causa
1113 2315 1385 2373 spiritualis,
1422 2316 1511 2362 Sed
1529 2328 1657 2362 mors
1680 2316 1845 2362 Christi
1863 2317 1931 2363 fui

50 2374 318 2433 corporalis,
334 2375 431 2417 Non
456 2386 567 2430 ergo
588 2377 737 2431 potuit
754 2389 857 2422 esse
881 2390 1024 2423 causa
1039 2378 1296 2435 spiritualis
1318 2382 1491 2423 nostrae
1514 2378 1695 2424 salutis.

107 2436 196 2482 Sed
209 2440 372 2480 contra
392 2441 464 2480 est
482 2438 604 2493 quod
621 2440 909 2494 Augustinus
928 2440 1041 2485 dicit
1058 2443 1136 2495 (De
1157 2439 1317 2485 Trinit.
1338 2439 1419 2485 lib.
1441 2454 1499 2498 1v,
1520 2453 1622 2498 cap.
1639 2443 1683 2499 3,
1704 2441 1795 2487 sub
1809 2441 1910 2498 fin.)
1927 2458 1941 2490 z

54 2500 185 2543 «Una
207 2508 334 2542 mors
352 2497 497 2542 nostri
518 2497 782 2557 salvatoris,
802 2499 978 2544 scilicet
999 2500 1270 2558 corporaliS,
1293 2500 1479 2546 duabus
1501 2501 1729 2548 mortibus
1752 2504 1942 2559 nostris,

51 2559 99 2606 id
120 2563 207 2615 est,
228 2559 396 2604 animae
417 2563 464 2604 et
481 2560 705 2618 corporiS,
728 2562 867 2606 saluti
886 2562 989 2607 fuit.
1002 2582 1023 2603 ι»

99 2627 392 2669 CONCLUSIO.
410 2649 455 2656 -
470 2627 576 2668 Mors
595 2627 764 2679 Christi,
780 2632 828 2670 ut
852 2630 1030 2682 privatio
1050 2631 1148 2671 vitae
1174 2630 1441 2681 considerata,
1470 2643 1553 2673 non
1570 2643 1643 2685 per
1662 2633 1836 2675 modum
1858 2645 1947 2677 me-

50 2684 137 2734 riti,
152 2682 221 2724 sed
243 2681 379 2723 solum
403 2693 475 2734 per
492 2683 666 2724 modum
688 2684 930 2736 efficientiae,
952 2685 1105 2727 virtute
1126 2685 1281 2727 scilieet
1297 2685 1546 2736 divinitatis,
1565 2687 1741 2730 salutem
1761 2693 1946 2731 nostram

50 2742 214 2791 operata
230 2741 293 2779 est
311 2753 321 2780 z
337 2737 406 2779 sed
420 2739 457 2779 si
478 2739 647 2780 nomine
663 2741 825 2790 mortis,
844 2741 913 2782 via
931 2740 984 2781 ad
1004 2741 1222 2782 interitum
1240 2742 1511 2792 intelligatur,
1526 2754 1572 2783 eo
1588 2754 1671 2796 quo
1689 2743 1739 2785 de
1759 2746 1947 2797 passione

51 2793 211 2835 dictum
223 2795 285 2834 est
302 2793 439 2843 modo,
459 2792 605 2833 salutis
622 2798 768 2834 nostrae
783 2807 904 2836 causa
919 2796 964 2836 fu
972 2795 1018 2837 it.

106 2856 378 2914 Respondeo
393 2856 639 2902 dicendum
665 2857 786 2915 qued
809 2859 867 2904 de
895 2863 1042 2905 morte
1058 2859 1226 2904 Christi
1246 2859 1492 2916 dupliciter
1515 2859 1644 2919 loqui
1661 2874 1942 2919 possumus:

53 2932 149 2965 uno
167 2920 306 2966 modo
328 2919 587 2965 secundum
610 2920 737 2978 quod
766 2927 838 2967 est
860 2922 908 2967 in
931 2923 1058 2980 fieri,
1090 2922 1182 2967 alio
1211 2922 1351 2968 modo
1374 2922 1634 2977 secundum
1652 2924 1779 2983 qued
1803 2930 1876 2971 est
1896 2924 1944 2972 in

50 2981 174 3027 facto
202 2994 323 3029 esse.
353 2982 526 3027 Dicitur
554 2988 711 3028 autem
743 2997 869 3031 mors
891 2997 997 3031 esse
1018 2986 1067 3030 in
1084 2985 1201 3043 fieri,
1233 2985 1420 3044 quando
1438 2986 1607 3044 aliquis
1638 2999 1724 3045 per
1740 2988 1944 3046 aliquam

46 3043 319 3117 passionem
338 3045 413 3091 vel
448 3044 707 3090 naturalem
730 3047 805 3092 vel
829 3046 1099 3106 violentam,
1123 3046 1272 3092 tendit
1291 3046 1340 3092 in
1366 3051 1562 3092 mortem
1594 3065 1605 3093 :
1628 3053 1675 3093 et
1695 3049 1784 3094 hoc
1806 3050 1945 3095 modo

47 3106 177 3151 ‘idem
197 3110 270 3151 est
289 3106 416 3164 loqui
435 3107 493 3152 de
510 3113 659 3152 morte
673 3109 835 3154 Christi
856 3110 975 3155 etde
991 3109 1210 3168 passione
1222 3109 1389 3167 ipsius.
1408 3112 1459 3154 Et
1469 3109 1534 3154 ita
1545 3111 1803 3156 secundum
1817 3111 1946 3158 hunc

54 3165 246 3213 modum
263 3179 390 3211 mors
401 3168 563 3212 Christi
575 3181 717 3213 causa
732 3175 803 3214 est
817 3171 982 3217 salutis
996 3176 1168 3216 nostrae
1180 3171 1437 3217 secundum
1452 3170 1500 3215 id
1512 3171 1639 3228 quod
1653 3171 1711 3217 de
1725 3172 1944 3230 passione

99 3289 142 3328 zi)
161 3288 399 3330 Gaianusille,
423 3290 440 3323 a
467 3301 533 3330 quo
553 3290 707 3330 gaianitae
727 3292 835 3327 vocati
849 3296 929 3328 sunt
944 3320 953 3333 ,
1040 3298 1147 3338 φρόνει.
1166 3294 1202 3328 id
1220 3297 1280 3335 est,
1306 3293 1522 3334 insipientem
1542 3299 1649 3338 vocat,
1673 3294 1762 3329 nihil
1781 3296 1940 3331 occurrit.

55 3337 181 3392 dicitur
198 3338 261 3372 sub
283 3342 434 3379 tempore
454 3338 636 3372 Justiniani
657 3339 872 3381 imperatoris
894 3354 953 3376 ex-
1082 3343 1124 3384 (2)
1144 3342 1342 3382 mediatum.
1359 3346 1539 3383 remotum,
1557 3346 1591 3377 et
1608 3342 1712 3377 veluti
1729 3342 1847 3387 quod,·
1861 3343 1941 3377 alio-

6 3392 8 3394 ·
56 3386 162 3420 misse
195 3398 232 3420 ac
264 3386 435 3427 episcopus
467 3386 614 3428 perversi
649 3389 760 3428 populi
791 3389 955 3425 electione
1040 3391 1122 3430 quin
1153 3390 1342 3431 proximum
1358 3417 1366 3432 ,
1391 3389 1628 3424 immediatum
1650 3395 1682 3425 et
1702 3401 1771 3434 quo
1792 3396 1841 3425 cst
1865 3390 1941 3425 cha-

56 3433 160 3468 ἰθείας
177 3446 258 3469 esse.
272 3435 320 3468 De
335 3435 469 3469 Iuliano
487 3447 585 3476 quem
623 3435 844 3471 Damasccnus
857 3452 954 3482 παρα·
1042 3439 1135 3473 ritas.
