<?xml version="1.0" encoding="UTF-8"?>
<!DOCTYPE html PUBLIC "-//W3C//DTD XHTML 1.0 Transitional//EN"
    "http://www.w3.org/TR/xhtml1/DTD/xhtml1-transitional.dtd">
<html xmlns="http://www.w3.org/1999/xhtml" xml:lang="en" lang="en">
 <head>
  <title>
</title>
<meta http-equiv="Content-Type" content="text/html;charset=utf-8" />
  <meta name='ocr-system' content='tesseract 3.04.00' />
  <meta name='ocr-capabilities' content='ocr_page ocr_carea ocr_par ocr_line ocrx_word'/>
</head>
<body>
  <div class='ocr_page' id='page_1' title='image "./summatheologica06thomuoft_0423.png"; bbox 0 0 2170 3808; ppageno 0'>
   <div class='ocr_carea' id='block_1_1' title="bbox 765 268 2072 328">
    <p class='ocr_par' dir='ltr' id='par_1_1' title="bbox 765 268 2072 328">
     <span class='ocr_line' id='line_1_1' title="bbox 765 268 2072 328; baseline -0.005 -11"><span class='ocrx_word' id='word_1_1' title='bbox 765 274 966 326; x_wconf 83' lang='lat' dir='ltr'>QUAEST.</span> <span class='ocrx_word' id='word_1_2' title='bbox 995 273 1131 328; x_wconf 85' lang='lat' dir='ltr'><strong>XLVI,</strong></span> <span class='ocrx_word' id='word_1_3' title='bbox 1161 273 1279 316; x_wconf 88' lang='lat' dir='ltr'><strong>ART.</strong></span> <span class='ocrx_word' id='word_1_4' title='bbox 1311 272 1379 315; x_wconf 85' lang='lat' dir='ltr'><strong>vl.</strong></span> <span class='ocrx_word' id='word_1_5' title='bbox 1935 268 2017 312; x_wconf 84' lang='lat'><strong>387</strong></span> <span class='ocrx_word' id='word_1_6' title='bbox 2069 290 2072 293; x_wconf 44' lang='lat'>*</span> 
     </span>
    </p>
   </div>
   <div class='ocr_carea' id='block_1_2' title="bbox 56 343 2080 3299">
    <p class='ocr_par' dir='ltr' id='par_1_2' title="bbox 56 343 2080 460">
     <span class='ocr_line' id='line_1_2' title="bbox 56 343 2080 405; baseline -0.005 -7"><span class='ocrx_word' id='word_1_7' title='bbox 56 343 61 346; x_wconf 38' lang='lat'>¹</span> <span class='ocrx_word' id='word_1_8' title='bbox 139 356 370 405; x_wconf 83' lang='lat' dir='ltr'><strong>talitatem,</strong></span> <span class='ocrx_word' id='word_1_9' title='bbox 400 354 544 395; x_wconf 78' lang='lat' dir='ltr'><strong>verum</strong></span> <span class='ocrx_word' id='word_1_10' title='bbox 576 352 700 393; x_wconf 89' lang='lat' dir='ltr'><strong>etiam</strong></span> <span class='ocrx_word' id='word_1_11' title='bbox 729 355 889 404; x_wconf 87' lang='lat' dir='ltr'><strong>propter</strong></span> <span class='ocrx_word' id='word_1_12' title='bbox 913 351 1065 392; x_wconf 86' lang='lat' dir='ltr'><strong>Christi</strong></span> <span class='ocrx_word' id='word_1_13' title='bbox 1096 351 1288 402; x_wconf 85' lang='lat' dir='ltr'><strong>patientis</strong></span> <span class='ocrx_word' id='word_1_14' title='bbox 1316 347 1653 390; x_wconf 81' lang='lat' dir='ltr'><strong>constitutionem</strong></span> <span class='ocrx_word' id='word_1_15' title='bbox 1676 351 1717 388; x_wconf 88' lang='lat' dir='ltr'><strong>et</strong></span> <span class='ocrx_word' id='word_1_16' title='bbox 1738 345 2017 388; x_wconf 87' lang='lat' dir='ltr'><strong>voluntariam</strong></span> <span class='ocrx_word' id='word_1_17' title='bbox 2057 343 2080 403; x_wconf 74' lang='grc' dir='ltr'><strong> </strong></span> 
     </span>
     <span class='ocr_line' id='line_1_3' title="bbox 138 401 1872 460; baseline -0.006 -9"><span class='ocrx_word' id='word_1_18' title='bbox 138 411 328 452; x_wconf 85' lang='lat' dir='ltr'><strong>dolorum</strong></span> <span class='ocrx_word' id='word_1_19' title='bbox 346 407 685 460; x_wconf 77' lang='lat' dir='ltr'><strong>assumptionem,</strong></span> <span class='ocrx_word' id='word_1_20' title='bbox 704 418 796 458; x_wconf 85' lang='lat' dir='ltr'><strong>quae</strong></span> <span class='ocrx_word' id='word_1_21' title='bbox 814 407 1041 447; x_wconf 76' lang='lat' dir='ltr'><strong>secundum</strong></span> <span class='ocrx_word' id='word_1_22' title='bbox 1065 406 1339 458; x_wconf 80' lang='lat' dir='ltr'><strong>quantitatem</strong></span> <span class='ocrx_word' id='word_1_23' title='bbox 1360 406 1437 444; x_wconf 88' lang='lat' dir='ltr'><strong>fini</strong></span> <span class='ocrx_word' id='word_1_24' title='bbox 1460 406 1758 455; x_wconf 79' lang='lat' dir='ltr'><strong>proportionata</strong></span> <span class='ocrx_word' id='word_1_25' title='bbox 1778 401 1872 441; x_wconf 77' lang='lat' dir='ltr'><strong>fuit.</strong></span> 
     </span>
    </p>

    <p class='ocr_par' dir='ltr' id='par_1_3' title="bbox 133 462 2079 2852">
     <span class='ocr_line' id='line_1_4' title="bbox 193 462 2064 528; baseline -0.003 -12"><span class='ocrx_word' id='word_1_26' title='bbox 193 472 461 528; x_wconf 85' lang='lat' dir='ltr'><strong>Respondeo</strong></span> <span class='ocrx_word' id='word_1_27' title='bbox 479 470 727 516; x_wconf 89' lang='lat' dir='ltr'><strong>dicendum</strong></span> <span class='ocrx_word' id='word_1_28' title='bbox 747 470 890 526; x_wconf 80' lang='lat' dir='ltr'><strong>quod,</strong></span> <span class='ocrx_word' id='word_1_29' title='bbox 911 470 1031 514; x_wconf 86' lang='lat' dir='ltr'><strong>sicut</strong></span> <span class='ocrx_word' id='word_1_30' title='bbox 1063 480 1205 524; x_wconf 87' lang='lat' dir='ltr'><strong>supra</strong></span> <span class='ocrx_word' id='word_1_31' title='bbox 1233 467 1410 512; x_wconf 88' lang='lat' dir='ltr'><strong>dictum</strong></span> <span class='ocrx_word' id='word_1_32' title='bbox 1432 473 1520 523; x_wconf 89' lang='lat' dir='ltr'><strong>est,</strong></span> <span class='ocrx_word' id='word_1_33' title='bbox 1539 469 1646 510; x_wconf 80' lang='lat' dir='ltr'><strong>cum</strong></span> <span class='ocrx_word' id='word_1_34' title='bbox 1671 467 1728 510; x_wconf 90' lang='lat' dir='ltr'><strong>de</strong></span> <span class='ocrx_word' id='word_1_35' title='bbox 1763 463 2018 511; x_wconf 82' lang='lat' dir='ltr'><strong>defectibus</strong></span> <span class='ocrx_word' id='word_1_36' title='bbox 2034 462 2064 527; x_wconf 41' lang='lat'><strong>22:</strong></span> 
     </span>
     <span class='ocr_line' id='line_1_5' title="bbox 133 526 2051 590; baseline -0.004 -11"><span class='ocrx_word' id='word_1_37' title='bbox 133 533 390 590; x_wconf 76' lang='lat' dir='ltr'><strong>assumptis</strong></span> <span class='ocrx_word' id='word_1_38' title='bbox 411 533 437 576; x_wconf 69' lang='lat' dir='ltr'><strong>a</strong></span> <span class='ocrx_word' id='word_1_39' title='bbox 451 532 627 577; x_wconf 89' lang='lat' dir='ltr'><strong>Christo</strong></span> <span class='ocrx_word' id='word_1_40' title='bbox 641 536 857 588; x_wconf 82' lang='lat' dir='ltr'><strong>ageretur</strong></span> <span class='ocrx_word' id='word_1_41' title='bbox 869 533 1048 589; x_wconf 85' lang='lat' dir='ltr'><strong>(quaest.</strong></span> <span class='ocrx_word' id='word_1_42' title='bbox 1065 542 1136 586; x_wconf 84' lang='lat' dir='ltr'><strong>xv,</strong></span> <span class='ocrx_word' id='word_1_43' title='bbox 1157 535 1245 574; x_wconf 86' lang='lat' dir='ltr'><strong>art.</strong></span> <span class='ocrx_word' id='word_1_44' title='bbox 1266 532 1295 574; x_wconf 79' lang='lat'>5</span> <span class='ocrx_word' id='word_1_45' title='bbox 1316 533 1362 573; x_wconf 89' lang='lat' dir='ltr'><strong>et</strong></span> <span class='ocrx_word' id='word_1_46' title='bbox 1375 530 1436 585; x_wconf 87' lang='lat'><strong>6),</strong></span> <span class='ocrx_word' id='word_1_47' title='bbox 1458 528 1507 571; x_wconf 93' lang='lat' dir='ltr'><strong>in</strong></span> <span class='ocrx_word' id='word_1_48' title='bbox 1523 528 1698 572; x_wconf 86' lang='lat' dir='ltr'><strong>Christo</strong></span> <span class='ocrx_word' id='word_1_49' title='bbox 1717 527 1919 584; x_wconf 88' lang='lat' dir='ltr'><strong>patiente</strong></span> <span class='ocrx_word' id='word_1_50' title='bbox 1930 526 2018 572; x_wconf 86' lang='lat' dir='ltr'><strong>fuit</strong></span> <span class='ocrx_word' id='word_1_51' title='bbox 2032 529 2051 555; x_wconf 87' lang='lat'><strong>&#39;-</strong></span> 
     </span>
     <span class='ocr_line' id='line_1_6' title="bbox 141 578 2066 651; baseline -0.005 -9"><span class='ocrx_word' id='word_1_52' title='bbox 141 608 283 642; x_wconf 79' lang='lat' dir='ltr'><strong>verus</strong></span> <span class='ocrx_word' id='word_1_53' title='bbox 302 595 433 640; x_wconf 85' lang='lat' dir='ltr'><strong>dolor</strong></span> <span class='ocrx_word' id='word_1_54' title='bbox 449 599 496 639; x_wconf 88' lang='lat' dir='ltr'><strong>et</strong></span> <span class='ocrx_word' id='word_1_55' title='bbox 517 594 767 649; x_wconf 87' lang='lat' dir='ltr'><strong>sensibilis,</strong></span> <span class='ocrx_word' id='word_1_56' title='bbox 797 593 876 651; x_wconf 88' lang='lat' dir='ltr'><strong>qui</strong></span> <span class='ocrx_word' id='word_1_57' title='bbox 898 598 1118 651; x_wconf 82' lang='lat' dir='ltr'><strong>causatur</strong></span> <span class='ocrx_word' id='word_1_58' title='bbox 1140 604 1198 637; x_wconf 88' lang='lat' dir='ltr'><strong>ex</strong></span> <span class='ocrx_word' id='word_1_59' title='bbox 1217 589 1440 648; x_wconf 89' lang='lat' dir='ltr'><strong>corporali</strong></span> <span class='ocrx_word' id='word_1_60' title='bbox 1461 590 1652 646; x_wconf 79' lang='lat' dir='ltr'><strong>nocivo3</strong></span> <span class='ocrx_word' id='word_1_61' title='bbox 1685 595 1731 634; x_wconf 92' lang='lat' dir='ltr'><strong>et</strong></span> <span class='ocrx_word' id='word_1_62' title='bbox 1750 589 1880 635; x_wconf 91' lang='lat' dir='ltr'><strong>dolor</strong></span> <span class='ocrx_word' id='word_1_63' title='bbox 1897 588 2019 636; x_wconf 88' lang='lat' dir='ltr'><strong>inte-</strong></span> <span class='ocrx_word' id='word_1_64' title='bbox 2029 578 2066 642; x_wconf 64' lang='lat' dir='ltr'><strong>i}</strong></span> 
     </span>
     <span class='ocr_line' id='line_1_7' title="bbox 141 650 2018 714; baseline -0.003 -12"><span class='ocrx_word' id='word_1_65' title='bbox 141 657 250 713; x_wconf 85' lang='lat' dir='ltr'><strong>rior,</strong></span> <span class='ocrx_word' id='word_1_66' title='bbox 265 657 344 714; x_wconf 90' lang='lat' dir='ltr'><strong>qui</strong></span> <span class='ocrx_word' id='word_1_67' title='bbox 359 660 578 701; x_wconf 83' lang='lat' dir='ltr'><strong>causatur</strong></span> <span class='ocrx_word' id='word_1_68' title='bbox 588 669 645 700; x_wconf 89' lang='lat' dir='ltr'><strong>ex</strong></span> <span class='ocrx_word' id='word_1_69' title='bbox 658 654 1027 712; x_wconf 82' lang='lat' dir='ltr'><strong>apprehensione</strong></span> <span class='ocrx_word' id='word_1_70' title='bbox 1037 654 1235 711; x_wconf 79' lang='lat' dir='ltr'><strong>aliquus</strong></span> <span class='ocrx_word' id='word_1_71' title='bbox 1247 651 1532 706; x_wconf 88' lang='lat' dir='ltr'><strong>nocumenti,</strong></span> <span class='ocrx_word' id='word_1_72' title='bbox 1545 650 1626 709; x_wconf 85' lang='lat' dir='ltr'><strong>qui</strong></span> <span class='ocrx_word' id='word_1_73' title='bbox 1640 651 1823 695; x_wconf 84' lang='lat' dir='ltr'><strong>tristitia</strong></span> <span class='ocrx_word' id='word_1_74' title='bbox 1833 651 2018 697; x_wconf 73' lang='lat' dir='ltr'><strong>dicitur,</strong></span> 
     </span>
     <span class='ocr_line' id='line_1_8' title="bbox 145 713 2019 776; baseline -0.003 -12"><span class='ocrx_word' id='word_1_75' title='bbox 145 720 341 776; x_wconf 87' lang='lat' dir='ltr'><strong>Uterque</strong></span> <span class='ocrx_word' id='word_1_76' title='bbox 361 723 515 762; x_wconf 88' lang='lat' dir='ltr'><strong>autem</strong></span> <span class='ocrx_word' id='word_1_77' title='bbox 534 718 666 762; x_wconf 90' lang='lat' dir='ltr'><strong>dolor</strong></span> <span class='ocrx_word' id='word_1_78' title='bbox 683 718 731 761; x_wconf 91' lang='lat' dir='ltr'><strong>in</strong></span> <span class='ocrx_word' id='word_1_79' title='bbox 747 718 925 762; x_wconf 88' lang='lat' dir='ltr'><strong>Christo</strong></span> <span class='ocrx_word' id='word_1_80' title='bbox 938 717 1027 761; x_wconf 85' lang='lat' dir='ltr'><strong>fuit</strong></span> <span class='ocrx_word' id='word_1_81' title='bbox 1044 717 1278 762; x_wconf 85' lang='lat' dir='ltr'><strong>maximus</strong></span> <span class='ocrx_word' id='word_1_82' title='bbox 1305 715 1425 760; x_wconf 90' lang='lat' dir='ltr'><strong>inter</strong></span> <span class='ocrx_word' id='word_1_83' title='bbox 1443 714 1624 759; x_wconf 89' lang='lat' dir='ltr'><strong>dolores</strong></span> <span class='ocrx_word' id='word_1_84' title='bbox 1642 713 1881 770; x_wconf 80' lang='lat' dir='ltr'><strong>praesentis</strong></span> <span class='ocrx_word' id='word_1_85' title='bbox 1894 714 2019 759; x_wconf 82' lang='lat' dir='ltr'><strong>vitae.</strong></span> 
     </span>
     <span class='ocr_line' id='line_1_9' title="bbox 138 775 2020 838; baseline -0.003 -12"><span class='ocrx_word' id='word_1_86' title='bbox 138 781 273 834; x_wconf 16' lang='lat' dir='ltr'><strong>&#39;Quod</strong></span> <span class='ocrx_word' id='word_1_87' title='bbox 289 780 475 838; x_wconf 89' lang='lat' dir='ltr'><strong>quidem</strong></span> <span class='ocrx_word' id='word_1_88' title='bbox 486 780 679 836; x_wconf 87' lang='lat' dir='ltr'><strong>contigit</strong></span> <span class='ocrx_word' id='word_1_89' title='bbox 692 784 879 836; x_wconf 88' lang='lat' dir='ltr'><strong>propter</strong></span> <span class='ocrx_word' id='word_1_90' title='bbox 899 783 1097 837; x_wconf 87' lang='lat' dir='ltr'><strong>quatuor</strong></span> <span class='ocrx_word' id='word_1_91' title='bbox 1108 794 1129 826; x_wconf 64' lang='grc' dir='ltr'><strong>ε</strong></span> <span class='ocrx_word' id='word_1_92' title='bbox 1142 777 1291 836; x_wconf 77' lang='lat' dir='ltr'><strong>primo</strong></span> <span class='ocrx_word' id='word_1_93' title='bbox 1311 777 1496 834; x_wconf 90' lang='lat' dir='ltr'><strong>quidem</strong></span> <span class='ocrx_word' id='word_1_94' title='bbox 1511 781 1698 833; x_wconf 87' lang='lat' dir='ltr'><strong>propter</strong></span> <span class='ocrx_word' id='word_1_95' title='bbox 1711 787 1877 819; x_wconf 83' lang='lat' dir='ltr'><strong>causas</strong></span> <span class='ocrx_word' id='word_1_96' title='bbox 1890 775 2020 821; x_wconf 89' lang='lat' dir='ltr'><strong>dolo-</strong></span> 
     </span>
     <span class='ocr_line' id='line_1_10' title="bbox 144 835 2020 895; baseline -0.001 -9"><span class='ocrx_word' id='word_1_97' title='bbox 144 842 224 886; x_wconf 86' lang='lat' dir='ltr'><strong>ris.</strong></span> <span class='ocrx_word' id='word_1_98' title='bbox 246 844 356 886; x_wconf 88' lang='lat' dir='ltr'><strong>Nam</strong></span> <span class='ocrx_word' id='word_1_99' title='bbox 378 841 549 886; x_wconf 87' lang='lat' dir='ltr'><strong>doloris</strong></span> <span class='ocrx_word' id='word_1_100' title='bbox 578 840 814 885; x_wconf 87' lang='lat' dir='ltr'><strong>sensibilis</strong></span> <span class='ocrx_word' id='word_1_101' title='bbox 846 852 986 884; x_wconf 89' lang='lat' dir='ltr'><strong>causa</strong></span> <span class='ocrx_word' id='word_1_102' title='bbox 1019 839 1105 884; x_wconf 83' lang='lat' dir='ltr'><strong>fuit</strong></span> <span class='ocrx_word' id='word_1_103' title='bbox 1123 839 1252 883; x_wconf 83' lang='lat' dir='ltr'><strong>laesio</strong></span> <span class='ocrx_word' id='word_1_104' title='bbox 1287 837 1563 895; x_wconf 56' lang='lat' dir='ltr'><strong>corpor⁴alis3</strong></span> <span class='ocrx_word' id='word_1_105' title='bbox 1584 849 1688 894; x_wconf 89' lang='lat' dir='ltr'><strong>quae</strong></span> <span class='ocrx_word' id='word_1_106' title='bbox 1722 835 2020 884; x_wconf 84' lang='lat' dir='ltr'><strong>acerbitatem</strong></span> 
     </span>
     <span class='ocr_line' id='line_1_11' title="bbox 145 899 2020 959; baseline -0.003 -12"><span class='ocrx_word' id='word_1_107' title='bbox 145 902 318 957; x_wconf 84' lang='lat' dir='ltr'><strong>habuit,</strong></span> <span class='ocrx_word' id='word_1_108' title='bbox 333 909 432 947; x_wconf 90' lang='lat' dir='ltr'><strong>tum</strong></span> <span class='ocrx_word' id='word_1_109' title='bbox 455 906 642 959; x_wconf 92' lang='lat' dir='ltr'><strong>propter</strong></span> <span class='ocrx_word' id='word_1_110' title='bbox 660 902 1007 959; x_wconf 86' lang='lat' dir='ltr'><strong>generalitatem</strong></span> <span class='ocrx_word' id='word_1_111' title='bbox 1025 900 1257 959; x_wconf 84' lang='lat' dir='ltr'><strong>passionis</strong></span> <span class='ocrx_word' id='word_1_112' title='bbox 1274 900 1332 945; x_wconf 88' lang='lat' dir='ltr'><strong>de</strong></span> <span class='ocrx_word' id='word_1_113' title='bbox 1354 911 1447 957; x_wconf 91' lang='lat' dir='ltr'><strong>qua</strong></span> <span class='ocrx_word' id='word_1_114' title='bbox 1475 899 1650 944; x_wconf 89' lang='lat' dir='ltr'><strong>dictum</strong></span> <span class='ocrx_word' id='word_1_115' title='bbox 1667 904 1740 943; x_wconf 89' lang='lat' dir='ltr'><strong>est</strong></span> <span class='ocrx_word' id='word_1_116' title='bbox 1753 899 1856 952; x_wconf 88' lang='lat' dir='ltr'><strong>(art.</strong></span> <span class='ocrx_word' id='word_1_117' title='bbox 1877 910 2020 954; x_wconf 88' lang='lat' dir='ltr'><strong>praec.</strong></span> 
     </span>
     <span class='ocr_line' id='line_1_12' title="bbox 144 959 2023 1022; baseline -0.003 -12"><span class='ocrx_word' id='word_1_118' title='bbox 144 971 191 1010; x_wconf 84' lang='lat' dir='ltr'><strong>et</strong></span> <span class='ocrx_word' id='word_1_119' title='bbox 207 977 284 1022; x_wconf 88' lang='lat' dir='ltr'><strong>qu.</strong></span> <span class='ocrx_word' id='word_1_120' title='bbox 305 970 390 1021; x_wconf 85' lang='lat' dir='ltr'><strong>xv),</strong></span> <span class='ocrx_word' id='word_1_121' title='bbox 409 971 507 1008; x_wconf 90' lang='lat' dir='ltr'><strong>tum</strong></span> <span class='ocrx_word' id='word_1_122' title='bbox 522 965 659 1008; x_wconf 87' lang='lat' dir='ltr'><strong>etiam</strong></span> <span class='ocrx_word' id='word_1_123' title='bbox 680 977 737 1009; x_wconf 85' lang='lat' dir='ltr'><strong>ex</strong></span> <span class='ocrx_word' id='word_1_124' title='bbox 757 976 930 1020; x_wconf 80' lang='lat' dir='ltr'><strong>genere</strong></span> <span class='ocrx_word' id='word_1_125' title='bbox 949 964 1195 1022; x_wconf 85' lang='lat' dir='ltr'><strong>passionis,</strong></span> <span class='ocrx_word' id='word_1_126' title='bbox 1206 962 1315 1020; x_wconf 90' lang='lat' dir='ltr'><strong>quia</strong></span> <span class='ocrx_word' id='word_1_127' title='bbox 1335 974 1461 1006; x_wconf 89' lang='lat' dir='ltr'><strong>mors</strong></span> <span class='ocrx_word' id='word_1_128' title='bbox 1481 960 1807 1007; x_wconf 87' lang='lat' dir='ltr'><strong>crucifixorum</strong></span> <span class='ocrx_word' id='word_1_129' title='bbox 1822 959 1870 1004; x_wconf 91' lang='lat' dir='ltr'><strong>in</strong></span> <span class='ocrx_word' id='word_1_130' title='bbox 1882 972 2023 1005; x_wconf 82' lang='lat' dir='ltr'><strong>cruce</strong></span> 
     </span>
     <span class='ocr_line' id='line_1_13' title="bbox 138 1022 2020 1083; baseline -0.002 -11"><span class='ocrx_word' id='word_1_131' title='bbox 138 1031 217 1072; x_wconf 90' lang='lat' dir='ltr'><strong>-est</strong></span> <span class='ocrx_word' id='word_1_132' title='bbox 229 1027 540 1079; x_wconf 84' lang='lat' dir='ltr'><strong>acerbissima,</strong></span> <span class='ocrx_word' id='word_1_133' title='bbox 559 1028 668 1083; x_wconf 87' lang='lat' dir='ltr'><strong>quia</strong></span> <span class='ocrx_word' id='word_1_134' title='bbox 688 1027 986 1083; x_wconf 83' lang='lat' dir='ltr'><strong>configuntur</strong></span> <span class='ocrx_word' id='word_1_135' title='bbox 1001 1026 1049 1070; x_wconf 90' lang='lat' dir='ltr'><strong>in</strong></span> <span class='ocrx_word' id='word_1_136' title='bbox 1063 1025 1180 1071; x_wconf 86' lang='lat' dir='ltr'><strong>locis</strong></span> <span class='ocrx_word' id='word_1_137' title='bbox 1194 1023 1406 1070; x_wconf 87' lang='lat' dir='ltr'><strong>nervosis</strong></span> <span class='ocrx_word' id='word_1_138' title='bbox 1425 1028 1472 1069; x_wconf 90' lang='lat' dir='ltr'><strong>et</strong></span> <span class='ocrx_word' id='word_1_139' title='bbox 1489 1023 1691 1069; x_wconf 79' lang='lat' dir='ltr'><strong>maxime</strong></span> <span class='ocrx_word' id='word_1_140' title='bbox 1703 1022 2020 1078; x_wconf 76' lang='lat' dir='ltr'><strong>sensibilibUS,</strong></span> 
     </span>
     <span class='ocr_line' id='line_1_14' title="bbox 147 1085 2025 1147; baseline -0.002 -13"><span class='ocrx_word' id='word_1_141' title='bbox 147 1089 319 1134; x_wconf 87' lang='lat' dir='ltr'><strong>scilicet</strong></span> <span class='ocrx_word' id='word_1_142' title='bbox 337 1089 384 1133; x_wconf 90' lang='lat' dir='ltr'><strong>in</strong></span> <span class='ocrx_word' id='word_1_143' title='bbox 404 1089 622 1134; x_wconf 89' lang='lat' dir='ltr'><strong>manibus</strong></span> <span class='ocrx_word' id='word_1_144' title='bbox 639 1094 686 1133; x_wconf 89' lang='lat' dir='ltr'><strong>et</strong></span> <span class='ocrx_word' id='word_1_145' title='bbox 706 1089 900 1145; x_wconf 89' lang='lat' dir='ltr'><strong>pedibus</strong></span> <span class='ocrx_word' id='word_1_146' title='bbox 918 1121 930 1147; x_wconf 90' lang='lat'><strong>‚</strong></span> <span class='ocrx_word' id='word_1_147' title='bbox 950 1094 998 1133; x_wconf 84' lang='lat' dir='ltr'><strong>et</strong></span> <span class='ocrx_word' id='word_1_148' title='bbox 1018 1088 1172 1145; x_wconf 88' lang='lat' dir='ltr'><strong>ipsum</strong></span> <span class='ocrx_word' id='word_1_149' title='bbox 1190 1086 1375 1144; x_wconf 89' lang='lat' dir='ltr'><strong>pondus</strong></span> <span class='ocrx_word' id='word_1_150' title='bbox 1394 1085 1598 1142; x_wconf 88' lang='lat' dir='ltr'><strong>corporis</strong></span> <span class='ocrx_word' id='word_1_151' title='bbox 1618 1085 1862 1142; x_wconf 85' lang='lat' dir='ltr'><strong>pendentis</strong></span> <span class='ocrx_word' id='word_1_152' title='bbox 1875 1085 2025 1130; x_wconf 87' lang='lat' dir='ltr'><strong>conti-</strong></span> 
     </span>
     <span class='ocr_line' id='line_1_15' title="bbox 147 1147 2021 1210; baseline -0.001 -16"><span class='ocrx_word' id='word_1_153' title='bbox 147 1151 240 1195; x_wconf 88' lang='lat' dir='ltr'><strong>nue</strong></span> <span class='ocrx_word' id='word_1_154' title='bbox 260 1155 399 1207; x_wconf 86' lang='lat' dir='ltr'><strong>auget</strong></span> <span class='ocrx_word' id='word_1_155' title='bbox 418 1151 651 1206; x_wconf 67' lang='lat' dir='ltr'><strong>dolorem3</strong></span> <span class='ocrx_word' id='word_1_156' title='bbox 673 1155 721 1194; x_wconf 90' lang='lat' dir='ltr'><strong>et</strong></span> <span class='ocrx_word' id='word_1_157' title='bbox 751 1162 858 1194; x_wconf 90' lang='lat' dir='ltr'><strong>cum</strong></span> <span class='ocrx_word' id='word_1_158' title='bbox 877 1149 965 1194; x_wconf 86' lang='lat' dir='ltr'><strong>hoc</strong></span> <span class='ocrx_word' id='word_1_159' title='bbox 1001 1150 1139 1194; x_wconf 88' lang='lat' dir='ltr'><strong>etiam</strong></span> <span class='ocrx_word' id='word_1_160' title='bbox 1158 1152 1231 1210; x_wconf 87' lang='lat' dir='ltr'><strong>est</strong></span> <span class='ocrx_word' id='word_1_161' title='bbox 1251 1147 1422 1193; x_wconf 89' lang='lat' dir='ltr'><strong>doloris</strong></span> <span class='ocrx_word' id='word_1_162' title='bbox 1454 1147 1751 1203; x_wconf 80' lang='lat' dir='ltr'><strong>diuturnitas,</strong></span> <span class='ocrx_word' id='word_1_163' title='bbox 1784 1147 1893 1204; x_wconf 90' lang='lat' dir='ltr'><strong>quia</strong></span> <span class='ocrx_word' id='word_1_164' title='bbox 1925 1158 2021 1192; x_wconf 83' lang='lat' dir='ltr'><strong>non</strong></span> 
     </span>
     <span class='ocr_line' id='line_1_16' title="bbox 147 1208 2022 1272; baseline -0.001 -17"><span class='ocrx_word' id='word_1_165' title='bbox 147 1212 301 1256; x_wconf 89' lang='lat' dir='ltr'><strong>statim</strong></span> <span class='ocrx_word' id='word_1_166' title='bbox 322 1212 601 1266; x_wconf 86' lang='lat' dir='ltr'><strong>moriuntur,</strong></span> <span class='ocrx_word' id='word_1_167' title='bbox 622 1211 742 1255; x_wconf 85' lang='lat' dir='ltr'><strong>sieut</strong></span> <span class='ocrx_word' id='word_1_168' title='bbox 755 1211 801 1255; x_wconf 93' lang='lat' dir='ltr'><strong>hi</strong></span> <span class='ocrx_word' id='word_1_169' title='bbox 816 1211 896 1267; x_wconf 90' lang='lat' dir='ltr'><strong>qui</strong></span> <span class='ocrx_word' id='word_1_170' title='bbox 916 1210 1069 1266; x_wconf 87' lang='lat' dir='ltr'><strong>gladio</strong></span> <span class='ocrx_word' id='word_1_171' title='bbox 1087 1209 1442 1272; x_wconf 62' lang='lat' dir='ltr'><strong>interficiuntur,</strong></span> <span class='ocrx_word' id='word_1_172' title='bbox 1464 1208 1640 1252; x_wconf 85' lang='lat' dir='ltr'><strong>Doloris</strong></span> <span class='ocrx_word' id='word_1_173' title='bbox 1654 1214 1810 1253; x_wconf 89' lang='lat' dir='ltr'><strong>autem</strong></span> <span class='ocrx_word' id='word_1_174' title='bbox 1834 1208 2022 1253; x_wconf 85' lang='lat' dir='ltr'><strong>interio-</strong></span> 
     </span>
     <span class='ocr_line' id='line_1_17' title="bbox 146 1270 2025 1330; baseline 0.001 -16"><span class='ocrx_word' id='word_1_175' title='bbox 146 1271 212 1316; x_wconf 89' lang='lat' dir='ltr'><strong>ris</strong></span> <span class='ocrx_word' id='word_1_176' title='bbox 239 1285 381 1316; x_wconf 88' lang='lat' dir='ltr'><strong>causa</strong></span> <span class='ocrx_word' id='word_1_177' title='bbox 399 1273 501 1330; x_wconf 88' lang='lat' dir='ltr'><strong>fuit,</strong></span> <span class='ocrx_word' id='word_1_178' title='bbox 535 1271 685 1328; x_wconf 79' lang='lat' dir='ltr'><strong>primo</strong></span> <span class='ocrx_word' id='word_1_179' title='bbox 703 1271 891 1329; x_wconf 87' lang='lat' dir='ltr'><strong>quidem</strong></span> <span class='ocrx_word' id='word_1_180' title='bbox 912 1270 1072 1315; x_wconf 89' lang='lat' dir='ltr'><strong>omnia</strong></span> <span class='ocrx_word' id='word_1_181' title='bbox 1099 1275 1291 1328; x_wconf 87' lang='lat' dir='ltr'><strong>peccata</strong></span> <span class='ocrx_word' id='word_1_182' title='bbox 1311 1270 1501 1315; x_wconf 87' lang='lat' dir='ltr'><strong>humani</strong></span> <span class='ocrx_word' id='word_1_183' title='bbox 1522 1270 1721 1326; x_wconf 88' lang='lat' dir='ltr'><strong>generis,</strong></span> <span class='ocrx_word' id='word_1_184' title='bbox 1744 1282 1830 1326; x_wconf 88' lang='lat' dir='ltr'><strong>pro</strong></span> <span class='ocrx_word' id='word_1_185' title='bbox 1849 1270 2025 1327; x_wconf 76' lang='lat' dir='ltr'><strong>quihus</strong></span> 
     </span>
     <span class='ocr_line' id='line_1_18' title="bbox 145 1331 2020 1390; baseline 0.001 -14"><span class='ocrx_word' id='word_1_186' title='bbox 145 1332 455 1377; x_wconf 85' lang='lat' dir='ltr'><strong>satisfaciebat</strong></span> <span class='ocrx_word' id='word_1_187' title='bbox 482 1332 715 1390; x_wconf 84' lang='lat' dir='ltr'><strong>patiendo,</strong></span> <span class='ocrx_word' id='word_1_188' title='bbox 735 1333 862 1378; x_wconf 89' lang='lat' dir='ltr'><strong>unde</strong></span> <span class='ocrx_word' id='word_1_189' title='bbox 876 1345 932 1378; x_wconf 88' lang='lat' dir='ltr'><strong>ea</strong></span> <span class='ocrx_word' id='word_1_190' title='bbox 944 1332 1079 1389; x_wconf 86' lang='lat' dir='ltr'><strong>quasi</strong></span> <span class='ocrx_word' id='word_1_191' title='bbox 1108 1332 1197 1377; x_wconf 89' lang='lat' dir='ltr'><strong>sibi</strong></span> <span class='ocrx_word' id='word_1_192' title='bbox 1217 1332 1450 1388; x_wconf 89' lang='lat' dir='ltr'><strong>adscribit,</strong></span> <span class='ocrx_word' id='word_1_193' title='bbox 1473 1332 1636 1377; x_wconf 85' lang='lat' dir='ltr'><strong>dicens</strong></span> <span class='ocrx_word' id='word_1_194' title='bbox 1663 1332 1728 1386; x_wconf 89' lang='lat' dir='ltr'><strong>(in</strong></span> <span class='ocrx_word' id='word_1_195' title='bbox 1748 1331 1869 1376; x_wconf 90' lang='lat' dir='ltr'><strong>Psal.</strong></span> <span class='ocrx_word' id='word_1_196' title='bbox 1888 1334 1977 1386; x_wconf 77' lang='lat' dir='ltr'><strong>xxi)</strong></span> <span class='ocrx_word' id='word_1_197' title='bbox 2004 1343 2020 1378; x_wconf 71' lang='grc' dir='ltr'><strong><em>ε</em></strong></span> 
     </span>
     <span class='ocr_line' id='line_1_19' title="bbox 148 1387 2021 1452; baseline 0.002 -17"><span class='ocrx_word' id='word_1_198' title='bbox 148 1394 294 1436; x_wconf 82' lang='lat' dir='ltr'><strong>Verba</strong></span> <span class='ocrx_word' id='word_1_199' title='bbox 313 1387 577 1438; x_wconf 69' lang='lat' dir='ltr'><strong>delictorum</strong></span> <span class='ocrx_word' id='word_1_200' title='bbox 589 1408 815 1451; x_wconf 76' lang='lat' dir='ltr'><strong>meorum5</strong></span> <span class='ocrx_word' id='word_1_201' title='bbox 830 1394 1056 1452; x_wconf 83' lang='lat' dir='ltr'><strong>secundo,</strong></span> <span class='ocrx_word' id='word_1_202' title='bbox 1066 1394 1324 1451; x_wconf 88' lang='lat' dir='ltr'><strong>specialiter</strong></span> <span class='ocrx_word' id='word_1_203' title='bbox 1339 1406 1476 1439; x_wconf 90' lang='lat' dir='ltr'><strong>casus</strong></span> <span class='ocrx_word' id='word_1_204' title='bbox 1487 1394 1749 1438; x_wconf 75' lang='lat' dir='ltr'><strong>ludaeorum</strong></span> <span class='ocrx_word' id='word_1_205' title='bbox 1764 1397 1810 1438; x_wconf 91' lang='lat' dir='ltr'><strong>et</strong></span> <span class='ocrx_word' id='word_1_206' title='bbox 1826 1393 2021 1438; x_wconf 89' lang='lat' dir='ltr'><strong>aliorum</strong></span> 
     </span>
     <span class='ocr_line' id='line_1_20' title="bbox 146 1454 2022 1513; baseline 0.001 -15"><span class='ocrx_word' id='word_1_207' title='bbox 146 1454 195 1499; x_wconf 88' lang='lat' dir='ltr'><strong>in</strong></span> <span class='ocrx_word' id='word_1_208' title='bbox 215 1455 318 1512; x_wconf 79' lang='lat' dir='ltr'><strong>ers</strong></span> <span class='ocrx_word' id='word_1_209' title='bbox 348 1461 496 1501; x_wconf 88' lang='lat' dir='ltr'><strong>morte</strong></span> <span class='ocrx_word' id='word_1_210' title='bbox 515 1456 899 1513; x_wconf 87' lang='lat' dir='ltr'><strong>delinquentium,</strong></span> <span class='ocrx_word' id='word_1_211' title='bbox 936 1461 983 1502; x_wconf 91' lang='lat' dir='ltr'><strong>et</strong></span> <span class='ocrx_word' id='word_1_212' title='bbox 1005 1456 1237 1513; x_wconf 77' lang='lat' dir='ltr'><strong>praecipue</strong></span> <span class='ocrx_word' id='word_1_213' title='bbox 1254 1456 1603 1513; x_wconf 88' lang='lat' dir='ltr'><strong>discipulorum,</strong></span> <span class='ocrx_word' id='word_1_214' title='bbox 1637 1455 1716 1513; x_wconf 89' lang='lat' dir='ltr'><strong>qui</strong></span> <span class='ocrx_word' id='word_1_215' title='bbox 1748 1454 2022 1500; x_wconf 89' lang='lat' dir='ltr'><strong>scandalum</strong></span> 
     </span>
     <span class='ocr_line' id='line_1_21' title="bbox 146 1517 2024 1575; baseline 0.001 -14"><span class='ocrx_word' id='word_1_216' title='bbox 146 1518 271 1574; x_wconf 84' lang='lat' dir='ltr'><strong>pessi</strong></span> <span class='ocrx_word' id='word_1_217' title='bbox 304 1518 480 1562; x_wconf 90' lang='lat' dir='ltr'><strong>suntin</strong></span> <span class='ocrx_word' id='word_1_218' title='bbox 518 1518 680 1563; x_wconf 88' lang='lat' dir='ltr'><strong>Christi</strong></span> <span class='ocrx_word' id='word_1_219' title='bbox 701 1519 940 1575; x_wconf 83' lang='lat' dir='ltr'><strong>passione3</strong></span> <span class='ocrx_word' id='word_1_220' title='bbox 965 1519 1100 1563; x_wconf 80' lang='lat' dir='ltr'><strong>tertio</strong></span> <span class='ocrx_word' id='word_1_221' title='bbox 1133 1518 1273 1563; x_wconf 84' lang='lat' dir='ltr'><strong>etiam</strong></span> <span class='ocrx_word' id='word_1_222' title='bbox 1295 1518 1483 1563; x_wconf 88' lang='lat' dir='ltr'><strong>amissio</strong></span> <span class='ocrx_word' id='word_1_223' title='bbox 1502 1518 1608 1562; x_wconf 87' lang='lat' dir='ltr'><strong>vitae</strong></span> <span class='ocrx_word' id='word_1_224' title='bbox 1630 1517 1898 1574; x_wconf 87' lang='lat' dir='ltr'><strong>corporalis,</strong></span> <span class='ocrx_word' id='word_1_225' title='bbox 1916 1523 2024 1574; x_wconf 80' lang='lat' dir='ltr'><strong>quae</strong></span> 
     </span>
     <span class='ocr_line' id='line_1_22' title="bbox 148 1578 2022 1636; baseline 0.001 -14"><span class='ocrx_word' id='word_1_226' title='bbox 148 1579 415 1623; x_wconf 88' lang='lat' dir='ltr'><strong>naturaliter</strong></span> <span class='ocrx_word' id='word_1_227' title='bbox 430 1584 500 1624; x_wconf 87' lang='lat' dir='ltr'><strong>est</strong></span> <span class='ocrx_word' id='word_1_228' title='bbox 516 1580 750 1625; x_wconf 83' lang='lat' dir='ltr'><strong>horribilis</strong></span> <span class='ocrx_word' id='word_1_229' title='bbox 759 1581 976 1625; x_wconf 85' lang='lat' dir='ltr'><strong>humanae</strong></span> <span class='ocrx_word' id='word_1_230' title='bbox 992 1585 1185 1625; x_wconf 86' lang='lat' dir='ltr'><strong>naturae.</strong></span> <span class='ocrx_word' id='word_1_231' title='bbox 1203 1579 1429 1635; x_wconf 82' lang='lat' dir='ltr'><strong>Secundo,</strong></span> <span class='ocrx_word' id='word_1_232' title='bbox 1447 1584 1598 1636; x_wconf 84' lang='lat' dir='ltr'><strong>potest</strong></span> <span class='ocrx_word' id='word_1_233' title='bbox 1611 1579 1882 1635; x_wconf 86' lang='lat' dir='ltr'><strong>magnitudo</strong></span> <span class='ocrx_word' id='word_1_234' title='bbox 1893 1578 2022 1624; x_wconf 85' lang='lat' dir='ltr'><strong>dolo-</strong></span> 
     </span>
     <span class='ocr_line' id='line_1_23' title="bbox 148 1640 2024 1699; baseline 0.002 -16"><span class='ocrx_word' id='word_1_235' title='bbox 148 1640 215 1684; x_wconf 86' lang='lat' dir='ltr'><strong>ris</strong></span> <span class='ocrx_word' id='word_1_236' title='bbox 233 1640 334 1697; x_wconf 79' lang='lat' dir='ltr'><strong>eJus</strong></span> <span class='ocrx_word' id='word_1_237' title='bbox 364 1641 642 1686; x_wconf 83' lang='lat' dir='ltr'><strong>considerari</strong></span> <span class='ocrx_word' id='word_1_238' title='bbox 661 1654 720 1686; x_wconf 83' lang='lat' dir='ltr'><strong>ex</strong></span> <span class='ocrx_word' id='word_1_239' title='bbox 742 1641 1119 1699; x_wconf 87' lang='lat' dir='ltr'><strong>perceptibilitate</strong></span> <span class='ocrx_word' id='word_1_240' title='bbox 1141 1641 1375 1698; x_wconf 85' lang='lat' dir='ltr'><strong>patientis,</strong></span> <span class='ocrx_word' id='word_1_241' title='bbox 1395 1645 1441 1686; x_wconf 86' lang='lat' dir='ltr'><strong>et</strong></span> <span class='ocrx_word' id='word_1_242' title='bbox 1473 1641 1729 1686; x_wconf 75' lang='lat' dir='ltr'><strong>secundum</strong></span> <span class='ocrx_word' id='word_1_243' title='bbox 1749 1640 1952 1685; x_wconf 88' lang='lat' dir='ltr'><strong>animam</strong></span> <span class='ocrx_word' id='word_1_244' title='bbox 1976 1644 2024 1686; x_wconf 84' lang='lat' dir='ltr'><strong>et</strong></span> 
     </span>
     <span class='ocr_line' id='line_1_24' title="bbox 147 1701 2021 1761; baseline 0.002 -17"><span class='ocrx_word' id='word_1_245' title='bbox 147 1701 404 1746; x_wconf 82' lang='lat' dir='ltr'><strong>secundum</strong></span> <span class='ocrx_word' id='word_1_246' title='bbox 426 1715 609 1760; x_wconf 87' lang='lat' dir='ltr'><strong>corpus.</strong></span> <span class='ocrx_word' id='word_1_247' title='bbox 629 1707 740 1748; x_wconf 90' lang='lat' dir='ltr'><strong>Nam</strong></span> <span class='ocrx_word' id='word_1_248' title='bbox 753 1709 799 1749; x_wconf 92' lang='lat' dir='ltr'><strong>et</strong></span> <span class='ocrx_word' id='word_1_249' title='bbox 823 1704 1082 1750; x_wconf 81' lang='lat' dir='ltr'><strong>secundum</strong></span> <span class='ocrx_word' id='word_1_250' title='bbox 1100 1716 1270 1761; x_wconf 89' lang='lat' dir='ltr'><strong>corpus</strong></span> <span class='ocrx_word' id='word_1_251' title='bbox 1289 1709 1387 1749; x_wconf 87' lang='lat' dir='ltr'><strong>erat</strong></span> <span class='ocrx_word' id='word_1_252' title='bbox 1404 1703 1577 1760; x_wconf 85' lang='lat' dir='ltr'><strong>optime</strong></span> <span class='ocrx_word' id='word_1_253' title='bbox 1608 1701 2021 1758; x_wconf 85' lang='lat' dir='ltr'><strong>complexionatus‚</strong></span> 
     </span>
     <span class='ocr_line' id='line_1_25' title="bbox 150 1763 2020 1823; baseline 0.001 -17"><span class='ocrx_word' id='word_1_254' title='bbox 150 1764 258 1807; x_wconf 75' lang='lat' dir='ltr'><strong>cum</strong></span> <span class='ocrx_word' id='word_1_255' title='bbox 275 1775 442 1819; x_wconf 85' lang='lat' dir='ltr'><strong>corpus</strong></span> <span class='ocrx_word' id='word_1_256' title='bbox 477 1765 580 1822; x_wconf 72' lang='lat' dir='ltr'><strong>eJus</strong></span> <span class='ocrx_word' id='word_1_257' title='bbox 598 1765 736 1809; x_wconf 85' lang='lat' dir='ltr'><strong>fuerit</strong></span> <span class='ocrx_word' id='word_1_258' title='bbox 756 1764 1005 1810; x_wconf 84' lang='lat' dir='ltr'><strong>formatum</strong></span> <span class='ocrx_word' id='word_1_259' title='bbox 1026 1763 1304 1810; x_wconf 78' lang='lat' dir='ltr'><strong>miraculose</strong></span> <span class='ocrx_word' id='word_1_260' title='bbox 1320 1764 1588 1821; x_wconf 87' lang='lat' dir='ltr'><strong>operatione</strong></span> <span class='ocrx_word' id='word_1_261' title='bbox 1621 1763 1815 1819; x_wconf 78' lang='lat' dir='ltr'><strong>Spiritus</strong></span> <span class='ocrx_word' id='word_1_262' title='bbox 1844 1764 2020 1823; x_wconf 79' lang='lat' dir='ltr'><strong>sancti3</strong></span> 
     </span>
     <span class='ocr_line' id='line_1_26' title="bbox 151 1823 2023 1885; baseline 0.002 -17"><span class='ocrx_word' id='word_1_263' title='bbox 151 1823 274 1868; x_wconf 85' lang='lat' dir='ltr'><strong>sicut.</strong></span> <span class='ocrx_word' id='word_1_264' title='bbox 284 1829 329 1869; x_wconf 91' lang='lat' dir='ltr'><strong>et</strong></span> <span class='ocrx_word' id='word_1_265' title='bbox 344 1825 435 1868; x_wconf 86' lang='lat' dir='ltr'><strong>alia</strong></span> <span class='ocrx_word' id='word_1_266' title='bbox 454 1838 560 1882; x_wconf 85' lang='lat' dir='ltr'><strong>quae</strong></span> <span class='ocrx_word' id='word_1_267' title='bbox 575 1838 657 1883; x_wconf 85' lang='lat' dir='ltr'><strong>per</strong></span> <span class='ocrx_word' id='word_1_268' title='bbox 670 1826 892 1871; x_wconf 84' lang='lat' dir='ltr'><strong>miracula</strong></span> <span class='ocrx_word' id='word_1_269' title='bbox 909 1828 1028 1872; x_wconf 84' lang='lat' dir='ltr'><strong>facta</strong></span> <span class='ocrx_word' id='word_1_270' title='bbox 1042 1832 1168 1885; x_wconf 84' lang='lat' dir='ltr'><strong>sunt,</strong></span> <span class='ocrx_word' id='word_1_271' title='bbox 1189 1827 1378 1872; x_wconf 90' lang='lat' dir='ltr'><strong>fuerunt</strong></span> <span class='ocrx_word' id='word_1_272' title='bbox 1391 1827 1494 1871; x_wconf 88' lang='lat' dir='ltr'><strong>aliis</strong></span> <span class='ocrx_word' id='word_1_273' title='bbox 1516 1826 1709 1883; x_wconf 87' lang='lat' dir='ltr'><strong>potiora,</strong></span> <span class='ocrx_word' id='word_1_274' title='bbox 1725 1831 1777 1869; x_wconf 86' lang='lat' dir='ltr'><strong>ut</strong></span> <span class='ocrx_word' id='word_1_275' title='bbox 1798 1825 2023 1883; x_wconf 83' lang='lat' dir='ltr'><strong>Chrysos-</strong></span> 
     </span>
     <span class='ocr_line' id='line_1_27' title="bbox 151 1886 2022 1946; baseline 0.002 -16"><span class='ocrx_word' id='word_1_276' title='bbox 151 1889 305 1930; x_wconf 89' lang='lat' dir='ltr'><strong>tomus</strong></span> <span class='ocrx_word' id='word_1_277' title='bbox 324 1886 434 1931; x_wconf 89' lang='lat' dir='ltr'><strong>dicit</strong></span> <span class='ocrx_word' id='word_1_278' title='bbox 447 1888 586 1942; x_wconf 90' lang='lat' dir='ltr'><strong>(hom.</strong></span> <span class='ocrx_word' id='word_1_279' title='bbox 617 1902 686 1930; x_wconf 80' lang='lat' dir='ltr'><strong>xxx</strong></span> <span class='ocrx_word' id='word_1_280' title='bbox 709 1888 758 1931; x_wconf 88' lang='lat' dir='ltr'><strong>in</strong></span> <span class='ocrx_word' id='word_1_281' title='bbox 778 1891 908 1933; x_wconf 83' lang='lat' dir='ltr'><strong>Joan.</strong></span> <span class='ocrx_word' id='word_1_282' title='bbox 930 1891 974 1946; x_wconf 76' lang='lat'><strong>1,</strong></span> <span class='ocrx_word' id='word_1_283' title='bbox 993 1890 1023 1933; x_wconf 70' lang='lat' dir='ltr'><strong>a</strong></span> <span class='ocrx_word' id='word_1_284' title='bbox 1041 1889 1200 1945; x_wconf 71' lang='lat' dir='ltr'><strong>med),</strong></span> <span class='ocrx_word' id='word_1_285' title='bbox 1230 1889 1289 1934; x_wconf 88' lang='lat' dir='ltr'><strong>de</strong></span> <span class='ocrx_word' id='word_1_286' title='bbox 1309 1888 1477 1933; x_wconf 86' lang='lat' dir='ltr'><strong>vinoin</strong></span> <span class='ocrx_word' id='word_1_287' title='bbox 1492 1887 1618 1945; x_wconf 90' lang='lat' dir='ltr'><strong>quod</strong></span> <span class='ocrx_word' id='word_1_288' title='bbox 1632 1887 1838 1932; x_wconf 85' lang='lat' dir='ltr'><strong>Christus</strong></span> <span class='ocrx_word' id='word_1_289' title='bbox 1852 1900 2022 1945; x_wconf 89' lang='lat' dir='ltr'><strong>aquam</strong></span> 
     </span>
     <span class='ocr_line' id='line_1_28' title="bbox 150 1949 2022 2008; baseline 0.002 -16"><span class='ocrx_word' id='word_1_290' title='bbox 150 1949 375 1993; x_wconf 86' lang='lat' dir='ltr'><strong>convertit</strong></span> <span class='ocrx_word' id='word_1_291' title='bbox 395 1949 443 1993; x_wconf 89' lang='lat' dir='ltr'><strong>in</strong></span> <span class='ocrx_word' id='word_1_292' title='bbox 479 1950 680 2006; x_wconf 88' lang='lat' dir='ltr'><strong>nuptiis:</strong></span> <span class='ocrx_word' id='word_1_293' title='bbox 699 1954 745 1995; x_wconf 92' lang='lat' dir='ltr'><strong>et</strong></span> <span class='ocrx_word' id='word_1_294' title='bbox 766 1950 870 1996; x_wconf 78' lang='lat' dir='ltr'><strong>ideo</strong></span> <span class='ocrx_word' id='word_1_295' title='bbox 886 1951 935 1995; x_wconf 93' lang='lat' dir='ltr'><strong>in</strong></span> <span class='ocrx_word' id='word_1_296' title='bbox 958 1964 1015 1997; x_wconf 91' lang='lat' dir='ltr'><strong>eo</strong></span> <span class='ocrx_word' id='word_1_297' title='bbox 1033 1952 1233 1996; x_wconf 79' lang='lat' dir='ltr'><strong>maxime</strong></span> <span class='ocrx_word' id='word_1_298' title='bbox 1247 1951 1393 2008; x_wconf 86' lang='lat' dir='ltr'><strong>viguit</strong></span> <span class='ocrx_word' id='word_1_299' title='bbox 1411 1962 1582 1996; x_wconf 87' lang='lat' dir='ltr'><strong>sensus</strong></span> <span class='ocrx_word' id='word_1_300' title='bbox 1616 1953 1779 2002; x_wconf 69' lang='lat' dir='ltr'><strong>tactOS,</strong></span> <span class='ocrx_word' id='word_1_301' title='bbox 1800 1962 1858 1994; x_wconf 85' lang='lat' dir='ltr'><strong>ex</strong></span> <span class='ocrx_word' id='word_1_302' title='bbox 1887 1949 2022 2006; x_wconf 87' lang='lat' dir='ltr'><strong>cujus</strong></span> 
     </span>
     <span class='ocr_line' id='line_1_29' title="bbox 150 2010 2022 2068; baseline 0.001 -14"><span class='ocrx_word' id='word_1_303' title='bbox 150 2010 441 2066; x_wconf 85' lang='lat' dir='ltr'><strong>perceptione</strong></span> <span class='ocrx_word' id='word_1_304' title='bbox 455 2011 664 2068; x_wconf 88' lang='lat' dir='ltr'><strong>sequitur</strong></span> <span class='ocrx_word' id='word_1_305' title='bbox 682 2012 826 2056; x_wconf 90' lang='lat' dir='ltr'><strong>dolor.</strong></span> <span class='ocrx_word' id='word_1_306' title='bbox 849 2012 1010 2057; x_wconf 86' lang='lat' dir='ltr'><strong>Anima</strong></span> <span class='ocrx_word' id='word_1_307' title='bbox 1032 2012 1171 2057; x_wconf 86' lang='lat' dir='ltr'><strong>etiam</strong></span> <span class='ocrx_word' id='word_1_308' title='bbox 1193 2013 1447 2058; x_wconf 80' lang='lat' dir='ltr'><strong>secundum</strong></span> <span class='ocrx_word' id='word_1_309' title='bbox 1467 2012 1591 2057; x_wconf 81' lang='lat' dir='ltr'><strong>vires</strong></span> <span class='ocrx_word' id='word_1_310' title='bbox 1607 2011 1850 2056; x_wconf 89' lang='lat' dir='ltr'><strong>interiores</strong></span> <span class='ocrx_word' id='word_1_311' title='bbox 1865 2011 2022 2056; x_wconf 84' lang='lat' dir='ltr'><strong>effica-</strong></span> 
     </span>
     <span class='ocr_line' id='line_1_30' title="bbox 150 2070 2024 2130; baseline 0.002 -16"><span class='ocrx_word' id='word_1_312' title='bbox 150 2070 333 2115; x_wconf 86' lang='lat' dir='ltr'><strong>cissime</strong></span> <span class='ocrx_word' id='word_1_313' title='bbox 366 2072 667 2128; x_wconf 87' lang='lat' dir='ltr'><strong>apprehendit</strong></span> <span class='ocrx_word' id='word_1_314' title='bbox 694 2085 858 2118; x_wconf 86' lang='lat' dir='ltr'><strong>omnes</strong></span> <span class='ocrx_word' id='word_1_315' title='bbox 895 2086 1060 2118; x_wconf 86' lang='lat' dir='ltr'><strong>causas</strong></span> <span class='ocrx_word' id='word_1_316' title='bbox 1095 2074 1308 2120; x_wconf 84' lang='lat' dir='ltr'><strong>tristitiae.</strong></span> <span class='ocrx_word' id='word_1_317' title='bbox 1344 2074 1507 2128; x_wconf 75' lang='lat' dir='ltr'><strong>Tertio,</strong></span> <span class='ocrx_word' id='word_1_318' title='bbox 1543 2072 1815 2130; x_wconf 85' lang='lat' dir='ltr'><strong>magnitudo</strong></span> <span class='ocrx_word' id='word_1_319' title='bbox 1850 2072 2024 2118; x_wconf 83' lang='lat' dir='ltr'><strong>doloris</strong></span> 
     </span>
     <span class='ocr_line' id='line_1_31' title="bbox 149 2132 2022 2191; baseline 0.002 -16"><span class='ocrx_word' id='word_1_320' title='bbox 149 2132 311 2176; x_wconf 80' lang='lat' dir='ltr'><strong>Christi</strong></span> <span class='ocrx_word' id='word_1_321' title='bbox 327 2133 541 2188; x_wconf 85' lang='lat' dir='ltr'><strong>patientis</strong></span> <span class='ocrx_word' id='word_1_322' title='bbox 567 2138 718 2189; x_wconf 88' lang='lat' dir='ltr'><strong>potest</strong></span> <span class='ocrx_word' id='word_1_323' title='bbox 735 2135 1015 2179; x_wconf 88' lang='lat' dir='ltr'><strong>considerari</strong></span> <span class='ocrx_word' id='word_1_324' title='bbox 1049 2148 1103 2181; x_wconf 86' lang='lat' dir='ltr'><strong>ex</strong></span> <span class='ocrx_word' id='word_1_325' title='bbox 1124 2136 1294 2183; x_wconf 90' lang='lat' dir='ltr'><strong>doloris</strong></span> <span class='ocrx_word' id='word_1_326' title='bbox 1313 2140 1359 2180; x_wconf 89' lang='lat' dir='ltr'><strong>et</strong></span> <span class='ocrx_word' id='word_1_327' title='bbox 1378 2135 1572 2180; x_wconf 82' lang='lat' dir='ltr'><strong>tristitiae</strong></span> <span class='ocrx_word' id='word_1_328' title='bbox 1589 2135 1804 2191; x_wconf 85' lang='lat' dir='ltr'><strong>puritate.</strong></span> <span class='ocrx_word' id='word_1_329' title='bbox 1829 2136 1943 2178; x_wconf 88' lang='lat' dir='ltr'><strong>Nam</strong></span> <span class='ocrx_word' id='word_1_330' title='bbox 1972 2133 2022 2179; x_wconf 87' lang='lat' dir='ltr'><strong>in</strong></span> 
     </span>
     <span class='ocr_line' id='line_1_32' title="bbox 153 2193 2023 2256; baseline 0.003 -20"><span class='ocrx_word' id='word_1_331' title='bbox 153 2193 252 2237; x_wconf 88' lang='lat' dir='ltr'><strong>aliis</strong></span> <span class='ocrx_word' id='word_1_332' title='bbox 267 2195 548 2250; x_wconf 88' lang='lat' dir='ltr'><strong>patientibus</strong></span> <span class='ocrx_word' id='word_1_333' title='bbox 567 2196 807 2252; x_wconf 89' lang='lat' dir='ltr'><strong>mitigatur</strong></span> <span class='ocrx_word' id='word_1_334' title='bbox 829 2197 1013 2242; x_wconf 87' lang='lat' dir='ltr'><strong>tristitia</strong></span> <span class='ocrx_word' id='word_1_335' title='bbox 1042 2198 1247 2256; x_wconf 88' lang='lat' dir='ltr'><strong>interior,</strong></span> <span class='ocrx_word' id='word_1_336' title='bbox 1266 2202 1310 2242; x_wconf 88' lang='lat' dir='ltr'><strong>et</strong></span> <span class='ocrx_word' id='word_1_337' title='bbox 1334 2197 1473 2242; x_wconf 86' lang='lat' dir='ltr'><strong>etiam</strong></span> <span class='ocrx_word' id='word_1_338' title='bbox 1490 2197 1622 2243; x_wconf 88' lang='lat' dir='ltr'><strong>dolor</strong></span> <span class='ocrx_word' id='word_1_339' title='bbox 1644 2196 1844 2242; x_wconf 85' lang='lat' dir='ltr'><strong>exterior</strong></span> <span class='ocrx_word' id='word_1_340' title='bbox 1863 2208 1919 2241; x_wconf 83' lang='lat' dir='ltr'><strong>ex</strong></span> <span class='ocrx_word' id='word_1_341' title='bbox 1936 2195 2023 2241; x_wconf 86' lang='lat' dir='ltr'><strong>ali-</strong></span> 
     </span>
     <span class='ocr_line' id='line_1_33' title="bbox 152 2256 2023 2316; baseline 0.002 -17"><span class='ocrx_word' id='word_1_342' title='bbox 152 2265 244 2311; x_wconf 89' lang='lat' dir='ltr'><strong>qua</strong></span> <span class='ocrx_word' id='word_1_343' title='bbox 255 2256 621 2302; x_wconf 87' lang='lat' dir='ltr'><strong>consideratione</strong></span> <span class='ocrx_word' id='word_1_344' title='bbox 629 2258 839 2315; x_wconf 81' lang='lat' dir='ltr'><strong>rationis,</strong></span> <span class='ocrx_word' id='word_1_345' title='bbox 854 2271 939 2315; x_wconf 85' lang='lat' dir='ltr'><strong>per</strong></span> <span class='ocrx_word' id='word_1_346' title='bbox 951 2260 1199 2316; x_wconf 83' lang='lat' dir='ltr'><strong>quamdam</strong></span> <span class='ocrx_word' id='word_1_347' title='bbox 1211 2259 1559 2316; x_wconf 82' lang='lat' dir='ltr'><strong>derivationem,</strong></span> <span class='ocrx_word' id='word_1_348' title='bbox 1570 2270 1655 2303; x_wconf 91' lang='lat' dir='ltr'><strong>seu</strong></span> <span class='ocrx_word' id='word_1_349' title='bbox 1667 2257 2023 2303; x_wconf 88' lang='lat' dir='ltr'><strong>redundantiam</strong></span> 
     </span>
     <span class='ocr_line' id='line_1_34' title="bbox 153 2315 2020 2377; baseline 0.003 -18"><span class='ocrx_word' id='word_1_350' title='bbox 153 2315 182 2358; x_wconf 79' lang='lat' dir='ltr'><strong>a</strong></span> <span class='ocrx_word' id='word_1_351' title='bbox 202 2316 514 2372; x_wconf 86' lang='lat' dir='ltr'><strong>superioribus</strong></span> <span class='ocrx_word' id='word_1_352' title='bbox 545 2317 722 2363; x_wconf 88' lang='lat' dir='ltr'><strong>viribus</strong></span> <span class='ocrx_word' id='word_1_353' title='bbox 749 2319 808 2362; x_wconf 92' lang='lat' dir='ltr'><strong>ad</strong></span> <span class='ocrx_word' id='word_1_354' title='bbox 841 2319 1081 2365; x_wconf 89' lang='lat' dir='ltr'><strong>inferiores</strong></span> <span class='ocrx_word' id='word_1_355' title='bbox 1119 2334 1129 2362; x_wconf 91' lang='lat'><strong>:</strong></span> <span class='ocrx_word' id='word_1_356' title='bbox 1157 2320 1280 2377; x_wconf 88' lang='lat' dir='ltr'><strong>quod</strong></span> <span class='ocrx_word' id='word_1_357' title='bbox 1303 2320 1350 2364; x_wconf 91' lang='lat' dir='ltr'><strong>in</strong></span> <span class='ocrx_word' id='word_1_358' title='bbox 1370 2320 1544 2364; x_wconf 89' lang='lat' dir='ltr'><strong>Christo</strong></span> <span class='ocrx_word' id='word_1_359' title='bbox 1565 2319 1767 2376; x_wconf 88' lang='lat' dir='ltr'><strong>patiente</strong></span> <span class='ocrx_word' id='word_1_360' title='bbox 1790 2331 1884 2363; x_wconf 89' lang='lat' dir='ltr'><strong>non</strong></span> <span class='ocrx_word' id='word_1_361' title='bbox 1917 2318 2020 2373; x_wconf 84' lang='lat' dir='ltr'><strong>fuit,</strong></span> 
     </span>
     <span class='ocr_line' id='line_1_35' title="bbox 153 2377 2022 2438; baseline 0.002 -17"><span class='ocrx_word' id='word_1_362' title='bbox 153 2377 262 2433; x_wconf 80' lang='lat' dir='ltr'><strong>quia</strong></span> <span class='ocrx_word' id='word_1_363' title='bbox 282 2378 563 2436; x_wconf 74' lang='lat' dir='ltr'><strong>«unicuique</strong></span> <span class='ocrx_word' id='word_1_364' title='bbox 592 2380 758 2425; x_wconf 85' lang='lat' dir='ltr'><strong>virium</strong></span> <span class='ocrx_word' id='word_1_365' title='bbox 776 2381 986 2437; x_wconf 85' lang='lat' dir='ltr'><strong>permisit</strong></span> <span class='ocrx_word' id='word_1_366' title='bbox 1002 2393 1142 2438; x_wconf 84' lang='lat' dir='ltr'><strong>agere</strong></span> <span class='ocrx_word' id='word_1_367' title='bbox 1166 2381 1301 2438; x_wconf 80' lang='lat' dir='ltr'><strong>quod</strong></span> <span class='ocrx_word' id='word_1_368' title='bbox 1318 2386 1389 2427; x_wconf 85' lang='lat' dir='ltr'><strong>est</strong></span> <span class='ocrx_word' id='word_1_369' title='bbox 1413 2381 1454 2426; x_wconf 91' lang='lat' dir='ltr'><strong>ei</strong></span> <span class='ocrx_word' id='word_1_370' title='bbox 1472 2381 1727 2438; x_wconf 87' lang='lat' dir='ltr'><strong>proprium,</strong></span> <span class='ocrx_word' id='word_1_371' title='bbox 1739 2399 1758 2419; x_wconf 88' lang='lat'>»</span> <span class='ocrx_word' id='word_1_372' title='bbox 1798 2381 1919 2425; x_wconf 90' lang='lat' dir='ltr'><strong>sicut</strong></span> <span class='ocrx_word' id='word_1_373' title='bbox 1938 2384 2022 2425; x_wconf 81' lang='lat' dir='ltr'><strong>Da-</strong></span> 
     </span>
     <span class='ocr_line' id='line_1_36' title="bbox 151 2441 2021 2501; baseline 0.002 -18"><span class='ocrx_word' id='word_1_374' title='bbox 151 2450 399 2486; x_wconf 83' lang='lat' dir='ltr'><strong>mascenus</strong></span> <span class='ocrx_word' id='word_1_375' title='bbox 411 2441 519 2485; x_wconf 89' lang='lat' dir='ltr'><strong>dicit</strong></span> <span class='ocrx_word' id='word_1_376' title='bbox 537 2442 677 2495; x_wconf 84' lang='lat' dir='ltr'><strong>(Orth.</strong></span> <span class='ocrx_word' id='word_1_377' title='bbox 693 2442 774 2486; x_wconf 87' lang='lat' dir='ltr'><strong>fid.</strong></span> <span class='ocrx_word' id='word_1_378' title='bbox 791 2442 869 2487; x_wconf 88' lang='lat' dir='ltr'><strong>lib.</strong></span> <span class='ocrx_word' id='word_1_379' title='bbox 883 2456 944 2499; x_wconf 83' lang='lat' dir='ltr'><strong>m,</strong></span> <span class='ocrx_word' id='word_1_380' title='bbox 958 2456 1060 2500; x_wconf 86' lang='lat' dir='ltr'><strong>cap.</strong></span> <span class='ocrx_word' id='word_1_381' title='bbox 1076 2447 1149 2500; x_wconf 67' lang='lat'><strong>015,</strong></span> <span class='ocrx_word' id='word_1_382' title='bbox 1164 2444 1356 2497; x_wconf 79' lang='lat' dir='ltr'><strong>amed.).</strong></span> <span class='ocrx_word' id='word_1_383' title='bbox 1374 2443 1561 2501; x_wconf 79' lang='lat' dir='ltr'><strong>Quarto,</strong></span> <span class='ocrx_word' id='word_1_384' title='bbox 1576 2447 1728 2499; x_wconf 88' lang='lat' dir='ltr'><strong>potest</strong></span> <span class='ocrx_word' id='word_1_385' title='bbox 1741 2442 2021 2487; x_wconf 84' lang='lat' dir='ltr'><strong>considerari</strong></span> 
     </span>
     <span class='ocr_line' id='line_1_37' title="bbox 150 2501 2022 2563; baseline 0.003 -19"><span class='ocrx_word' id='word_1_386' title='bbox 150 2501 419 2557; x_wconf 85' lang='lat' dir='ltr'><strong>magnitudo</strong></span> <span class='ocrx_word' id='word_1_387' title='bbox 437 2502 606 2548; x_wconf 85' lang='lat' dir='ltr'><strong>doloris</strong></span> <span class='ocrx_word' id='word_1_388' title='bbox 617 2504 779 2549; x_wconf 89' lang='lat' dir='ltr'><strong>Christi</strong></span> <span class='ocrx_word' id='word_1_389' title='bbox 797 2504 1017 2560; x_wconf 87' lang='lat' dir='ltr'><strong>patientis</strong></span> <span class='ocrx_word' id='word_1_390' title='bbox 1025 2517 1084 2550; x_wconf 84' lang='lat' dir='ltr'><strong>ex</strong></span> <span class='ocrx_word' id='word_1_391' title='bbox 1101 2506 1189 2550; x_wconf 87' lang='lat' dir='ltr'><strong>hoc</strong></span> <span class='ocrx_word' id='word_1_392' title='bbox 1202 2504 1327 2563; x_wconf 80' lang='lat' dir='ltr'><strong>quod</strong></span> <span class='ocrx_word' id='word_1_393' title='bbox 1339 2505 1492 2561; x_wconf 90' lang='lat' dir='ltr'><strong>passio</strong></span> <span class='ocrx_word' id='word_1_394' title='bbox 1506 2504 1585 2549; x_wconf 89' lang='lat' dir='ltr'><strong>illa</strong></span> <span class='ocrx_word' id='word_1_395' title='bbox 1600 2509 1648 2549; x_wconf 92' lang='lat' dir='ltr'><strong>et</strong></span> <span class='ocrx_word' id='word_1_396' title='bbox 1661 2504 1791 2549; x_wconf 89' lang='lat' dir='ltr'><strong>dolor</strong></span> <span class='ocrx_word' id='word_1_397' title='bbox 1805 2504 1832 2547; x_wconf 78' lang='lat' dir='ltr'><strong>a</strong></span> <span class='ocrx_word' id='word_1_398' title='bbox 1845 2505 2022 2549; x_wconf 86' lang='lat' dir='ltr'><strong>Christo</strong></span> 
     </span>
     <span class='ocr_line' id='line_1_38' title="bbox 151 2561 2023 2623; baseline 0.003 -17"><span class='ocrx_word' id='word_1_399' title='bbox 151 2561 337 2608; x_wconf 86' lang='lat' dir='ltr'><strong>fuerunt</strong></span> <span class='ocrx_word' id='word_1_400' title='bbox 354 2570 590 2621; x_wconf 87' lang='lat' dir='ltr'><strong>assumpta</strong></span> <span class='ocrx_word' id='word_1_401' title='bbox 597 2565 856 2610; x_wconf 77' lang='lat' dir='ltr'><strong>voluntarie</strong></span> <span class='ocrx_word' id='word_1_402' title='bbox 872 2569 948 2623; x_wconf 84' lang='lat'><strong>(1),</strong></span> <span class='ocrx_word' id='word_1_403' title='bbox 961 2570 1148 2623; x_wconf 88' lang='lat' dir='ltr'><strong>propter</strong></span> <span class='ocrx_word' id='word_1_404' title='bbox 1165 2567 1305 2612; x_wconf 88' lang='lat' dir='ltr'><strong>finem</strong></span> <span class='ocrx_word' id='word_1_405' title='bbox 1326 2566 1609 2611; x_wconf 87' lang='lat' dir='ltr'><strong>liberationis</strong></span> <span class='ocrx_word' id='word_1_406' title='bbox 1625 2566 1865 2610; x_wconf 86' lang='lat' dir='ltr'><strong>hominum</strong></span> <span class='ocrx_word' id='word_1_407' title='bbox 1878 2565 1904 2608; x_wconf 79' lang='lat' dir='ltr'><strong>a</strong></span> <span class='ocrx_word' id='word_1_408' title='bbox 1919 2578 2023 2622; x_wconf 89' lang='lat' dir='ltr'><strong>pec-</strong></span> 
     </span>
     <span class='ocr_line' id='line_1_39' title="bbox 153 2625 2024 2686; baseline 0.003 -18"><span class='ocrx_word' id='word_1_409' title='bbox 153 2628 255 2669; x_wconf 86' lang='lat' dir='ltr'><strong>cato</strong></span> <span class='ocrx_word' id='word_1_410' title='bbox 278 2639 291 2669; x_wconf 71' lang='grc' dir='ltr'><strong>ι</strong></span> <span class='ocrx_word' id='word_1_411' title='bbox 311 2631 358 2668; x_wconf 88' lang='lat' dir='ltr'><strong>et</strong></span> <span class='ocrx_word' id='word_1_412' title='bbox 379 2625 484 2670; x_wconf 82' lang='lat' dir='ltr'><strong>ideo</strong></span> <span class='ocrx_word' id='word_1_413' title='bbox 503 2630 676 2671; x_wconf 85' lang='lat' dir='ltr'><strong>tantam</strong></span> <span class='ocrx_word' id='word_1_414' title='bbox 694 2628 994 2684; x_wconf 85' lang='lat' dir='ltr'><strong>quantitatem</strong></span> <span class='ocrx_word' id='word_1_415' title='bbox 1020 2629 1191 2674; x_wconf 84' lang='lat' dir='ltr'><strong>doloris</strong></span> <span class='ocrx_word' id='word_1_416' title='bbox 1212 2628 1480 2686; x_wconf 83' lang='lat' dir='ltr'><strong>assumpsit,</strong></span> <span class='ocrx_word' id='word_1_417' title='bbox 1494 2640 1598 2685; x_wconf 88' lang='lat' dir='ltr'><strong>quae</strong></span> <span class='ocrx_word' id='word_1_418' title='bbox 1618 2634 1742 2672; x_wconf 88' lang='lat' dir='ltr'><strong>esset</strong></span> <span class='ocrx_word' id='word_1_419' title='bbox 1773 2628 2024 2683; x_wconf 89' lang='lat' dir='ltr'><strong>proportio-</strong></span> 
     </span>
     <span class='ocr_line' id='line_1_40' title="bbox 154 2687 2023 2749; baseline 0.004 -21"><span class='ocrx_word' id='word_1_420' title='bbox 154 2690 262 2729; x_wconf 81' lang='lat' dir='ltr'><strong>nata</strong></span> <span class='ocrx_word' id='word_1_421' title='bbox 278 2687 582 2742; x_wconf 85' lang='lat' dir='ltr'><strong>magnitudini</strong></span> <span class='ocrx_word' id='word_1_422' title='bbox 616 2689 792 2734; x_wconf 81' lang='lat' dir='ltr'><strong>fructus</strong></span> <span class='ocrx_word' id='word_1_423' title='bbox 813 2691 894 2748; x_wconf 90' lang='lat' dir='ltr'><strong>qui</strong></span> <span class='ocrx_word' id='word_1_424' title='bbox 915 2690 1025 2735; x_wconf 85' lang='lat' dir='ltr'><strong>inde</strong></span> <span class='ocrx_word' id='word_1_425' title='bbox 1061 2691 1356 2749; x_wconf 86' lang='lat' dir='ltr'><strong>sequebatur.</strong></span> <span class='ocrx_word' id='word_1_426' title='bbox 1374 2714 1431 2724; x_wconf 91' lang='lat'><strong>—-</strong></span> <span class='ocrx_word' id='word_1_427' title='bbox 1457 2691 1523 2734; x_wconf 84' lang='lat' dir='ltr'><strong>Ex</strong></span> <span class='ocrx_word' id='word_1_428' title='bbox 1542 2689 1615 2734; x_wconf 91' lang='lat' dir='ltr'><strong>his</strong></span> <span class='ocrx_word' id='word_1_429' title='bbox 1642 2690 1781 2745; x_wconf 88' lang='lat' dir='ltr'><strong>igitur</strong></span> <span class='ocrx_word' id='word_1_430' title='bbox 1806 2689 2023 2735; x_wconf 86' lang='lat' dir='ltr'><strong>omnibus</strong></span> 
     </span>
     <span class='ocr_line' id='line_1_41' title="bbox 152 2747 2024 2815; baseline 0.003 -25"><span class='ocrx_word' id='word_1_431' title='bbox 152 2747 306 2815; x_wconf 78' lang='lat' dir='ltr'><strong>causis</strong></span> <span class='ocrx_word' id='word_1_432' title='bbox 339 2748 477 2792; x_wconf 82' lang='lat' dir='ltr'><strong>simul</strong></span> <span class='ocrx_word' id='word_1_433' title='bbox 512 2750 814 2796; x_wconf 86' lang='lat' dir='ltr'><strong>consideratis</strong></span> <span class='ocrx_word' id='word_1_434' title='bbox 855 2752 1100 2797; x_wconf 80' lang='lat' dir='ltr'><strong>manifeste</strong></span> <span class='ocrx_word' id='word_1_435' title='bbox 1138 2756 1329 2809; x_wconf 84' lang='lat' dir='ltr'><strong>apparet</strong></span> <span class='ocrx_word' id='word_1_436' title='bbox 1359 2752 1484 2809; x_wconf 80' lang='lat' dir='ltr'><strong>quod</strong></span> <span class='ocrx_word' id='word_1_437' title='bbox 1522 2752 1652 2797; x_wconf 90' lang='lat' dir='ltr'><strong>dolor</strong></span> <span class='ocrx_word' id='word_1_438' title='bbox 1690 2751 1850 2795; x_wconf 81' lang='lat' dir='ltr'><strong>Christi</strong></span> <span class='ocrx_word' id='word_1_439' title='bbox 1885 2751 2024 2796; x_wconf 78' lang='lat' dir='ltr'><strong>fuerit</strong></span> 
     </span>
     <span class='ocr_line' id='line_1_42' title="bbox 154 2819 399 2852; baseline 0.008 -2"><span class='ocrx_word' id='word_1_440' title='bbox 154 2819 399 2852; x_wconf 76' lang='lat' dir='ltr'><strong>maximus,</strong></span> 
     </span>
    </p>

    <p class='ocr_par' dir='ltr' id='par_1_4' title="bbox 154 2869 2046 3110">
     <span class='ocr_line' id='line_1_43' title="bbox 187 2869 2023 2937; baseline 0.005 -26"><span class='ocrx_word' id='word_1_441' title='bbox 187 2928 197 2937; x_wconf 45' lang='grc'><em>·</em></span> <span class='ocrx_word' id='word_1_442' title='bbox 208 2869 275 2913; x_wconf 86' lang='lat' dir='ltr'><strong>Ad</strong></span> <span class='ocrx_word' id='word_1_443' title='bbox 290 2873 485 2925; x_wconf 75' lang='lat' dir='ltr'><strong>primum</strong></span> <span class='ocrx_word' id='word_1_444' title='bbox 508 2883 619 2927; x_wconf 88' lang='lat' dir='ltr'><strong>ergo</strong></span> <span class='ocrx_word' id='word_1_445' title='bbox 639 2873 1039 2932; x_wconf 82' lang='lat' dir='ltr'><strong>dicendum,quod</strong></span> <span class='ocrx_word' id='word_1_446' title='bbox 1060 2875 1176 2919; x_wconf 85' lang='lat' dir='ltr'><strong>ratio</strong></span> <span class='ocrx_word' id='word_1_447' title='bbox 1196 2875 1276 2919; x_wconf 80' lang='lat' dir='ltr'><strong>illa</strong></span> <span class='ocrx_word' id='word_1_448' title='bbox 1294 2874 1500 2931; x_wconf 84' lang='lat' dir='ltr'><strong>procedit</strong></span> <span class='ocrx_word' id='word_1_449' title='bbox 1519 2886 1577 2919; x_wconf 85' lang='lat' dir='ltr'><strong>ex</strong></span> <span class='ocrx_word' id='word_1_450' title='bbox 1594 2886 1688 2918; x_wconf 90' lang='lat' dir='ltr'><strong>uno</strong></span> <span class='ocrx_word' id='word_1_451' title='bbox 1708 2877 1887 2919; x_wconf 80' lang='lat' dir='ltr'><strong>tantum</strong></span> <span class='ocrx_word' id='word_1_452' title='bbox 1900 2887 2023 2932; x_wconf 83' lang='lat' dir='ltr'><strong>prae-</strong></span> 
     </span>
     <span class='ocr_line' id='line_1_44' title="bbox 155 2928 2019 2994; baseline 0.005 -21"><span class='ocrx_word' id='word_1_453' title='bbox 155 2928 397 2983; x_wconf 78' lang='lat' dir='ltr'><strong>dtctorum,</strong></span> <span class='ocrx_word' id='word_1_454' title='bbox 417 2930 592 2975; x_wconf 82' lang='lat' dir='ltr'><strong>scilieet</strong></span> <span class='ocrx_word' id='word_1_455' title='bbox 611 2945 670 2977; x_wconf 82' lang='lat' dir='ltr'><strong>ex</strong></span> <span class='ocrx_word' id='word_1_456' title='bbox 690 2934 874 2980; x_wconf 83' lang='lat' dir='ltr'><strong>laesione</strong></span> <span class='ocrx_word' id='word_1_457' title='bbox 909 2936 1151 2992; x_wconf 85' lang='lat' dir='ltr'><strong>corporali,</strong></span> <span class='ocrx_word' id='word_1_458' title='bbox 1181 2948 1286 2992; x_wconf 86' lang='lat' dir='ltr'><strong>quae</strong></span> <span class='ocrx_word' id='word_1_459' title='bbox 1308 2940 1380 2980; x_wconf 91' lang='lat' dir='ltr'><strong>est</strong></span> <span class='ocrx_word' id='word_1_460' title='bbox 1402 2948 1545 2980; x_wconf 88' lang='lat' dir='ltr'><strong>causa</strong></span> <span class='ocrx_word' id='word_1_461' title='bbox 1569 2935 1802 2980; x_wconf 87' lang='lat' dir='ltr'><strong>sensibilis</strong></span> <span class='ocrx_word' id='word_1_462' title='bbox 1823 2936 2019 2994; x_wconf 86' lang='lat' dir='ltr'><strong>doloris;</strong></span> 
     </span>
     <span class='ocr_line' id='line_1_45' title="bbox 154 2991 2023 3107; baseline 0.003 -71"><span class='ocrx_word' id='word_1_463' title='bbox 154 2991 315 3107; x_wconf 38' lang='lat' dir='ltr'><strong>sea-ex</strong></span> <span class='ocrx_word' id='word_1_464' title='bbox 338 2991 438 3036; x_wconf 86' lang='lat' dir='ltr'><strong>aliis</strong></span> <span class='ocrx_word' id='word_1_465' title='bbox 455 2992 610 3037; x_wconf 86' lang='lat' dir='ltr'><strong>causis</strong></span> <span class='ocrx_word' id='word_1_466' title='bbox 626 2995 772 3040; x_wconf 78' lang='lat' dir='ltr'><strong>multo</strong></span> <span class='ocrx_word' id='word_1_467' title='bbox 789 2997 937 3052; x_wconf 86' lang='lat' dir='ltr'><strong>magis</strong></span> <span class='ocrx_word' id='word_1_468' title='bbox 965 2998 1096 3042; x_wconf 87' lang='lat' dir='ltr'><strong>dolor</strong></span> <span class='ocrx_word' id='word_1_469' title='bbox 1115 2997 1277 3041; x_wconf 86' lang='lat' dir='ltr'><strong>Christi</strong></span> <span class='ocrx_word' id='word_1_470' title='bbox 1296 2997 1513 3054; x_wconf 83' lang='lat' dir='ltr'><strong>patientis</strong></span> <span class='ocrx_word' id='word_1_471' title='bbox 1537 3001 1750 3053; x_wconf 85' lang='lat' dir='ltr'><strong>augetur,</strong></span> <span class='ocrx_word' id='word_1_472' title='bbox 1773 3001 1826 3041; x_wconf 88' lang='lat' dir='ltr'><strong>ut</strong></span> <span class='ocrx_word' id='word_1_473' title='bbox 1849 2997 2023 3044; x_wconf 88' lang='lat' dir='ltr'><strong>dictum</strong></span> 
     </span>
     <span class='ocr_line' id='line_1_46' title="bbox 154 3058 2046 3110; baseline 0.002 -13"><span class='ocrx_word' id='word_1_474' title='bbox 154 3064 205 3097; x_wconf 88' lang='lat' dir='ltr'><strong>es</strong></span> <span class='ocrx_word' id='word_1_475' title='bbox 255 3065 303 3097; x_wconf 89' lang='lat' dir='ltr'><strong>m</strong></span> <span class='ocrx_word' id='word_1_476' title='bbox 319 3065 445 3110; x_wconf 87' lang='lat' dir='ltr'><strong>corp.</strong></span> <span class='ocrx_word' id='word_1_477' title='bbox 467 3058 587 3109; x_wconf 84' lang='lat' dir='ltr'><strong>art.).</strong></span> <span class='ocrx_word' id='word_1_478' title='bbox 2042 3096 2046 3105; x_wconf 75' lang='lat'><strong>.-</strong></span> 
     </span>
    </p>

    <p class='ocr_par' dir='ltr' id='par_1_5' title="bbox 153 3115 2045 3299">
     <span class='ocr_line' id='line_1_47' title="bbox 208 3115 2045 3176; baseline 0.004 -19"><span class='ocrx_word' id='word_1_479' title='bbox 208 3115 274 3159; x_wconf 81' lang='lat' dir='ltr'><strong>Ad</strong></span> <span class='ocrx_word' id='word_1_480' title='bbox 290 3118 532 3159; x_wconf 79' lang='lat' dir='ltr'><strong>secundum</strong></span> <span class='ocrx_word' id='word_1_481' title='bbox 563 3116 828 3173; x_wconf 85' lang='lat' dir='ltr'><strong>dicendum,</strong></span> <span class='ocrx_word' id='word_1_482' title='bbox 846 3118 972 3175; x_wconf 75' lang='lat' dir='ltr'><strong>qued</strong></span> <span class='ocrx_word' id='word_1_483' title='bbox 986 3120 1134 3164; x_wconf 80' lang='lat' dir='ltr'><strong>virtus</strong></span> <span class='ocrx_word' id='word_1_484' title='bbox 1149 3120 1338 3164; x_wconf 87' lang='lat' dir='ltr'><strong>moralis</strong></span> <span class='ocrx_word' id='word_1_485' title='bbox 1356 3119 1491 3165; x_wconf 86' lang='lat' dir='ltr'><strong>aliter</strong></span> <span class='ocrx_word' id='word_1_486' title='bbox 1505 3119 1683 3176; x_wconf 86' lang='lat' dir='ltr'><strong>mitigat</strong></span> <span class='ocrx_word' id='word_1_487' title='bbox 1705 3119 1935 3165; x_wconf 86' lang='lat' dir='ltr'><strong>tristitiam</strong></span> <span class='ocrx_word' id='word_1_488' title='bbox 1954 3121 2022 3165; x_wconf 80' lang='lat' dir='ltr'><strong>in·</strong></span> <span class='ocrx_word' id='word_1_489' title='bbox 2041 3117 2045 3123; x_wconf 79' lang='grc'>’</span> 
     </span>
     <span class='ocr_line' id='line_1_48' title="bbox 155 3175 2024 3227; baseline 0.004 -8"><span class='ocrx_word' id='word_1_490' title='bbox 155 3175 381 3227; x_wconf 68' lang='lat' dir='ltr'><strong>terimam,</strong></span> <span class='ocrx_word' id='word_1_491' title='bbox 406 3185 451 3220; x_wconf 87' lang='lat' dir='ltr'><strong>et</strong></span> <span class='ocrx_word' id='word_1_492' title='bbox 465 3177 594 3221; x_wconf 82' lang='lat' dir='ltr'><strong>aliter</strong></span> <span class='ocrx_word' id='word_1_493' title='bbox 615 3178 887 3223; x_wconf 81' lang='lat' dir='ltr'><strong>exteriorem</strong></span> <span class='ocrx_word' id='word_1_494' title='bbox 910 3181 1114 3226; x_wconf 89' lang='lat' dir='ltr'><strong>dolorem</strong></span> <span class='ocrx_word' id='word_1_495' title='bbox 1134 3181 1416 3226; x_wconf 88' lang='lat' dir='ltr'><strong>sensibilem.</strong></span> <span class='ocrx_word' id='word_1_496' title='bbox 1434 3182 1678 3226; x_wconf 82' lang='lat' dir='ltr'><strong>Tristitiam</strong></span> <span class='ocrx_word' id='word_1_497' title='bbox 1694 3181 1818 3225; x_wconf 84' lang='lat' dir='ltr'><strong>enim</strong></span> <span class='ocrx_word' id='word_1_498' title='bbox 1842 3182 2024 3227; x_wconf 87' lang='lat' dir='ltr'><strong>interio-</strong></span> 
     </span>
     <span class='ocr_line' id='line_1_49' title="bbox 153 3237 2019 3299; baseline 0.005 -20"><span class='ocrx_word' id='word_1_499' title='bbox 153 3248 251 3280; x_wconf 90' lang='lat' dir='ltr'><strong>rem</strong></span> <span class='ocrx_word' id='word_1_500' title='bbox 273 3237 487 3282; x_wconf 89' lang='lat' dir='ltr'><strong>diminuit</strong></span> <span class='ocrx_word' id='word_1_501' title='bbox 509 3239 693 3292; x_wconf 88' lang='lat' dir='ltr'><strong>directe,</strong></span> <span class='ocrx_word' id='word_1_502' title='bbox 720 3239 768 3283; x_wconf 92' lang='lat' dir='ltr'><strong>in</strong></span> <span class='ocrx_word' id='word_1_503' title='bbox 803 3251 857 3284; x_wconf 89' lang='lat' dir='ltr'><strong>ea</strong></span> <span class='ocrx_word' id='word_1_504' title='bbox 878 3242 1081 3286; x_wconf 90' lang='lat' dir='ltr'><strong>medium</strong></span> <span class='ocrx_word' id='word_1_505' title='bbox 1103 3242 1443 3299; x_wconf 90' lang='lat' dir='ltr'><strong>constituendo,</strong></span> <span class='ocrx_word' id='word_1_506' title='bbox 1466 3243 1588 3288; x_wconf 89' lang='lat' dir='ltr'><strong>sicut</strong></span> <span class='ocrx_word' id='word_1_507' title='bbox 1607 3243 1655 3287; x_wconf 91' lang='lat' dir='ltr'><strong>in</strong></span> <span class='ocrx_word' id='word_1_508' title='bbox 1671 3243 1855 3299; x_wconf 86' lang='lat' dir='ltr'><strong>propria</strong></span> <span class='ocrx_word' id='word_1_509' title='bbox 1875 3247 2019 3288; x_wconf 78' lang='lat' dir='ltr'><strong>mate·</strong></span> 
     </span>
    </p>
   </div>
   <div class='ocr_carea' id='block_1_3' title="bbox 154 3350 2043 3542">
    <p class='ocr_par' dir='ltr' id='par_1_6' title="bbox 154 3350 2043 3542">
     <span class='ocr_line' id='line_1_50' title="bbox 196 3350 2043 3405; baseline 0.004 -21"><span class='ocrx_word' id='word_1_510' title='bbox 196 3350 246 3405; x_wconf 48' lang='grc'>(4)·</span> <span class='ocrx_word' id='word_1_511' title='bbox 262 3350 361 3392; x_wconf 82' lang='lat' dir='ltr'><strong>Quod</strong></span> <span class='ocrx_word' id='word_1_512' title='bbox 386 3363 451 3384; x_wconf 88' lang='lat' dir='ltr'><strong>non</strong></span> <span class='ocrx_word' id='word_1_513' title='bbox 473 3355 522 3386; x_wconf 86' lang='lat' dir='ltr'><strong>est</strong></span> <span class='ocrx_word' id='word_1_514' title='bbox 544 3351 814 3392; x_wconf 80' lang='lat' dir='ltr'><strong>intelligendum,</strong></span> <span class='ocrx_word' id='word_1_515' title='bbox 836 3354 884 3387; x_wconf 79' lang='lat' dir='ltr'><strong>ait</strong></span> <span class='ocrx_word' id='word_1_516' title='bbox 904 3352 1045 3397; x_wconf 76' lang='lat' dir='ltr'><strong>Sylvius,</strong></span> <span class='ocrx_word' id='word_1_517' title='bbox 1128 3360 1277 3390; x_wconf 88' lang='lat' dir='ltr'><strong>mentem</strong></span> <span class='ocrx_word' id='word_1_518' title='bbox 1295 3357 1313 3390; x_wconf 69' lang='lat' dir='ltr'><strong>a</strong></span> <span class='ocrx_word' id='word_1_519' title='bbox 1331 3356 1596 3392; x_wconf 85' lang='lat' dir='ltr'><strong>consideratione</strong></span> <span class='ocrx_word' id='word_1_520' title='bbox 1611 3357 1749 3391; x_wconf 86' lang='lat' dir='ltr'><strong>illorum</strong></span> <span class='ocrx_word' id='word_1_521' title='bbox 1764 3368 1835 3397; x_wconf 82' lang='lat' dir='ltr'><strong>quoe</strong></span> <span class='ocrx_word' id='word_1_522' title='bbox 1847 3356 2019 3391; x_wconf 85' lang='lat' dir='ltr'><strong>tristitiam</strong></span> <span class='ocrx_word' id='word_1_523' title='bbox 2040 3396 2043 3398; x_wconf 9' lang='grc' dir='ltr'>μ</span> 
     </span>
     <span class='ocr_line' id='line_1_51' title="bbox 155 3398 2006 3452; baseline 0.004 -21"><span class='ocrx_word' id='word_1_524' title='bbox 155 3409 249 3452; x_wconf 76' lang='lat' dir='ltr'><strong>quasi</strong></span> <span class='ocrx_word' id='word_1_525' title='bbox 269 3398 357 3432; x_wconf 83' lang='lat' dir='ltr'><strong>ultra</strong></span> <span class='ocrx_word' id='word_1_526' title='bbox 384 3399 520 3433; x_wconf 84' lang='lat' dir='ltr'><strong>modum</strong></span> <span class='ocrx_word' id='word_1_527' title='bbox 537 3404 608 3439; x_wconf 80' lang='lat' dir='ltr'><strong>ejus</strong></span> <span class='ocrx_word' id='word_1_528' title='bbox 633 3400 757 3435; x_wconf 88' lang='lat' dir='ltr'><strong>doloris</strong></span> <span class='ocrx_word' id='word_1_529' title='bbox 781 3413 880 3442; x_wconf 89' lang='lat' dir='ltr'><strong>quem</strong></span> <span class='ocrx_word' id='word_1_530' title='bbox 907 3406 1045 3437; x_wconf 78' lang='lat' dir='ltr'><strong>natura·</strong></span> <span class='ocrx_word' id='word_1_531' title='bbox 1127 3402 1251 3438; x_wconf 80' lang='lat' dir='ltr'><strong>afferre</strong></span> <span class='ocrx_word' id='word_1_532' title='bbox 1275 3409 1411 3445; x_wconf 85' lang='lat' dir='ltr'><strong>possunt</strong></span> <span class='ocrx_word' id='word_1_533' title='bbox 1425 3409 1459 3438; x_wconf 86' lang='lat' dir='ltr'><strong>et</strong></span> <span class='ocrx_word' id='word_1_534' title='bbox 1480 3404 1619 3446; x_wconf 87' lang='lat' dir='ltr'><strong>reliquit</strong></span> <span class='ocrx_word' id='word_1_535' title='bbox 1631 3404 1816 3445; x_wconf 84' lang='lat' dir='ltr'><strong>unicuique</strong></span> <span class='ocrx_word' id='word_1_536' title='bbox 1836 3407 2006 3438; x_wconf 84' lang='lat' dir='ltr'><strong>tormento</strong></span> 
     </span>
     <span class='ocr_line' id='line_1_52' title="bbox 154 3444 2021 3497; baseline 0.004 -19"><span class='ocrx_word' id='word_1_537' title='bbox 154 3444 232 3497; x_wconf 71' lang='lat' dir='ltr'><strong>liter</strong></span> <span class='ocrx_word' id='word_1_538' title='bbox 246 3456 378 3479; x_wconf 78' lang='lat' dir='ltr'><strong>causare</strong></span> <span class='ocrx_word' id='word_1_539' title='bbox 405 3452 540 3486; x_wconf 84' lang='lat' dir='ltr'><strong>possunt</strong></span> <span class='ocrx_word' id='word_1_540' title='bbox 558 3459 661 3482; x_wconf 76' lang='lat' dir='ltr'><strong>causas</strong></span> <span class='ocrx_word' id='word_1_541' title='bbox 686 3452 861 3488; x_wconf 70' lang='lat' dir='ltr'><strong>praesentes</strong></span> <span class='ocrx_word' id='word_1_542' title='bbox 886 3449 922 3482; x_wconf 87' lang='lat' dir='ltr'><strong>in</strong></span> <span class='ocrx_word' id='word_1_543' title='bbox 936 3460 969 3483; x_wconf 86' lang='lat' dir='ltr'><strong>se</strong></span> <span class='ocrx_word' id='word_1_544' title='bbox 985 3461 1046 3489; x_wconf 79' lang='lat' dir='ltr'><strong>per</strong></span> <span class='ocrx_word' id='word_1_545' title='bbox 1129 3461 1205 3485; x_wconf 86' lang='lat' dir='ltr'><strong>rum</strong></span> <span class='ocrx_word' id='word_1_546' title='bbox 1220 3462 1316 3490; x_wconf 79' lang='lat' dir='ltr'><strong>agere</strong></span> <span class='ocrx_word' id='word_1_547' title='bbox 1328 3456 1361 3486; x_wconf 79' lang='lat' dir='ltr'><strong>et</strong></span> <span class='ocrx_word' id='word_1_548' title='bbox 1374 3452 1556 3493; x_wconf 80' lang='lat' dir='ltr'><strong>unicuique</strong></span> <span class='ocrx_word' id='word_1_549' title='bbox 1575 3453 1700 3488; x_wconf 82' lang='lat' dir='ltr'><strong>virium</strong></span> <span class='ocrx_word' id='word_1_550' title='bbox 1728 3456 1762 3486; x_wconf 82' lang='lat' dir='ltr'><strong>et</strong></span> <span class='ocrx_word' id='word_1_551' title='bbox 1791 3451 2021 3492; x_wconf 82' lang='lat' dir='ltr'><strong>potentiarum</strong></span> 
     </span>
     <span class='ocr_line' id='line_1_53' title="bbox 157 3492 1876 3542; baseline 0.005 -18"><span class='ocrx_word' id='word_1_552' title='bbox 157 3492 358 3526; x_wconf 74' lang='lat' dir='ltr'><strong>miraculum</strong></span> <span class='ocrx_word' id='word_1_553' title='bbox 379 3494 574 3537; x_wconf 86' lang='lat' dir='ltr'><strong>intenderit;</strong></span> <span class='ocrx_word' id='word_1_554' title='bbox 592 3495 649 3529; x_wconf 87' lang='lat' dir='ltr'><strong>sed</strong></span> <span class='ocrx_word' id='word_1_555' title='bbox 663 3495 710 3529; x_wconf 87' lang='lat' dir='ltr'><strong>sic</strong></span> <span class='ocrx_word' id='word_1_556' title='bbox 728 3495 816 3536; x_wconf 81' lang='lat' dir='ltr'><strong>quod</strong></span> <span class='ocrx_word' id='word_1_557' title='bbox 838 3507 905 3530; x_wconf 92' lang='lat' dir='ltr'><strong>non</strong></span> <span class='ocrx_word' id='word_1_558' title='bbox 923 3497 1046 3532; x_wconf 82' lang='lat' dir='ltr'><strong>avertit</strong></span> <span class='ocrx_word' id='word_1_559' title='bbox 1128 3499 1247 3534; x_wconf 81' lang='lat' dir='ltr'><strong>animae</strong></span> <span class='ocrx_word' id='word_1_560' title='bbox 1265 3510 1361 3540; x_wconf 84' lang='lat' dir='ltr'><strong>agere</strong></span> <span class='ocrx_word' id='word_1_561' title='bbox 1380 3504 1414 3534; x_wconf 83' lang='lat' dir='ltr'><strong>et</strong></span> <span class='ocrx_word' id='word_1_562' title='bbox 1426 3500 1495 3541; x_wconf 78' lang='lat' dir='ltr'><strong>pati</strong></span> <span class='ocrx_word' id='word_1_563' title='bbox 1517 3500 1604 3542; x_wconf 80' lang='lat' dir='ltr'><strong>quod</strong></span> <span class='ocrx_word' id='word_1_564' title='bbox 1625 3499 1800 3541; x_wconf 84' lang='lat' dir='ltr'><strong>proprium</strong></span> <span class='ocrx_word' id='word_1_565' title='bbox 1815 3501 1876 3531; x_wconf 78' lang='lat' dir='ltr'><strong>est.</strong></span> 
     </span>
    </p>
   </div>
   <div class='ocr_carea' id='block_1_4' title="bbox 0 1824 63 3808">
    <p class='ocr_par' dir='ltr' id='par_1_7' title="bbox 0 1824 63 3808">
     <span class='ocr_line' id='line_1_54' title="bbox 0 1824 63 3808; baseline 0 0"><span class='ocrx_word' id='word_1_566' title='bbox 0 1824 63 3808; x_wconf 95' lang='lat' dir='ltr'><strong> </strong></span> 
     </span>
    </p>
   </div>
  </div>
 </body>
</html>
