2170 3808
715 221 911 273 QUAEST.
941 222 1011 275 IV,
1039 221 1156 264 ART.
1185 220 1222 263 11
1249 220 1315 262 ΕΤ
1342 219 1413 264 111.
1950 220 2007 264 ⁴7

122 318 385 366 personam.
405 303 519 349 Dicit
540 301 666 348 enim
686 304 1003 346 Damascenus
1025 301 1122 355 (lib.
1146 314 1207 356 111,
1230 312 1333 357 cap.
1353 303 1425 355 11,
1445 310 1613 356 parum
1633 298 1661 342 a
1678 298 1864 355 princ),
1883 299 2007 354 quod

128 384 149 406 κ
164 366 304 412 Filius
324 365 401 411 Dei
424 361 676 420 assumpsit
696 363 949 407 humanam
972 367 1188 407 naturam
1202 361 1251 406 in
1276 365 1446 417 atomo,
1462 379 1481 399 υ
1507 360 1556 405 id
1573 364 1659 413 est,
1682 359 1730 403 in
1751 358 2007 405 individuo.

125 429 215 474 Sed
235 425 524 472 individuum
532 423 771 468 rationalis
789 433 969 468 naturae
990 428 1060 468 est
1075 434 1293 479 persona,
1308 426 1362 466 ut
1375 426 1502 478 patet
1522 434 1605 478 per
1620 420 1829 465 Boetium
1843 419 1906 474 (in
1922 419 2004 465 lib.

125 492 188 536 De
207 488 345 535 duab.
368 488 499 544 nat),
520 492 565 531 et
583 497 679 529 una
698 497 898 542 persona
919 484 1084 529 Christi
1120 483 1359 539 (aliquant.
1376 483 1403 526 a
1424 482 1609 539 princ).
1628 485 1746 539 Ergo
1764 481 1904 526 Filius
1926 482 2007 527 Dei

127 561 371 609 personam
387 546 658 604 assumpsit.

183 615 224 657 2.
255 614 492 668 Praeterea,
514 611 828 653 Damascenus
850 606 960 652 dicit
988 605 1189 661 (orthod.
1218 605 1298 650 fid.
1330 604 1412 650 lib.
1432 618 1495 661 ιιι,
1520 617 1621 662 cap.
1645 608 1688 663 6,
1717 604 1824 650 circ.
1866 604 2008 659 med.)

128 672 250 730 quod
272 671 443 716 «Filius
460 669 539 715 Dei
560 668 812 726 assumpsit
831 680 886 714 ea
909 680 1015 725 quae
1034 667 1082 711 in
1108 672 1273 711 natura
1292 670 1452 711 nostra
1474 665 1715 721 plantavit.
1739 685 1760 705 υ
1784 665 2009 712 Plantavit

128 738 279 780 autem
303 732 365 778 ibi
385 731 775 789 personalitatem.
800 733 919 786 Ergo
939 728 1080 774 Filius
1099 728 1177 773 Dei
1196 726 1448 785 assumpsit
1470 738 1733 783 personam.

182 797 225 840 3.
252 797 491 851 Praeterea,
515 792 631 837 nihil
652 791 944 837 consumitur
965 789 1054 834 nisi
1075 790 1200 846 quod
1223 794 1310 834 est.
1333 789 1421 833 Sed
1442 788 1741 832 Innocentius
1759 788 1812 831 111
1829 787 1939 832 dicit
1959 787 2009 832 in

127 855 325 912 quadam
357 858 531 900 Decret.
553 853 616 908 (id
640 852 782 898 habet
802 852 1015 896 Paschas.
1042 850 1184 909 Diae.,
1208 849 1291 895 lib.
1310 863 1339 894 11
1357 852 1420 895 De
1449 849 1619 905 Spiritu
1642 853 1817 901 sanem,
1840 860 1942 904 cap.
1961 851 2007 906 4,

127 922 235 962 ante
254 916 394 972 med.,
415 915 607 972 implic.,
633 919 680 959 et
698 914 860 959 concil.
882 911 1174 957 Francoford.
1204 924 1281 956 an.
1307 915 1388 957 794
1411 910 1461 954 in
1485 910 1622 968 epist.
1649 910 1708 955 ad
1734 908 1879 966 episc.
1904 909 2010 954 Gal-

126 977 214 1035 liae,
235 978 262 1022 a
281 978 403 1024 med.
418 983 529 1023 tom.
551 991 610 1021 vn
632 979 787 1031 Cone.)
808 975 933 1033 quod
955 993 975 1013 «
987 986 1188 1032 persona
1202 973 1281 1018 Dei
1300 971 1591 1028 consumpsit
1602 983 1849 1028 personam
1866 971 2009 1015 homi-

127 1039 217 1084 nis.
239 1059 267 1098 »-
301 1042 418 1097 Ergo
441 1039 627 1085 videtur
645 1038 770 1095 qued
791 1049 992 1095 persona
1011 1035 1212 1080 hominis
1233 1034 1374 1079 fuerit
1395 1033 1525 1091 prius
1547 1038 1802 1090 assumpta.

181 1101 267 1146 Sed
300 1105 458 1145 contra
492 1105 564 1145 est
587 1099 713 1157 quod
731 1098 1016 1155 Augustinus
1051 1095 1357 1153 (Fulgentius)
1391 1095 1503 1140 dicit
1527 1094 1591 1148 (in
1620 1094 1701 1139 lib.
1739 1095 1799 1138 De
1825 1094 1917 1139 fide
1949 1093 2010 1139 ad

128 1163 246 1207 Petr.
266 1175 366 1219 cap.
388 1165 448 1218 2),
466 1160 588 1219 qued
617 1179 636 1198 «
655 1164 775 1205 Deus
789 1165 1005 1204 naturam
1022 1158 1225 1203 hominis
1242 1157 1511 1214 assumpsit,
1532 1169 1624 1201 non
1640 1168 1905 1213 personam.
1928 1173 1950 1195 n

173 1244 455 1284 CONCLUSIO.
471 1265 520 1273 —
532 1243 638 1282 Gum
652 1253 823 1293 persona
841 1252 921 1281 non
942 1239 1284 1292 praeintelligatur
1296 1240 1342 1279 in
1358 1239 1542 1278 humana
1560 1243 1707 1277 natura
1721 1237 2008 1288 assumptioni,

126 1297 195 1338 sed
209 1298 341 1348 magis
355 1309 397 1338 se
413 1297 557 1338 habeat
573 1302 621 1337 ut
638 1295 840 1336 terminus
860 1294 1170 1348 assumptionis,
1188 1295 1320 1334 Filius
1335 1293 1407 1333 Dei
1425 1292 1543 1333 nullo
1555 1292 1679 1333 modo
1697 1292 1926 1332 humanam
1945 1302 2009 1332 as·

125 1353 301 1404 sumpsit
318 1363 546 1404 personam.

179 1428 448 1484 Respondeo
481 1427 729 1473 dicendum
755 1426 881 1482 quod
910 1425 1087 1482 aliquid
1119 1425 1290 1470 dicitur
1314 1423 1490 1469 assumi
1526 1436 1585 1468 ex
1612 1436 1668 1468 eo
1692 1422 1819 1479 quod
1846 1422 1907 1468 ad
1927 1422 2009 1468 ali-

125 1489 238 1547 quid
274 1489 490 1534 sumitur.
520 1489 649 1534 Unde
672 1488 788 1533 illud
819 1488 945 1544 quod
966 1487 1236 1541 assumitur,
1274 1491 1455 1543 oportet
1477 1485 1771 1542 praeintelligi
1792 1496 2010 1546 assump-

124 1552 262 1604 tioni;
287 1551 408 1596 sicut
425 1551 541 1596 illud
562 1551 687 1608 quod
718 1555 933 1595 movetur
952 1548 1173 1606 localiter,
1206 1548 1580 1605 praeintelligitur
1596 1547 1686 1603 ipsi
1708 1545 1870 1591 motui.
1900 1548 2009 1590 Per-

126 1624 242 1658 sona
259 1618 414 1658 autem
434 1625 528 1657 non
549 1611 917 1669 praeintelligitur
930 1611 978 1655 in
1000 1611 1207 1656 humana
1226 1614 1392 1654 natura
1409 1608 1732 1665 assumptioni,
1756 1608 1840 1653 sed
1860 1607 2010 1663 magis

125 1685 177 1719 se
207 1674 346 1719 habet
369 1679 421 1719 ut
444 1675 667 1719 terminus
699 1672 1048 1729 assumptionis,
1073 1678 1126 1718 ut
1159 1684 1301 1729 supra
1333 1671 1510 1716 dictum
1542 1676 1615 1715 est
1649 1673 1831 1726 (quaest.
1868 1680 2006 1725 praec.

126 1741 211 1779 art.
229 1739 250 1780 1
274 1740 321 1780 et
341 1738 398 1791 2).
418 1736 461 1780 Si
483 1737 609 1780 enim
632 1735 1081 1792 praeintelligeretur,
1105 1734 1181 1779 vel
1201 1739 1432 1790 oporteret
1453 1732 1579 1789 qued
1606 1735 2007 1788 corrumperetum

127 1800 173 1840 et
203 1796 271 1841 sic
289 1797 461 1841 frustra
484 1802 607 1842 esset
628 1802 866 1853 assumpta
887 1796 992 1840 :vel
1013 1796 1139 1852 qued
1174 1800 1436 1840 remaneret
1458 1799 1565 1850 post
1599 1794 1843 1848 unionem3
1869 1796 1915 1837 et
1941 1792 2011 1836 sie

128 1862 285 1903 essent
295 1858 400 1902 duae
410 1870 637 1914 personae,
649 1871 746 1902 una
756 1869 1002 1902 assumens
1017 1864 1064 1902 et
1074 1857 1163 1902 alia
1178 1862 1439 1912 assumpta3
1457 1856 1583 1912 quod
1592 1860 1664 1900 est
1677 1865 1922 1900 erroneum
1931 1856 2010 1909 (1),

127 1923 337 1976 utsupra
354 1924 594 1963 ostensum
613 1924 684 1963 est
698 1921 877 1974 (quaest.
898 1933 945 1973 11,
960 1923 1049 1962 art.
1069 1920 1129 1971 6).
1150 1918 1275 1962 Unde
1293 1917 1572 1973 relinquitur
1585 1915 1709 1973 quod
1726 1916 1855 1960 nullo
1871 1914 2010 1960 modo

127 1979 266 2025 Filius
286 1980 365 2024 Dei
386 1980 689 2036 assumpserit
710 1981 962 2024 humanam
984 1991 1248 2035 personam.

180 2041 248 2086 Ad
268 2045 467 2098 primum
494 2053 604 2098 ergo
635 2041 899 2093 dicendum,
932 2041 1056 2097 qued
1081 2045 1295 2084 naturam
1317 2040 1570 2083 humanam
1593 2039 1847 2095 assumpsit
1869 2037 2011 2082 Filius

126 2101 203 2147 Dei
223 2101 271 2146 in
292 2107 461 2158 atomo,
481 2102 529 2147 id
547 2108 634 2157 est,
659 2102 708 2146 in
727 2101 984 2157 individuo,
1008 2101 1135 2158 quod
1147 2114 1242 2145 non
1266 2105 1338 2145 est
1354 2100 1482 2145 aliud
1498 2099 1526 2144 a
1548 2099 1788 2156 supposito
1806 2098 2010 2144 increato

128 2163 253 2220 quod
274 2168 345 2209 est
358 2176 557 2221 persona
577 2163 675 2208 Filii
694 2164 789 2209 Dei.
810 2164 939 2208 Unde
962 2175 1054 2208 non
1078 2163 1287 2220 sequitur
1309 2162 1434 2219 qued
1451 2173 1650 2218 persona
1673 2161 1733 2205 sit
1753 2164 2009 2217 assumpta.

182 2225 249 2270 Ad
269 2227 511 2270 secundum
538 2225 804 2282 dicendum,
827 2224 953 2280 quod
975 2230 1153 2268 naturae
1170 2227 1422 2278 assumptae
1439 2235 1534 2268 non
1552 2223 1684 2268 deest
1702 2221 1885 2278 propria
1904 2234 2013 2278 per-

129 2287 349 2332 sonalitas
363 2291 548 2344 propter
562 2287 793 2332 defectum
809 2286 1005 2343 alicujus
1024 2285 1150 2342 quod
1170 2285 1230 2331 ad
1247 2284 1576 2341 perfectionem
1594 2285 1810 2328 humanae
1833 2288 2011 2328 naturae

129 2348 380 2404 pertineat3
402 2346 484 2392 sed
504 2353 694 2404 propter
718 2346 1003 2392 additionem
1021 2346 1236 2403 alicujus,
1257 2345 1382 2402 quod
1404 2351 1477 2390 est
1496 2357 1640 2402 supra
1657 2346 1907 2390 humanam
1930 2357 2012 2389 na-

118 2413 298 2465 turam,
325 2409 450 2466 quod
472 2416 542 2453 est
558 2409 671 2453 unio
693 2409 754 2454 ad
774 2409 979 2454 divinam
998 2419 1263 2464 personam.

183 2470 252 2516 Ad
273 2473 455 2514 tertium
469 2469 737 2525 dicendum,
755 2469 882 2526 quod
903 2469 1198 2525 consumptio
1215 2468 1279 2513 ibi
1300 2480 1392 2512 non
1412 2469 1629 2524 importat
1647 2467 2009 2513 destructionem

129 2530 328 2587 alicuius
344 2531 469 2588 quod
490 2531 619 2587 priiis
636 2531 802 2587 fuerat,
819 2532 902 2576 sed
920 2531 1265 2588 impeditionem
1283 2530 1385 2586 ejus
1407 2530 1533 2586 quod
1561 2529 1692 2573 aliter
1710 2541 1814 2574 esse
1833 2534 2005 2585 posset.

133 2592 176 2636 Si
197 2592 323 2637 enim
343 2592 547 2636 humana
563 2597 729 2637 natura
747 2605 842 2637 non
864 2600 986 2637 esset
1006 2598 1244 2648 assumpta
1264 2592 1292 2635 a
1313 2591 1470 2636 divina
1495 2603 1710 2648 persona,
1737 2596 1903 2635 natura
1923 2590 2010 2634 hu-

131 2664 269 2698 mana
287 2653 520 2710 propriam
538 2655 915 2711 personalitatem
934 2655 1146 2707 haberet·,
1167 2661 1215 2698 et
1236 2666 1321 2710 pro
1342 2658 1471 2698 tanto
1493 2653 1660 2698 dicitur
1678 2665 1876 2710 persona
1899 2664 2009 2696 con-

129 2715 388 2771 sumpsisse
402 2727 665 2772 personam,
679 2716 788 2761 licet
805 2716 1080 2773 improprie3
1105 2715 1214 2772 quia
1231 2727 1432 2772 persona
1452 2715 1610 2759 divina
1626 2717 1714 2759 sua
1730 2714 1904 2759 unione
1924 2714 2011 2758 im-

133 2776 304 2832 pedivit
322 2788 382 2820 ue
396 2777 601 2821 humana
617 2780 783 2823 natura
802 2777 1035 2835 propriam
1056 2777 1432 2833 personalitatem
1450 2776 1657 2821 haberet.

245 2853 582 2895 ARTICULUS
604 2855 687 2896 111.
710 2876 767 2884 --
786 2866 924 2895 υτιιιιιι
951 2865 1133 2896 ransom
1159 2865 1296 2895 mvnu
1321 2864 1599 2895 assuursnnrr
1623 2863 1807 2894 nommant
1821 2852 1899 2906 (2).

138 2923 185 2958 De
199 2923 252 2958 his
264 2923 366 2959 etiam
382 2926 476 2960 Sent.
497 2934 549 2967 ιιι,
566 2927 643 2960 dist.
666 2929 698 2966 5,
722 2932 836 2967 quaest.
857 2936 881 2966 1,
894 2932 959 2961 art.
980 2927 1014 2970 2,
1044 2932 1078 2962 et
1097 2927 1173 2961 dist.
1191 2927 1223 2967 7,
1235 2931 1350 2968 quaest.
1370 2935 1424 2966 ιιι,
1442 2930 1509 2960 art.
1532 2925 1565 2966 2,
1582 2930 1616 2959 et
1635 2925 1758 2965 opusc.
1773 2933 1798 2965 ι.
1814 2935 1886 2966 cap.
1902 2924 1958 2966 21,
1974 2928 2010 2960 et

438 2973 502 3014 Op.
520 2982 574 3013 ιιι,
586 2985 658 3015 cap.
680 2975 713 3014 6,
729 2980 764 3009 et
780 2974 878 3009 Rom.
899 2983 925 3016 ι,
937 2974 1015 3010 lect.
1031 2976 1065 3017 ὅ,
1090 2975 1126 3009 in
1145 2974 1205 3008 fin.
1223 2979 1257 3008 et
1272 2973 1418 3015 Philipp.
1434 2982 1474 3013 ιι,
1494 2974 1573 3008 lect.
1589 2972 1626 3006 in
1640 2972 1701 3006 fin.

189 3040 255 3084 Ad
292 3038 479 3084 tertium
509 3040 576 3084 sic
593 3041 871 3096 proceditur.
892 3046 934 3087 1.
956 3042 1143 3087 Videtur
1163 3042 1287 3098 quod
1309 3053 1508 3097 persona
1530 3040 1688 3084 divina
1706 3040 2009 3097 assumpserit

133 3100 386 3145 hominem.
406 3100 578 3145 Dicitur
599 3102 720 3146 enim
735 3104 867 3156 (Psal.
885 3117 997 3163 txiv,
1015 3106 1057 3157 5)
1076 3119 1086 3146 :
1107 3108 1273 3147 Beatus
1298 3115 1425 3158 quem
1443 3102 1616 3158 eleqist'z‘
1630 3104 1676 3146 et
1696 3105 2007 3159 assumpsisti,-

131 3161 263 3219 quod
280 3161 437 3206 Glossa
469 3161 636 3211 (interl.
671 3168 715 3207 et
733 3164 831 3209 ord.
858 3168 991 3221 Aug.)
1012 3166 1202 3223 exponit
1224 3164 1282 3208 de
1305 3163 1505 3219 Christ03
1528 3170 1574 3208 et
1594 3163 1879 3220 Augustinus
1898 3163 2008 3207 dicit

178 3290 223 3330 (l)
248 3291 314 3324 Aut
332 3290 402 3324 imo
429 3289 624 3324 haereticum
639 3319 646 3330 ‚
668 3297 705 3324 ut
725 3294 817 3332 patet
833 3303 872 3326 ex
895 3292 937 3327 iis
957 3305 1029 3334 quae
1152 3292 1196 3333 (2)
1210 3292 1306 3327 Hunc
1321 3293 1481 3334 loquendi
1496 3293 1635 3327 modum
1652 3291 1832 3334 aliquando
1845 3296 2007 3331 usurpant

138 3343 256 3371 contra
271 3337 458 3371 Nestorium
484 3338 621 3372 definita
638 3345 727 3372 sunt.
750 3338 836 3373 Hinc
849 3340 933 3374 dixit
951 3352 1029 3374 con·
1113 3339 1227 3373 Patres
1245 3345 1277 3374 et
1297 3339 1366 3381 ipsa
1384 3339 1542 3381 Ecclesia,
1559 3339 1725 3380 siquidem
1751 3342 1842 3372 canit
1858 3349 1866 3371 :
1885 3337 1937 3371 Tu
1958 3338 2005 3371 ad

139 3383 253 3419 cilium
269 3384 467 3418 Wormense
485 3397 493 3418 ε
513 3386 579 3419 Dei
595 3386 718 3420 Filius
742 3395 818 3421 non
834 3396 1030 3430 personam
1116 3386 1348 3420 liberandum
1362 3390 1598 3430 suscepturus
1619 3386 1810 3425 hominem,
1828 3394 1904 3418 non
1921 3384 2005 3418 hor·

134 3429 296 3465 ‘hominis
316 3431 467 3474 accepit,
483 3432 546 3467 sed
564 3437 754 3468 naturam.
1114 3434 1228 3468 ‘ruisti
1246 3434 1402 3478 virginis
1415 3438 1573 3470 uterum.
1591 3432 1656 3468 Sed
1678 3432 1749 3466 haeo
1773 3430 1877 3465 verba
1907 3429 2006 3466 intel-
