2170 3808
739 248 936 301 QUAEST.
967 249 1060 304 Ln,
1086 250 1202 293 ΛΒΤ.
1235 251 1266 293 1.
1859 251 1940 293 437

74 331 121 375 Et
143 329 206 375 ita
226 330 377 376 adbuc
399 341 494 374 non
518 328 749 374 constabit
770 330 886 374 ratio
909 331 1049 375 trium
1083 330 1263 375 dierum
1298 334 1344 374 et
1377 330 1515 375 trium
1543 330 1763 375 noctium.
1785 332 1940 376 Restat

74 402 180 449 ergo
205 398 256 438 ut
283 393 371 438 hoc
388 391 652 437 inveniatur
674 390 752 435 illo
789 393 1126 449 scripturarum
1155 391 1326 436 usitato
1364 391 1584 450 loquendi
1617 391 1771 446 mod0,
1795 404 1887 450 quo
1911 391 1940 437 a

73 458 199 512 parte
219 458 366 500 totum
386 453 684 509 intelligitur3
716 472 736 493 »
769 453 834 498 ita
853 453 1026 499 scilicet
1048 453 1172 510 quod
1192 465 1336 497 unam
1366 459 1550 499 noctem
1571 458 1617 500 et
1640 466 1786 499 unum
1816 453 1940 499 diem

73 515 347 573 accipiamus
367 529 450 574 pro
471 527 566 560 uno
587 514 662 560 die
686 515 898 560 naturali.
913 515 1060 570 (Quod
1078 514 1290 573 sequitur
1307 514 1504 560 habetur
1522 519 1584 561 De
1601 515 1760 562 Trinit.
1777 515 1858 561 lib.
1879 529 1936 570 xv,

74 588 171 635 cap.
196 580 238 624 6
242 580 324 633 >Et
342 577 409 623 sic
429 576 607 635 primus
629 576 728 621 dies
744 581 1037 634 computatur
1055 576 1113 621 ab
1132 581 1337 621 extrema
1366 582 1496 634 parte
1515 577 1604 633 sut,
1627 579 1720 634 qua
1732 578 1940 623 Christus

24 648 26 650 ·
72 639 119 686 in
141 644 271 687 sexta
300 641 410 686 feria
435 645 506 685 est
534 644 744 684 mortuus
781 645 827 686 et
848 641 1087 698 sepultus3
1110 640 1346 685 secundus
1372 643 1524 685 autem
1555 639 1653 684 dies
1674 645 1746 685 est
1763 641 1940 698 integer

72 701 176 747 cum
190 701 351 759 viginti
374 706 570 759 quatuor
586 701 713 746 horis
738 701 978 748 nocturnis
992 706 1039 748 et
1062 701 1259 757 diurnis3
1288 715 1381 747 nox
1405 705 1559 746 autem
1585 713 1789 759 sequens
1807 703 1941 769 perti-

72 767 150 808 net
187 763 247 809 ad
273 764 458 809 tertium
482 763 620 809 diem.
648 779 669 801 «
691 763 817 808 Sicut
839 762 964 808 enim
988 763 1125 821 primi
1157 763 1256 809 dies
1283 768 1470 820 propter
1503 762 1712 807 futurum
1739 754 1948 809 hominis.

72 822 250 882 lapsum
270 825 296 870 a
314 825 451 871 luce
437 838 487 870 in
507 829 708 883 noctem,
727 825 791 869 ita
818 825 894 870 isti
909 829 1096 883 propter
1115 824 1317 870 hominis
1340 825 1675 882 reparationem
1691 825 1719 868 a
1742 824 1940 870 tenebris

71 886 427 944 computantur
415 899 463 931 1n
478 886 630 931 lucem
646 888 718 940 (1).
744 904 765 926 »

125 948 191 993 Ad
219 949 463 992 secundum
481 947 746 1003 dicendum,
766 948 908 1005 qued,
926 947 1048 992 sicut
1074 947 1360 1004 Augustinus
1386 946 1494 992 dicit
1511 949 1588 996 (De
1603 946 1759 992 Trinit.
1779 946 1860 992 lib.
1882 961 1939 1008 w,

0 1023 1 1026 ’
72 1020 175 1066 cap.
195 1009 407 1067 Gimplic.
411 1009 445 1066 )‚
470 1009 709 1054 Christus
698 1022 745 1053 in
767 1009 980 1054 diluculo
989 1009 1259 1064 resurrexit,
1278 1009 1325 1053 in
1360 1020 1452 1064 quo
1474 1007 1644 1066 aliquid
1666 1006 1783 1053 lucis
1798 1021 1942 1066 appa-

71 1074 158 1127 ret,
180 1075 226 1116 et
253 1071 404 1117 adhuc
434 1075 590 1117 tamen
617 1070 788 1128 aliquid
819 1075 1027 1115 remanet
1054 1070 1347 1116 tenebrarum
1370 1069 1532 1113 noctis.
1557 1070 1684 1115 Unde
1705 1070 1763 1115 de
1784 1070 1943 1115 mulie·

71 1130 202 1178 ribus
218 1132 384 1178 dicitur
406 1136 549 1189 (Joan.
575 1135 665 1190 xx),
690 1132 813 1190 quod
833 1134 933 1177 cum
961 1133 1113 1176 adhuc
1131 1136 1274 1177 essent
1297 1132 1498 1187 tenebrae‚
1525 1136 1739 1176 ven-erunt
1759 1132 1823 1176 ad
1846 1145 1943 1176 mo-

71 1198 346 1240 numentum.
370 1196 560 1240 Ratione
579 1207 689 1251 ergo
715 1189 891 1238 harum
899 1193 1197 1238 tenebrarum
1226 1193 1470 1249 Gregorius
1494 1192 1604 1237 dicit
1632 1195 1861 1245 (hom.xx1
1892 1193 1940 1239 in

71 1255 247 1312 Evang.
264 1269 385 1302 vers.
410 1255 491 1301 fin.
495 1259 527 1313 )‚
549 1256 777 1301 Christum
798 1255 950 1300 media
985 1260 1121 1299 nocte
1157 1256 1432 1312 surrexisse,
1453 1266 1546 1298 non
1579 1255 1766 1326 quidem
1797 1254 1943 1300 divisa

72 1322 207 1361 nocte
227 1317 274 1362 in
298 1317 414 1362 duas
435 1321 589 1374 partes
611 1316 829 1374 aequales,
858 1316 938 1362 sed
968 1316 1086 1360 infra
1117 1317 1266 1373 ipsam
1300 1322 1510 1371 noctem3
1533 1315 1649 1361 illud
1669 1316 1795 1361 enim
1819 1316 1943 1361 dilu-

71 1377 228 1422 culum
248 1381 295 1422 et
311 1390 419 1435 pars
432 1378 596 1435 noctis,
616 1382 662 1423 et
678 1389 786 1435 pars
801 1377 891 1423 diei
907 1377 995 1422 dici
1015 1381 1182 1436 potest,
1206 1382 1392 1435 propter
1412 1376 1783 1422 convenientiam
1803 1389 1944 1434 quam

71 1450 179 1484 cum
198 1442 395 1497 utroque
409 1439 562 1485 habet.

126 1500 193 1546 Ad
224 1504 407 1545 tertium
433 1501 699 1556 dicendum,
723 1500 847 1558 quod
882 1500 1113 1545 intantum
1142 1500 1226 1546 lux
1257 1499 1305 1545 in
1338 1504 1484 1545 morte
1515 1498 1678 1545 Christi
1703 1499 1945 1557 praevaluit

73 1563 194 1620 (quae
215 1562 500 1620 significatur
521 1576 602 1621 per
614 1575 757 1608 unam
775 1562 913 1618 diem)
931 1562 1057 1620 quod
1075 1563 1290 1608 tenebras
1323 1562 1520 1608 duarum
1542 1561 1762 1620 noctium,
1784 1561 1830 1607 id
1854 1564 1943 1615 est,

74 1622 270 1681 duplicis
285 1625 446 1671 mortis
460 1630 646 1682 nostrae,
656 1625 870 1683 removit,
885 1629 937 1670 ut
959 1624 1217 1679 dictumjest
1232 1625 1297 1680 (in
1318 1637 1442 1682 corp.
1463 1626 1585 1680 art.).

779 1750 1080 1814 QUAESTIO
1126 1751 1230 1805 LIl.

202 1869 264 1906 DE
293 1869 529 1905 DESCENSU
562 1869 745 1905 CHRISTI
779 1869 838 1903 AD
872 1869 1088 1918 1NFEROS,
1126 1870 1172 1904 ΙΝ
1206 1869 1323 1906 OCTO
1357 1870 1612 1907 ARTICULOS
1643 1870 1795 1908 DIVISA

116 1956 269 1999 Deinde
282 1957 622 1999 considerandum
639 1961 699 1998 est
716 1957 765 1997 de
779 1958 971 1998 descensu
987 1957 1139 1998 Christi
1156 1958 1208 1998 ad
1228 1958 1401 1998 inferos:
1429 1964 1468 1999 et
1489 1961 1591 1999 circa
1612 1960 1686 1999 hoc
1704 1965 1946 2011 quaeruutur

71 2016 186 2056 octo·
213 2019 247 2053 1⁰
264 2014 411 2053 Utrum
425 2014 548 2054 fuerit
560 2014 803 2054 couveniens
821 2014 1030 2053 Christum
1043 2013 1096 2054 ad
1113 2014 1264 2054 inferos
1283 2014 1533 2054 descendere.
1551 2036 1597 2044 -
1614 2022 1652 2054 2⁰
1675 2016 1719 2054 ln
1738 2026 1861 2065 quem
1882 2016 1943 2056 in-

70 2064 233 2109 {eruum
259 2067 519 2108 descenderit.
538 2090 582 2097 —
599 2073 637 2108 3⁰
654 2068 799 2108 Utrum
825 2070 934 2107 totus
964 2068 1110 2108 fuerit
1099 2080 1145 2107 in
1164 2069 1337 2108 inferno.
1357 2090 1405 2097 —
1431 2074 1472 2108 4⁰
1494 2070 1639 2109 Utrum
1662 2067 1846 2119 almuam
1859 2081 1946 2111 mo-

71 2133 162 2165 ram
178 2123 236 2163 ibi
257 2124 434 2163 traxerit.
451 2146 498 2152 —-
513 2129 551 2163 5⁰
568 2124 714 2163 Utrum
728 2127 889 2163 sanctos
904 2127 1037 2174 patres
1055 2124 1105 2163 ab
1119 2123 1279 2163 inferno
1297 2124 1540 2164 liberaverit.
1555 2147 1603 2153 —
1617 2131 1656 2163 6⁰
1672 2125 1818 2165 Utrum
1832 2123 1947 2165 dam·

73 2180 190 2219 natos
208 2177 258 2218 ab
277 2177 437 2217 inferno
454 2177 700 2218 liberaverit.
717 2200 765 2206 —
791 2183 830 2218 7⁰
845 2178 992 2218 Utrum
1008 2179 1238 2218 liberaverit
1256 2189 1401 2230 pueros
1422 2179 1466 2218 in
1490 2182 1648 2230 peccato
1669 2179 1862 2231 originali
1881 2178 1942 2220 de·

72 2232 247 2274 functos.
270 2254 315 2262 -—
339 2238 377 2272 8⁰
393 2233 541 2273 Utrum
554 2233 787 2274 liberaverit
802 2232 988 2272 homines
1006 2232 1054 2272 de
1073 2233 1322 2285 purgatorio.

185 2305 524 2347 ARTICULUS
552 2306 590 2348 1.
618 2327 671 2335 —-
698 2316 832 2346 ornum
855 2317 1004 2346 russm'r
1035 2316 1288 2347 conveniens
1318 2316 1520 2348 curus‘ruu
1547 2316 1599 2347 An
1629 2317 1837 2348 mrannuu

826 2378 1091 2408 assensuum:
1123 2365 1197 2420 (Ξ).

74 2434 194 2471 Deliis
214 2433 313 2470 etiam
339 2435 435 2468 Sent.
454 2442 504 2475 ω,
525 2433 602 2468 dist.
625 2433 679 2475 22,
704 2438 819 2473 quaest.
848 2442 885 2472 ιι,
909 2435 1021 2516 artffll,
1048 2427 1163 2486 quaest.
1179 2443 1203 2475 ι,
1228 2437 1261 2468 et
1288 2433 1411 2475 opusc.
1429 2442 1468 2474 u,
1495 2445 1567 2475 cap.
1591 2433 1665 2474 255.
1690 2437 1726 2469 et
1752 2435 1874 2475 Opuse.
1890 2442 1945 2476 Lx,

875 2493 946 2522 cap.
1017 2494 1126 2522 princ.

127 2535 196 2582 Ad
211 2535 411 2594 primum
426 2535 493 2580 sie
513 2534 788 2592 proceditur.
809 2539 849 2580 1.
875 2535 1062 2588 Videtur
1080 2536 1204 2593 quod
1232 2535 1323 2579 'non
1344 2534 1480 2579 fuerit
1498 2535 1779 2581 conveniens
1796 2536 1947 2580 Chris·

75 2602 174 2645 tum
205 2597 266 2645 ad
284 2598 516 2643 infernum
538 2597 832 2643 descendere.
853 2597 966 2642 Dicit
986 2599 1107 2643 enim
1131 2598 1418 2655 Augustinus
1439 2597 1502 2651 (in
1527 2597 1719 2654 epistola
1747 2598 1807 2643 ad
1828 2600 1943 2642 Evo-

76 2659 222 2717 dium,
248 2662 348 2720 164,
380 2660 441 2704 al.
475 2662 573 2716 119,
607 2659 829 2717 aliquant.
864 2664 971 2704 ante
1000 2661 1142 2715 med.)
1174 2675 1184 2706 ε
1222 2679 1242 2699 «
1272 2663 1364 2704 Nec
1400 2661 1523 2716 ipsos
1553 2659 1740 2716 quidem
1775 2659 1946 2706 inferos

75 2722 259 2779 uspiam
301 2721 637 2778 scripturarum
677 2720 724 2764 in
761 2721 879 2765 libro
912 2721 1166 2778 appellatos
1204 2720 1333 2778 potui
1367 2720 1581 2777 reperire.
1610 2739 1630 2760 „
1670 2720 1756 2766 Sed
1792 2720 1948 2767 anima

77 2782 240 2829 Christi
268 2794 362 2827 non
392 2781 629 2827 descendit
662 2782 722 2827 ad
748 2782 935 2840 aliquod
962 2784 1152 2839 malum,
1177 2782 1286 2840 quia
1320 2794 1408 2828 nec
1435 2782 1602 2827 animae
1626 2782 1859 2839 J'ustorum
1887 2783 1947 2830 ad

77 2843 264 2903 aliquod
291 2844 466 2888 malum
486 2844 774 2889 descendunt
798 2846 870 2899 (3).
893 2847 1010 2902 Ergo
1030 2845 1211 2890 videtur
1234 2842 1358 2902 qued
1384 2856 1477 2889 non
1504 2843 1641 2889 fuerit
1665 2843 1947 2890 conveniens

77 2905 308 2953 Christum
327 2904 387 2951 ad
405 2904 579 2950 inferos
598 2905 893 2952 descendere.

131 2972 177 3015 Ξ.
194 2971 433 3021 Praeterea,
458 2966 735 3012 descendere
756 2968 815 3013 ad
834 2968 1006 3013 inferos
1023 2980 1117 3012 non
1135 2972 1288 3026 potest
1303 2967 1478 3013 Christo
1507 2968 1755 3013 convenire
1777 2980 1944 3014 secun-

79 3030 191 3077 dum
219 3029 421 3075 divinam
461 3033 693 3086 naturam,
717 3040 822 3085 quae
852 3033 923 3075 est
942 3029 1131 3076 omnino
1148 3028 1412 3087 immobilis,
1433 3029 1513 3074 sed
1529 3029 1680 3075 solum
1700 3029 1946 3076 convenire

78 3095 232 3150 potest
269 3091 526 3137 secundum
555 3094 768 3135 naturam
809 3096 1111 3149 assumptam.
1135 3093 1198 3136 Ea
1219 3090 1329 3136 vero
1357 3103 1460 3148 quae
1495 3091 1700 3137 Christus
1729 3091 1852 3148 fecit,
1871 3090 1946 3137 vel
1983 3111 1985 3113 ·

78 3165 245 3210 passus
266 3152 398 3198 estin
411 3157 578 3196 natura
596 3155 850 3208 assumpta,
865 3152 1138 3198 ordinantur
1150 3154 1208 3198 ad
1220 3153 1472 3198 humanam
1489 3153 1708 3210 salutem3
1728 3152 1788 3199 ad
1805 3165 1944 3212 quam

120 3276 166 3318 (4)
186 3275 238 3310 Cf.
257 3274 430 3313 Angustia.
452 3275 500 3308 De
515 3285 675 3308 consensu
697 3273 891 3313 evangelist.
908 3273 970 3307 lib.
1055 3275 1210 3308 descensu
1222 3274 1316 3315 reali,
1335 3287 1399 3316 quo
1414 3275 1510 3309 fieret
1525 3278 1563 3310 ut
1575 3280 1647 3316 elus
1659 3276 1771 3312 anima
1788 3278 1945 3314 existeret

79 3330 134 3365 m,
152 3334 224 3365 cap.
241 3323 296 3365 2⁴3
320 3322 465 3357 Anselm.
489 3321 526 3355 in
554 3332 627 3363 cap.
641 3329 690 3356 ΧΠ
715 3321 850 3361 Matth„
867 3321 969 3356 Leon.
1054 3321 1126 3356 illic
1139 3333 1294 3363 praesens.

81 3381 184 3407 mm.
200 3380 215 3406 1
229 3372 277 3405 De
297 3372 480 3404 resurrect.
1094 3370 1138 3410 (5)
1156 3370 1242 3404 Hinc
1267 3369 1393 3405 dicitur
1407 3372 1495 3412 (Sap.
1515 3371 1549 3411 v)
1572 3382 1582 3404 t
1600 3372 1741 3407 Iusti...
1756 3373 1937 3416 accipient

123 3419 166 3461 (2)
193 3418 387 3453 Indubitatfi
419 3417 487 3452 lide
524 3416 730 3451 credendum
772 3420 821 3451 est
855 3421 970 3451 contra
1053 3426 1205 3459 regnum
1226 3417 1365 3453 decoris
1382 3422 1415 3453 et
1433 3419 1606 3453 diadema
1623 3421 1756 3463 speciei
1771 3420 1815 3454 de
1831 3430 1943 3456 manu

85 3464 283 3502 But-andum
313 3465 484 3501 Christum
516 3464 720 3499 descendisse
752 3463 793 3498 ad
818 3463 968 3505 inferos.
1054 3463 1215 3503 Domini,
1236 3467 1409 3509 quoniam
1427 3466 1579 3502 dextera
1594 3470 1662 3503 sud
1681 3469 1771 3510 teqot
1788 3477 1857 3508 eos,
1878 3469 1941 3505 ete.
