2170 3808
620 221 816 272 QUAEST.
847 221 992 278 XLVI,
1022 222 1138 263 ART.
1170 221 1187 262 1
1215 221 1278 263 ΕΤ
1307 221 1357 264 Π.
1852 220 1933 262 379

53 301 231 350 sionem
248 301 410 346 Christi
428 300 786 358 praenuntiatam
806 301 854 344 in
875 300 1134 357 scripturis,
1148 305 1193 344 et
1212 296 1557 356 praefiguratam
1576 299 1623 342 in
1639 297 1933 343 observantia

53 361 221 408 veteris
242 361 540 416 Testamenti,
563 359 803 417 oportebat
834 360 1014 416 impleri
1036 375 1046 404 ε
1068 364 1115 404 et
1144 356 1232 403 hoc
1254 365 1325 404 est
1353 360 1477 417 quod
1501 359 1668 405 dicitur
1687 359 1811 413 (Luc.
1832 371 1931 414 xxn,

54 426 126 479 22)
143 436 155 467 :
173 424 325 467 Filius
339 423 546 477 hominis,
565 422 808 473 secuudum
820 422 940 477 quod
962 422 1197 476 definitum
1219 425 1303 476 est,
1330 422 1484 477 vadit5
1506 426 1553 466 et
1577 423 1699 476 (Luc.
1723 419 1809 464 ult.
1833 421 1931 474 44):

52 487 159 530 Haec
175 489 283 530 sunt
304 485 438 529 verba
458 495 552 540 quae
574 484 747 527 locutus
769 496 867 527 sum
892 484 956 527 ad
975 496 1065 536 vos,
1091 484 1194 526 cum
1222 483 1378 526 adhuc
1402 495 1540 526 essem
1565 483 1803 538 vobiscum,
1824 494 1934 537 quo-

52 549 180 590 niam
201 560 372 591 necesse
386 550 454 590 est
470 545 653 602 impleri
672 548 823 588 omnia
843 557 939 601 quae
959 547 1134 601 scripta
1151 547 1319 587 suntin
1337 544 1430 600 leqe
1447 546 1607 600 Moysi,
1623 548 1669 587 et
1683 542 1931 600 prophetis,

53 612 99 652 et
113 607 309 652 Psalmis
327 602 383 653 de
396 620 467 652 me
481 623 496 648 .·
511 610 724 663 quoniam
741 610 805 650 sic
825 609 1043 666 scriptum
1061 611 1145 660 est,
1162 608 1207 648 et
1228 609 1292 648 sic
1307 606 1540 662 oportebat
1558 605 1793 650 Christum
1809 607 1931 661 pati,

54 674 98 712 et
118 681 350 726 resurqere
369 669 401 713 ὰ
421 671 622 713 mortuis.

110 730 176 775 Ad
195 733 390 787 primum
409 742 520 786 ergo
540 729 808 785 dicendum,
834 728 958 784 quod
976 728 1094 772 ratio
1112 728 1190 772 illa
1210 727 1417 785 procedit
1434 727 1493 772 de
1507 726 1785 772 necessitate
1798 739 1934 771 coac-

55 791 195 836 tionis
214 805 270 837 ex
292 797 421 849 parte
439 791 535 836 Dei.

108 852 176 898 Ad
199 855 441 897 secundum
458 852 726 906 dicendum,
751 851 875 908 quod
897 851 1014 895 ratio
1031 851 1110 895 illa
1131 851 1339 908 procedit
1358 851 1416 896 de
1436 850 1713 895 necessitate
1731 848 1934 893 coactio-

55 913 130 959 nis
148 926 205 959 ex
224 918 352 970 parte
371 914 570 959 hominis
592 913 773 958 Christi.

109 975 176 1020 Ad
208 979 391 1020 tertium
416 975 682 1028 dicendum,
716 973 842 1032 quod
881 973 1117 1018 hominem
1138 972 1321 1017 liberari
1357 984 1440 1028 per
1470 972 1736 1030 passionem
1769 971 1933 1016 Christi

56 1037 339 1083 conveniens
357 1038 445 1082 fuit
466 1043 512 1082 et
532 1036 875 1091 misericordiae,
893 1040 939 1080 et
947 1035 1139 1092 Justitiae
1154 1034 1271 1092 ejus.
1291 1033 1484 1079 Justitiae
1502 1033 1708 1091 quidem,
1728 1032 1838 1090 quia
1851 1044 1935 1090 per

54 1098 318 1152 passionem
345 1110 479 1143 suam
513 1098 718 1142 Christus
753 1097 977 1141 satisfecit
1011 1108 1095 1153 pro
1115 1100 1304 1153 peccato
1342 1095 1534 1140 humani
1568 1094 1780 1151 generis3
1803 1093 1934 1139 etita

0 1200 6 1215 ,
54 1157 192 1204 homo
212 1172 295 1217 per
303 1160 532 1218 ,iustitiam
564 1159 728 1204 Christi
759 1158 980 1203 liberatus
1008 1162 1080 1202 est
1115 1172 1126 1201 :
1167 1156 1496 1202 misericordiae
1527 1157 1655 1213 vero,
1691 1156 1802 1213 quia
1825 1155 1932 1200 cum

53 1219 194 1265 homo
215 1233 298 1278 per
316 1234 367 1267 se
385 1222 652 1266 satisfacere
669 1232 763 1265 non
782 1224 940 1277 posset
957 1231 1042 1276 pro
1063 1224 1251 1275 peccato
1273 1218 1415 1262 totius
1431 1219 1650 1263 humanae
1665 1223 1863 1274 naturae,
1878 1222 1932 1261 ut

54 1291 195 1337 supra
211 1283 386 1328 dictum
408 1288 479 1327 est
502 1286 600 1339 (qu,
624 1296 656 1337 1,
683 1286 770 1326 art.
793 1283 855 1337 2),
874 1282 994 1325 Deus
1028 1280 1071 1324 ei
1093 1280 1429 1324 satisfactorem
1450 1280 1577 1325 dedit
1593 1279 1757 1325 Filium
1776 1291 1930 1332 suum,

53 1342 311 1387 Secundum
343 1343 459 1406 illud
481 1345 625 1397 (Rom.
662 1355 724 1394 ιιι,
758 1343 829 1396 24)
851 1354 861 1384 :
881 1342 1131 1395 Justificati
1152 1343 1299 1397 qratis
1319 1354 1404 1397 per
1426 1344 1628 1398 qratiam
1662 1344 1822 1397 ipsius,
1851 1353 1935 1397 per
1968 1396 1972 1399 ,

52 1402 401 1460 redemptionem
423 1416 521 1460 quae
538 1408 603 1447 est
621 1407 670 1449 iu
693 1404 876 1447 Christo
893 1407 1016 1458 Jesu,
1042 1415 1172 1458 quem
1194 1407 1430 1458 proposuit
1453 1407 1571 1447 Deus
1583 1406 1935 1460 propitiatorem

49 1475 135 1520 per
146 1465 284 1520 fidem
298 1467 349 1509 in
369 1467 588 1523 sanquine
607 1466 776 1520 ipsius.-
800 1468 847 1508 et
866 1464 955 1508 hoc
969 1463 1057 1507 fuit
1077 1463 1431 1508 abundantioris
1449 1463 1775 1508 misericordiae
1792 1464 1934 1522 quam

53 1524 94 1570 si
116 1530 305 1582 peccata
328 1526 507 1584 absque
541 1525 855 1570 satisfactione
888 1525 1156 1571 dimisisset.
1197 1526 1325 1570 Unde
1358 1525 1527 1570 dicitur
1559 1526 1752 1582 (Ephes.
1778 1540 1826 1580 11,
1851 1529 1878 1570 4
1891 1527 1932 1580 ):

53 1589 190 1643 Deus,
221 1590 299 1643 qui
320 1588 444 1632 dives
468 1591 535 1631 est
555 1590 603 1629 in
624 1587 958 1645 misericordia,
979 1590 1171 1643 propter
1197 1590 1389 1630 nimiam
1421 1587 1715 1642 charitatem,
1747 1589 1837 1642 qud
1860 1586 1934 1629 di—

55 1646 167 1691 leoez‘t
189 1661 286 1704 nos,
312 1649 412 1692 cum
431 1661 624 1692 essemus
645 1651 816 1692 mortui
832 1650 1049 1704 peccatis,
1071 1649 1403 1702 convivificavit
1423 1661 1502 1692 uos
1523 1651 1572 1691 in
1594 1648 1793 1692 Christo.

108 1708 175 1753 Ad
195 1714 408 1766 quartum
424 1710 687 1766 dicendum,
724 1709 851 1767 quod
869 1714 1115 1767 peccatum
1135 1710 1288 1766 angeli
1307 1723 1402 1755 non
1424 1710 1514 1755 fuit
1531 1710 1845 1765 remediabile,
1870 1710 1933 1755 si-

55 1774 134 1814 cut
151 1775 393 1827 peccatum
413 1772 632 1828 hominis,
647 1776 702 1816 ut
715 1783 774 1816 ex
795 1771 1076 1830 supradictis
1092 1772 1141 1816 in
1156 1773 1307 1829 prima
1326 1778 1456 1828 parte
1474 1777 1603 1829 patet
1620 1774 1800 1829 (quaest.
1818 1785 1931 1828 inv,

54 1835 142 1876 art.
167 1833 230 1885 2).

56 1893 400 1938 ARTICULUS
417 1896 480 1938 11.
501 1917 555 1925 --
578 1907 713 1937 uranu
735 1907 882 1936 fomur
904 1907 1125 1938 Possmuns
1146 1908 1264 1939 Anus
1289 1908 1423 1939 nonus
1447 1909 1733 1939 Lissssna'rloms
1755 1909 1933 1939 uuuANAE

605 1961 714 1998 QUAM
749 1961 828 1991 PER
862 1961 1086 1992 PAssioNEu
1119 1953 1380 2005 cumsr1(1).

345 2015 392 2048 De
417 2015 470 2050 his
486 2015 589 2051 etiam
607 2017 702 2051 Sent.
720 2025 774 2057 111,
790 2016 867 2051 dist.
882 2017 936 2058 20,
956 2024 1022 2052 art.
1041 2020 1074 2055 4,
1088 2022 1203 2059 quaest.
1220 2027 1244 2057 1,
1264 2024 1297 2051 et
1311 2018 1433 2059 Opusc.
1452 2027 1477 2058 1,
1495 2029 1567 2059 cap.
1589 2019 1644 2053 47.

107 2068 176 2114 Ad
193 2069 452 2114 secundum
463 2070 530 2114 sic
551 2071 833 2126 proceditur.
856 2075 899 2115 1.
925 2070 1112 2117 Videtur
1133 2071 1259 2128 quod
1287 2085 1380 2116 non
1400 2073 1539 2116 fuerit
1559 2073 1794 2128 possibilis
1814 2074 1935 2120 alius

52 2128 220 2176 modus
242 2130 528 2176 liberationis
545 2132 762 2177 humanae
783 2132 925 2189 quam
946 2145 1031 2190 per
1059 2135 1326 2190 passionem
1353 2134 1533 2179 Christi.
1557 2135 1672 2179 Dicit
1692 2136 1820 2180 enim
1843 2139 1935 2182 Do-

50 2192 208 2236 minus
239 2193 383 2246 (Joan.
419 2206 496 2248 xu,
528 2195 629 2249 24);
663 2197 763 2239 Nisi
786 2208 981 2251 yranum
1011 2198 1232 2250 frumenti
1254 2196 1420 2240 cadens
1441 2199 1490 2239 in
1515 2201 1689 2240 terram
1708 2201 1934 2242 mortuum

51 2255 207 2310 suerit,
229 2256 379 2310 ipsum
398 2254 540 2298 solum
564 2259 720 2299 manet
731 2269 751 2312 ς
771 2258 813 2298 si
834 2258 987 2299 autem
1006 2260 1231 2300 mortuum
1249 2260 1402 2313 fuerit,
1429 2257 1622 2301 multum
1640 2259 1837 2312 fructum
1859 2263 1933 2316 af-

53 2316 174 2367 fert.-
194 2313 276 2359 ubi
295 2315 406 2360 dicit
439 2316 728 2372 Augustinus
750 2318 902 2371 (tract.
922 2320 973 2362 51
1006 2317 1055 2361 in
1075 2320 1203 2363 Joan.
1228 2319 1338 2363 circ.
1365 2319 1520 2379 med),
1541 2319 1669 2376 qudd
1689 2337 1710 2358 «
1726 2321 1933 2378 seipsum

53 2387 250 2434 granum
272 2376 468 2422 dicebat.
490 2391 513 2419 >³
538 2378 632 2422 Nisi
665 2389 777 2434 ergo
795 2384 992 2423 mortem
1014 2392 1183 2435 passus
1215 2386 1353 2436 esset,
1390 2381 1522 2425 aliter
1542 2381 1745 2425 fructum
1764 2387 1933 2427 nostrae

52 2435 339 2483 liberationis
355 2451 451 2484 non
466 2439 668 2484 fecisset.

106 2500 148 2543 2.
170 2500 392 2545 Praeterea
413 2501 579 2554 (Matth.
603 2514 719 2555 xxvi,
737 2504 828 2559 42),
845 2503 1067 2548 Dominus
1085 2503 1196 2549 dicit
1214 2504 1274 2548 ad
1291 2506 1471 2548 Patrem
1492 2519 1505 2547 ε
1527 2508 1668 2547 Pater
1689 2508 1769 2560 mi,
1789 2508 1932 2549 sinon

51 2562 196 2616 potest
216 2560 291 2605 hic
312 2562 440 2605 calix
457 2564 672 2617 transire,
691 2564 781 2605 uisi
803 2563 950 2606 bibam
972 2564 1120 2620 illum,
1155 2566 1241 2619 liat
1255 2565 1469 2609 voluutas
1491 2569 1585 2608 tua.
1607 2565 1828 2621 Loquitur
1849 2579 1932 2612 au·

52 2625 148 2666 tem
173 2621 318 2668 ibide
338 2623 480 2668 calice
512 2623 761 2680 passionis,
799 2627 918 2681 Ergo
950 2627 1107 2682 passio
1142 2627 1306 2671 Christi
1339 2626 1562 2683 praeteriri
1596 2639 1692 2671 non
1722 2631 1929 2685 poterat3

53 2682 179 2728 unde
198 2688 245 2728 et
260 2684 458 2729 Hilarius
479 2684 592 2729 dicit
605 2687 724 2743 (cap.
746 2689 796 2732 31
827 2686 878 2732 in
901 2688 1053 2732 Matth.
1073 2688 1133 2733 ad
1152 2688 1252 2742 fin.)
1272 2703 1281 2731 z
1313 2705 1333 2726 «
1353 2687 1457 2733 ldeo
1475 2687 1596 2731 calix
1617 2688 1814 2733 transire
1835 2700 1930 2733 non

53 2746 222 2800 potest,
251 2745 342 2789 nisi
364 2745 495 2790 illum
532 2745 676 2803 bibat,
714 2747 824 2803 quia
852 2748 1058 2804 reparari
1090 2749 1182 2792 nisi
1218 2761 1277 2792 ex
1304 2748 1407 2806 ejus
1438 2749 1655 2806 passione
1694 2761 1789 2793 non
1820 2761 1931 2807 pos-

55 2815 233 2849 SUmUS.
257 2823 277 2844 ι»

109 2868 152 2910 3.
181 2868 416 2920 Praeterea,
431 2867 610 2923 justitia
631 2870 710 2914 Dei
729 2871 943 2926 exigebat
960 2877 1014 2915 ut
1031 2872 1170 2915 homo
1192 2870 1220 2914 a
1238 2876 1428 2927 peccato
1449 2871 1735 2929 liberaretur,
1752 2873 1931 2918 Christo

55 2938 139 2983 per
155 2927 417 2983 passionem
435 2928 760 2975 satisfaciente.
784 2931 871 2976 Sed
890 2933 1097 2977 Christus
1119 2944 1254 2976 suam
1270 2931 1500 2989 justitiam
1523 2945 1618 2976 non
1636 2938 1788 2988 potest
1809 2946 1929 2990 prae-

56 2988 192 3033 terire
210 3001 223 3032 ε
242 2988 408 3033 dicitur
425 2989 550 3033 enim
568 2992 635 3045 (ΙΙ.
647 2991 708 3036 ad
723 2993 916 3038 Timoth.
933 3008 980 3050 11,
1001 2996 1072 3049 13)
1090 3009 1100 3037 :
1120 2997 1169 3038 Si
1192 3007 1279 3037 non
1297 2995 1539 3047 credimus,
1561 2994 1640 3037 ille
1656 2994 1805 3049 fidelis
1822 3009 1931 3052 per-

55 3054 223 3103 manet,
255 3063 422 3107 neqare
445 3054 638 3108 seipsum
669 3066 758 3096 non
778 3059 940 3111 potest.
983 3056 1193 3112 seipsum
1215 3059 1372 3100 autem
1400 3060 1607 3114 negaret,
1632 3056 1672 3100 si
1704 3056 1929 3113 ⁸iustitiam

56 3124 190 3157 suam
206 3118 410 3169 negaret,
430 3113 654 3170 cumipse
674 3114 734 3159 sit
750 3114 946 3171 Justitia.
964 3120 1084 3174 Ergo
1099 3117 1282 3161 videtur
1301 3116 1425 3172 quod
1441 3129 1535 3162 non
1554 3118 1694 3162 fuerit
1709 3119 1930 3175 possibile

56 3173 147 3218 alio
166 3173 306 3218 modo
325 3173 562 3218 hominem
584 3174 770 3220 liberari
790 3177 931 3233 quam
949 3191 1033 3233 per
1047 3178 1313 3235 passionem
1331 3178 1514 3223 Christi.

109 3237 153 3278 4.
183 3236 420 3289 Praeterea,
445 3234 552 3279 fidei
574 3248 670 3280 non
691 3242 844 3293 potest
867 3238 1061 3283 subesse
1079 3239 1264 3283 falsum.
1289 3239 1375 3284 Sed
1397 3239 1576 3296 antiqui
1598 3242 1755 3285 Patres
1778 3242 1929 3287 credi-

55 3295 224 3341 derunt
244 3296 472 3340 Christum
494 3309 758 3352 passurum.
795 3300 912 3354 Ergo
932 3299 1114 3344 videtur
1150 3299 1276 3357 quod
1310 3312 1405 3344 non
1440 3301 1645 3358 potuerit
1676 3313 1781 3346 esse
1815 3302 1925 3359 quin

57 3357 261 3402 Christus
281 3360 531 3413 pateretur.

95 3438 140 3478 (1)
154 3440 226 3480 Qua
239 3438 280 3473 de
296 3451 334 3474 re
346 3444 414 3476 jam
430 3439 555 3473 dietum
573 3440 797 3480 cst(quaest.1,
818 3444 883 3472 art.
900 3439 941 3475 2).
