2170 3808
602 231 608 238 ·
653 213 851 265 QUAEST.
880 213 999 267 XLII,
1029 213 1146 255 ART.
1177 213 1212 254 11
1240 213 1303 254 ET
1329 213 1397 255 111.
1886 215 1963 258 351

88 307 398 353 rumcumque
414 293 721 352 singularium
741 294 983 339 hominum
1002 294 1075 348 (1).
1099 296 1154 337 Et
1172 292 1276 339 ideo
1296 292 1484 350 quando
1509 292 1651 350 aliqui
1671 294 1757 338 sua
1778 305 1968 349 perver-

91 355 226 403 sitate
244 357 550 402 multitudinis
571 356 768 400 salutem
798 356 1072 412 impediunt,
1099 367 1193 398 non
1217 359 1288 400 est
1309 355 1516 400 timenda
1535 367 1695 400 eorum
1720 354 1912 399 offensio
1939 354 1967 400 ἑ

84 419 387 476 praedicatore
405 419 479 464 vel
498 419 701 474 doctore,
718 418 776 463 ad
799 419 887 462 hoc
906 417 1031 474 quod
1049 417 1356 461 multitudinis
1375 417 1510 462 saluti
1529 418 1780 475 provideat.
1800 416 1968 462 Scribae

91 480 270 535 autem5
282 485 326 526 et
338 479 564 537 pharisaei,
583 483 629 524 et
645 479 878 536 principes
898 479 1162 524 Judaeorum
1178 479 1263 522 sua
1277 478 1452 522 malitia
1476 479 1724 536 plurimum
1743 477 1966 535 impedie-

90 540 204 588 bant
225 543 381 600 populi
401 543 614 597 salutem,
639 548 736 586 tum
770 543 876 599 quia
908 541 1232 597 repugnabant
1253 541 1415 585 Christi
1449 541 1686 600 doctrinae,
1719 554 1799 598 per
1825 552 1967 598 quam

91 604 237 648 solam
258 609 560 662 poterat‘esse
575 603 719 658 salus,
739 609 835 647 tum
855 603 994 648 etiam
1015 603 1124 659 quia
1144 601 1298 659 pravis
1313 602 1410 646 suis
1424 603 1633 647 moribus
1649 603 1788 647 vitam
1809 602 1966 660 populi

90 666 462 723 corrumpebant.
488 668 541 710 Et
560 666 662 710 ideo
684 666 923 720 Dominus,
949 677 1042 709 non
1066 665 1282 708 obstante
1302 664 1558 709 offensione
1580 677 1758 720 eorum,
1783 664 1967 721 publice

90 726 327 772 veritatem
345 726 562 784 docebat‚f
572 740 713 784 quam
729 728 793 771 illi
810 727 1019 780 oderant,
1036 732 1080 771 et
1096 738 1256 770 eorum
1275 726 1387 771 vitia
1402 727 1640 783 arguebat.
1658 729 1710 770 Et
1731 727 1835 771 ideo
1854 727 1966 772 dici-

92 791 167 832 tur
196 790 360 842 (Matth.
387 802 457 845 xv,
482 792 551 842 12)
572 789 695 845 quod
733 789 971 845 discipulis
995 788 1187 832 Domino
1210 787 1471 833 dicentibus
1495 803 1507 831 ε
1538 792 1635 833 Scis
1666 791 1771 845 quia
1802 789 1964 841 Judaei,

90 849 248 893 audito
269 851 354 894 Ιιοι·
370 850 500 893 verbo
522 852 596 905 (2),
621 850 932 894 scandalizati
954 850 1091 893 sunt?
1117 850 1356 907 respondit
1377 863 1391 895 :
1414 852 1558 894 Sinite
1579 850 1680 892 illos
1699 881 1710 898 ,
1734 852 1841 893 caeci
1860 854 1967 894 sunt

90 911 306 968 ducesque
322 913 542 957 'caecorum
565 928 582 954 .·
603 926 741 957 caecus
760 917 911 956 autem
929 916 972 957 si
992 925 1106 956 caeco
1126 913 1342 956 ducatum
1358 916 1558 970 praestet,
1578 913 1708 956 ambo
1726 915 1774 955 in
1791 914 1966 966 foveam

90 973 273 1017 eadunt.

143 1034 210 1079 Ad
227 1039 423 1092 primum
450 1047 559 1090 ergo
582 1035 848 1092 dicendum,
870 1034 994 1092 quod
1023 1036 1164 1079 homo
1185 1035 1253 1080 sic
1280 1034 1416 1080 debet
1444 1047 1548 1081 esse
1578 1036 1681 1081 sine
1709 1035 1967 1082 offensione

89 1095 320 1151 omnibus,
342 1102 395 1141 ut
418 1097 531 1141 nulli
555 1096 633 1141 det
655 1109 742 1142 suo
763 1098 884 1142 facto
903 1097 975 1142 vel
995 1096 1119 1141 dicto
1142 1096 1297 1141 minus
1322 1102 1450 1142 recto
1477 1098 1769 1143 occasionem
1792 1098 1963 1155 ruinaet,

88 1156 171 1201 sed
196 1174 215 1195 ει
237 1161 343 1202 cum
365 1159 424 1203 de
443 1159 636 1203 veritate
658 1159 934 1204 scandalum
949 1159 1110 1215 oritur,
1134 1159 1284 1214 magis
1309 1165 1381 1204 est
1402 1159 1731 1204 sustinendum
1765 1160 1967 1206 scanda-

86 1215 200 1274 lum,
225 1220 364 1275 quam
389 1220 558 1265 veritas
578 1220 866 1278 relinquatur
885 1224 962 1276 (3),
983 1238 1009 1258 »ιἸ
1025 1224 1079 1264 ut
1101 1221 1345 1275 Gregorius
1367 1220 1479 1266 dicit
1491 1222 1632 1276 (hom.
1650 1235 1707 1266 vu
1734 1221 1783 1266 in
1803 1223 1965 1268 Ezech-

86 1278 307 1335 aliquant.
334 1281 362 1324 a
383 1281 564 1337 princ.)

137 1339 204 1384 Ad
222 1344 463 1387 secundum
486 1342 750 1400 dicendum,
781 1343 906 1400 quod
926 1356 1009 1400 per
1028 1344 1117 1388 hoc
1134 1344 1259 1400 quod
1284 1344 1491 1389 Christus
1514 1344 1698 1400 publice
1720 1344 1898 1390 scribas
1919 1349 1966 1390 et

85 1401 332 1457 pharisaeos
351 1404 589 1461 arguebat,
608 1417 701 1449 non
721 1405 973 1462 impedivit,
995 1406 1077 1451 sed
1095 1406 1243 1462 magis
1262 1406 1491 1461 promovit
1509 1405 1724 1451 effectum
1742 1419 1840 1451 suae
1855 1407 1966 1452 doc-

85 1463 237 1521 tri'naeg
261 1466 368 1522 quia
388 1469 493 1510 curn
515 1478 676 1512 eorum
701 1467 812 1511 vitia
833 1468 1005 1525 populo
1028 1468 1396 1526 innotescebant,
1425 1469 1583 1513 minus
1613 1469 1908 1513 avertebatur
1938 1470 1966 1515 a

83 1524 257 1570 Christo
291 1533 479 1584 propter
501 1529 641 1572 verba
673 1529 929 1574 scribarum
959 1534 1004 1574 et
1022 1529 1373 1588 pharisaeorum‚
1411 1529 1491 1587 qui
1525 1542 1710 1587 semper
1748 1530 1966 1576 doctrinae

86 1586 245 1631 Christi
265 1588 569 1634 obsistebant.

141 1648 207 1693 Ad·
227 1653 408 1693 tertium
431 1651 695 1708 dicendum,
716 1652 842 1709 quod
862 1652 975 1697 illud
997 1653 1192 1698 verbum
1217 1654 1420 1710 Apostoli
1440 1659 1510 1698 est
1538 1654 1891 1710 intelligendum
1908 1654 1966 1701 de

85 1706 174 1752 illis
191 1711 450 1756 senioribus
461 1716 519 1766 (4)
540 1713 619 1769 qui
639 1726 730 1758 non
746 1714 897 1759 solum
914 1719 1046 1760 aetate
1065 1716 1139 1760 vel
1159 1715 1447 1772 auctoritate,
1467 1715 1548 1759 sed
1564 1716 1701 1760 etiam
1725 1716 1968 1762 honestate

82 1775 196 1814 sunt
218 1783 370 1828 senes,
404 1775 663 1818 secundum
699 1775 812 1820 illud
842 1778 991 1830 (Num.
1023 1790 1080 1832 xi,
1117 1780 1184 1831 16)
1212 1791 1225 1821 :
1258 1779 1495 1834 Conqreqa
1527 1778 1640 1820 mihi
1675 1780 1965 1835 septuaginta

42 1882 60 1890 X
84 1833 219 1888 viros,
248 1835 304 1877 de
323 1837 568 1878 senioribus
591 1838 753 1893 Israel,
783 1851 888 1893 quos
912 1841 959 1881 tu
979 1841 1112 1895 nosti,
1140 1840 1258 1894 qudd
1278 1852 1403 1882 senes
1426 1840 1585 1896 populi
1606 1842 1713 1883 sint.
1740 1839 1783 1883 Si
1809 1845 1964 1885 autem

84 1894 397 1940 auctoritatem
412 1898 665 1941 senectutis
679 1898 725 1941 in
744 1899 1100 1943 instrumentum
1114 1900 1301 1945 malitiae
1315 1905 1498 1944 vertant
1513 1900 1695 1957 publice
1708 1902 1962 1959 peccando,

84 1959 193 1997 sunt
222 1957 464 2000 manifeste
497 1961 540 2001 et
566 1958 732 2002 acriter
753 1960 979 2015 arguendi
1013 1974 1028 2006 ε
1058 1961 1180 2005 sicut
1198 1965 1246 2006 et
1265 1961 1422 2006 Daniel
1443 1961 1558 2006 dixit
1578 1965 1707 2016 (Dan.
1741 1976 1831 2019 xm,
1854 1964 1925 2018 52)
1949 1978 1962 2008 z

84 2017 337 2060 Inveterate
358 2019 533 2061 dierum
552 2020 794 2077 malorum,
823 2027 912 2065 etc.

191 2080 536 2124 ARTICULUS
555 2084 638 2125 111.
656 2106 713 2114 —-
735 2096 875 2126 urium
895 2096 1088 2127 cnmsrus
1111 2097 1239 2128 onam
1261 2089 1430 2127 posuer.
1449 2097 1611 2128 nocane
1633 2098 1851 2130 canuntur.

724 2150 772 2184 De
797 2151 962 2186 hisatium
979 2153 1104 2195 Opusc.
1122 2161 1179 2194 Lx,
1199 2164 1271 2193 cap.
1287 2152 1341 2187 Μ.

136 2199 200 2244 Ad
227 2200 411 2245 tertium
436 2202 503 2246 sic
520 2203 798 2259 proceditur.
821 2208 862 2249 1.
884 2205 1072 2250 Videtur
1092 2206 1218 2263 quod
1241 2207 1447 2251 Christus
1471 2219 1563 2250 non
1591 2207 1746 2251 omnia
1777 2207 1964 2264 publice

83 2258 247 2305 docere
261 2261 485 2306 debuerit.
502 2264 685 2320 Legitur
702 2266 824 2310 enim
840 2267 985 2311 multa
1007 2268 1217 2312 seorsum
1234 2267 1472 2325 discipulis
1493 2267 1683 2326 dixisse,
1703 2268 1824 2313 sicut
1840 2274 1964 2326 patet

83 2319 131 2364 in
153 2333 366 2368 sermone
387 2337 534 2369 coenae
562 2329 638 2382 (5),
665 2328 790 2372 unde
813 2332 859 2373 et
876 2329 1045 2380 (Matth.
1066 2344 1108 2386 x,
1132 2334 1202 2384 27)
1226 2330 1339 2375 dixit
1363 2344 1382 2375 εΔ
1403 2332 1537 2387 Quod
1552 2333 1600 2374 in
1629 2344 1740 2374 aure
1772 2332 1962 2376 audistis

83 2385 131 2425 in
151 2385 385 2441 cubilibus,
406 2390 731 2442 praedicabitur
751 2393 799 2433 in
823 2395 966 2435 tectis.
989 2394 1085 2435 Non
1110 2405 1219 2448 ergo
1242 2393 1398 2436 omnia
1418 2393 1603 2450 publice
1622 2393 1794 2438 docuit.

137 2447 178 2488 2.
199 2448 436 2504 Praeterea,
456 2450 685 2506 profunda
707 2453 945 2509 sapientiae
965 2467 1055 2497 non
1087 2460 1199 2498 sunt
1222 2455 1310 2499 nisi
1335 2455 1550 2511 perfectis
1569 2455 1863 2513 exponenda,
1882 2468 1962 2502 se-

82 2506 285 2551 cundum
309 2509 422 2554 illud·
450 2513 499 2563 (1.
520 2513 719 2557 Corinth.
753 2528 798 2569 ιι,
830 2518 871 2569 6)
891 2530 902 2557 :
926 2519 1207 2571 Sapientiam
1231 2518 1456 2572 loquimur
1477 2521 1595 2560 inter
1615 2521 1852 2573 perfectos.
1873 2518 1962 2564 Sed

82 2567 288 2612 doctrina
319 2571 479 2615 Christi
513 2575 776 2620 continebat
811 2578 1220 2633 profundissimam
1259 2579 1551 2634 sapientiam.
1584 2581 1681 2623 Non
1717 2591 1829 2636 ergo
1863 2585 1962 2625 erat

82 2625 363 2683 imperfectae
381 2633 664 2679 multitudini
697 2639 1098 2683 communicanda.
1945 2675 1948 2677 -

137 2689 178 2732 3.
201 2691 437 2747 Praeterea,
450 2693 570 2739 idem
593 2702 665 2740 est
685 2699 925 2744 veritatem
942 2700 1145 2756 aliquam
1160 2700 1394 2744 occultare
1409 2700 1595 2744 silentio
1612 2706 1658 2744 et
1679 2701 1962 2747 obscuritate

86 2749 342 2819 verborum.
380 2755 466 2799 Sed
499 2756 703 2802 Christus
733 2762 989 2815 veritatem,
1021 2774 1161 2817 quam
1195 2760 1491 2818 praedicabat,
1521 2762 1782 2806 occultabat
1812 2763 1960 2809 turbis

83 2808 362 2856 obscuritate
381 2815 642 2872 verborum,
664 2820 771 2875 quia
789 2825 882 2864 sine
899 2823 1136 2878 parabolis
1154 2836 1242 2864 non
1261 2822 1522 2876 loquebatur
1538 2824 1603 2865 ad
1617 2836 1706 2879 eos,
1727 2828 1779 2868 ut
1793 2824 1960 2869 dicitur

84 2871 250 2924 (Matth.
274 2885 364 2928 ιιιι,
386 2876 470 2927 34).
492 2878 606 2933 Ergo
631 2879 726 2934 pari
750 2882 926 2927 ratione
948 2887 1126 2939 poterat
1149 2883 1382 2926 occultare
1405 2882 1603 2927 silentio.

81 2931 226 3034 πίῗῗιᾱ
257 2936 415 2976 contra
434 2940 506 2979 est
522 2939 644 2993 quod
664 2939 763 2995 ipse
793 2942 903 2987 dicit
936 2946 1078 2998 (Joan.
1117 2957 1235 2997 xvm,
1266 2945 1338 2997 20)
1364 2957 1374 2987 :
1399 2947 1453 2986 In
1471 2945 1644 2988 occulto
1665 2945 1840 2990 locutus
1860 2960 1960 2992 sum

122 3099 166 3143 (i)
182 3101 279 3143 Quod
291 3102 439 3137 etiamin
450 3103 624 3146 republica
637 3110 858 3145 necessarimn
867 3114 975 3154 quoad
1059 3113 1156 3149 cedit
1179 3113 1223 3149 de
1241 3123 1326 3154 oro,
1351 3114 1418 3148 hoc
1449 3114 1674 3157 coinquinat*
1692 3117 1896 3160 hominem,
1918 3123 1959 3155 ut

82 3147 222 3203 salutem
245 3150 461 3190 temporalem
493 3153 689 3188 Aristoteles
713 3155 862 3193 insinuat
889 3160 973 3201 tPol.
1058 3172 1143 3195 vers.
1162 3161 1196 3194 Η
1220 3160 1381 3194 refertur.

81 3194 142 3229 hb.
158 3203 193 3237 v,
209 3207 279 3237 cap.
299 3197 345 3239 8),
361 3205 395 3233 et
410 3198 445 3234 in
465 3200 657 3235 civitatibus
675 3203 795 3243 passim
815 3205 974 3242 observa-
1074 3207 1077 3210 ’
1100 3210 1142 3249 (5)
1157 3209 1206 3242 Cf.
1224 3209 1311 3250 quod
1328 3209 1458 3243 dictum
1473 3213 1521 3244 est
1536 3209 1753 3254 descandalo,
1767 3212 1827 3255 22,
1837 3217 1957 3255 quoest.

81 3247 139 3278 tut
158 3255 166 3277 :
186 3246 310 3285 quante>
332 3247 436 3288 magis
463 3249 571 3289 quoad
596 3249 736 3285 salutem
764 3252 971 3292 spiritualem
1057 3265 1179 3296 xxxin,
1192 3262 1256 3290 art.
1272 3258 1304 3298 6,
1322 3261 1357 3291 et
1375 3262 1490 3298 quaest.
1507 3266 1604 3299 unt,
1620 3265 1683 3293 art.
1698 3261 1731 3294 7.

81 3294 114 3326 et
130 3294 318 3348 eternam?
345 3341 353 3348 .
1099 3303 1143 3346 (4)
1176 3304 1217 3336 Et
1244 3303 1284 3337 de
1304 3305 1574 3345 correptionibus
1601 3308 1856 3348 communibus.
1887 3320 1955 3344 non

121 3338 163 3380 Q
179 3339 253 3381 Quo
270 3352 432 3395 tumn-um
449 3343 625 3379 dixerant:
644 3345 728 3380 Νοπ
743 3347 838 3390 quod
854 3349 972 3383 intrat
1057 3352 1134 3385 vere
1154 3351 1193 3386 de
1208 3352 1250 3386 iis
1260 3364 1332 3394 quae
1349 3353 1436 3387 fiunt
1451 3353 1494 3387 ob
1513 3355 1706 3394 gravissima
1723 3356 1860 3390 scelera.

81 3386 122 3420 in
136 3395 197 3427 οε,
220 3391 437 3431 comqutaat
463 3391 662 3434 hominem,
685 3393 751 3428 sed·
772 3396 868 3437 quod
886 3405 971 3438 pro-
1097 3399 1139 3440 (5)
1158 3399 1265 3441 Quem
1291 3401 1435 3436 loannes
1455 3406 1522 3436 tam
1550 3402 1727 3440 insigniter
1747 3404 1766 3437 ὲ
1793 3415 1865 3445 cap.
1891 3411 1954 3439 xm

1055 3457 1158 3489 usque
1172 3447 1213 3482 ad
1224 3459 1297 3490 cap.
1313 3457 1386 3484 xvu
1399 3449 1559 3485 inclusive
1572 3450 1732 3486 describit
1743 3462 1781 3486 ac
1793 3455 1958 3488 recenset.
