2170 3808
682 215 882 267 QUAEST.
911 215 1091 271 XXXIV,
1116 215 1234 257 ART.
1263 213 1315 257 11.
1855 211 1933 253 281

50 298 175 356 quod
203 298 253 343 in
293 297 441 355 primo
469 294 661 340 instanti
690 307 788 339 suae
817 293 1133 352 conceptionis
1162 294 1367 339 Christus
1398 291 1611 337 habuerit
1634 302 1775 336 usum
1805 289 1938 334 liberi

50 360 241 405 arbitrii.
1152 368 1156 372 ’

102 425 145 468 3.
166 425 406 477 Praeterea,
443 419 642 464 liberum
661 418 902 463 arbitrium
920 422 994 464 est
1013 417 1211 462 facultas
1233 414 1488 460 voluntatis
1505 418 1552 460 et
1572 414 1784 470 rationis,
1811 416 1866 458 ut
1888 412 1934 457 in

49 483 198 540 prima
221 486 352 540 parte
369 481 582 526 habitum
599 484 672 524 est
690 482 873 537 (quaest.
893 492 1065 536 Lxxxm,
1091 482 1178 522 art.
1202 478 1272 534 3),
1296 480 1344 522 et
1371 476 1436 521 ita
1455 489 1572 525 usus
1599 475 1735 521 liberi
1760 473 1938 521 arbitrii

48 548 121 589 est
140 548 273 589 actus
286 541 540 594 voluntatis
562 543 609 585 et
627 540 836 597 rationiS,
857 541 955 586 sive
972 539 1252 584 intellectus.
1279 537 1367 583 Sed
1387 541 1520 582 actus
1533 537 1798 582 intellectus
1814 549 1938 594 prae·

48 604 270 664 supponit
291 607 445 648 actum
472 605 659 658 sensuS,
678 602 759 659 qui
779 613 884 647 esse
902 614 998 646 non
1016 604 1169 657 potest
1184 600 1285 644 sine
1301 597 1625 643 convenientia
1639 610 1938 655 organorum,

49 678 154 723 quae
176 679 270 711 non
289 664 507 710 videntur
529 663 676 708 fuisse
694 664 743 707 in
765 663 916 721 primo
931 662 1123 707 instanti
1147 658 1463 718 conceptionis
1475 658 1655 703 Christi.
1672 661 1791 716 Ergo
1811 659 1939 705 vide-

51 731 126 772 tur
148 726 274 785 quod
291 725 499 779 Christus
525 737 623 770 non
647 724 850 781 potuerit
871 723 1044 770 habere
1061 735 1202 768 usum
1224 721 1355 767 liberi
1388 720 1564 766 arbitrii
1587 719 1635 764 in
1664 721 1811 777 primo
1839 720 1938 766 ins-

50 788 167 834 tanti
191 799 289 834 suae
302 785 640 843 conceptionis.

68 886 70 888 .
105 848 192 894 Sed
213 852 372 893 contra
391 853 462 892 est
483 847 611 905 quod
630 848 920 904 Augustinus
939 846 1049 892 dicit
1065 847 1127 899 (in
1146 845 1229 890 lib.
1244 848 1305 890 De
1322 843 1562 901 Trinitate3
1580 843 1627 889 id
1645 842 1785 888 habet
1803 843 1936 899 Greg.

51 910 95 953 in
110 911 336 966 Registro‚
349 909 468 954 libro
484 924 543 966 1x,
561 909 757 966 epistola
770 912 817 954 61
830 941 843 966 ,
862 909 891 953 a
905 908 1046 962 med.)
1067 922 1078 950 ε
1100 925 1120 946 «
1138 910 1237 952 Mox
1247 911 1302 951 ut
1314 905 1515 950 Verbum
1525 905 1656 950 venit
1670 905 1719 949 in
1734 909 1936 960 uterum,

51 974 233 1017 servata
243 972 438 1017 veritate
460 972 660 1029 propriae
684 975 878 1025 naturae,
906 970 1080 1015 factum
1099 973 1171 1015 est
1188 981 1296 1013 caro
1314 972 1361 1012 et
1377 968 1611 1025 perfectus
1631 968 1818 1012 homo.»
1851 966 1940 1025 Sed·

50 1034 280 1089 perfectus
298 1034 438 1078 homo
458 1033 599 1077 habet
617 1044 758 1078 usum
777 1032 912 1078 liberi
935 1031 1125 1076 arbitrii.
1155 1034 1273 1087 Ergo
1305 1029 1514 1075 Christus
1534 1029 1697 1074 habuit
1717 1028 1767 1073 in
1787 1027 1938 1085 primo

50 1094 241 1140 instanti
257 1107 355 1140 suae
380 1094 697 1151 conceptionis
715 1106 856 1139 usum
876 1093 1009 1138 liberi
1024 1092 1215 1136 arbitrii.

97 1169 387 1209 CONCLUSIO.
414 1191 464 1199 —
485 1169 591 1209 Cdm
618 1166 806 1209 Christus
827 1167 872 1206 in
895 1167 1025 1217 primo
1049 1165 1225 1205 instanti
1246 1176 1331 1205 suae
1352 1165 1628 1215 conceptionis
1649 1165 1772 1204 fuerit
1789 1176 1936 1205 secun-

50 1221 151 1262 dum
171 1224 356 1263 animam
379 1223 591 1275 perfectus,
613 1221 658 1261 in
675 1221 815 1262 eodem
829 1232 993 1273 quoque
1008 1220 1185 1260 instanti
1202 1218 1347 1259 habuit
1365 1230 1493 1259 usum
1510 1219 1628 1259 liberi
1645 1219 1817 1259 arbitrii.

103 1293 374 1349 Respondeo
400 1291 651 1337 dicendum
667 1290 808 1348 quod,
830 1290 951 1335 sic-ut
968 1303 1111 1347 supra
1131 1290 1308 1334 dictum
1322 1294 1393 1334 est
1410 1291 1593 1345 (quaest.
1612 1303 1686 1345 vn,
1703 1294 1787 1334 art.
1803 1292 1874 1341 42,
1892 1294 1937 1335 et

51 1358 215 1410 quaest.
240 1367 328 1411 xix,
368 1357 453 1398 art.
477 1356 522 1405 3,
556 1358 609 1398 et·
624 1357 790 1410 quaest.
819 1366 967 1408 xxxin,
994 1356 1079 1397 art.
1106 1354 1134 1397 3
1161 1351 1221 1396 ad
1246 1354 1305 1408 3),
1329 1351 1547 1396 humanae
1570 1356 1766 1408 naturae,
1796 1364 1938 1408 quam

50 1414 255 1460 Christus
270 1414 541 1471 assumpsit,
564 1414 782 1459 convenit
799 1413 1052 1470 spiritualis
1067 1413 1308 1470 perfectio,
1334 1413 1383 1456 in
1399 1425 1493 1470 qua
1510 1425 1606 1457 non
1622 1412 1832 1469 profecit,
1855 1413 1939 1458 sed

50 1489 152 1522 eam
171 1476 330 1522 statim
350 1477 378 1520 a
395 1476 623 1533 principio
640 1475 818 1521 habuit.
838 1475 1062 1520 Perfectio
1084 1480 1242 1520 autem
1264 1475 1430 1520 ultima
1451 1487 1547 1520 non
1568 1475 1839 1520 consistitin
1855 1487 1938 1531 po-

51 1538 193 1582 tentia
207 1537 283 1582 vel
302 1538 351 1582 in
372 1538 550 1594 habitu,
574 1536 718 1582 sedin
743 1537 1025 1594 operatione.
1053 1537 1179 1582 Unde
1200 1539 1278 1591 (De
1298 1537 1473 1592 anima,
1492 1536 1575 1581 lib.
1591 1550 1638 1595 11,
1656 1541 1771 1581 text.
1791 1540 1834 1590 5)
1872 1537 1939 1582 di-

52 1600 169 1643 eitur
186 1599 314 1656 quod
343 1599 549 1657 operatio
582 1603 654 1645 est
685 1603 818 1645 actus
849 1599 1088 1644 secundus
1119 1601 1195 1654 (1).
1228 1601 1283 1643 Et
1309 1598 1415 1643 ideo
1438 1598 1687 1643 dicendum
1711 1602 1784 1642 est
1813 1598 1939 1655 quod

53 1661 256 1706 Christus
291 1661 342 1705 in
370 1661 520 1718 primo
550 1660 744 1706 instanti
779 1672 878 1706 suae
919 1660 1239 1717 conceptionis
1271 1660 1434 1705 habuit
1464 1660 1592 1704 illam
1622 1660 1938 1716 operationem

53 1723 218 1766 animae
239 1735 347 1779 quae
368 1727 521 1779 potest
539 1723 589 1768 in
616 1723 809 1767 instanti
829 1723 1005 1767 haberi.
1036 1722 1156 1767 Talis
1185 1728 1340 1767 autem
1364 1727 1434 1767 est
1465 1722 1670 1779 operatio
1688 1722 1937 1766 voluntatis

53 1787 99 1827 et
117 1783 402 1837 intellectus,
420 1784 470 1827 in
489 1796 583 1840 qua
601 1784 813 1828 consistit
831 1796 950 1829 usus
975 1783 1107 1829 liberi
1133 1783 1325 1829 arbitrii.
1360 1783 1518 1829 Subito
1543 1784 1668 1828 enim
1692 1787 1738 1828 et
1761 1782 1809 1826 in
1836 1783 1937 1827 ins-

55 1844 166 1888 tanti
189 1844 427 1900 perficitur
448 1845 655 1902 operatio
680 1845 944 1891 intellectus
964 1852 1010 1890 ct
1031 1846 1284 1890 voluntatis
1302 1845 1452 1901 magis
1472 1844 1614 1901 quam
1636 1844 1754 1889 visio
1776 1857 1937 1901 corpo-

52 1905 185 1959 ralis3
210 1906 267 1951 eo
301 1906 427 1962 quod
448 1906 730 1964 intelligere,
753 1908 873 1952 velle
905 1911 952 1952 et
980 1908 1155 1952 sentire
1183 1919 1279 1951 non
1307 1911 1380 1951 est
1410 1912 1566 1951 motus
1597 1907 1678 1963 qui
1712 1906 1774 1951 sit
1807 1912 1938 1951 actus

52 1967 311 2024 imperfecti
329 1967 472 2023 (quod
488 1968 754 2013 successive
769 1967 1038 2025 perficitur),
1059 1968 1143 2013 sed
1169 1972 1240 2013 est
1259 1973 1392 2012 actus
1406 1967 1506 2024 jam
1524 1968 1730 2024 perfecti,
1753 1973 1807 2012 ut
1828 1969 1938 2013 dici-

54 2033 129 2073 tur
148 2031 228 2083 (De
257 2029 428 2085 anima,
448 2028 530 2078 lib.
555 2044 618 2087 111,
641 2034 752 2075 text.
779 2032 868 2084 28).
906 2032 960 2074 Et
994 2030 1096 2075 ideo
1125 2030 1375 2075 dicendum
1404 2036 1476 2075 est
1502 2030 1630 2086 quod
1656 2029 1861 2075 Christus
1891 2030 1939 2074 in

55 2090 201 2146 primo
218 2090 410 2134 instanti
431 2102 530 2135 suae
550 2091 867 2148 conceptionis
889 2091 1052 2136 habuit
1071 2104 1213 2135 usum
1234 2091 1365 2136 liberi
1388 2091 1579 2136 arbitrii.

106 2151 173 2196 Ad
189 2154 390 2209 primum
407 2163 519 2207 ergo
534 2151 794 2211 dicendum,
811 2152 936 2208 quod
954 2165 1058 2197 esse
1073 2157 1145 2197 est
1163 2153 1292 2208 prius
1309 2155 1472 2196 natura
1495 2151 1633 2209 quam
1654 2163 1794 2208 agere
1814 2167 1825 2196 ε
1844 2164 1939 2196 non

57 2217 209 2258 tamen
229 2218 299 2258 est
316 2213 446 2269 prius
466 2219 672 2270 tempore
683 2235 695 2270 ;
716 2214 799 2259 sed
814 2214 953 2259 simul
975 2215 1082 2258 cum
1101 2226 1247 2270 agens
1279 2214 1420 2259 habet
1446 2226 1551 2259 esse
1570 2214 1842 2271 perfectum,
1867 2214 1940 2258 in-

55 2274 164 2330 cipit
185 2286 350 2331 agere,
373 2274 463 2319 nisi
496 2275 557 2319 sit
577 2275 755 2332 aliquid
781 2276 1041 2333 impediens
1064 2290 1075 2318 :
1101 2276 1222 2321 sicut
1243 2276 1366 2332 ignis
1395 2275 1533 2320 simul
1551 2276 1664 2320 dum
1692 2281 1941 2333 generatur

55 2336 214 2394 incipit
231 2334 483 2381 calefacere
501 2341 547 2381 et
565 2336 861 2382 illuminare:
886 2337 970 2382 sed
986 2338 1225 2382 calefactio
1247 2350 1341 2381 non
1359 2337 1630 2382 terminatur
1648 2338 1698 2381 in
1728 2338 1937 2394 instanti,

54 2398 134 2442 sed
155 2410 236 2455 per
266 2398 488 2454 temporis
510 2399 877 2455 successionem,
912 2399 1190 2444 illuminatio
1211 2404 1367 2444 autem
1398 2396 1635 2456 perficitur
1657 2399 1706 2443 in
1729 2399 1938 2445 instanti.

54 2461 105 2504 Et
123 2459 227 2504 talis
249 2460 454 2516 operatio
472 2465 546 2505 est
561 2474 677 2505 usus
698 2461 831 2506 liberi
855 2462 1046 2519 arbitrii,
1073 2467 1126 2506 ut
1143 2462 1320 2507 dictum
1344 2467 1415 2506 est
1435 2463 1499 2516 (in
1523 2474 1651 2518 corp.
1675 2464 1796 2517 art.).

108 2520 175 2566 Ad
191 2522 438 2565 secundum
455 2522 703 2567 dicendum
714 2554 728 2580 ,
747 2522 873 2579 quod
893 2523 1031 2568 simul
1054 2526 1160 2567 cum
1181 2524 1453 2568 terminatur
1469 2523 1716 2568 consilium
1733 2523 1804 2568 vel
1823 2524 1940 2568 deli-

56 2581 247 2638 berati0,
263 2586 535 2639 potestesse
552 2583 731 2628 electi0.
748 2584 817 2628 Illi
836 2589 993 2629 autem
1015 2584 1094 2641 qui
1114 2584 1444 2629 deliberatione
1455 2584 1632 2630 consilii
1646 2584 1871 2641 indigent,
1890 2585 1939 2630 in

56 2643 156 2700 ipsa
177 2643 501 2688 terminatione
520 2645 701 2690 consilii
720 2645 870 2702 primo
885 2646 1059 2690 habent
1083 2647 1409 2691 certitudinem
1430 2647 1489 2691 de
1511 2646 1752 2702 eligendis,
1772 2652 1817 2690 et
1835 2647 1939 2691 ideo

58 2717 151 2748 non
166 2705 322 2750 statim
344 2705 536 2763 eligunt.
557 2709 623 2751 Ex
641 2719 735 2765 quo
754 2712 881 2765 patet
903 2708 1027 2764 quod
1040 2708 1309 2752 deliberatio
1331 2708 1511 2753 consilii
1526 2721 1620 2752 non
1643 2708 1940 2765 praeexigitur

58 2766 116 2810 ad
130 2765 418 2825 electionem,
435 2768 525 2813 nisi
543 2774 732 2827 propter
749 2770 1097 2828 inquisitionem
1123 2770 1301 2815 incerti.
1326 2771 1532 2815 Christus
1549 2775 1703 2815 autem
1722 2771 1771 2814 in
1790 2772 1939 2827 primo

58 2827 248 2871 instanti
267 2839 365 2871 suae
383 2830 714 2888 conceptionis,
735 2831 857 2876 sicut
874 2831 1035 2876 habuit
1054 2831 1393 2887 plenitudinem
1409 2832 1569 2888 gratiae
1589 2828 1936 2889 sanctificantis,

58 2889 121 2933 ita
138 2888 302 2932 habuit
322 2890 658 2945 plenitudinem
675 2894 894 2938 &veritatis
921 2894 1135 2950 cognitae,
1164 2894 1422 2939 secundum
1446 2894 1560 2939 illud
1586 2897 1731 2949 (Joan.
1764 2907 1795 2948 1,
1827 2896 1900 2949 14)
1922 2907 1936 2939 :

57 2951 246 2994 Plenum
261 2954 422 3006 qratiae
435 2955 478 2994 et
495 2956 720 2998 veritatis.
735 2955 864 3000 Unde
884 2955 1016 3011 quasi
1033 2955 1211 2999 habens
1226 2966 1412 2999 omnem
1428 2955 1770 3005 certitudinem,
1790 2954 1940 3012 potuit

59 3012 215 3056 statim
237 3011 286 3055 in
301 3011 492 3056 instanti
510 3012 695 3068 eligere.

114 3072 179 3116 Ad
198 3076 379 3116 tertium
394 3073 657 3132 dicendum,
672 3074 798 3132 quod
818 3076 1081 3121 intellectus
1100 3076 1260 3120 Christi
1277 3077 1537 3121 secundum
1556 3078 1794 3122 scientiam
1815 3079 1938 3124 infu-

59 3145 160 3180 sam
186 3138 366 3190 poterat
397 3134 671 3192 intelligere,
701 3136 840 3182 etiam
873 3150 966 3182 non
1008 3138 1324 3183 convertendo
1344 3150 1394 3182 se
1426 3139 1486 3184 ad
1516 3139 1856 3198 phantasmata,
1888 3146 1963 3194 ut(

59 3206 202 3251 supra
222 3195 430 3240 habitum
447 3201 519 3242 est
540 3199 721 3254 (quaest.
744 3212 804 3254 xi,
820 3204 906 3243 art.
927 3206 948 3244 1
975 3200 1034 3244 ad
1048 3203 1091 3254 2,
1111 3206 1158 3244 et
1176 3205 1263 3244 art.
1287 3203 1345 3257 2).
1362 3200 1491 3245 Unde
1506 3207 1684 3258 poterat
1697 3203 1743 3247 in
1765 3216 1820 3247 eo
1835 3216 1938 3247 esse

60 3256 266 3311 operatio
298 3257 550 3301 voluntatis
574 3263 619 3303 et
646 3259 907 3304 intellectus
943 3261 1119 3317 absque
1145 3262 1409 3318 operatione
1448 3267 1628 3308 sensus.
1663 3265 1748 3309 Sed
1785 3270 1936 3309 tamen

100 3394 142 3433 (t)
169 3395 271 3428 Actus
294 3395 422 3434 primus
445 3396 710 3429 antonomastice
731 3405 780 3429 est
800 3396 870 3437 ipsa
895 3408 956 3437 po·
1036 3363 1201 3432 simundus
1216 3402 1264 3432 est
1283 3404 1374 3434 actus
1392 3399 1524 3433 elicitus
1545 3401 1564 3434 a
1587 3401 1749 3441 potentia,
1767 3400 1834 3435 sive
1861 3411 1937 3441 ope-

61 3441 176 3480 temia,
195 3453 224 3473 v.
252 3453 283 3481 g.
310 3441 540 3483 intelligendi,
570 3442 717 3485 vivendi,
740 3447 803 3476 etc.
827 3457 838 3485 ;
862 3449 954 3478 actus
1038 3444 1135 3478 ratio.
