<?xml version="1.0" encoding="UTF-8"?>
<!DOCTYPE html PUBLIC "-//W3C//DTD XHTML 1.0 Transitional//EN"
    "http://www.w3.org/TR/xhtml1/DTD/xhtml1-transitional.dtd">
<html xmlns="http://www.w3.org/1999/xhtml" xml:lang="en" lang="en">
 <head>
  <title>
</title>
<meta http-equiv="Content-Type" content="text/html;charset=utf-8" />
  <meta name='ocr-system' content='tesseract 3.04.00' />
  <meta name='ocr-capabilities' content='ocr_page ocr_carea ocr_par ocr_line ocrx_word'/>
</head>
<body>
  <div class='ocr_page' id='page_1' title='image "./summatheologica06thomuoft_0366.png"; bbox 0 0 2170 3808; ppageno 0'>
   <div class='ocr_carea' id='block_1_1' title="bbox 117 181 1394 235">
    <p class='ocr_par' dir='ltr' id='par_1_1' title="bbox 117 181 1394 235">
     <span class='ocr_line' id='line_1_1' title="bbox 117 181 1394 235; baseline -0.008 -1"><span class='ocrx_word' id='word_1_1' title='bbox 117 190 200 234; x_wconf 82' lang='lat'>330</span> <span class='ocrx_word' id='word_1_2' title='bbox 721 183 920 235; x_wconf 81' lang='lat' dir='ltr'>QUAEST.</span> <span class='ocrx_word' id='word_1_3' title='bbox 951 181 1114 223; x_wconf 84' lang='lat' dir='ltr'>XXXIX</span> <span class='ocrx_word' id='word_1_4' title='bbox 1133 213 1146 235; x_wconf 95' lang='lat'>,</span> <span class='ocrx_word' id='word_1_5' title='bbox 1175 181 1294 224; x_wconf 72' lang='grc' dir='ltr'><strong>ΛΒΤ.</strong></span> <span class='ocrx_word' id='word_1_6' title='bbox 1325 181 1394 225; x_wconf 86' lang='lat' dir='ltr'>vl.</span> 
     </span>
    </p>
   </div>
   <div class='ocr_carea' id='block_1_2' title="bbox 121 261 2049 3061">
    <p class='ocr_par' dir='ltr' id='par_1_2' title="bbox 121 261 2027 1316">
     <span class='ocr_line' id='line_1_2' title="bbox 121 261 2024 320; baseline -0.005 -4"><span class='ocrx_word' id='word_1_7' title='bbox 121 282 249 317; x_wconf 82' lang='lat' dir='ltr'>sonae</span> <span class='ocrx_word' id='word_1_8' title='bbox 272 267 446 313; x_wconf 84' lang='lat' dir='ltr'>divinae</span> <span class='ocrx_word' id='word_1_9' title='bbox 471 270 791 310; x_wconf 79' lang='lat' dir='ltr'><strong>assumeretur</strong></span> <span class='ocrx_word' id='word_1_10' title='bbox 812 277 824 308; x_wconf 76' lang='grc' dir='ltr'><strong><em>ι</em></strong></span> <span class='ocrx_word' id='word_1_11' title='bbox 847 274 1001 319; x_wconf 89' lang='lat' dir='ltr'>neque</span> <span class='ocrx_word' id='word_1_12' title='bbox 1027 263 1152 307; x_wconf 89' lang='lat' dir='ltr'>enim</span> <span class='ocrx_word' id='word_1_13' title='bbox 1174 262 1344 307; x_wconf 88' lang='lat' dir='ltr'>dicitur</span> <span class='ocrx_word' id='word_1_14' title='bbox 1371 262 1496 320; x_wconf 81' lang='lat' dir='ltr'>quod</span> <span class='ocrx_word' id='word_1_15' title='bbox 1520 261 1716 319; x_wconf 80' lang='lat' dir='ltr'>Spiritus</span> <span class='ocrx_word' id='word_1_16' title='bbox 1740 265 1931 306; x_wconf 85' lang='lat' dir='ltr'>sauctus</span> <span class='ocrx_word' id='word_1_17' title='bbox 1965 262 2024 306; x_wconf 85' lang='lat' dir='ltr'>sit</span> 
     </span>
     <span class='ocr_line' id='line_1_3' title="bbox 122 322 2022 385; baseline -0.005 -8"><span class='ocrx_word' id='word_1_18' title='bbox 122 331 356 385; x_wconf 89' lang='lat' dir='ltr'>columba,</span> <span class='ocrx_word' id='word_1_19' title='bbox 385 329 507 373; x_wconf 80' lang='lat' dir='ltr'>sicut</span> <span class='ocrx_word' id='word_1_20' title='bbox 539 326 706 371; x_wconf 86' lang='lat' dir='ltr'>dicitur</span> <span class='ocrx_word' id='word_1_21' title='bbox 728 326 853 382; x_wconf 81' lang='lat' dir='ltr'>quod</span> <span class='ocrx_word' id='word_1_22' title='bbox 877 326 1016 369; x_wconf 87' lang='lat' dir='ltr'>Filius</span> <span class='ocrx_word' id='word_1_23' title='bbox 1049 324 1124 368; x_wconf 89' lang='lat' dir='ltr'>Dei</span> <span class='ocrx_word' id='word_1_24' title='bbox 1154 330 1226 368; x_wconf 90' lang='lat' dir='ltr'>est</span> <span class='ocrx_word' id='word_1_25' title='bbox 1258 325 1396 368; x_wconf 89' lang='lat' dir='ltr'>homo</span> <span class='ocrx_word' id='word_1_26' title='bbox 1430 325 1606 368; x_wconf 89' lang='lat' dir='ltr'>ratione</span> <span class='ocrx_word' id='word_1_27' title='bbox 1637 322 1843 368; x_wconf 85' lang='lat' dir='ltr'>unionis.</span> <span class='ocrx_word' id='word_1_28' title='bbox 1866 324 2022 379; x_wconf 88' lang='lat' dir='ltr'>Neque</span> 
     </span>
     <span class='ocr_line' id='line_1_4' title="bbox 122 385 2022 445; baseline -0.005 -6"><span class='ocrx_word' id='word_1_29' title='bbox 122 394 262 439; x_wconf 90' lang='lat' dir='ltr'>etiam</span> <span class='ocrx_word' id='word_1_30' title='bbox 276 394 362 437; x_wconf 87' lang='lat' dir='ltr'>hoc</span> <span class='ocrx_word' id='word_1_31' title='bbox 374 390 513 435; x_wconf 91' lang='lat' dir='ltr'>modo</span> <span class='ocrx_word' id='word_1_32' title='bbox 531 389 726 445; x_wconf 77' lang='lat' dir='ltr'>Spiritus</span> <span class='ocrx_word' id='word_1_33' title='bbox 741 392 933 433; x_wconf 87' lang='lat' dir='ltr'>sanctus</span> <span class='ocrx_word' id='word_1_34' title='bbox 947 388 1077 431; x_wconf 85' lang='lat' dir='ltr'>visus</span> <span class='ocrx_word' id='word_1_35' title='bbox 1096 391 1168 431; x_wconf 89' lang='lat' dir='ltr'>est</span> <span class='ocrx_word' id='word_1_36' title='bbox 1183 387 1230 429; x_wconf 90' lang='lat' dir='ltr'>in</span> <span class='ocrx_word' id='word_1_37' title='bbox 1250 387 1404 443; x_wconf 88' lang='lat' dir='ltr'>specie</span> <span class='ocrx_word' id='word_1_38' title='bbox 1424 387 1668 441; x_wconf 77' lang='lat' dir='ltr'>columbae,</span> <span class='ocrx_word' id='word_1_39' title='bbox 1686 385 1807 429; x_wconf 87' lang='lat' dir='ltr'>sicut</span> <span class='ocrx_word' id='word_1_40' title='bbox 1824 386 2022 429; x_wconf 87' lang='lat' dir='ltr'>Joannes</span> 
     </span>
     <span class='ocr_line' id='line_1_5' title="bbox 123 444 2023 510; baseline -0.006 -9"><span class='ocrx_word' id='word_1_41' title='bbox 123 456 238 501; x_wconf 85' lang='lat' dir='ltr'>vidit</span> <span class='ocrx_word' id='word_1_42' title='bbox 260 465 435 510; x_wconf 75' lang='lat' dir='ltr'>agnum</span> <span class='ocrx_word' id='word_1_43' title='bbox 456 451 666 496; x_wconf 85' lang='lat' dir='ltr'>occisum</span> <span class='ocrx_word' id='word_1_44' title='bbox 690 449 1023 506; x_wconf 83' lang='lat' dir='ltr'>in·Apocalysi‚</span> <span class='ocrx_word' id='word_1_45' title='bbox 1059 454 1113 493; x_wconf 89' lang='lat' dir='ltr'>ut</span> <span class='ocrx_word' id='word_1_46' title='bbox 1145 449 1344 492; x_wconf 85' lang='lat' dir='ltr'>habetur</span> <span class='ocrx_word' id='word_1_47' title='bbox 1373 451 1526 504; x_wconf 82' lang='lat' dir='ltr'>(Apoc.</span> <span class='ocrx_word' id='word_1_48' title='bbox 1557 452 1621 503; x_wconf 86' lang='lat' dir='ltr'>v)·,</span> <span class='ocrx_word' id='word_1_49' title='bbox 1656 447 1735 491; x_wconf 87' lang='lat' dir='ltr'>illa</span> <span class='ocrx_word' id='word_1_50' title='bbox 1758 446 1883 491; x_wconf 87' lang='lat' dir='ltr'>enim</span> <span class='ocrx_word' id='word_1_51' title='bbox 1906 444 2023 490; x_wconf 87' lang='lat' dir='ltr'>visio</span> 
     </span>
     <span class='ocr_line' id='line_1_6' title="bbox 123 506 2023 570; baseline -0.006 -8"><span class='ocrx_word' id='word_1_52' title='bbox 123 516 243 562; x_wconf 79' lang='lat' dir='ltr'>facta</span> <span class='ocrx_word' id='word_1_53' title='bbox 255 516 342 560; x_wconf 86' lang='lat' dir='ltr'>fuit</span> <span class='ocrx_word' id='word_1_54' title='bbox 356 515 404 558; x_wconf 91' lang='lat' dir='ltr'>in</span> <span class='ocrx_word' id='word_1_55' title='bbox 419 514 584 570; x_wconf 83' lang='lat' dir='ltr'>spiritu</span> <span class='ocrx_word' id='word_1_56' title='bbox 597 525 679 570; x_wconf 90' lang='lat' dir='ltr'>per</span> <span class='ocrx_word' id='word_1_57' title='bbox 692 512 956 569; x_wconf 81' lang='lat' dir='ltr'>spirituales</span> <span class='ocrx_word' id='word_1_58' title='bbox 970 511 1201 566; x_wconf 71' lang='lat' dir='ltr'>imagines</span> <span class='ocrx_word' id='word_1_59' title='bbox 1220 523 1464 566; x_wconf 85' lang='lat' dir='ltr'>corporum</span> <span class='ocrx_word' id='word_1_60' title='bbox 1481 524 1492 554; x_wconf 71' lang='grc' dir='ltr'><strong><em>ε</em></strong></span> <span class='ocrx_word' id='word_1_61' title='bbox 1507 510 1564 554; x_wconf 89' lang='lat' dir='ltr'>de</span> <span class='ocrx_word' id='word_1_62' title='bbox 1581 510 1657 553; x_wconf 90' lang='lat' dir='ltr'>illa</span> <span class='ocrx_word' id='word_1_63' title='bbox 1678 508 1788 553; x_wconf 79' lang='lat' dir='ltr'>vero</span> <span class='ocrx_word' id='word_1_64' title='bbox 1806 506 2023 551; x_wconf 83' lang='lat' dir='ltr'>columba</span> 
     </span>
     <span class='ocr_line' id='line_1_7' title="bbox 121 570 2024 635; baseline -0.006 -10"><span class='ocrx_word' id='word_1_65' title='bbox 121 579 283 625; x_wconf 86' lang='lat' dir='ltr'>nullus</span> <span class='ocrx_word' id='word_1_66' title='bbox 302 590 512 635; x_wconf 84' lang='lat' dir='ltr'>unquam</span> <span class='ocrx_word' id='word_1_67' title='bbox 529 576 757 621; x_wconf 86' lang='lat' dir='ltr'>dubitavit</span> <span class='ocrx_word' id='word_1_68' title='bbox 774 577 888 633; x_wconf 91' lang='lat' dir='ltr'>quin</span> <span class='ocrx_word' id='word_1_69' title='bbox 902 575 1050 619; x_wconf 87' lang='lat' dir='ltr'>oculis</span> <span class='ocrx_word' id='word_1_70' title='bbox 1063 574 1162 618; x_wconf 90' lang='lat' dir='ltr'>visa</span> <span class='ocrx_word' id='word_1_71' title='bbox 1175 574 1250 617; x_wconf 87' lang='lat' dir='ltr'>sit.</span> <span class='ocrx_word' id='word_1_72' title='bbox 1274 574 1365 617; x_wconf 85' lang='lat' dir='ltr'>Nec</span> <span class='ocrx_word' id='word_1_73' title='bbox 1379 572 1518 618; x_wconf 86' lang='lat' dir='ltr'>etiam</span> <span class='ocrx_word' id='word_1_74' title='bbox 1535 574 1621 617; x_wconf 88' lang='lat' dir='ltr'>hoc</span> <span class='ocrx_word' id='word_1_75' title='bbox 1643 573 1783 617; x_wconf 90' lang='lat' dir='ltr'>modo</span> <span class='ocrx_word' id='word_1_76' title='bbox 1802 571 1849 615; x_wconf 91' lang='lat' dir='ltr'>in</span> <span class='ocrx_word' id='word_1_77' title='bbox 1870 570 2024 628; x_wconf 87' lang='lat' dir='ltr'>specie</span> 
     </span>
     <span class='ocr_line' id='line_1_8' title="bbox 122 637 2026 698; baseline -0.006 -10"><span class='ocrx_word' id='word_1_78' title='bbox 122 644 355 688; x_wconf 73' lang='lat' dir='ltr'>columbae</span> <span class='ocrx_word' id='word_1_79' title='bbox 384 642 581 698; x_wconf 75' lang='lat' dir='ltr'>Spiritus</span> <span class='ocrx_word' id='word_1_80' title='bbox 613 645 805 684; x_wconf 85' lang='lat' dir='ltr'>sanctus</span> <span class='ocrx_word' id='word_1_81' title='bbox 827 639 1058 695; x_wconf 83' lang='lat' dir='ltr'>apparuit,</span> <span class='ocrx_word' id='word_1_82' title='bbox 1082 639 1205 681; x_wconf 85' lang='lat' dir='ltr'>sicut</span> <span class='ocrx_word' id='word_1_83' title='bbox 1230 637 1398 681; x_wconf 88' lang='lat' dir='ltr'>dicitur</span> <span class='ocrx_word' id='word_1_84' title='bbox 1422 640 1470 691; x_wconf 87' lang='lat' dir='ltr'>(I.</span> <span class='ocrx_word' id='word_1_85' title='bbox 1498 638 1701 682; x_wconf 88' lang='lat' dir='ltr'>Corinth..</span> <span class='ocrx_word' id='word_1_86' title='bbox 1718 651 1762 693; x_wconf 85' lang='lat' dir='ltr'>x,</span> <span class='ocrx_word' id='word_1_87' title='bbox 1785 637 1862 690; x_wconf 70' lang='lat'>4):</span> <span class='ocrx_word' id='word_1_88' title='bbox 1888 637 2026 678; x_wconf 76' lang='lat' dir='ltr'>Petra</span> 
     </span>
     <span class='ocr_line' id='line_1_9' title="bbox 122 694 2027 758; baseline -0.004 -9"><span class='ocrx_word' id='word_1_89' title='bbox 122 709 275 750; x_wconf 77' lang='lat' dir='ltr'>autem</span> <span class='ocrx_word' id='word_1_90' title='bbox 299 709 402 747; x_wconf 80' lang='lat' dir='ltr'>erat</span> <span class='ocrx_word' id='word_1_91' title='bbox 426 705 668 758; x_wconf 69' lang='lat' dir='ltr'>Christu35</span> <span class='ocrx_word' id='word_1_92' title='bbox 690 702 769 745; x_wconf 90' lang='lat' dir='ltr'>illa</span> <span class='ocrx_word' id='word_1_93' title='bbox 795 701 923 745; x_wconf 89' lang='lat' dir='ltr'>enim</span> <span class='ocrx_word' id='word_1_94' title='bbox 952 706 1084 757; x_wconf 84' lang='lat' dir='ltr'>petra</span> <span class='ocrx_word' id='word_1_95' title='bbox 1108 701 1200 755; x_wconf 83' lang='lat' dir='ltr'>jam</span> <span class='ocrx_word' id='word_1_96' title='bbox 1224 703 1324 743; x_wconf 84' lang='lat' dir='ltr'>erat</span> <span class='ocrx_word' id='word_1_97' title='bbox 1352 699 1400 742; x_wconf 92' lang='lat' dir='ltr'>in</span> <span class='ocrx_word' id='word_1_98' title='bbox 1427 705 1661 754; x_wconf 78' lang='lat' dir='ltr'>creatura3</span> <span class='ocrx_word' id='word_1_99' title='bbox 1682 704 1729 744; x_wconf 90' lang='lat' dir='ltr'>et</span> <span class='ocrx_word' id='word_1_100' title='bbox 1748 710 1832 756; x_wconf 89' lang='lat' dir='ltr'>per</span> <span class='ocrx_word' id='word_1_101' title='bbox 1850 694 2027 753; x_wconf 76' lang='lat' dir='ltr'>signifi-</span> 
     </span>
     <span class='ocr_line' id='line_1_10' title="bbox 124 758 2025 820; baseline -0.005 -7"><span class='ocrx_word' id='word_1_102' title='bbox 124 767 320 814; x_wconf 82' lang='lat' dir='ltr'>cationis</span> <span class='ocrx_word' id='word_1_103' title='bbox 342 767 535 810; x_wconf 87' lang='lat' dir='ltr'>modum</span> <span class='ocrx_word' id='word_1_104' title='bbox 557 766 611 820; x_wconf 80' lang='lat'>(1)</span> <span class='ocrx_word' id='word_1_105' title='bbox 635 770 904 819; x_wconf 86' lang='lat' dir='ltr'>nuncupata</span> <span class='ocrx_word' id='word_1_106' title='bbox 927 767 999 807; x_wconf 86' lang='lat' dir='ltr'>est</span> <span class='ocrx_word' id='word_1_107' title='bbox 1019 762 1208 805; x_wconf 85' lang='lat' dir='ltr'>nomine</span> <span class='ocrx_word' id='word_1_108' title='bbox 1229 761 1413 818; x_wconf 85' lang='lat' dir='ltr'>Christi,</span> <span class='ocrx_word' id='word_1_109' title='bbox 1436 774 1579 818; x_wconf 84' lang='lat' dir='ltr'>quem</span> <span class='ocrx_word' id='word_1_110' title='bbox 1604 758 1924 818; x_wconf 75' lang='lat' dir='ltr'>significabat3</span> <span class='ocrx_word' id='word_1_111' title='bbox 1947 759 2025 804; x_wconf 83' lang='lat' dir='ltr'>illa</span> 
     </span>
     <span class='ocr_line' id='line_1_11' title="bbox 123 823 2023 880; baseline -0.006 -5"><span class='ocrx_word' id='word_1_112' title='bbox 123 834 283 874; x_wconf 76' lang='lat' dir='ltr'>autem</span> <span class='ocrx_word' id='word_1_113' title='bbox 306 827 525 873; x_wconf 87' lang='lat' dir='ltr'>columba</span> <span class='ocrx_word' id='word_1_114' title='bbox 553 826 612 869; x_wconf 89' lang='lat' dir='ltr'>ad</span> <span class='ocrx_word' id='word_1_115' title='bbox 646 826 734 868; x_wconf 86' lang='lat' dir='ltr'>hoc</span> <span class='ocrx_word' id='word_1_116' title='bbox 765 824 946 869; x_wconf 81' lang='lat' dir='ltr'>tantum</span> <span class='ocrx_word' id='word_1_117' title='bbox 978 823 1339 878; x_wconf 73' lang='lat' dir='ltr'>significandum</span> <span class='ocrx_word' id='word_1_118' title='bbox 1369 823 1559 880; x_wconf 74' lang='lat' dir='ltr'>repente</span> <span class='ocrx_word' id='word_1_119' title='bbox 1587 823 1752 875; x_wconf 86' lang='lat' dir='ltr'>extitit,</span> <span class='ocrx_word' id='word_1_120' title='bbox 1786 828 1832 868; x_wconf 86' lang='lat' dir='ltr'>et</span> <span class='ocrx_word' id='word_1_121' title='bbox 1863 825 2023 878; x_wconf 83' lang='lat' dir='ltr'>postea</span> 
     </span>
     <span class='ocr_line' id='line_1_12' title="bbox 124 883 2021 948; baseline -0.005 -11"><span class='ocrx_word' id='word_1_122' title='bbox 124 891 342 948; x_wconf 85' lang='lat' dir='ltr'>cessavit,</span> <span class='ocrx_word' id='word_1_123' title='bbox 377 889 498 933; x_wconf 84' lang='lat' dir='ltr'>sicut</span> <span class='ocrx_word' id='word_1_124' title='bbox 526 889 714 931; x_wconf 87' lang='lat' dir='ltr'>flamma</span> <span class='ocrx_word' id='word_1_125' title='bbox 740 899 847 943; x_wconf 82' lang='lat' dir='ltr'>quae</span> <span class='ocrx_word' id='word_1_126' title='bbox 875 886 923 930; x_wconf 88' lang='lat' dir='ltr'>in</span> <span class='ocrx_word' id='word_1_127' title='bbox 947 886 1067 931; x_wconf 92' lang='lat' dir='ltr'>rubo</span> <span class='ocrx_word' id='word_1_128' title='bbox 1089 885 1306 942; x_wconf 88' lang='lat' dir='ltr'>apparuit</span> <span class='ocrx_word' id='word_1_129' title='bbox 1327 885 1484 943; x_wconf 82' lang='lat' dir='ltr'>Moysi.</span> <span class='ocrx_word' id='word_1_130' title='bbox 1505 885 1676 931; x_wconf 80' lang='lat' dir='ltr'>Dicitur</span> <span class='ocrx_word' id='word_1_131' title='bbox 1697 896 1808 941; x_wconf 86' lang='lat' dir='ltr'>ergo</span> <span class='ocrx_word' id='word_1_132' title='bbox 1830 883 2021 940; x_wconf 70' lang='lat' dir='ltr'>Spiritus</span> 
     </span>
     <span class='ocr_line' id='line_1_13' title="bbox 123 946 2024 1006; baseline -0.005 -7"><span class='ocrx_word' id='word_1_133' title='bbox 123 959 317 999; x_wconf 85' lang='lat' dir='ltr'>sanctus</span> <span class='ocrx_word' id='word_1_134' title='bbox 340 951 641 997; x_wconf 79' lang='lat' dir='ltr'>descendisse</span> <span class='ocrx_word' id='word_1_135' title='bbox 664 962 806 1006; x_wconf 88' lang='lat' dir='ltr'>super</span> <span class='ocrx_word' id='word_1_136' title='bbox 829 949 1082 1006; x_wconf 86' lang='lat' dir='ltr'>Christum,</span> <span class='ocrx_word' id='word_1_137' title='bbox 1110 961 1204 992; x_wconf 92' lang='lat' dir='ltr'>non</span> <span class='ocrx_word' id='word_1_138' title='bbox 1235 948 1415 994; x_wconf 89' lang='lat' dir='ltr'>ratione</span> <span class='ocrx_word' id='word_1_139' title='bbox 1439 949 1629 993; x_wconf 88' lang='lat' dir='ltr'>unionis</span> <span class='ocrx_word' id='word_1_140' title='bbox 1659 948 1718 993; x_wconf 86' lang='lat' dir='ltr'>ad</span> <span class='ocrx_word' id='word_1_141' title='bbox 1740 946 2024 1000; x_wconf 78' lang='lat' dir='ltr'>columbam,</span> 
     </span>
     <span class='ocr_line' id='line_1_14' title="bbox 125 1008 2025 1069; baseline -0.004 -8"><span class='ocrx_word' id='word_1_142' title='bbox 125 1016 208 1062; x_wconf 88' lang='lat' dir='ltr'>sed</span> <span class='ocrx_word' id='word_1_143' title='bbox 230 1016 306 1061; x_wconf 91' lang='lat' dir='ltr'>vel</span> <span class='ocrx_word' id='word_1_144' title='bbox 330 1015 507 1059; x_wconf 89' lang='lat' dir='ltr'>ratione</span> <span class='ocrx_word' id='word_1_145' title='bbox 528 1013 674 1069; x_wconf 89' lang='lat' dir='ltr'>ipsius</span> <span class='ocrx_word' id='word_1_146' title='bbox 691 1011 924 1057; x_wconf 81' lang='lat' dir='ltr'>columbae</span> <span class='ocrx_word' id='word_1_147' title='bbox 948 1011 1255 1068; x_wconf 82' lang='lat' dir='ltr'>significantis</span> <span class='ocrx_word' id='word_1_148' title='bbox 1286 1010 1506 1067; x_wconf 88' lang='lat' dir='ltr'>Spiritum</span> <span class='ocrx_word' id='word_1_149' title='bbox 1529 1015 1761 1064; x_wconf 83' lang='lat' dir='ltr'>sanctum,</span> <span class='ocrx_word' id='word_1_150' title='bbox 1782 1021 1887 1066; x_wconf 81' lang='lat' dir='ltr'>quae</span> <span class='ocrx_word' id='word_1_151' title='bbox 1921 1008 2025 1053; x_wconf 85' lang='lat' dir='ltr'>des-</span> 
     </span>
     <span class='ocr_line' id='line_1_15' title="bbox 125 1072 2026 1132; baseline -0.005 -9"><span class='ocrx_word' id='word_1_152' title='bbox 125 1077 370 1123; x_wconf 86' lang='lat' dir='ltr'>cendendo</span> <span class='ocrx_word' id='word_1_153' title='bbox 393 1088 535 1132; x_wconf 88' lang='lat' dir='ltr'>super</span> <span class='ocrx_word' id='word_1_154' title='bbox 558 1075 791 1119; x_wconf 84' lang='lat' dir='ltr'>Christum</span> <span class='ocrx_word' id='word_1_155' title='bbox 811 1075 955 1131; x_wconf 84' lang='lat' dir='ltr'>venit,</span> <span class='ocrx_word' id='word_1_156' title='bbox 976 1074 1050 1118; x_wconf 89' lang='lat' dir='ltr'>vel</span> <span class='ocrx_word' id='word_1_157' title='bbox 1071 1074 1210 1118; x_wconf 88' lang='lat' dir='ltr'>etiam</span> <span class='ocrx_word' id='word_1_158' title='bbox 1230 1073 1409 1118; x_wconf 88' lang='lat' dir='ltr'>ratione</span> <span class='ocrx_word' id='word_1_159' title='bbox 1434 1073 1689 1130; x_wconf 86' lang='lat' dir='ltr'>spiritualis</span> <span class='ocrx_word' id='word_1_160' title='bbox 1708 1072 1887 1129; x_wconf 80' lang='lat' dir='ltr'>gratiae,</span> <span class='ocrx_word' id='word_1_161' title='bbox 1921 1082 2026 1128; x_wconf 84' lang='lat' dir='ltr'>quae</span> 
     </span>
     <span class='ocr_line' id='line_1_16' title="bbox 126 1131 2026 1195; baseline -0.004 -12"><span class='ocrx_word' id='word_1_162' title='bbox 126 1139 153 1183; x_wconf 78' lang='lat' dir='ltr'>a</span> <span class='ocrx_word' id='word_1_163' title='bbox 167 1143 260 1185; x_wconf 89' lang='lat' dir='ltr'>Deo</span> <span class='ocrx_word' id='word_1_164' title='bbox 281 1151 362 1195; x_wconf 89' lang='lat' dir='ltr'>per</span> <span class='ocrx_word' id='word_1_165' title='bbox 375 1139 570 1182; x_wconf 89' lang='lat' dir='ltr'>modum</span> <span class='ocrx_word' id='word_1_166' title='bbox 589 1136 837 1194; x_wconf 88' lang='lat' dir='ltr'>cujusdam</span> <span class='ocrx_word' id='word_1_167' title='bbox 857 1136 1115 1180; x_wconf 80' lang='lat' dir='ltr'>descensus</span> <span class='ocrx_word' id='word_1_168' title='bbox 1134 1136 1181 1179; x_wconf 91' lang='lat' dir='ltr'>in</span> <span class='ocrx_word' id='word_1_169' title='bbox 1202 1140 1463 1180; x_wconf 85' lang='lat' dir='ltr'>creaturam</span> <span class='ocrx_word' id='word_1_170' title='bbox 1487 1134 1741 1188; x_wconf 84' lang='lat' dir='ltr'>derivatur,</span> <span class='ocrx_word' id='word_1_171' title='bbox 1767 1131 2026 1178; x_wconf 78' lang='lat' dir='ltr'>secundum</span> 
     </span>
     <span class='ocr_line' id='line_1_17' title="bbox 125 1194 2027 1258; baseline -0.004 -12"><span class='ocrx_word' id='word_1_172' title='bbox 125 1201 242 1246; x_wconf 83' lang='lat' dir='ltr'>illud</span> <span class='ocrx_word' id='word_1_173' title='bbox 265 1200 439 1257; x_wconf 84' lang='lat' dir='ltr'>(Jacohi</span> <span class='ocrx_word' id='word_1_174' title='bbox 471 1215 502 1258; x_wconf 91' lang='lat'>1,</span> <span class='ocrx_word' id='word_1_175' title='bbox 522 1202 592 1254; x_wconf 79' lang='lat'>17)</span> <span class='ocrx_word' id='word_1_176' title='bbox 614 1213 624 1241; x_wconf 75' lang='grc' dir='ltr'><strong><em>ε</em></strong></span> <span class='ocrx_word' id='word_1_177' title='bbox 648 1203 790 1244; x_wconf 76' lang='lat' dir='ltr'>Omne</span> <span class='ocrx_word' id='word_1_178' title='bbox 813 1200 973 1242; x_wconf 78' lang='lat' dir='ltr'>datum</span> <span class='ocrx_word' id='word_1_179' title='bbox 998 1202 1234 1254; x_wconf 77' lang='lat' dir='ltr'>optimum,</span> <span class='ocrx_word' id='word_1_180' title='bbox 1253 1202 1298 1240; x_wconf 84' lang='lat' dir='ltr'>et</span> <span class='ocrx_word' id='word_1_181' title='bbox 1325 1210 1453 1240; x_wconf 81' lang='lat' dir='ltr'>omne</span> <span class='ocrx_word' id='word_1_182' title='bbox 1487 1199 1653 1240; x_wconf 80' lang='lat' dir='ltr'>donum</span> <span class='ocrx_word' id='word_1_183' title='bbox 1671 1197 1921 1252; x_wconf 79' lang='lat' dir='ltr'>perfectum</span> <span class='ocrx_word' id='word_1_184' title='bbox 1941 1194 2027 1238; x_wconf 83' lang='lat' dir='ltr'>de-</span> 
     </span>
     <span class='ocr_line' id='line_1_18' title="bbox 125 1261 1160 1316; baseline -0.005 -9"><span class='ocrx_word' id='word_1_185' title='bbox 125 1265 306 1308; x_wconf 73' lang='lat' dir='ltr'>sursicm</span> <span class='ocrx_word' id='word_1_186' title='bbox 329 1269 413 1316; x_wconf 76' lang='lat' dir='ltr'>est,</span> <span class='ocrx_word' id='word_1_187' title='bbox 431 1263 704 1307; x_wconf 74' lang='lat' dir='ltr'>descendens</span> <span class='ocrx_word' id='word_1_188' title='bbox 720 1263 749 1304; x_wconf 80' lang='grc' dir='ltr'><strong><em>ὰ</em></strong></span> <span class='ocrx_word' id='word_1_189' title='bbox 765 1265 902 1304; x_wconf 82' lang='lat' dir='ltr'>Patre</span> <span class='ocrx_word' id='word_1_190' title='bbox 926 1261 1160 1303; x_wconf 79' lang='lat' dir='ltr'>luminum.</span> 
     </span>
    </p>

    <p class='ocr_par' dir='ltr' id='par_1_3' title="bbox 125 1319 2028 1754">
     <span class='ocr_line' id='line_1_19' title="bbox 180 1319 2023 1380; baseline -0.004 -9"><span class='ocrx_word' id='word_1_191' title='bbox 180 1327 246 1371; x_wconf 83' lang='lat' dir='ltr'>Ad</span> <span class='ocrx_word' id='word_1_192' title='bbox 267 1329 450 1369; x_wconf 75' lang='lat' dir='ltr'>tertium</span> <span class='ocrx_word' id='word_1_193' title='bbox 470 1325 736 1377; x_wconf 87' lang='lat' dir='ltr'>dicendum,</span> <span class='ocrx_word' id='word_1_194' title='bbox 753 1324 896 1380; x_wconf 81' lang='lat' dir='ltr'>quod,</span> <span class='ocrx_word' id='word_1_195' title='bbox 915 1323 1036 1367; x_wconf 91' lang='lat' dir='ltr'>sicut</span> <span class='ocrx_word' id='word_1_196' title='bbox 1048 1324 1407 1379; x_wconf 77' lang='lat' dir='ltr'>chrysostomus</span> <span class='ocrx_word' id='word_1_197' title='bbox 1421 1321 1534 1366; x_wconf 88' lang='lat' dir='ltr'>dicit</span> <span class='ocrx_word' id='word_1_198' title='bbox 1551 1323 1714 1377; x_wconf 85' lang='lat' dir='ltr'>&lt;Super</span> <span class='ocrx_word' id='word_1_199' title='bbox 1728 1319 1880 1364; x_wconf 84' lang='lat' dir='ltr'>Matth.</span> <span class='ocrx_word' id='word_1_200' title='bbox 1898 1319 2023 1364; x_wconf 85' lang='lat' dir='ltr'>hom.</span> 
     </span>
     <span class='ocr_line' id='line_1_20' title="bbox 125 1381 2026 1444; baseline -0.004 -13"><span class='ocrx_word' id='word_1_201' title='bbox 125 1402 200 1444; x_wconf 82' lang='lat'>111,</span> <span class='ocrx_word' id='word_1_202' title='bbox 218 1395 329 1433; x_wconf 80' lang='lat' dir='ltr'>ante</span> <span class='ocrx_word' id='word_1_203' title='bbox 349 1388 509 1443; x_wconf 84' lang='lat' dir='ltr'>med.),</span> <span class='ocrx_word' id='word_1_204' title='bbox 531 1405 550 1424; x_wconf 86' lang='lat'><strong><em>«</em></strong></span> <span class='ocrx_word' id='word_1_205' title='bbox 567 1387 615 1430; x_wconf 89' lang='lat' dir='ltr'>in</span> <span class='ocrx_word' id='word_1_206' title='bbox 631 1386 872 1443; x_wconf 79' lang='lat' dir='ltr'>principiis</span> <span class='ocrx_word' id='word_1_207' title='bbox 895 1385 1208 1442; x_wconf 84' lang='lat' dir='ltr'>spiritualium</span> <span class='ocrx_word' id='word_1_208' title='bbox 1231 1395 1391 1428; x_wconf 88' lang='lat' dir='ltr'>rerum</span> <span class='ocrx_word' id='word_1_209' title='bbox 1415 1395 1600 1439; x_wconf 84' lang='lat' dir='ltr'>semper</span> <span class='ocrx_word' id='word_1_210' title='bbox 1618 1381 1864 1428; x_wconf 85' lang='lat' dir='ltr'>sensibiles</span> <span class='ocrx_word' id='word_1_211' title='bbox 1881 1393 2026 1437; x_wconf 88' lang='lat' dir='ltr'>appa-</span> 
     </span>
     <span class='ocr_line' id='line_1_21' title="bbox 126 1443 2027 1506; baseline -0.004 -12"><span class='ocrx_word' id='word_1_212' title='bbox 126 1454 233 1494; x_wconf 89' lang='lat' dir='ltr'>rent</span> <span class='ocrx_word' id='word_1_213' title='bbox 253 1450 473 1505; x_wconf 87' lang='lat' dir='ltr'>visiones,</span> <span class='ocrx_word' id='word_1_214' title='bbox 498 1458 686 1506; x_wconf 80' lang='lat' dir='ltr'>propter</span> <span class='ocrx_word' id='word_1_215' title='bbox 709 1460 790 1492; x_wconf 87' lang='lat' dir='ltr'>eos</span> <span class='ocrx_word' id='word_1_216' title='bbox 818 1446 902 1504; x_wconf 87' lang='lat' dir='ltr'>qui</span> <span class='ocrx_word' id='word_1_217' title='bbox 932 1446 1104 1491; x_wconf 84' lang='lat' dir='ltr'>nullam</span> <span class='ocrx_word' id='word_1_218' title='bbox 1137 1445 1490 1502; x_wconf 82' lang='lat' dir='ltr'>intelligentiam</span> <span class='ocrx_word' id='word_1_219' title='bbox 1512 1443 1819 1501; x_wconf 84' lang='lat' dir='ltr'>incorporalis</span> <span class='ocrx_word' id='word_1_220' title='bbox 1849 1447 2027 1487; x_wconf 77' lang='lat' dir='ltr'>naturae</span> 
     </span>
     <span class='ocr_line' id='line_1_22' title="bbox 127 1506 2022 1569; baseline -0.004 -13"><span class='ocrx_word' id='word_1_221' title='bbox 127 1511 365 1568; x_wconf 83' lang='lat' dir='ltr'>suscipere</span> <span class='ocrx_word' id='word_1_222' title='bbox 387 1516 608 1569; x_wconf 76' lang='lat' dir='ltr'>possunt3</span> <span class='ocrx_word' id='word_1_223' title='bbox 636 1515 684 1555; x_wconf 89' lang='lat' dir='ltr'>ut</span> <span class='ocrx_word' id='word_1_224' title='bbox 704 1509 745 1555; x_wconf 90' lang='lat' dir='ltr'>si</span> <span class='ocrx_word' id='word_1_225' title='bbox 772 1513 936 1566; x_wconf 89' lang='lat' dir='ltr'>postea</span> <span class='ocrx_word' id='word_1_226' title='bbox 969 1522 1063 1553; x_wconf 87' lang='lat' dir='ltr'>non</span> <span class='ocrx_word' id='word_1_227' title='bbox 1084 1509 1216 1564; x_wconf 86' lang='lat' dir='ltr'>fiant,</span> <span class='ocrx_word' id='word_1_228' title='bbox 1244 1520 1303 1552; x_wconf 87' lang='lat' dir='ltr'>ex</span> <span class='ocrx_word' id='word_1_229' title='bbox 1333 1507 1406 1552; x_wconf 90' lang='lat' dir='ltr'>his</span> <span class='ocrx_word' id='word_1_230' title='bbox 1429 1521 1536 1565; x_wconf 84' lang='lat' dir='ltr'>quae</span> <span class='ocrx_word' id='word_1_231' title='bbox 1566 1507 1712 1552; x_wconf 83' lang='lat' dir='ltr'>semel</span> <span class='ocrx_word' id='word_1_232' title='bbox 1746 1506 1868 1550; x_wconf 84' lang='lat' dir='ltr'>facta</span> <span class='ocrx_word' id='word_1_233' title='bbox 1897 1509 2022 1561; x_wconf 88' lang='lat' dir='ltr'>sunt,</span> 
     </span>
     <span class='ocr_line' id='line_1_23' title="bbox 127 1567 2027 1630; baseline -0.004 -13"><span class='ocrx_word' id='word_1_234' title='bbox 127 1572 352 1630; x_wconf 83' lang='lat' dir='ltr'>recipiant</span> <span class='ocrx_word' id='word_1_235' title='bbox 373 1571 526 1617; x_wconf 86' lang='lat' dir='ltr'>fidem.</span> <span class='ocrx_word' id='word_1_236' title='bbox 551 1592 570 1611; x_wconf 90' lang='lat'>»</span> <span class='ocrx_word' id='word_1_237' title='bbox 595 1575 649 1616; x_wconf 89' lang='lat' dir='ltr'>Et</span> <span class='ocrx_word' id='word_1_238' title='bbox 666 1571 772 1616; x_wconf 90' lang='lat' dir='ltr'>ideo</span> <span class='ocrx_word' id='word_1_239' title='bbox 791 1571 914 1616; x_wconf 84' lang='lat' dir='ltr'>circa</span> <span class='ocrx_word' id='word_1_240' title='bbox 933 1571 1167 1616; x_wconf 87' lang='lat' dir='ltr'>Christum</span> <span class='ocrx_word' id='word_1_241' title='bbox 1190 1570 1476 1626; x_wconf 87' lang='lat' dir='ltr'>baptizatum</span> <span class='ocrx_word' id='word_1_242' title='bbox 1498 1568 1727 1626; x_wconf 87' lang='lat' dir='ltr'>corporali</span> <span class='ocrx_word' id='word_1_243' title='bbox 1752 1567 1907 1624; x_wconf 89' lang='lat' dir='ltr'>specie</span> <span class='ocrx_word' id='word_1_244' title='bbox 1926 1567 2027 1623; x_wconf 92' lang='lat' dir='ltr'>Spi-</span> 
     </span>
     <span class='ocr_line' id='line_1_24' title="bbox 126 1629 2028 1692; baseline -0.002 -14"><span class='ocrx_word' id='word_1_245' title='bbox 126 1634 245 1680; x_wconf 84' lang='lat' dir='ltr'>ritus</span> <span class='ocrx_word' id='word_1_246' title='bbox 262 1641 457 1680; x_wconf 86' lang='lat' dir='ltr'>sanctus</span> <span class='ocrx_word' id='word_1_247' title='bbox 475 1634 718 1679; x_wconf 86' lang='lat' dir='ltr'>visibiliter</span> <span class='ocrx_word' id='word_1_248' title='bbox 740 1633 996 1692; x_wconf 85' lang='lat' dir='ltr'>descendit,</span> <span class='ocrx_word' id='word_1_249' title='bbox 1022 1638 1074 1677; x_wconf 90' lang='lat' dir='ltr'>ut</span> <span class='ocrx_word' id='word_1_250' title='bbox 1101 1644 1243 1689; x_wconf 89' lang='lat' dir='ltr'>super</span> <span class='ocrx_word' id='word_1_251' title='bbox 1268 1643 1433 1677; x_wconf 90' lang='lat' dir='ltr'>omnes</span> <span class='ocrx_word' id='word_1_252' title='bbox 1459 1631 1716 1689; x_wconf 88' lang='lat' dir='ltr'>baptizatos</span> <span class='ocrx_word' id='word_1_253' title='bbox 1735 1629 2028 1675; x_wconf 86' lang='lat' dir='ltr'>invisibiliter</span> 
     </span>
     <span class='ocr_line' id='line_1_25' title="bbox 127 1697 855 1754; baseline -0.003 -11"><span class='ocrx_word' id='word_1_254' title='bbox 127 1702 288 1754; x_wconf 90' lang='lat' dir='ltr'>postea</span> <span class='ocrx_word' id='word_1_255' title='bbox 313 1698 531 1743; x_wconf 88' lang='lat' dir='ltr'>credatur</span> <span class='ocrx_word' id='word_1_256' title='bbox 553 1697 855 1743; x_wconf 81' lang='lat' dir='ltr'>descendere.</span> 
     </span>
    </p>

    <p class='ocr_par' dir='ltr' id='par_1_4' title="bbox 127 1755 2049 3061">
     <span class='ocr_line' id='line_1_26' title="bbox 180 1755 2029 1817; baseline -0.004 -10"><span class='ocrx_word' id='word_1_257' title='bbox 180 1761 248 1807; x_wconf 81' lang='lat' dir='ltr'>Ad</span> <span class='ocrx_word' id='word_1_258' title='bbox 267 1766 484 1817; x_wconf 80' lang='lat' dir='ltr'>quartum</span> <span class='ocrx_word' id='word_1_259' title='bbox 505 1760 778 1815; x_wconf 84' lang='lat' dir='ltr'>dicendum,</span> <span class='ocrx_word' id='word_1_260' title='bbox 799 1759 925 1815; x_wconf 79' lang='lat' dir='ltr'>quod</span> <span class='ocrx_word' id='word_1_261' title='bbox 948 1759 1145 1816; x_wconf 78' lang='lat' dir='ltr'>Spiritus</span> <span class='ocrx_word' id='word_1_262' title='bbox 1171 1762 1363 1802; x_wconf 87' lang='lat' dir='ltr'>sanctus</span> <span class='ocrx_word' id='word_1_263' title='bbox 1389 1757 1437 1801; x_wconf 89' lang='lat' dir='ltr'>in</span> <span class='ocrx_word' id='word_1_264' title='bbox 1462 1756 1618 1813; x_wconf 88' lang='lat' dir='ltr'>specie</span> <span class='ocrx_word' id='word_1_265' title='bbox 1640 1755 1870 1802; x_wconf 69' lang='lat' dir='ltr'>columbae</span> <span class='ocrx_word' id='word_1_266' title='bbox 1888 1768 2029 1813; x_wconf 88' lang='lat' dir='ltr'>appa-</span> 
     </span>
     <span class='ocr_line' id='line_1_27' title="bbox 128 1817 2049 1880; baseline -0.003 -13"><span class='ocrx_word' id='word_1_267' title='bbox 128 1823 221 1868; x_wconf 88' lang='lat' dir='ltr'>ruit</span> <span class='ocrx_word' id='word_1_268' title='bbox 248 1836 391 1880; x_wconf 89' lang='lat' dir='ltr'>super</span> <span class='ocrx_word' id='word_1_269' title='bbox 413 1823 645 1867; x_wconf 85' lang='lat' dir='ltr'>Christum</span> <span class='ocrx_word' id='word_1_270' title='bbox 677 1821 978 1878; x_wconf 83' lang='lat' dir='ltr'>baptizatum,</span> <span class='ocrx_word' id='word_1_271' title='bbox 1013 1825 1202 1878; x_wconf 89' lang='lat' dir='ltr'>propter</span> <span class='ocrx_word' id='word_1_272' title='bbox 1222 1825 1440 1876; x_wconf 87' lang='lat' dir='ltr'>quatuor.</span> <span class='ocrx_word' id='word_1_273' title='bbox 1462 1817 1614 1863; x_wconf 81' lang='lat' dir='ltr'>Primo</span> <span class='ocrx_word' id='word_1_274' title='bbox 1637 1818 1824 1875; x_wconf 88' lang='lat' dir='ltr'>quidem</span> <span class='ocrx_word' id='word_1_275' title='bbox 1844 1822 2049 1874; x_wconf 85' lang='lat' dir='ltr'>propter·</span> 
     </span>
     <span class='ocr_line' id='line_1_28' title="bbox 129 1879 2027 1944; baseline -0.003 -14"><span class='ocrx_word' id='word_1_276' title='bbox 129 1885 479 1944; x_wconf 85' lang='lat' dir='ltr'>dispositionem</span> <span class='ocrx_word' id='word_1_277' title='bbox 499 1898 606 1942; x_wconf 84' lang='lat' dir='ltr'>quae</span> <span class='ocrx_word' id='word_1_278' title='bbox 629 1884 881 1942; x_wconf 82' lang='lat' dir='ltr'>requiritur</span> <span class='ocrx_word' id='word_1_279' title='bbox 905 1885 952 1928; x_wconf 89' lang='lat' dir='ltr'>in</span> <span class='ocrx_word' id='word_1_280' title='bbox 978 1883 1224 1940; x_wconf 87' lang='lat' dir='ltr'>baptizato,</span> <span class='ocrx_word' id='word_1_281' title='bbox 1242 1887 1296 1928; x_wconf 89' lang='lat' dir='ltr'>ut</span> <span class='ocrx_word' id='word_1_282' title='bbox 1315 1882 1491 1927; x_wconf 89' lang='lat' dir='ltr'>scilicet</span> <span class='ocrx_word' id='word_1_283' title='bbox 1510 1894 1604 1925; x_wconf 88' lang='lat' dir='ltr'>non</span> <span class='ocrx_word' id='word_1_284' title='bbox 1635 1879 1772 1926; x_wconf 88' lang='lat' dir='ltr'>fictus</span> <span class='ocrx_word' id='word_1_285' title='bbox 1800 1882 1993 1926; x_wconf 76' lang='lat' dir='ltr'>accedat</span> <span class='ocrx_word' id='word_1_286' title='bbox 2015 1893 2027 1925; x_wconf 75' lang='grc' dir='ltr'>ε</span> 
     </span>
     <span class='ocr_line' id='line_1_29' title="bbox 128 1945 2027 2006; baseline -0.003 -14"><span class='ocrx_word' id='word_1_287' title='bbox 128 1948 255 2004; x_wconf 89' lang='lat' dir='ltr'>quia,</span> <span class='ocrx_word' id='word_1_288' title='bbox 281 1948 402 1992; x_wconf 88' lang='lat' dir='ltr'>sicut</span> <span class='ocrx_word' id='word_1_289' title='bbox 425 1948 595 1993; x_wconf 82' lang='lat' dir='ltr'>dicitur</span> <span class='ocrx_word' id='word_1_290' title='bbox 617 1949 739 2004; x_wconf 88' lang='lat' dir='ltr'>(Sap.</span> <span class='ocrx_word' id='word_1_291' title='bbox 772 1961 802 2006; x_wconf 85' lang='lat'>1,</span> <span class='ocrx_word' id='word_1_292' title='bbox 834 1948 877 2002; x_wconf 78' lang='lat'>5)</span> <span class='ocrx_word' id='word_1_293' title='bbox 909 1962 922 1991; x_wconf 77' lang='lat' dir='ltr'>t</span> <span class='ocrx_word' id='word_1_294' title='bbox 946 1948 1146 2003; x_wconf 75' lang='lat' dir='ltr'>Spiritus</span> <span class='ocrx_word' id='word_1_295' title='bbox 1174 1948 1361 1989; x_wconf 79' lang='lat' dir='ltr'>sanctus</span> <span class='ocrx_word' id='word_1_296' title='bbox 1383 1945 1634 2001; x_wconf 61' lang='lat' dir='ltr'>disciplinae</span> <span class='ocrx_word' id='word_1_297' title='bbox 1656 1945 1831 2000; x_wconf 74' lang='lat' dir='ltr'>effuqz‘et</span> <span class='ocrx_word' id='word_1_298' title='bbox 1859 1945 2027 1998; x_wconf 77' lang='lat' dir='ltr'>fictum.</span> 
     </span>
     <span class='ocr_line' id='line_1_30' title="bbox 127 2005 2030 2064; baseline -0.003 -10"><span class='ocrx_word' id='word_1_299' title='bbox 127 2009 350 2054; x_wconf 79' lang='lat' dir='ltr'>Columba</span> <span class='ocrx_word' id='word_1_300' title='bbox 369 2015 524 2054; x_wconf 86' lang='lat' dir='ltr'>autem</span> <span class='ocrx_word' id='word_1_301' title='bbox 556 2014 628 2054; x_wconf 86' lang='lat' dir='ltr'>est</span> <span class='ocrx_word' id='word_1_302' title='bbox 651 2008 825 2053; x_wconf 86' lang='lat' dir='ltr'>animal</span> <span class='ocrx_word' id='word_1_303' title='bbox 855 2008 1071 2064; x_wconf 86' lang='lat' dir='ltr'>simplex,</span> <span class='ocrx_word' id='word_1_304' title='bbox 1096 2007 1265 2051; x_wconf 75' lang='lat' dir='ltr'>astutia</span> <span class='ocrx_word' id='word_1_305' title='bbox 1290 2010 1340 2051; x_wconf 88' lang='lat' dir='ltr'>et</span> <span class='ocrx_word' id='word_1_306' title='bbox 1364 2006 1471 2051; x_wconf 91' lang='lat' dir='ltr'>dolo</span> <span class='ocrx_word' id='word_1_307' title='bbox 1488 2018 1684 2061; x_wconf 67' lang='lat' dir='ltr'>carens,</span> <span class='ocrx_word' id='word_1_308' title='bbox 1711 2005 1835 2049; x_wconf 90' lang='lat' dir='ltr'>unde</span> <span class='ocrx_word' id='word_1_309' title='bbox 1861 2005 2030 2049; x_wconf 88' lang='lat' dir='ltr'>dicitur</span> 
     </span>
     <span class='ocr_line' id='line_1_31' title="bbox 128 2067 2028 2128; baseline -0.002 -14"><span class='ocrx_word' id='word_1_310' title='bbox 128 2072 298 2125; x_wconf 85' lang='lat' dir='ltr'>(Matth.</span> <span class='ocrx_word' id='word_1_311' title='bbox 322 2086 366 2128; x_wconf 85' lang='lat' dir='ltr'>x,</span> <span class='ocrx_word' id='word_1_312' title='bbox 398 2074 467 2126; x_wconf 81' lang='grc'>16)</span> <span class='ocrx_word' id='word_1_313' title='bbox 496 2084 509 2114; x_wconf 89' lang='lat'>:</span> <span class='ocrx_word' id='word_1_314' title='bbox 537 2075 693 2115; x_wconf 77' lang='lat' dir='ltr'>Estote</span> <span class='ocrx_word' id='word_1_315' title='bbox 714 2071 939 2128; x_wconf 78' lang='lat' dir='ltr'>simplices</span> <span class='ocrx_word' id='word_1_316' title='bbox 960 2073 1078 2114; x_wconf 78' lang='lat' dir='ltr'>sicut</span> <span class='ocrx_word' id='word_1_317' title='bbox 1101 2070 1328 2113; x_wconf 82' lang='lat' dir='ltr'>columbae.</span> <span class='ocrx_word' id='word_1_318' title='bbox 1353 2068 1583 2122; x_wconf 78' lang='lat' dir='ltr'>Secundo,</span> <span class='ocrx_word' id='word_1_319' title='bbox 1604 2068 1661 2112; x_wconf 90' lang='lat' dir='ltr'>ad</span> <span class='ocrx_word' id='word_1_320' title='bbox 1685 2067 2028 2123; x_wconf 81' lang='lat' dir='ltr'>designandum</span> 
     </span>
     <span class='ocr_line' id='line_1_32' title="bbox 129 2128 2026 2189; baseline -0.002 -12"><span class='ocrx_word' id='word_1_321' title='bbox 129 2137 306 2189; x_wconf 83' lang='lat' dir='ltr'>septem</span> <span class='ocrx_word' id='word_1_322' title='bbox 335 2133 458 2177; x_wconf 86' lang='lat' dir='ltr'>dona</span> <span class='ocrx_word' id='word_1_323' title='bbox 485 2133 681 2189; x_wconf 76' lang='lat' dir='ltr'>Spiritus</span> <span class='ocrx_word' id='word_1_324' title='bbox 712 2132 882 2189; x_wconf 88' lang='lat' dir='ltr'>sancti,</span> <span class='ocrx_word' id='word_1_325' title='bbox 909 2145 1014 2188; x_wconf 81' lang='lat' dir='ltr'>quae</span> <span class='ocrx_word' id='word_1_326' title='bbox 1037 2131 1254 2175; x_wconf 87' lang='lat' dir='ltr'>columba</span> <span class='ocrx_word' id='word_1_327' title='bbox 1277 2130 1378 2176; x_wconf 89' lang='lat' dir='ltr'>suis</span> <span class='ocrx_word' id='word_1_328' title='bbox 1400 2129 1761 2187; x_wconf 84' lang='lat' dir='ltr'>proprietatibus</span> <span class='ocrx_word' id='word_1_329' title='bbox 1782 2128 2026 2185; x_wconf 80' lang='lat' dir='ltr'>significat.</span> 
     </span>
     <span class='ocr_line' id='line_1_33' title="bbox 129 2192 2030 2250; baseline -0.001 -11"><span class='ocrx_word' id='word_1_330' title='bbox 129 2194 352 2239; x_wconf 87' lang='lat' dir='ltr'>Columba</span> <span class='ocrx_word' id='word_1_331' title='bbox 375 2195 500 2239; x_wconf 89' lang='lat' dir='ltr'>enim</span> <span class='ocrx_word' id='word_1_332' title='bbox 516 2196 656 2239; x_wconf 73' lang='lat' dir='ltr'>secus</span> <span class='ocrx_word' id='word_1_333' title='bbox 678 2195 856 2239; x_wconf 85' lang='lat' dir='ltr'>fluenta</span> <span class='ocrx_word' id='word_1_334' title='bbox 875 2195 1067 2250; x_wconf 86' lang='lat' dir='ltr'>habitat,</span> <span class='ocrx_word' id='word_1_335' title='bbox 1091 2199 1144 2238; x_wconf 87' lang='lat' dir='ltr'>ut</span> <span class='ocrx_word' id='word_1_336' title='bbox 1167 2193 1292 2248; x_wconf 92' lang='lat' dir='ltr'>inde,</span> <span class='ocrx_word' id='word_1_337' title='bbox 1316 2193 1423 2237; x_wconf 87' lang='lat' dir='ltr'>viso</span> <span class='ocrx_word' id='word_1_338' title='bbox 1444 2192 1682 2249; x_wconf 79' lang='lat' dir='ltr'>accipitre,</span> <span class='ocrx_word' id='word_1_339' title='bbox 1707 2196 1889 2248; x_wconf 87' lang='lat' dir='ltr'>mergat</span> <span class='ocrx_word' id='word_1_340' title='bbox 1913 2205 1961 2237; x_wconf 86' lang='lat' dir='ltr'>se</span> <span class='ocrx_word' id='word_1_341' title='bbox 1984 2199 2030 2237; x_wconf 86' lang='lat' dir='ltr'>et</span> 
     </span>
     <span class='ocr_line' id='line_1_34' title="bbox 129 2252 2030 2313; baseline -0.001 -13"><span class='ocrx_word' id='word_1_342' title='bbox 129 2256 315 2313; x_wconf 84' lang='lat' dir='ltr'>evadat,</span> <span class='ocrx_word' id='word_1_343' title='bbox 328 2258 450 2313; x_wconf 89' lang='lat' dir='ltr'>quod</span> <span class='ocrx_word' id='word_1_344' title='bbox 467 2258 666 2313; x_wconf 85' lang='lat' dir='ltr'>pertinet</span> <span class='ocrx_word' id='word_1_345' title='bbox 678 2257 738 2301; x_wconf 86' lang='lat' dir='ltr'>ad</span> <span class='ocrx_word' id='word_1_346' title='bbox 753 2257 928 2301; x_wconf 86' lang='lat' dir='ltr'>donum</span> <span class='ocrx_word' id='word_1_347' title='bbox 941 2255 1196 2312; x_wconf 83' lang='lat' dir='ltr'>sapientiae,</span> <span class='ocrx_word' id='word_1_348' title='bbox 1213 2267 1296 2312; x_wconf 89' lang='lat' dir='ltr'>per</span> <span class='ocrx_word' id='word_1_349' title='bbox 1311 2266 1453 2311; x_wconf 87' lang='lat' dir='ltr'>quam</span> <span class='ocrx_word' id='word_1_350' title='bbox 1469 2254 1617 2298; x_wconf 86' lang='lat' dir='ltr'>sancti</span> <span class='ocrx_word' id='word_1_351' title='bbox 1633 2256 1769 2298; x_wconf 80' lang='lat' dir='ltr'>secus</span> <span class='ocrx_word' id='word_1_352' title='bbox 1784 2252 2030 2309; x_wconf 58' lang='lat' dir='ltr'>Scriptura}</span> 
     </span>
     <span class='ocr_line' id='line_1_35' title="bbox 130 2315 2029 2375; baseline -0.001 -13"><span class='ocrx_word' id='word_1_353' title='bbox 130 2318 301 2363; x_wconf 79' lang='lat' dir='ltr'>divinae</span> <span class='ocrx_word' id='word_1_354' title='bbox 323 2319 500 2364; x_wconf 88' lang='lat' dir='ltr'>fluenta</span> <span class='ocrx_word' id='word_1_355' title='bbox 521 2320 745 2375; x_wconf 85' lang='lat' dir='ltr'>resident,</span> <span class='ocrx_word' id='word_1_356' title='bbox 770 2324 822 2363; x_wconf 90' lang='lat' dir='ltr'>ut</span> <span class='ocrx_word' id='word_1_357' title='bbox 843 2319 1087 2363; x_wconf 84' lang='lat' dir='ltr'>incursum</span> <span class='ocrx_word' id='word_1_358' title='bbox 1114 2317 1285 2363; x_wconf 87' lang='lat' dir='ltr'>diaboli</span> <span class='ocrx_word' id='word_1_359' title='bbox 1310 2317 1530 2362; x_wconf 85' lang='lat' dir='ltr'>evadant.</span> <span class='ocrx_word' id='word_1_360' title='bbox 1559 2319 1669 2361; x_wconf 87' lang='lat' dir='ltr'>Item</span> <span class='ocrx_word' id='word_1_361' title='bbox 1693 2315 1909 2360; x_wconf 86' lang='lat' dir='ltr'>columba</span> <span class='ocrx_word' id='word_1_362' title='bbox 1928 2328 2029 2361; x_wconf 89' lang='lat' dir='ltr'>me-</span> 
     </span>
     <span class='ocr_line' id='line_1_36' title="bbox 129 2377 2029 2437; baseline -0.001 -13"><span class='ocrx_word' id='word_1_363' title='bbox 129 2380 244 2425; x_wconf 86' lang='lat' dir='ltr'>liora</span> <span class='ocrx_word' id='word_1_364' title='bbox 266 2393 413 2437; x_wconf 86' lang='lat' dir='ltr'>grana</span> <span class='ocrx_word' id='word_1_365' title='bbox 432 2382 560 2437; x_wconf 84' lang='lat' dir='ltr'>eligit</span> <span class='ocrx_word' id='word_1_366' title='bbox 583 2396 594 2425; x_wconf 79' lang='lat'>2</span> <span class='ocrx_word' id='word_1_367' title='bbox 617 2382 743 2437; x_wconf 90' lang='lat' dir='ltr'>quod</span> <span class='ocrx_word' id='word_1_368' title='bbox 763 2381 964 2437; x_wconf 85' lang='lat' dir='ltr'>pertinet</span> <span class='ocrx_word' id='word_1_369' title='bbox 979 2381 1038 2424; x_wconf 88' lang='lat' dir='ltr'>ad</span> <span class='ocrx_word' id='word_1_370' title='bbox 1060 2380 1238 2424; x_wconf 89' lang='lat' dir='ltr'>donum</span> <span class='ocrx_word' id='word_1_371' title='bbox 1255 2379 1479 2433; x_wconf 82' lang='lat' dir='ltr'>scientiae,</span> <span class='ocrx_word' id='word_1_372' title='bbox 1497 2380 1591 2435; x_wconf 75' lang='lat' dir='ltr'>qua</span> <span class='ocrx_word' id='word_1_373' title='bbox 1610 2377 1758 2421; x_wconf 88' lang='lat' dir='ltr'>sancti</span> <span class='ocrx_word' id='word_1_374' title='bbox 1774 2377 2029 2423; x_wconf 89' lang='lat' dir='ltr'>sententias</span> 
     </span>
     <span class='ocr_line' id='line_1_37' title="bbox 131 2439 2027 2500; baseline -0.002 -13"><span class='ocrx_word' id='word_1_375' title='bbox 131 2454 293 2499; x_wconf 83' lang='lat' dir='ltr'>sanas,</span> <span class='ocrx_word' id='word_1_376' title='bbox 321 2443 493 2500; x_wconf 87' lang='lat' dir='ltr'>quibus</span> <span class='ocrx_word' id='word_1_377' title='bbox 524 2448 796 2500; x_wconf 84' lang='lat' dir='ltr'>pascantur,</span> <span class='ocrx_word' id='word_1_378' title='bbox 834 2443 1028 2499; x_wconf 84' lang='lat' dir='ltr'>eligunt.</span> <span class='ocrx_word' id='word_1_379' title='bbox 1066 2445 1177 2487; x_wconf 88' lang='lat' dir='ltr'>Item</span> <span class='ocrx_word' id='word_1_380' title='bbox 1210 2441 1427 2485; x_wconf 85' lang='lat' dir='ltr'>columba</span> <span class='ocrx_word' id='word_1_381' title='bbox 1458 2441 1635 2485; x_wconf 88' lang='lat' dir='ltr'>alienos</span> <span class='ocrx_word' id='word_1_382' title='bbox 1669 2439 1823 2496; x_wconf 89' lang='lat' dir='ltr'>pullos</span> <span class='ocrx_word' id='word_1_383' title='bbox 1846 2439 1991 2484; x_wconf 86' lang='lat' dir='ltr'>nutrit</span> <span class='ocrx_word' id='word_1_384' title='bbox 2016 2456 2027 2483; x_wconf 90' lang='lat'>:</span> 
     </span>
     <span class='ocr_line' id='line_1_38' title="bbox 131 2502 2027 2562; baseline -0.001 -13"><span class='ocrx_word' id='word_1_385' title='bbox 131 2504 255 2562; x_wconf 85' lang='lat' dir='ltr'>quod</span> <span class='ocrx_word' id='word_1_386' title='bbox 280 2505 481 2562; x_wconf 82' lang='lat' dir='ltr'>pertinet</span> <span class='ocrx_word' id='word_1_387' title='bbox 495 2506 554 2550; x_wconf 88' lang='lat' dir='ltr'>ad</span> <span class='ocrx_word' id='word_1_388' title='bbox 570 2506 747 2550; x_wconf 89' lang='lat' dir='ltr'>donum</span> <span class='ocrx_word' id='word_1_389' title='bbox 763 2504 962 2560; x_wconf 87' lang='lat' dir='ltr'>consilii,</span> <span class='ocrx_word' id='word_1_390' title='bbox 981 2517 1073 2561; x_wconf 89' lang='lat' dir='ltr'>quo</span> <span class='ocrx_word' id='word_1_391' title='bbox 1088 2504 1239 2548; x_wconf 85' lang='lat' dir='ltr'>sancti</span> <span class='ocrx_word' id='word_1_392' title='bbox 1253 2516 1334 2548; x_wconf 90' lang='lat' dir='ltr'>eos</span> <span class='ocrx_word' id='word_1_393' title='bbox 1350 2503 1579 2558; x_wconf 88' lang='lat' dir='ltr'>homines,</span> <span class='ocrx_word' id='word_1_394' title='bbox 1597 2502 1676 2558; x_wconf 91' lang='lat' dir='ltr'>qui</span> <span class='ocrx_word' id='word_1_395' title='bbox 1692 2502 1883 2547; x_wconf 85' lang='lat' dir='ltr'>fuerunt</span> <span class='ocrx_word' id='word_1_396' title='bbox 1898 2503 2027 2559; x_wconf 91' lang='lat' dir='ltr'>pulli,</span> 
     </span>
     <span class='ocr_line' id='line_1_39' title="bbox 131 2564 2028 2623; baseline -0.002 -11"><span class='ocrx_word' id='word_1_397' title='bbox 131 2565 179 2612; x_wconf 87' lang='lat' dir='ltr'>id</span> <span class='ocrx_word' id='word_1_398' title='bbox 193 2574 283 2621; x_wconf 87' lang='lat' dir='ltr'>est,</span> <span class='ocrx_word' id='word_1_399' title='bbox 304 2567 559 2612; x_wconf 89' lang='lat' dir='ltr'>imitatores</span> <span class='ocrx_word' id='word_1_400' title='bbox 579 2567 769 2623; x_wconf 90' lang='lat' dir='ltr'>diaboli,</span> <span class='ocrx_word' id='word_1_401' title='bbox 782 2565 998 2611; x_wconf 51' lang='lat' dir='ltr'>‘doctrina</span> <span class='ocrx_word' id='word_1_402' title='bbox 1020 2566 1232 2610; x_wconf 85' lang='lat' dir='ltr'>nutriunt</span> <span class='ocrx_word' id='word_1_403' title='bbox 1252 2572 1299 2610; x_wconf 88' lang='lat' dir='ltr'>et</span> <span class='ocrx_word' id='word_1_404' title='bbox 1314 2565 1544 2622; x_wconf 85' lang='lat' dir='ltr'>exemplo.</span> <span class='ocrx_word' id='word_1_405' title='bbox 1568 2567 1681 2609; x_wconf 87' lang='lat' dir='ltr'>Item</span> <span class='ocrx_word' id='word_1_406' title='bbox 1699 2564 1916 2609; x_wconf 87' lang='lat' dir='ltr'>columba</span> <span class='ocrx_word' id='word_1_407' title='bbox 1934 2577 2028 2610; x_wconf 88' lang='lat' dir='ltr'>non</span> 
     </span>
     <span class='ocr_line' id='line_1_40' title="bbox 131 2627 2029 2687; baseline -0.001 -15"><span class='ocrx_word' id='word_1_408' title='bbox 131 2629 301 2675; x_wconf 85' lang='lat' dir='ltr'>lacerat</span> <span class='ocrx_word' id='word_1_409' title='bbox 322 2636 474 2674; x_wconf 88' lang='lat' dir='ltr'>rostro</span> <span class='ocrx_word' id='word_1_410' title='bbox 499 2645 510 2674; x_wconf 89' lang='lat'>:</span> <span class='ocrx_word' id='word_1_411' title='bbox 534 2630 660 2687; x_wconf 88' lang='lat' dir='ltr'>quod</span> <span class='ocrx_word' id='word_1_412' title='bbox 679 2629 881 2687; x_wconf 87' lang='lat' dir='ltr'>pertinet</span> <span class='ocrx_word' id='word_1_413' title='bbox 898 2629 961 2674; x_wconf 89' lang='lat' dir='ltr'>ad</span> <span class='ocrx_word' id='word_1_414' title='bbox 983 2629 1158 2674; x_wconf 89' lang='lat' dir='ltr'>donum</span> <span class='ocrx_word' id='word_1_415' title='bbox 1180 2628 1443 2674; x_wconf 78' lang='lat' dir='ltr'>intellectus</span> <span class='ocrx_word' id='word_1_416' title='bbox 1461 2640 1556 2686; x_wconf 83' lang='lat' dir='ltr'>quo</span> <span class='ocrx_word' id='word_1_417' title='bbox 1577 2627 1723 2672; x_wconf 90' lang='lat' dir='ltr'>sancti</span> <span class='ocrx_word' id='word_1_418' title='bbox 1750 2628 1898 2673; x_wconf 86' lang='lat' dir='ltr'>bonas</span> <span class='ocrx_word' id='word_1_419' title='bbox 1919 2640 2029 2674; x_wconf 84' lang='lat' dir='ltr'>sen-</span> 
     </span>
     <span class='ocr_line' id='line_1_41' title="bbox 134 2689 2029 2749; baseline -0.001 -13"><span class='ocrx_word' id='word_1_420' title='bbox 134 2692 301 2736; x_wconf 83' lang='lat' dir='ltr'>tentias</span> <span class='ocrx_word' id='word_1_421' title='bbox 330 2691 578 2736; x_wconf 86' lang='lat' dir='ltr'>lacerando</span> <span class='ocrx_word' id='word_1_422' title='bbox 600 2703 695 2736; x_wconf 87' lang='lat' dir='ltr'>non</span> <span class='ocrx_word' id='word_1_423' title='bbox 715 2695 1003 2749; x_wconf 86' lang='lat' dir='ltr'>pervertunt,</span> <span class='ocrx_word' id='word_1_424' title='bbox 1028 2691 1350 2736; x_wconf 84' lang='lat' dir='ltr'>haereticorum</span> <span class='ocrx_word' id='word_1_425' title='bbox 1370 2702 1515 2735; x_wconf 82' lang='lat' dir='ltr'>more.</span> <span class='ocrx_word' id='word_1_426' title='bbox 1547 2692 1659 2734; x_wconf 89' lang='lat' dir='ltr'>Item</span> <span class='ocrx_word' id='word_1_427' title='bbox 1685 2689 1901 2734; x_wconf 87' lang='lat' dir='ltr'>columba</span> <span class='ocrx_word' id='word_1_428' title='bbox 1925 2689 2029 2734; x_wconf 91' lang='lat' dir='ltr'>felle</span> 
     </span>
     <span class='ocr_line' id='line_1_42' title="bbox 133 2751 2028 2812; baseline -0.002 -13"><span class='ocrx_word' id='word_1_429' title='bbox 133 2758 259 2799; x_wconf 81' lang='lat' dir='ltr'>caret</span> <span class='ocrx_word' id='word_1_430' title='bbox 275 2769 291 2798; x_wconf 88' lang='lat'>:</span> <span class='ocrx_word' id='word_1_431' title='bbox 312 2754 438 2811; x_wconf 88' lang='lat' dir='ltr'>quod</span> <span class='ocrx_word' id='word_1_432' title='bbox 460 2753 663 2812; x_wconf 86' lang='lat' dir='ltr'>pertinet</span> <span class='ocrx_word' id='word_1_433' title='bbox 680 2754 742 2799; x_wconf 78' lang='lat' dir='ltr'>ad</span> <span class='ocrx_word' id='word_1_434' title='bbox 766 2753 944 2798; x_wconf 90' lang='lat' dir='ltr'>donum</span> <span class='ocrx_word' id='word_1_435' title='bbox 961 2753 1165 2810; x_wconf 84' lang='lat' dir='ltr'>pietatis,</span> <span class='ocrx_word' id='word_1_436' title='bbox 1191 2765 1275 2810; x_wconf 86' lang='lat' dir='ltr'>per</span> <span class='ocrx_word' id='word_1_437' title='bbox 1293 2764 1438 2810; x_wconf 87' lang='lat' dir='ltr'>quam</span> <span class='ocrx_word' id='word_1_438' title='bbox 1465 2751 1613 2797; x_wconf 89' lang='lat' dir='ltr'>sancti</span> <span class='ocrx_word' id='word_1_439' title='bbox 1638 2751 1707 2796; x_wconf 75' lang='lat' dir='ltr'>ira</span> <span class='ocrx_word' id='word_1_440' title='bbox 1729 2751 2028 2796; x_wconf 85' lang='lat' dir='ltr'>irrationabili</span> 
     </span>
     <span class='ocr_line' id='line_1_43' title="bbox 132 2813 2028 2873; baseline -0.001 -13"><span class='ocrx_word' id='word_1_441' title='bbox 132 2820 308 2861; x_wconf 84' lang='lat' dir='ltr'>carent.</span> <span class='ocrx_word' id='word_1_442' title='bbox 331 2819 442 2861; x_wconf 85' lang='lat' dir='ltr'>Item</span> <span class='ocrx_word' id='word_1_443' title='bbox 459 2816 676 2862; x_wconf 86' lang='lat' dir='ltr'>columba</span> <span class='ocrx_word' id='word_1_444' title='bbox 694 2815 745 2860; x_wconf 88' lang='lat' dir='ltr'>in</span> <span class='ocrx_word' id='word_1_445' title='bbox 769 2816 984 2862; x_wconf 85' lang='lat' dir='ltr'>cavernis</span> <span class='ocrx_word' id='word_1_446' title='bbox 999 2821 1140 2873; x_wconf 81' lang='lat' dir='ltr'>petrae</span> <span class='ocrx_word' id='word_1_447' title='bbox 1156 2814 1364 2860; x_wconf 85' lang='lat' dir='ltr'>nidificat</span> <span class='ocrx_word' id='word_1_448' title='bbox 1383 2817 1440 2869; x_wconf 73' lang='lat'>(2)</span> <span class='ocrx_word' id='word_1_449' title='bbox 1464 2829 1475 2858; x_wconf 71' lang='grc' dir='ltr'>ε</span> <span class='ocrx_word' id='word_1_450' title='bbox 1498 2814 1624 2872; x_wconf 88' lang='lat' dir='ltr'>quod</span> <span class='ocrx_word' id='word_1_451' title='bbox 1645 2814 1844 2871; x_wconf 83' lang='lat' dir='ltr'>pertinet</span> <span class='ocrx_word' id='word_1_452' title='bbox 1867 2813 1926 2858; x_wconf 90' lang='lat' dir='ltr'>ad</span> <span class='ocrx_word' id='word_1_453' title='bbox 1949 2814 2028 2859; x_wconf 86' lang='lat' dir='ltr'>do—</span> 
     </span>
     <span class='ocr_line' id='line_1_44' title="bbox 134 2874 2027 2936; baseline -0.001 -14"><span class='ocrx_word' id='word_1_454' title='bbox 134 2889 247 2923; x_wconf 86' lang='lat' dir='ltr'>num</span> <span class='ocrx_word' id='word_1_455' title='bbox 267 2879 570 2935; x_wconf 82' lang='lat' dir='ltr'>fortitudinis,</span> <span class='ocrx_word' id='word_1_456' title='bbox 593 2882 686 2935; x_wconf 77' lang='lat' dir='ltr'>qua</span> <span class='ocrx_word' id='word_1_457' title='bbox 713 2879 865 2924; x_wconf 86' lang='lat' dir='ltr'>sancti</span> <span class='ocrx_word' id='word_1_458' title='bbox 894 2880 943 2923; x_wconf 86' lang='lat' dir='ltr'>in</span> <span class='ocrx_word' id='word_1_459' title='bbox 974 2879 1123 2936; x_wconf 79' lang='lat' dir='ltr'>plagis</span> <span class='ocrx_word' id='word_1_460' title='bbox 1145 2877 1308 2923; x_wconf 86' lang='lat' dir='ltr'>mortis</span> <span class='ocrx_word' id='word_1_461' title='bbox 1325 2878 1508 2933; x_wconf 85' lang='lat' dir='ltr'>Christi,</span> <span class='ocrx_word' id='word_1_462' title='bbox 1531 2876 1612 2934; x_wconf 85' lang='lat' dir='ltr'>qui</span> <span class='ocrx_word' id='word_1_463' title='bbox 1632 2880 1703 2921; x_wconf 89' lang='lat' dir='ltr'>est</span> <span class='ocrx_word' id='word_1_464' title='bbox 1724 2881 1855 2934; x_wconf 86' lang='lat' dir='ltr'>petra</span> <span class='ocrx_word' id='word_1_465' title='bbox 1877 2874 2027 2932; x_wconf 84' lang='lat' dir='ltr'>firma,</span> 
     </span>
     <span class='ocr_line' id='line_1_45' title="bbox 135 2937 2030 2999; baseline 0.001 -16"><span class='ocrx_word' id='word_1_466' title='bbox 135 2938 295 2984; x_wconf 89' lang='lat' dir='ltr'>nidum</span> <span class='ocrx_word' id='word_1_467' title='bbox 313 2947 510 2999; x_wconf 86' lang='lat' dir='ltr'>ponunt,</span> <span class='ocrx_word' id='word_1_468' title='bbox 527 2941 573 2986; x_wconf 93' lang='lat' dir='ltr'>id</span> <span class='ocrx_word' id='word_1_469' title='bbox 593 2946 680 2998; x_wconf 92' lang='lat' dir='ltr'>est,</span> <span class='ocrx_word' id='word_1_470' title='bbox 702 2954 842 2986; x_wconf 89' lang='lat' dir='ltr'>suum</span> <span class='ocrx_word' id='word_1_471' title='bbox 861 2941 1095 2997; x_wconf 85' lang='lat' dir='ltr'>refugium</span> <span class='ocrx_word' id='word_1_472' title='bbox 1115 2946 1161 2985; x_wconf 93' lang='lat' dir='ltr'>et</span> <span class='ocrx_word' id='word_1_473' title='bbox 1181 2952 1328 2997; x_wconf 89' lang='lat' dir='ltr'>spem.</span> <span class='ocrx_word' id='word_1_474' title='bbox 1345 2942 1456 2984; x_wconf 90' lang='lat' dir='ltr'>Item</span> <span class='ocrx_word' id='word_1_475' title='bbox 1472 2938 1690 2984; x_wconf 89' lang='lat' dir='ltr'>columba</span> <span class='ocrx_word' id='word_1_476' title='bbox 1706 2937 1932 2995; x_wconf 84' lang='lat' dir='ltr'>gemitum</span> <span class='ocrx_word' id='word_1_477' title='bbox 1946 2950 2030 2996; x_wconf 89' lang='lat' dir='ltr'>pro</span> 
     </span>
     <span class='ocr_line' id='line_1_46' title="bbox 134 2999 2030 3061; baseline -0.001 -16"><span class='ocrx_word' id='word_1_478' title='bbox 134 3007 276 3046; x_wconf 86' lang='lat' dir='ltr'>cantu</span> <span class='ocrx_word' id='word_1_479' title='bbox 299 3003 454 3060; x_wconf 88' lang='lat' dir='ltr'>habet,</span> <span class='ocrx_word' id='word_1_480' title='bbox 484 3004 609 3060; x_wconf 88' lang='lat' dir='ltr'>quod</span> <span class='ocrx_word' id='word_1_481' title='bbox 636 3004 836 3061; x_wconf 87' lang='lat' dir='ltr'>pertinet</span> <span class='ocrx_word' id='word_1_482' title='bbox 864 3004 925 3049; x_wconf 88' lang='lat' dir='ltr'>ad</span> <span class='ocrx_word' id='word_1_483' title='bbox 946 3004 1126 3049; x_wconf 86' lang='lat' dir='ltr'>donum</span> <span class='ocrx_word' id='word_1_484' title='bbox 1153 3002 1349 3058; x_wconf 87' lang='lat' dir='ltr'>timoris,</span> <span class='ocrx_word' id='word_1_485' title='bbox 1373 3014 1469 3060; x_wconf 88' lang='lat' dir='ltr'>quo</span> <span class='ocrx_word' id='word_1_486' title='bbox 1490 3001 1639 3046; x_wconf 87' lang='lat' dir='ltr'>sancti</span> <span class='ocrx_word' id='word_1_487' title='bbox 1669 3000 1960 3046; x_wconf 88' lang='lat' dir='ltr'>delectantur</span> <span class='ocrx_word' id='word_1_488' title='bbox 1981 2999 2030 3044; x_wconf 87' lang='lat' dir='ltr'>in</span> 
     </span>
    </p>
   </div>
   <div class='ocr_carea' id='block_1_3' title="bbox 132 3067 2036 3315">
    <p class='ocr_par' dir='ltr' id='par_1_5' title="bbox 132 3067 2036 3315">
     <span class='ocr_line' id='line_1_47' title="bbox 133 3067 2030 3129; baseline 0 -17"><span class='ocrx_word' id='word_1_489' title='bbox 133 3067 310 3124; x_wconf 82' lang='lat' dir='ltr'>gemitu</span> <span class='ocrx_word' id='word_1_490' title='bbox 340 3082 424 3125; x_wconf 88' lang='lat' dir='ltr'>pro</span> <span class='ocrx_word' id='word_1_491' title='bbox 453 3071 672 3126; x_wconf 83' lang='lat' dir='ltr'>peccatis.</span> <span class='ocrx_word' id='word_1_492' title='bbox 701 3071 850 3116; x_wconf 79' lang='lat' dir='ltr'>Tertio</span> <span class='ocrx_word' id='word_1_493' title='bbox 879 3071 1095 3129; x_wconf 88' lang='lat' dir='ltr'>apparuit</span> <span class='ocrx_word' id='word_1_494' title='bbox 1120 3071 1317 3128; x_wconf 88' lang='lat' dir='ltr'>Spiritus</span> <span class='ocrx_word' id='word_1_495' title='bbox 1336 3075 1529 3115; x_wconf 82' lang='lat' dir='ltr'>sanctus</span> <span class='ocrx_word' id='word_1_496' title='bbox 1550 3069 1599 3114; x_wconf 90' lang='lat' dir='ltr'>in</span> <span class='ocrx_word' id='word_1_497' title='bbox 1621 3067 1778 3126; x_wconf 83' lang='lat' dir='ltr'>specie</span> <span class='ocrx_word' id='word_1_498' title='bbox 1799 3067 2030 3113; x_wconf 66' lang='lat' dir='ltr'>columbae</span> 
     </span>
     <span class='ocr_line' id='line_1_48' title="bbox 133 3127 2036 3191; baseline -0.001 -17"><span class='ocrx_word' id='word_1_499' title='bbox 133 3136 321 3188; x_wconf 77' lang='lat' dir='ltr'>propter</span> <span class='ocrx_word' id='word_1_500' title='bbox 343 3131 560 3176; x_wconf 83' lang='lat' dir='ltr'>effectum</span> <span class='ocrx_word' id='word_1_501' title='bbox 576 3132 812 3191; x_wconf 84' lang='lat' dir='ltr'>baptismi,</span> <span class='ocrx_word' id='word_1_502' title='bbox 832 3133 914 3191; x_wconf 90' lang='lat' dir='ltr'>qui</span> <span class='ocrx_word' id='word_1_503' title='bbox 930 3139 1004 3179; x_wconf 90' lang='lat' dir='ltr'>est</span> <span class='ocrx_word' id='word_1_504' title='bbox 1019 3133 1232 3178; x_wconf 87' lang='lat' dir='ltr'>remissio</span> <span class='ocrx_word' id='word_1_505' title='bbox 1248 3137 1563 3190; x_wconf 87' lang='lat' dir='ltr'>peccatorum,</span> <span class='ocrx_word' id='word_1_506' title='bbox 1583 3135 1629 3176; x_wconf 92' lang='lat' dir='ltr'>et</span> <span class='ocrx_word' id='word_1_507' title='bbox 1642 3130 1955 3175; x_wconf 84' lang='lat' dir='ltr'>reconciliatio</span> <span class='ocrx_word' id='word_1_508' title='bbox 1969 3127 2036 3174; x_wconf 57' lang='lat' dir='ltr'>ad*</span> 
     </span>
     <span class='ocr_line' id='line_1_49' title="bbox 132 3193 2030 3252; baseline -0.001 -15"><span class='ocrx_word' id='word_1_509' title='bbox 132 3195 293 3238; x_wconf 88' lang='lat' dir='ltr'>Deum.</span> <span class='ocrx_word' id='word_1_510' title='bbox 313 3193 534 3237; x_wconf 84' lang='lat' dir='ltr'>Columba</span> <span class='ocrx_word' id='word_1_511' title='bbox 557 3195 684 3239; x_wconf 87' lang='lat' dir='ltr'>enim</span> <span class='ocrx_word' id='word_1_512' title='bbox 705 3201 775 3240; x_wconf 91' lang='lat' dir='ltr'>est</span> <span class='ocrx_word' id='word_1_513' title='bbox 794 3196 967 3241; x_wconf 88' lang='lat' dir='ltr'>animal</span> <span class='ocrx_word' id='word_1_514' title='bbox 981 3201 1282 3241; x_wconf 90' lang='lat' dir='ltr'>mansuetum</span> <span class='ocrx_word' id='word_1_515' title='bbox 1303 3209 1314 3238; x_wconf 89' lang='lat'><strong>:</strong></span> <span class='ocrx_word' id='word_1_516' title='bbox 1336 3199 1384 3240; x_wconf 89' lang='lat' dir='ltr'>et</span> <span class='ocrx_word' id='word_1_517' title='bbox 1397 3195 1519 3252; x_wconf 89' lang='lat' dir='ltr'>ideo,</span> <span class='ocrx_word' id='word_1_518' title='bbox 1536 3194 1658 3239; x_wconf 90' lang='lat' dir='ltr'>sicut</span> <span class='ocrx_word' id='word_1_519' title='bbox 1672 3193 2030 3250; x_wconf 81' lang='lat' dir='ltr'>chrysostomus</span> 
     </span>
     <span class='ocr_line' id='line_1_50' title="bbox 136 3253 2028 3315; baseline -0.001 -16"><span class='ocrx_word' id='word_1_520' title='bbox 136 3253 246 3299; x_wconf 86' lang='lat' dir='ltr'>dicit</span> <span class='ocrx_word' id='word_1_521' title='bbox 265 3256 428 3311; x_wconf 90' lang='lat' dir='ltr'>(Super</span> <span class='ocrx_word' id='word_1_522' title='bbox 450 3257 602 3300; x_wconf 81' lang='lat' dir='ltr'>Matth.</span> <span class='ocrx_word' id='word_1_523' title='bbox 623 3257 780 3302; x_wconf 87' lang='lat' dir='ltr'>homil.</span> <span class='ocrx_word' id='word_1_524' title='bbox 804 3272 877 3315; x_wconf 85' lang='lat' dir='ltr'>xn,</span> <span class='ocrx_word' id='word_1_525' title='bbox 901 3263 1067 3315; x_wconf 80' lang='lat' dir='ltr'>parum</span> <span class='ocrx_word' id='word_1_526' title='bbox 1087 3263 1195 3303; x_wconf 90' lang='lat' dir='ltr'>ante</span> <span class='ocrx_word' id='word_1_527' title='bbox 1213 3257 1374 3314; x_wconf 89' lang='lat' dir='ltr'>med.),</span> <span class='ocrx_word' id='word_1_528' title='bbox 1404 3274 1424 3296; x_wconf 77' lang='grc' dir='ltr'><strong>α</strong></span> <span class='ocrx_word' id='word_1_529' title='bbox 1441 3257 1490 3301; x_wconf 91' lang='lat' dir='ltr'>in</span> <span class='ocrx_word' id='word_1_530' title='bbox 1513 3254 1686 3301; x_wconf 91' lang='lat' dir='ltr'>diluvio</span> <span class='ocrx_word' id='word_1_531' title='bbox 1706 3253 1920 3311; x_wconf 89' lang='lat' dir='ltr'>apparuit</span> <span class='ocrx_word' id='word_1_532' title='bbox 1941 3253 2028 3297; x_wconf 84' lang='lat' dir='ltr'>hoc</span> 
     </span>
    </p>
   </div>
   <div class='ocr_carea' id='block_1_4' title="bbox 136 3350 2024 3498">
    <p class='ocr_par' dir='ltr' id='par_1_6' title="bbox 136 3350 2024 3498">
     <span class='ocr_line' id='line_1_51' title="bbox 175 3350 2024 3396; baseline 0.002 -10"><span class='ocrx_word' id='word_1_533' title='bbox 175 3353 219 3396; x_wconf 75' lang='grc'>(4)</span> <span class='ocrx_word' id='word_1_534' title='bbox 239 3352 290 3387; x_wconf 79' lang='lat' dir='ltr'>Ita</span> <span class='ocrx_word' id='word_1_535' title='bbox 308 3364 384 3387; x_wconf 88' lang='lat' dir='ltr'>cum</span> <span class='ocrx_word' id='word_1_536' title='bbox 409 3353 528 3387; x_wconf 77' lang='lat' dir='ltr'>Gai-cia</span> <span class='ocrx_word' id='word_1_537' title='bbox 553 3354 754 3389; x_wconf 82' lang='lat' dir='ltr'>recentioris</span> <span class='ocrx_word' id='word_1_538' title='bbox 779 3354 873 3389; x_wconf 81' lang='lat' dir='ltr'>editi.</span> <span class='ocrx_word' id='word_1_539' title='bbox 900 3355 1039 3392; x_wconf 82' lang='lat' dir='ltr'>Veteres</span> <span class='ocrx_word' id='word_1_540' title='bbox 1124 3355 1290 3391; x_wconf 77' lang='lat' dir='ltr'>columba</span> <span class='ocrx_word' id='word_1_541' title='bbox 1305 3364 1405 3395; x_wconf 84' lang='lat' dir='ltr'>mea,</span> <span class='ocrx_word' id='word_1_542' title='bbox 1425 3352 1556 3395; x_wconf 81' lang='lat' dir='ltr'>inquit,</span> <span class='ocrx_word' id='word_1_543' title='bbox 1577 3353 1619 3387; x_wconf 69' lang='lat' dir='ltr'>in</span> <span class='ocrx_word' id='word_1_544' title='bbox 1631 3350 1879 3394; x_wconf 65' lang='lat' dir='ltr'>foraminibus</span> <span class='ocrx_word' id='word_1_545' title='bbox 1898 3351 2024 3394; x_wconf 64' lang='grc' dir='ltr'><em>ΡθὶΥΦι</em></span> 
     </span>
     <span class='ocr_line' id='line_1_52' title="bbox 136 3401 1539 3444; baseline 0.001 -9"><span class='ocrx_word' id='word_1_546' title='bbox 136 3413 211 3435; x_wconf 85' lang='lat' dir='ltr'>cum</span> <span class='ocrx_word' id='word_1_547' title='bbox 226 3401 303 3435; x_wconf 86' lang='lat' dir='ltr'>Mss.</span> <span class='ocrx_word' id='word_1_548' title='bbox 317 3412 386 3444; x_wconf 81' lang='lat' dir='ltr'>per</span> <span class='ocrx_word' id='word_1_549' title='bbox 404 3402 562 3435; x_wconf 75' lang='lat' dir='ltr'>accionis</span> <span class='ocrx_word' id='word_1_550' title='bbox 578 3403 739 3437; x_wconf 75' lang='lat' dir='ltr'>modum.</span> <span class='ocrx_word' id='word_1_551' title='bbox 1124 3407 1166 3439; x_wconf 74' lang='lat' dir='ltr'>in</span> <span class='ocrx_word' id='word_1_552' title='bbox 1181 3413 1341 3439; x_wconf 81' lang='lat' dir='ltr'>caverna</span> <span class='ocrx_word' id='word_1_553' title='bbox 1355 3401 1539 3438; x_wconf 77' lang='lat' dir='ltr'>macoriae.</span> 
     </span>
     <span class='ocr_line' id='line_1_53' title="bbox 177 3449 1041 3498; baseline 0.007 -15"><span class='ocrx_word' id='word_1_554' title='bbox 177 3450 217 3492; x_wconf 87' lang='lat'>(2)</span> <span class='ocrx_word' id='word_1_555' title='bbox 229 3449 278 3483; x_wconf 69' lang='lat' dir='ltr'>Ad</span> <span class='ocrx_word' id='word_1_556' title='bbox 293 3449 381 3491; x_wconf 85' lang='lat' dir='ltr'>quod</span> <span class='ocrx_word' id='word_1_557' title='bbox 399 3449 550 3486; x_wconf 81' lang='lat' dir='ltr'>alludens</span> <span class='ocrx_word' id='word_1_558' title='bbox 558 3451 665 3494; x_wconf 84' lang='lat' dir='ltr'>(Cant.</span> <span class='ocrx_word' id='word_1_559' title='bbox 683 3453 722 3494; x_wconf 87' lang='lat'>11)</span> <span class='ocrx_word' id='word_1_560' title='bbox 741 3452 888 3492; x_wconf 85' lang='lat' dir='ltr'>Sponsus</span> <span class='ocrx_word' id='word_1_561' title='bbox 904 3464 911 3486; x_wconf 91' lang='lat'>:</span> <span class='ocrx_word' id='word_1_562' title='bbox 934 3453 1041 3498; x_wconf 70' lang='lat' dir='ltr'>Veni.</span> 
     </span>
    </p>
   </div>
  </div>
 </body>
</html>
