2170 3808
776 234 975 285 QUAEST.
1007 233 1174 289 XXXII,
1202 234 1318 276 ART.
1349 234 1382 278 1.
1937 237 2017 279 267

134 314 212 359 alii
248 314 317 360 sic
336 315 525 359 fuerunt
546 313 594 358 in
630 313 874 369 Abraham,
916 318 968 359 ut
998 326 1056 358 ex
1094 326 1150 358 eo
1184 314 1501 358 derivarentur
1540 327 1634 359 non
1666 314 1817 360 solum
1852 326 2019 360 secun-

134 375 247 421 dum
285 375 604 432 corpulentam
640 374 963 431 substantiam,
1003 375 1084 419 sed
1124 374 1264 419 etiam
1308 375 1568 420 secundum
1608 376 1832 421 rationem
1875 377 2018 420 semi-

85 453 88 457 ·
131 437 312 493 nalem,
351 449 434 494 per
465 448 605 494 quam
649 436 872 491 originale
910 440 1150 494 peccatum
1192 435 1493 481 contrahitur.
1532 439 1585 481 Et
1618 437 1722 483 ideo
1764 450 1928 482 omnes
1969 438 2018 484 in

131 497 361 545 Abraham
389 502 502 543 sunt
533 497 763 555 decimati,
786 498 834 544 id
865 502 952 555 est,
983 495 1267 554 praefigurati
1297 497 1505 552 indigere
1535 499 1791 557 curatione,
1815 512 1919 557 quae
1946 504 2018 545 est

131 570 217 616 per
237 558 479 604 Christum.
517 557 648 604 Solus
681 563 838 604 autem
868 558 1076 602 Christus
1097 556 1165 602 sic
1185 556 1273 601 fuit
1307 555 1356 601 in
1391 557 1617 602 Abraham
1641 564 1694 604 ut
1724 560 1783 604 ab
1818 572 1873 604 eo
1895 561 2018 606 deri-

131 624 318 666 varetur
337 632 431 664 non
463 619 721 665 secundum
755 620 980 664 rationem
1003 617 1292 674 seminalem,
1316 617 1400 662 sed
1424 618 1679 663 secundum
1699 622 2015 677 corpulentam

131 682 453 728 substantiam.
498 684 552 727 Et
585 682 689 727 ideo
733 694 828 727 non
863 681 951 726 fuit
988 681 1036 726 in
1074 680 1301 725 Abraham
1342 680 1462 725 sicut
1496 681 1734 727 curatione
1771 683 2013 744 indigens,

132 742 216 787 sed
250 743 399 800 magis
430 743 550 788 sicut
582 743 791 789 vulneris
812 742 1058 788 medicina.
1088 745 1142 787 Et
1172 741 1277 789 ideo
1306 754 1401 786 non
1432 741 1519 786 fuit
1541 742 1590 785 in
1620 742 1793 787 lumbis
1824 744 2015 791 Abrahae

133 802 404 849 decimatus.

185 867 240 910 Et
260 878 342 923 per
361 865 449 911 hoc
462 869 589 923 patet
607 867 850 922 responsio
869 866 927 912 ad
945 869 1157 922 primum.

185 927 252 972 Ad
268 928 509 972 secundum
533 927 798 986 dicendum,
818 928 943 986 quod
959 929 1067 985 quia
1081 929 1130 972 B.
1150 927 1285 984 Virgo
1300 928 1387 973 fuit
1403 928 1453 972 in
1473 928 1683 984 originali
1698 932 1888 985 peccato
1904 941 2014 973 con-

130 992 263 1045 cepta
279 991 356 1045 (1),
368 989 456 1034 suit
466 989 511 1034 in
525 990 753 1035 Abraham
770 990 889 1035 sicut
903 991 1140 1034 curatione
1159 989 1375 1047 indigens
1385 1004 1398 1046 3
1410 993 1456 1034 et
1466 989 1569 1035 ideo
1587 990 1674 1034 suit
1690 990 1753 1035 ibi
1768 989 2010 1047 decimata,
2086 1019 2091 1022 -

130 1049 260 1096 velut
279 1050 387 1096 inde
409 1051 697 1097 descendens
721 1052 976 1097 secundum
996 1051 1267 1096 seminalem
1292 1051 1533 1097 rationem.
1557 1054 1618 1096 De
1640 1063 1831 1108 corpore
1859 1056 2014 1098 autem

131 1109 293 1157 Christi
309 1125 403 1157 non
429 1117 500 1158 est
522 1113 605 1170 sic,
623 1118 676 1158 ut
693 1113 863 1158 dictum
886 1117 958 1157 est
973 1114 1076 1168 (art.
1095 1115 1269 1170 praec.).

183 1173 250 1219 Ad
264 1178 443 1220 tertium
461 1175 725 1231 dicendum,
743 1175 865 1231 quod
881 1187 986 1219 caro
1002 1174 1164 1218 Christi
1180 1174 1345 1220 dicitur
1362 1174 1505 1219 fuisse
1522 1175 1571 1218 in
1586 1175 1788 1231 antiquis
1803 1175 2014 1232 patribus

127 1239 317 1289 peccato
331 1237 546 1292 obnoxia,
567 1236 824 1281 secundum
845 1235 1113 1293 qualitatem
1145 1248 1285 1292 quam
1305 1235 1467 1280 habuit
1484 1235 1533 1279 in
1552 1235 1665 1292 ipsis
1685 1236 1912 1293 patribus,
1931 1235 2011 1294 qui

127 1293 318 1342 fuerunt
336 1297 563 1354 decimati,
584 1310 679 1342 non
701 1303 856 1342 autem
875 1297 1133 1343 secundum
1158 1297 1425 1355 qualitatem
1444 1309 1584 1354 quam
1602 1296 1756 1352 habet,
1777 1301 1918 1354 prout
1941 1301 2013 1343 est

127 1359 236 1400 actu
257 1356 306 1401 in
320 1351 512 1412 Chri'st0,
536 1358 616 1415 qui
636 1372 731 1403 non
754 1363 825 1404 est
852 1358 1124 1404 decimatus.

181 1417 248 1462 Ad
268 1423 480 1475 quartum
513 1420 780 1479 dicendum,
818 1420 942 1477 quod
966 1419 1272 1467 sacerdotium
1301 1420 1554 1464 Leviticum
1583 1419 1840 1464 sec-undum
1857 1420 2012 1465 carnis

127 1477 352 1535 originem
366 1481 676 1526 derivabatur.
697 1482 825 1527 Unde
840 1494 932 1525 non
947 1482 1104 1526 minus
1118 1481 1204 1525 fuit
1218 1482 1265 1526 in
1278 1481 1503 1526 Abraham
1524 1480 1664 1537 quam
1678 1480 1726 1524 in
1747 1480 1871 1526 Levi.
1883 1480 2012 1544 Unde

127 1551 210 1595 per
223 1540 312 1585 hoc
330 1541 454 1598 quod
466 1542 694 1588 Abraham
713 1543 917 1588 decimas
933 1543 1060 1588 dedit
1077 1543 1405 1588 Melchisedech
1420 1547 1642 1598 tanquam
1656 1542 1837 1598 majori,
1856 1546 2011 1588 osten-

128 1599 253 1646 ditur
266 1604 573 1649 sacerdotium
601 1604 944 1661 Melchisedech,
970 1605 1248 1661 inquantum
1272 1605 1390 1661 gerit
1407 1605 1604 1661 figuram
1628 1603 1790 1648 Christi
1808 1606 1884 1660 (2),
1906 1616 2010 1666 esse

128 1661 280 1718 maius
299 1665 554 1710 sacerdotio
575 1665 787 1710 Levitico.
814 1666 1127 1711 Sacerdotium
1150 1670 1304 1711 autem
1327 1666 1490 1712 Christi
1512 1677 1605 1708 non
1626 1665 1835 1721 sequitur
1855 1666 2009 1711 carnis

129 1723 371 1781 originem,
391 1727 474 1772 sed
502 1727 695 1783 gratiam
718 1727 1019 1784 spiritualem.
1046 1730 1099 1772 Et
1116 1728 1219 1772 ideo
1246 1732 1397 1784 potest
1418 1739 1519 1771 esse
1538 1726 1663 1783 quod
1680 1731 1810 1784 pater
1827 1726 1904 1772 det
1925 1727 2006 1772 de-

129 1784 274 1831 cimas
294 1786 431 1833 alicui
455 1789 698 1840 sacerdoti,
730 1795 954 1846 tanquam
971 1789 1123 1834 minor
1142 1790 1328 1847 majori3
1350 1794 1569 1835 ettamen
1602 1786 1726 1833 filius
1743 1789 1861 1846 ejus,
1884 1788 1923 1832 si
1949 1788 2009 1833 sit

127 1847 353 1904 pontifex,
375 1854 446 1894 est
463 1850 610 1907 maJ‘or
630 1850 710 1894 illo
734 1851 988 1909 sacerdote,
1015 1863 1109 1894 non
1129 1855 1316 1907 propter
1333 1850 1486 1895 carnis
1507 1849 1751 1906 originem,
1775 1850 1857 1894 sed
1874 1862 2009 1907 prop-

129 1911 199 1953 ter
217 1909 412 1966 gratiam
434 1910 735 1968 spiritualem,
761 1924 901 1969 quam
922 1912 1061 1957 habet
1083 1912 1111 1956 a
1128 1912 1319 1957 Christo,

795 2039 1099 2103 QUAESTIO
1136 2039 1349 2094 XXXIl.

201 2161 264 2198 DE
294 2162 617 2199 CONCEPTIONE
650 2163 839 2200 CHRISTI
872 2164 1027 2206 QUOAD
1061 2166 1264 2202 ACTIVUM
1300 2165 1591 2214 PRINCIPIUM,
1624 2166 1674 2202 IN
1707 2166 1923 2209 QUATUOR

836 2227 1096 2263 ARTICULOS
1128 2229 1295 2263 DIVISA.

173 2318 326 2359 Deinde
342 2319 683 2359 considerandum
702 2323 762 2360 est
781 2321 829 2360 de
843 2321 1044 2373 principio
1058 2324 1194 2362 activo
1220 2323 1263 2361 in
1284 2323 1543 2373 conceptione
1561 2321 1708 2362 Christi
1724 2336 1735 2371 ;
1754 2325 1795 2362 et
1812 2324 1916 2362 circa
1932 2323 2004 2363 hoc

126 2376 368 2423 quaeruutur
385 2375 563 2424 quatuor
580 2387 590 2413 ε
616 2378 651 2413 1⁰
677 2375 825 2414 Utrum
846 2375 1023 2425 Spiritus
1043 2379 1212 2416 sanctus
1231 2376 1355 2416 fuerit
1373 2376 1623 2427 principium
1644 2377 1826 2415 activum
1844 2388 2004 2428 concep·

126 2428 251 2468 tionis
266 2427 429 2470 Christi.
446 2449 492 2456 —
516 2436 554 2467 2⁰
570 2428 718 2468 Utrum
740 2430 868 2480 possit
882 2430 964 2470 dici
981 2430 1090 2482 quod
1106 2431 1291 2471 Christus
1312 2431 1366 2470 sit
1381 2435 1596 2481 conceptus
1617 2431 1666 2470 de
1680 2431 1836 2482 Spiritu
1849 2436 2001 2473 sancto.

126 2504 172 2512 —
192 2487 232 2523 3⁰
252 2482 402 2523 Utrum
423 2483 554 2534 possit
577 2483 657 2523 dici
677 2483 788 2534 quod
807 2484 985 2535 Spiritus
1014 2489 1180 2525 sanctus
1202 2486 1256 2525 sit
1274 2489 1385 2536 pater
1403 2485 1555 2526 Christi
1581 2486 1807 2526 secundum
1823 2498 2000 2527 caruem.

126 2558 172 2566 —
191 2541 231 2576 4⁰
245 2537 390 2576 Utrum
408 2539 452 2578 B.
472 2538 593 2588 Virgo
613 2537 772 2590 aliquid
791 2540 919 2580 active
935 2542 1058 2589 egerit
1072 2541 1117 2580 in
1137 2542 1397 2592 conceptione
1415 2540 1580 2581 Christi.

125 2601 465 2644 ARTICULUS
474 2603 513 2643 Ι.
523 2624 578 2632 —·
588 2615 722 2644 urium
733 2615 914 2645 srmrrus
927 2615 1101 2646 SANCTUS
1113 2616 1260 2646 ruam-r
1272 2616 1507 2646 rmncmuu
1520 2615 1702 2646 Ac'rlvmt
1715 2615 2001 2649 concurrimus

977 2675 1152 2707 cums'ri.

127 2726 178 2761 De
202 2726 256 2761 hin
275 2726 377 2762 etiam
393 2728 486 2763 Sent.
502 2736 542 2770 11,
569 2727 645 2762 dist.
666 2728 701 2770 2,
726 2733 842 2770 quaest.
858 2738 898 2770 11,
918 2734 983 2764 art.
999 2730 1033 2771 2,
1052 2734 1170 2771 quaest.
1185 2740 1210 2766 u
1223 2756 1234 2773 ,
1262 2734 1298 2765 et
1311 2731 1410 2766 Cont.
1429 2733 1520 2771 gent,
1539 2729 1601 2765 lib.
1624 2739 1674 2771 Π,
1702 2742 1775 2772 cap.
1790 2732 1833 2767 45
1845 2736 1879 2768 et
1893 2735 1946 2775 46,
1968 2735 2002 2768 et

599 2775 721 2815 opusc.
740 2784 778 2817 11,
795 2788 867 2818 cap.
882 2776 957 2817 225.
972 2781 1006 2812 et
1023 2779 1120 2813 Joan.
1136 2786 1198 2819 ¹11,
1218 2777 1293 2813 lect.
1306 2779 1339 2819 4,
1354 2777 1418 2812 001.
1431 2778 1454 2812 2
1467 2777 1527 2812 fin.

182 2825 248 2871 Ad
266 2826 466 2882 primum
480 2829 548 2873 sic
565 2830 843 2886 proceditur.
863 2835 884 2876 1
895 2865 907 2875 .
922 2832 1108 2877 Videtur
1125 2831 1250 2889 quod
1273 2832 1455 2877 efficere
1471 2832 1818 2889 conceptionem
1836 2834 2000 2880 Christi

127 2899 224 2933 non
258 2887 422 2932 debeat
448 2890 633 2934 attribui
653 2891 838 2948 Spiritui
870 2898 1047 2939 sancto.
1072 2894 1200 2950 Quia,
1237 2898 1290 2938 ut
1310 2894 1595 2950 Augustinus
1609 2894 1718 2939 dicit
1742 2895 1820 2951 (De
1842 2896 1997 2942 Trinit.

126 2947 209 2992 lib.
225 2960 255 3005 1,
276 2959 379 3004 cap.
397 2951 441 3005 4,
465 2948 514 2992 in
530 2946 611 2994 fin.
634 2956 681 2996 et
696 2965 800 3009 cap.
821 2956 883 3011 5),
916 2955 1148 3000 «indivisa
1169 2958 1279 3000 sunt
1296 2967 1435 3012 opera
1453 2954 1698 3011 Trinitatis,
1718 2954 1837 3000 sicut
1858 2961 1903 3001 et
1923 2957 1999 3001 in-

129 3009 277 3054 divisa
298 3009 528 3055 Trinitatis
546 3013 761 3058 essentia.
776 3033 797 3054 »
818 3016 905 3061 Sed
923 3017 1105 3062 efficere
1126 3017 1471 3073 conceptionem
1493 3016 1671 3074 Christi,
1684 3022 1754 3062 est
1766 3018 1998 3074 quoddam

127 3081 247 3127 opus
257 3070 476 3116 divinum.
488 3074 605 3128 Ergo
617 3074 796 3119 videtur
811 3078 934 3134 quod
944 3091 1038 3122 non
1053 3079 1201 3135 magis
1215 3077 1275 3122 sit
1285 3078 1628 3123 attribuendum
1640 3077 1821 3134 Spiritui
1837 3085 1997 3124 sancto

127 3130 270 3187 quam
293 3133 429 3189 Patri,
464 3133 538 3178 vel
559 3135 682 3180 Filio.

182 3195 225 3236 2.
254 3195 490 3252 Praeterea,
526 3197 769 3251 Apostolus
802 3199 912 3243 dicit
943 3201 1098 3253 (Galat.
1133 3213 1194 3254 iv,
1222 3202 1265 3253 4)
1300 3214 1311 3243 ε
1347 3201 1459 3242 Ciam
1482 3203 1600 3243 venit
1625 3202 1857 3256 plenitudo
1889 3205 1995 3243 tem—

166 3300 209 3341 (l)
227 3299 347 3334 Confer
361 3301 451 3341 quod
461 3302 589 3336 dictum
608 3306 658 3337 051
669 3315 768 3344 supra
784 3309 899 3346 quaest.
911 3314 1017 3347 xxvii,
1102 3318 1159 3341 rex
1177 3307 1299 3348 Salem,
1315 3307 1350 3342 id
1369 3316 1415 3342 est
1431 3319 1501 3342 rex
1517 3309 1633 3352 pacis,
1651 3314 1685 3342 et
1703 3308 1773 3342 sine
1794 3308 1859 3341 ulla
1876 3319 1997 3347 genem

127 3350 190 3381 nrt.
204 3346 237 3380 2.
1101 3353 1189 3394 logia
1203 3366 1263 3388 1100
1278 3354 1414 3389 initium
1428 3356 1558 3390 dierum
1574 3383 1582 3398 ,
1599 3367 1661 3391 nee
1672 3355 1773 3389 finem
1785 3355 1856 3389 vitae
1870 3355 1993 3391 habens

167 3395 211 3435 (2)
229 3395 380 3429 Christus
400 3396 435 3430 in
460 3408 499 3431 eo
517 3397 684 3438 figuratur
707 3399 785 3439 quia
801 3411 922 3433 nomen
937 3400 1018 3434 Mel-
1102 3401 1323 3437 describitur.

127 3441 298 3475 chisedech
329 3442 573 3485 interpretatur
597 3455 667 3480 rex
688 3447 866 3489 justitioe,
892 3451 926 3481 01
953 3446 1020 3482 fuit
