2170 3808
886 222 1086 275 QnAEsT.
1116 224 1164 279 L,
1193 224 1310 266 ART.
1340 223 1389 267 v.
1997 225 2081 267 429

202 319 291 365 pus
312 305 476 351 Christi
496 302 696 349 viventis
731 306 778 347 et
805 304 991 348 mortui.
1014 303 1221 348 Christus
1239 303 1362 348 enim
1385 303 1494 348 vere
1527 306 1740 348 mortuus
1760 301 1863 359 fuit,
1896 302 2014 347 sicut
2033 307 2079 348 et

202 367 279 414 alii
297 365 508 411 homines
522 363 800 409 moriuntur.
823 363 910 408 Sed
929 375 1098 421 corpus
1113 362 1453 420 cujuscumque
1472 362 1660 409 alterius
1674 362 1875 408 hominis
1893 376 1987 408 non
2007 366 2078 408 est

201 427 472 485 simpliciter
486 425 607 471 idem
623 436 818 470 numero
835 429 1070 470 mortuum
1090 429 1134 470 et
1154 425 1328 481 vivum,
1341 425 1450 482 quia
1466 424 1685 470 differunt
1698 424 1932 471 essentiali
1947 424 2077 471 diffe-

200 489 366 535 rentia.
386 491 502 544 Ergo
521 499 674 544 neque
704 498 874 542 corpus
894 485 1057 531 Christi
1088 490 1160 531 est
1181 485 1449 543 simpliciter
1471 486 1594 531 idem
1615 499 1809 532 numero
1841 490 2075 532 mortuum

203 554 251 596 et
278 550 453 595 vivum.

255 613 300 658 2.
314 609 825 666 Praeterea,secundt1m
843 607 1168 665 Philosophum
1183 606 1485 665 (Metaph.lib.
1503 621 1546 665 x,
1562 612 1674 653 text.
1694 610 1788 664 12),
1809 627 1828 647 α
1842 619 2076 667 quaecum-

200 685 293 731 que
314 678 425 718 sunt
445 670 627 718 diversa
647 671 815 728 specie,
840 675 951 715 sunt
969 670 1107 716 etiam
1131 670 1314 716 diversa
1337 681 1582 714 numero.»
1605 670 1691 714 Sed
1718 682 1887 729 corpus
1914 671 2076 718 Christi

200 733 359 780 vivum
379 738 427 779 et
442 737 677 779 mortuum
702 732 787 777 fuit
805 732 1039 777 diversum
1060 732 1239 789 specie:
1261 731 1369 789 quia
1390 744 1484 776 non
1502 731 1670 777 dicitur
1682 731 1846 777 oculus
1870 737 1952 779 aut
1969 745 2076 779 caro

198 795 384 851 mortui,
407 794 495 840 nisi
514 793 766 852 aequivoce,
782 799 835 839 ut
857 798 981 851 patet
999 806 1080 851 per
1099 794 1423 852 Philosophum
1438 797 1515 845 (De
1530 793 1701 846 anima,
1718 792 1799 838 lib.
1819 807 1865 851 11,
1895 799 2007 841 text.
2030 798 2072 854 9,

201 863 248 904 et
276 857 466 915 Metaph.
490 855 572 902 lib.
591 869 663 914 vn,
684 860 795 901 text.
818 857 907 913 35).
927 859 1044 914 Ergo
1074 869 1242 913 corpus
1261 856 1426 902 Christi
1446 868 1540 901 non
1564 855 1651 901 fuit
1669 855 1938 913 simpliciter
1955 856 2076 903 idem

198 930 394 964 numero
406 918 565 963 vivum
583 922 630 963 et
640 923 890 962 mortuum.

254 983 298 1027 3.
323 983 562 1036 Praeterea‚
598 992 725 1025 mors
755 984 823 1025 est
841 980 1074 1037 corruptio
1101 980 1329 1037 quaedam.
1361 980 1450 1027 Sed
1477 980 1594 1026 illud
1614 979 1741 1038 quod
1768 980 2078 1038 corrumpitur

200 1041 491 1100 corruptione
513 1041 819 1099 substantiali,
843 1041 1092 1100 postquam
1113 1047 1381 1099 corruptum
1395 1046 1482 1097 est,
1503 1042 1601 1098 jam
1623 1055 1718 1087 non
1732 1046 1830 1099 est3
1846 1042 1955 1099 quia
1972 1055 2078 1087 cor-

199 1103 352 1162 ruptio
366 1108 437 1150 est
453 1104 648 1152 mutatio
666 1104 726 1148 ab
736 1115 841 1150 esse
855 1103 914 1148 ad
929 1116 1020 1148 non
1041 1116 1161 1149 esse.
1178 1106 1353 1161 Corpus
1363 1115 1475 1160 ergo
1495 1103 1678 1159 Christi,
1688 1104 1934 1162 postquam
1950 1117 2077 1149 mor-

199 1169 334 1211 tuum
371 1165 475 1222 fuit,
513 1177 608 1210 non
630 1164 848 1209 remansit
880 1164 1003 1209 idem
1037 1177 1249 1221 numero,
1266 1167 1372 1209 cum
1397 1176 1524 1208 mors
1553 1164 1612 1209 sit
1634 1164 1950 1210 substantialis
1975 1178 2076 1210 cor-

186 1231 257 1272 'ru
291 1226 370 1272 tic.

253 1239 343 1333 ged
355 1289 518 1332 contra
531 1289 603 1331 est
619 1286 745 1343 quod
756 1286 1033 1331 Athanasius
1047 1286 1158 1331 dicit
1169 1286 1232 1340 (in
1251 1285 1444 1342 epistola
1455 1286 1514 1331 ad
1528 1286 1784 1343 Epictetum
1795 1287 1917 1332 circa
1933 1289 2074 1345 med„

199 1352 246 1393 et
284 1347 478 1405 incipit}
510 1349 658 1403 «Ergo
677 1346 934 1393 arbitrabar
956 1350 996 1403 »)
1031 1364 1043 1392 ι
1085 1347 1396 1393 «Circumciso
1416 1359 1626 1404 corpore,
1650 1352 1697 1393 et
1730 1353 1911 1406 portato
1933 1351 2009 1405 (i),
2031 1354 2079 1395 et

197 1408 523 1466 manducante,
544 1409 797 1464 laborante,
812 1415 858 1454 et
876 1410 923 1454 in
939 1409 1067 1466 ligno
1082 1409 1240 1467 affixo,
1261 1414 1360 1454 erat
1372 1409 1674 1467 impassibile,
1689 1415 1736 1456 et
1755 1410 2076 1470 incorporeum

196 1470 275 1516 Dei
308 1470 531 1528 Verbum3
554 1471 643 1515 hoc
665 1475 765 1515 erat
787 1470 836 1515 in
874 1471 1088 1528 sepulcro
1112 1471 1328 1529 positum.
1343 1488 1364 1511 s
1404 1471 1490 1516 Sed
1524 1484 1693 1529 corpus
1726 1472 1889 1518 Christi
1918 1473 2078 1518 vivum

198 1532 284 1577 fuit
301 1523 627 1578 circumcisum
651 1532 759 1576 etin
788 1532 915 1588 ligno
938 1533 1154 1591 affixum3
1180 1546 1349 1590 corpus
1371 1539 1527 1578 autem
1544 1534 1708 1579 Christi
1739 1539 1974 1580 mortuum
1991 1535 2078 1580 fuit

199 1593 399 1650 positum
420 1593 470 1638 in
491 1595 720 1651 sepulcro·
751 1595 870 1651 Ergo
907 1595 995 1640 hoc
1023 1595 1147 1640 idem
1170 1607 1340 1652 corpus
1362 1595 1487 1652 quod
1514 1595 1601 1657 fuit
1623 1595 1799 1650 vivum,
1820 1596 1909 1641 fuit
1936 1597 2074 1642 etiam

199 1658 448 1699 mortuum.

245 1729 532 1771 CONCLUSIO.
553 1750 602 1758 -
626 1729 732 1770 Ciun
743 1730 921 1782 corporis
936 1730 1090 1771 Christi
1110 1730 1196 1771 vivi
1214 1734 1254 1771 et
1269 1732 1423 1772 mortui
1437 1731 1562 1771 fuerit
1575 1730 1685 1772 idem
1704 1743 1877 1774 numero
1889 1733 2075 1787 supposi-

199 1786 305 1833 tum,
322 1784 516 1824 divinum
537 1783 702 1834 scilicet,
728 1783 834 1825 idem
857 1797 1027 1826 numero
1049 1787 1289 1838 simpliciter
1306 1787 1388 1827 fuit
1406 1786 1551 1828 vivum
1568 1791 1608 1828 et
1624 1790 1840 1828 mortuum
1860 1802 1870 1829 ε
1892 1800 1974 1829 non
1997 1789 2078 1830 fuit

199 1843 338 1880 autem
355 1840 465 1881 idem
480 1851 653 1880 numero
670 1840 861 1881 totaliter.

253 1903 522 1959 Respondeo
545 1902 792 1947 dicendum
817 1903 941 1960 quod
961 1904 1049 1949 hoc
1065 1905 1190 1960 quod
1209 1904 1312 1950 dico
1335 1906 1601 1962 simpliciter
1630 1910 1785 1963 potest
1808 1905 1951 1962 accipi
1986 1907 2076 1952 du—

198 1962 394 2020 pliciter.
425 1966 524 2009 Uno
546 1964 700 2015 modo,
723 1965 979 2010 secundum
1012 1966 1137 2022 quod
1159 1966 1427 2022 simpliciter
1452 1967 1573 2011 idem
1595 1972 1667 2012 est
1691 1967 1819 2024 quod
1837 1967 2073 2026 absolute3

199 2022 320 2068 sicut
337 2023 637 2082 «simpliciter
662 2025 846 2081 dicitur,
864 2026 989 2082 quod
1013 2027 1140 2071 nullo
1164 2027 1319 2071 addito
1341 2028 1555 2081 dicitur,»
1585 2032 1638 2072 ut
1653 2028 1953 2086 Philosophus
1966 2029 2077 2076 dicit

198 2083 263 2138 (in
281 2085 361 2128 fin.
385 2085 466 2130 lib.
484 2099 513 2129 11
531 2088 677 2143 Top.),
696 2091 741 2131 et
763 2087 850 2132 hoc
871 2087 1007 2133 modo
1023 2100 1192 2145 corpus
1212 2089 1375 2134 Christi
1399 2094 1632 2134 mortuum
1655 2095 1702 2134 et
1718 2090 1875 2134 vivum
1897 2091 2076 2147 simpli-

198 2147 312 2192 citer
327 2147 413 2192 fuit
423 2147 547 2193 idem
569 2160 780 2193 numero.
799 2149 972 2193 Dicitur
990 2150 1113 2194 enim
1130 2150 1302 2206 aliquid
1315 2163 1419 2196 esse
1438 2152 1561 2196 idem
1576 2164 1771 2196 numero
1788 2152 2073 2210 simpliciter,

199 2208 308 2265 quia
331 2214 403 2255 est
440 2209 679 2266 supposito
711 2210 850 2255 idem.
887 2213 1060 2267 Corpus
1095 2218 1247 2256 autem
1272 2213 1435 2257 Christi
1471 2213 1628 2257 vivum
1652 2217 1698 2257 et
1729 2218 1965 2259 mortuum
1992 2216 2076 2261 fuit

199 2270 439 2327 supposito
461 2270 600 2326 idem,
635 2270 744 2328 quia
777 2284 870 2315 non
906 2273 1066 2318 habuit
1088 2273 1223 2317 aliam
1247 2274 1531 2330 hypostasim
1559 2274 1717 2331 vivum
1753 2279 1800 2319 et
1822 2281 2073 2334 mortuum,

199 2336 365 2388 praeter
387 2333 673 2389 hypostasim
691 2333 824 2378 Verbi
849 2335 939 2388 Dei,
961 2340 1014 2379 ut
1031 2348 1173 2391 supra
1189 2335 1362 2379 dictum
1386 2341 1455 2380 est
1485 2337 1586 2390 (art.
1609 2339 1636 2381 2
1660 2336 1756 2394 huj.
1789 2341 1987 2394 quaest.).
2022 2342 2074 2384 Et

198 2392 287 2437 hoc
299 2393 436 2442 modo
455 2393 659 2451 loquitur
675 2394 952 2439 Athanasius
975 2396 1021 2439 in
1043 2397 1313 2440 auctoritate
1332 2396 1534 2441 inducta.
1547 2396 1645 2442 Alio
1657 2398 1795 2443 modo
1808 2400 2076 2456 simpliciter

198 2453 321 2500 idem
339 2455 555 2512 estquod
572 2455 762 2500 omnino
781 2457 853 2501 vel
878 2457 1076 2502 totaliter
1106 2475 1118 2503 :
1141 2463 1187 2502 et
1219 2457 1286 2503 sic
1300 2470 1470 2515 corpus
1489 2458 1654 2504 Christi
1686 2464 1921 2506 mortuum
1942 2466 1989 2506 et
2006 2463 2074 2508 vi-

197 2527 309 2561 vum
323 2529 417 2561 non
430 2516 518 2563 fuit
530 2517 797 2574 simpliciter
811 2518 932 2563 idem
946 2531 1154 2575 numere,
1168 2519 1274 2577 quia
1292 2533 1384 2564 non
1398 2521 1483 2566 fuit
1496 2520 1693 2567 totaliter
1704 2522 1843 2577 idem,
1867 2525 1974 2568 cum
1982 2523 2074 2570 vita

199 2577 261 2624 sit
279 2578 454 2636 aliquid
482 2578 541 2624 de
560 2580 764 2624 essentia
784 2581 989 2633 corporis
1007 2581 1231 2638 viventis;
1250 2588 1322 2625 est
1349 2582 1473 2627 enim
1490 2582 1788 2638 praedicatum
1809 2585 2070 2643 essentiale,

199 2650 294 2684 non
323 2638 607 2685 accidentale
628 2656 640 2685 :
664 2641 790 2686 unde
808 2652 1102 2695 consequens
1120 2647 1192 2687 est
1218 2642 1342 2699 quod
1361 2655 1534 2699 corpus
1556 2644 1681 2700 quod
1701 2644 1871 2690 desinit
1885 2658 1988 2691 esse
2005 2646 2073 2691 vi·

199 2713 331 2757 vum,
350 2713 444 2747 non
468 2701 667 2747 totaliter
684 2702 808 2748 idem
829 2708 1078 2749 remaneat.
1101 2704 1143 2748 Si
1162 2710 1317 2749 autem
1333 2704 1565 2750 diceretur
1582 2705 1707 2762 quod
1722 2718 1892 2763 corpus
1907 2706 2072 2753 Christi
2111 2764 2114 2767 Δ

199 2767 436 2808 mortuum
450 2763 649 2808 totaliter
661 2763 783 2808 idem
799 2770 1074 2821 remaneret,
1094 2771 1366 2822 sequeretur
1384 2765 1507 2822 quod
1524 2779 1618 2811 non
1642 2772 1767 2812 esset
1783 2773 2069 2827 corruptum,

199 2823 492 2880 corruptione
501 2824 604 2869 dico
618 2825 780 2869 mortis
802 2841 814 2870 ε
832 2826 957 2882 quod
974 2831 1046 2870 est
1064 2826 1257 2871 haeresis
1274 2826 1581 2871 Gaianitarum
1591 2827 1666 2883 (2),
1676 2832 1728 2873 ut
1747 2828 1948 2876 isidorus
1962 2830 2072 2877 dicit

202 2885 368 2941 (Etym.
388 2883 469 2929 lib.
494 2898 585 2941 vm,
602 2898 704 2943 cap.
724 2889 768 2944 5,
793 2887 853 2932 ad
869 2887 986 2943 fin.),
1018 2892 1065 2932 et
1087 2887 1283 2933 hahetur
1304 2889 1368 2943 (in
1396 2889 1599 2934 Decretis
1614 2892 1686 2945 24,
1712 2896 1875 2947 quaest.
1895 2904 1942 2945 11,
1966 2903 2067 2951 cap.

203 2946 401 3004 Quidam
417 2948 600 3001 autem).
616 2949 670 2992 Et
686 2951 996 2995 Damascenus
1017 2949 1128 2996 dicit
1159 2950 1296 3004 (Orth.
1319 2950 1398 2995 fid.
1423 2950 1502 2995 lib.
1525 2964 1584 3006 ιη,
1607 2963 1709 3008 cap.
1732 2955 1803 3008 28,
1819 2952 1866 2997 in
1883 2953 2067 3011 princ),

199 3006 326 3064 quod
349 3007 688 3063 «corruptionis
706 3021 876 3055 nomeu
895 3011 987 3057 duo
1006 3008 1236 3067 significat
1258 3028 1269 3057 :
1290 3023 1386 3056 uno
1403 3011 1540 3057 modo
1554 3013 1887 3070 separationem
1902 3015 2070 3062 animae

200 3065 230 3112 ὲ
248 3080 458 3126 corpore,
479 3073 527 3114 et
559 3068 648 3113 alia
665 3069 957 3130 hujusmodi3
976 3072 1067 3118 alio
1085 3074 1223 3119 modo
1258 3074 1507 3130 perfectam
1529 3074 1877 3122 dissolutionem
1903 3077 1951 3122 in
1972 3078 2068 3125 ele·

199 3135 370 3175 menta.
390 3133 508 3187 Ergo
539 3130 883 3188 incorruptibile
899 3134 1053 3179 dicere
1073 3148 1240 3193 corpus
1270 3135 1462 3192 Domini,
1483 3137 1738 3182 secundum
1769 3139 2002 3186 Iulianum
2021 3144 2069 3187 et

241 3252 288 3294 (4)
303 3251 355 3288 Ita
372 3264 448 3288 cnm
463 3252 646 3288 Athanasio
660 3253 831 3289 Nicolaius
843 3259 878 3290 et
887 3257 1090 3297 posteriores
1173 3257 1369 3294 differentia
1396 3258 1484 3300 quod
1515 3259 1578 3295 etsi
1611 3272 1713 3295 unam
1746 3262 1877 3298 tantum
1910 3267 2065 3301 naturam

200 3300 283 3335 edit.
299 3299 367 3341 Al„
381 3304 415 3335 et
430 3305 569 3345 potato.
1174 3306 1307 3346 utrique
1334 3311 1551 3348 agnoscerent
1571 3307 1608 3343 in
1625 3308 1770 3352 Christo.
1786 3321 1860 3346 eam
1877 3310 1979 3352 primi
1993 3323 2064 3348 cor-

240 3348 283 3391 (2)
307 3349 347 3383 In
368 3347 513 3383 dictione
537 3348 780 3385 Theodosium·
803 3350 926 3393 quihus
945 3352 1093 3387 annectit
1175 3359 1305 3396 ruptam
1321 3356 1588 3400 contendebant,
1605 3357 1742 3393 secundi
1760 3361 1872 3394 autem
1891 3357 2064 3402 incorrup-

198 3395 370 3431 Gaianitcs
384 3396 477 3437 quasi
488 3396 589 3431 unius
603 3400 638 3431 et
652 3398 801 3438 ejusdem
811 3398 938 3435 erroris
958 3400 1092 3442 (nempe
1177 3406 1256 3437 tam.

200 3442 404 3485 eutychiani)
430 3443 633 3486 participa-
669 3456 747 3479 cum
782 3445 844 3481 hac
872 3445 1094 3482 nihilominus
