2170 3808
150 170 234 214 136
727 166 926 217 QUAEST.
956 165 1049 218 xv,
1079 164 1194 207 ART.
1226 164 1279 206 Ill
1307 165 1373 207 ET
1400 164 1468 208 IV.

208 248 274 294 Ad
292 250 489 306 primum
513 258 624 302 ergo
649 244 915 300 dicendum,
940 244 1066 301 quod
1091 249 1258 289 natura
1278 245 1304 288 a
1326 246 1501 290 Christo
1524 250 1764 302 assumpta
1790 250 1943 302 potest
1961 246 2045 291 du-

152 311 333 369 pliciter
349 308 651 354 considerari.
671 309 770 351 Uno
786 307 924 351 modo
943 306 1202 351 secundum
1227 307 1454 360 rationem
1473 320 1570 352 suae
1589 307 1787 364 speciei:
1812 313 1860 352 et
1878 320 2046 353 secun·

154 374 266 418 dum
295 373 384 416 hoc
414 371 526 416 dicit
559 373 873 414 Damascenus
900 386 920 406 α
938 381 1041 414 eam
1076 380 1180 413 esse
1211 368 1506 424 ignorantem
1539 375 1587 414 et
1621 369 1892 425 servilem»
1921 369 2046 415 unde

153 435 342 480 subdit:
365 451 386 472 α
402 437 515 479 Nam
536 445 670 477 serva
688 432 877 489 quidem
902 438 974 477 est
993 431 1194 476 hominis
1211 436 1395 488 natura,
1415 432 1518 488 eius
1538 432 1618 489 qui
1642 431 1750 476 fecit
1767 432 1918 488 ipsam
1932 464 1946 489 ‚
1967 432 2044 478 Dei

153 497 345 549 scilicet,
368 501 414 541 et
438 507 531 540 non
555 495 694 540 habet
713 495 977 539 futurorum
997 494 1328 550 cognitionem.
1347 513 1368 533 ιι
1392 493 1490 539 Alio
1510 494 1649 539 modo
1667 499 1820 551 potest
1836 494 2047 540 conside-

151 559 245 603 rari
277 558 535 603 secundum
565 558 613 602 id
638 558 765 615 quod
792 556 932 602 habet
962 569 1022 602 ex
1041 557 1216 601 unione
1238 556 1298 601 ad
1316 555 1603 614 hypostasim
1626 556 1850 610 divinam,
1871 568 1928 601 ex
1952 569 2045 614 qua

151 619 291 665 habet
314 619 653 677 plenitudinem
676 619 882 665 scientiae
900 623 948 663 et
967 618 1143 675 gratiae,
1164 618 1424 664 secundum
1443 617 1558 663 illud
1577 620 1725 673 (Joan.
1746 631 1776 671 1,
1798 621 1867 671 14)
1885 633 1898 660 ε
1922 619 2046 662 Vidi-

150 695 253 725 mus
265 696 366 726 eum
381 685 511 739 quasi
529 685 811 738 uniqem'tum
826 683 856 725 ὰ
871 685 1027 738 Patre,
1042 681 1231 738 plenum
1249 683 1412 736 qratiae
1427 683 1473 724 et
1486 683 1693 724 veritatis
1707 695 1722 722 .·
1740 684 1789 725 et
1801 681 1892 725 hoc
1906 679 2045 725 modo

151 749 321 789 natura
340 745 547 789 humana
570 744 617 787 in
642 743 820 788 Christo
843 743 1154 799 ignorantiam
1176 754 1270 787 non
1293 741 1471 787 habuit.

100 858 105 867 Δ
207 805 274 850 Ad
304 807 549 849 secundum
570 805 839 860 dicendum,
859 804 986 861 quod
1014 805 1221 849 Christus
1250 803 1418 849 dicitur
1442 815 1537 847 non
1560 803 1748 848 novisse
1771 807 2041 860 peccatum,

152 867 263 926 quia
283 869 480 914 nescivit
500 880 583 924 per
605 867 955 924 experientiam,
977 867 1112 911 seivit
1133 871 1289 911 autem
1311 878 1394 923 per
1419 866 1676 923 simplicem
1695 865 1923 910 notitiam.

206 931 275 976 Ad
307 934 491 975 tertium
510 930 779 985 dicendum,
800 929 925 986 quod
947 930 1153 987 loquitur
1184 928 1246 973 ibi
1275 928 1501 986 Propheta
1525 928 1585 973 de
1614 927 1809 973 scientia
1838 928 2040 971 humana

153 992 342 1049 Christi3
362 992 473 1038 dicit
489 993 614 1037 enim
633 1006 645 1034 ε
670 995 923 1047 Antequam
938 994 1056 1035 sciat
1070 1004 1202 1047 puer,
1219 990 1395 1035 scilicet
1410 989 1669 1035 secundum
1687 989 2040 1046 humanitatem,

151 1068 312 1099 vocare
330 1060 511 1112 patrem
531 1067 677 1109 suum,
704 1053 883 1098 scilicet
907 1055 1093 1111 ioseph,
1118 1054 1197 1110 qui
1222 1057 1354 1109 pater
1372 1053 1476 1109 eJus
1496 1051 1584 1096 fuit
1604 1052 1857 1109 putativus,
1878 1055 1924 1094 et
1942 1064 2043 1095 ma-

152 1121 269 1161 trem
291 1131 438 1174 suam,
460 1117 636 1162 scilicet
658 1116 859 1172 Mariam,
879 1119 1116 1171 auferetur
1133 1115 1356 1170 fortitudo
1374 1117 1605 1158 Damasci.
1626 1113 1755 1166 Quod
1775 1126 1870 1158 non
1885 1118 1959 1159 est
1975 1113 2044 1159 sic

150 1178 525 1236 intelligendum,
550 1179 684 1236 quasi
707 1178 968 1235 aliquando
990 1178 1130 1223 suerit
1158 1178 1312 1233 homo,
1337 1182 1385 1222 et
1409 1178 1499 1222 hoc
1520 1176 1792 1232 nesciveritz,
1810 1175 1894 1221 sed
1914 1179 2043 1220 ante-

149 1254 287 1296 quam
307 1245 445 1298 sciat,
470 1241 518 1287 id
544 1246 630 1297 est,
655 1245 911 1297 antequam
935 1241 1015 1285 fiat
1037 1241 1177 1285 homo
1196 1239 1437 1284 scientiam
1461 1238 1640 1284 habens
1658 1239 1910 1283 humanam
1925 1270 1939 1296 ‚
1961 1251 2043 1283 au·

149 1305 340 1359 seretur,
366 1304 442 1348 vel
466 1304 524 1349 ad
544 1303 762 1359 litteram,
784 1304 1010 1358 fortitudo
1035 1306 1250 1346 Damasci
1271 1305 1316 1346 et
1343 1302 1490 1359 spolia
1518 1303 1744 1346 Samariae
1773 1314 1857 1359 per
1882 1312 2042 1359 regem

149 1366 473 1423 Assyriorum3
494 1365 568 1410 vel
592 1365 906 1421 spiritualiter,
928 1365 1037 1422 quia
1063 1382 1084 1403 «
1101 1364 1312 1409 nondum
1343 1369 1482 1408 natus
1513 1362 1737 1420 populum
1768 1374 1907 1407 suum
1942 1363 2044 1407 sola

150 1426 445 1472 invocatione
467 1426 690 1483 salvabit,
712 1446 733 1467 »
762 1431 815 1471 ut
844 1427 1004 1471 Glossa
1028 1427 1197 1482 (interl.
1222 1425 1503 1484 Hieronymi)
1524 1425 1588 1469 ibi
1609 1424 1815 1481 exponit.
1829 1425 2044 1482 Augusti·

149 1500 241 1533 nus
267 1493 421 1533 tamen
443 1491 457 1544 (
468 1489 516 1532 in
544 1501 684 1533 serm.
710 1488 769 1534 de
791 1488 952 1545 Epiph.
977 1491 1033 1534 32
1055 1492 1117 1533 De
1142 1495 1367 1544 tempore,
1389 1487 1512 1532 circa
1534 1487 1678 1542 med.)
1698 1486 1809 1531 dicit
1830 1487 1921 1531 hoc
1937 1498 2043 1532 esse

150 1551 435 1607 completum
458 1551 505 1593 in
530 1550 798 1595 adoratione
817 1553 1068 1606 Magorum.
1091 1549 1164 1596 Ait
1186 1550 1308 1595 enim
1329 1565 1339 1594 :
1365 1567 1385 1587 α
1401 1552 1659 1605 Antequam
1683 1561 1767 1605 per
1787 1548 2042 1593 humanam

148 1624 338 1657 carnem
362 1614 568 1658 humana
590 1613 732 1657 verba
760 1614 1006 1670 proferret,
1030 1613 1207 1670 accepit
1227 1612 1446 1656 virtutem
1469 1611 1678 1656 Damasci
1692 1644 1705 1667 a
1729 1610 1905 1656 scilicet
1927 1611 2042 1656 divi-

150 1673 254 1731 tias,
279 1676 325 1718 in
352 1675 523 1732 quibus
545 1678 798 1719 Damascus
821 1675 1158 1732 praesumebat:
1183 1675 1229 1719 in
1251 1674 1425 1718 divitiis
1446 1679 1599 1718 autem
1621 1673 1908 1730 principatus
1927 1685 2043 1718 auro

150 1735 370 1781 defertur.
396 1737 548 1793 Spolia
567 1737 676 1782 vero
698 1737 916 1782 Samariae
935 1737 1075 1782 iidem
1098 1737 1186 1793 ipsi
1206 1742 1343 1781 erant
1359 1736 1438 1793 qui
1457 1747 1561 1780 eam
1581 1734 1862 1779 incolebant.
1885 1737 2043 1779 Sama-

147 1798 217 1843 ria
229 1811 433 1855 namque
448 1811 533 1855 pro
546 1798 802 1843 idololatria
818 1799 1004 1854 ponitur
1022 1814 1033 1842 :
1052 1798 1144 1842 illic
1160 1798 1286 1842 enim
1309 1798 1511 1854 populus
1533 1797 1673 1842 Israel
1690 1809 1888 1842 aversus
1907 1796 1934 1841 a
1952 1800 2042 1842 Do-

147 1860 294 1916 mino,
314 1862 373 1905 ad
395 1861 517 1905 idola
531 1862 724 1907 colenda
738 1873 994 1906 conversus
1009 1865 1096 1905 est.
1113 1863 1218 1905 Haec
1241 1860 1381 1917 igitur
1397 1859 1548 1917 prima
1562 1858 1709 1916 spolia
1723 1871 1839 1916 puer
1852 1860 2041 1905 idolola-

146 1922 248 1967 triae
267 1922 571 1967 dominationi
599 1923 814 1968 detraxit.
832 1942 851 1962 ιι
869 1925 925 1968 Et
943 1923 1204 1968 secundum
1220 1923 1310 1967 hoc
1327 1922 1620 1979 intelligitur.
1640 1925 1883 1977 antequam
1902 1926 2038 1980 sciat,

146 1983 195 2030 id
212 1988 300 2040 est,
324 1991 575 2042 antequam
598 1986 814 2031 ostendat
834 1997 887 2031 se
909 1986 1028 2031 scire
1047 1988 1124 2041 (1).

298 2057 644 2098 ARTICULUS
673 2057 757 2099 IV.
786 2079 842 2087 —
870 2069 1008 2099 ornum
1037 2068 1166 2098 num
1196 2067 1359 2099 cums‘ri
1388 2067 1539 2097 runnu·
1569 2065 1790 2097 iussimus
1811 2053 1886 2110 (2).

147 2124 198 2159 De
209 2123 263 2159 his
279 2123 384 2158 etiam
402 2125 494 2158 Sent.
511 2132 563 2163 ιιι,
583 2123 662 2158 dist.
678 2124 731 2164 45,
745 2127 865 2164 quaest.
880 2133 906 2166 ι,
920 2128 988 2159 art.
1009 2124 1041 2164 4,
1062 2128 1180 2165 quaest.
1196 2132 1209 2158 1
1227 2123 1269 2157 ad
1285 2123 1319 2164 2,
1335 2126 1370 2157 et
1383 2122 1462 2157 dist.
1476 2121 1531 2162 45,
1550 2126 1668 2162 quaest.
1684 2130 1724 2161 ιι,
1741 2125 1805 2156 art.
1820 2122 1854 2164 4,
1873 2127 1990 2164 quaest.
2005 2132 2038 2166 ι,

385 2176 419 2206 et
433 2180 473 2213 ιι,
486 2175 520 2206 et
535 2171 614 2206 dist.
629 2172 684 2212 55,
705 2172 741 2207 in
758 2173 878 2214 Expos.
897 2171 965 2208 litt.
979 2175 1015 2207 et
1030 2174 1155 2214 Opusc.
1170 2180 1210 2213 ιι,
1229 2182 1302 2213 cap.
1323 2169 1399 2210 226,
1415 2175 1450 2205 et
1467 2170 1590 2211 opusc.
1606 2177 1663 2211 Lx,
1678 2181 1751 2212 cap.
1765 2170 1800 2206 5.

201 2232 267 2278 Ad
289 2236 508 2289 quartum
526 2233 593 2276 sic
612 2233 895 2289 proceditur.
908 2237 952 2278 4.
972 2233 1161 2278 Videtur
1175 2232 1297 2289 quod
1317 2232 1474 2276 anima
1491 2230 1655 2275 Christi
1675 2243 1769 2275 non
1784 2231 1925 2277 fuerit
1938 2245 2041 2289 pas-

147 2294 313 2339 sibilis.
334 2294 451 2339 Nihil
470 2294 594 2338 enim
614 2295 803 2351 patitur,
825 2295 915 2340 nisi
939 2295 967 2339 a
988 2295 1183 2351 fortiori,
1211 2312 1231 2332 α
1249 2295 1359 2350 quia
1380 2306 1527 2351 agens
1547 2294 1846 2350 praestantius
1862 2300 1935 2339 est
1954 2308 2037 2353 pa-

147 2357 306 2415 tiente,
325 2376 345 2396 ιι
367 2361 420 2401 ut
439 2361 564 2413 patet
582 2369 664 2412 per
683 2358 993 2414 Augustinum
1014 2360 1179 2414 (Super
1201 2358 1366 2402 Genes.
1384 2357 1442 2401 ad
1470 2356 1558 2401 litt.
1575 2356 1655 2401 lib.
1673 2370 1749 2409 ιιι,
1772 2368 1875 2413 cap.
1899 2360 1970 2414 16,
1990 2358 2038 2402 in

147 2419 310 2475 med),
329 2423 376 2463 et
393 2431 476 2476 per
501 2419 825 2476 Philosophum
852 2423 930 2472 (De
953 2420 1126 2472 anima,
1148 2419 1227 2464 lib.
1250 2433 1312 2475 ιιι,
1331 2423 1442 2464 text.
1465 2421 1554 2474 19).
1572 2419 1660 2463 Sed
1678 2418 1807 2463 nulla
1827 2425 2041 2464 creatura

147 2481 235 2525 fuit
255 2480 547 2537 praestantior
561 2481 702 2537 quam
723 2481 879 2525 anima,
898 2482 1078 2526 Christi.
1103 2484 1220 2538 Ergo
1239 2481 1396 2524 anima
1417 2480 1579 2524 Christi
1597 2493 1690 2524 non
1710 2480 1860 2537 potuit
1878 2481 1937 2526 ab
1956 2482 2040 2526 ali-

147 2556 240 2600 qua
260 2548 472 2588 creatura
492 2543 603 2599 pati,
628 2549 675 2588 et
697 2544 760 2588 ita
782 2557 874 2589 non
895 2545 984 2589 fuit
1000 2544 1265 2602 passibilis:
1293 2544 1464 2588 frustra
1485 2543 1610 2588 enim
1630 2543 1678 2588 in
1698 2556 1755 2589 ea
1772 2544 1938 2590 fuisset
1957 2558 2039 2602 po-

149 2605 293 2650 tentia
314 2604 533 2661 patiendi,
552 2605 590 2649 si
608 2605 634 2648 a
652 2606 780 2650 nullo
798 2606 889 2662 pati
910 2607 1151 2663 potuisset.

202 2670 243 2711 ⁶2.
277 2669 517 2722 Praeterea,
546 2666 722 2711 Tullius
746 2670 836 2719 (De
863 2668 1136 2713 Tusculanis
1165 2666 1522 2724 Quaestionibus‚
1551 2666 1634 2711 lib.
1663 2680 1727 2721 ιιι,
1756 2667 1981 2724 aliquant.
2011 2668 2039 2712 a

147 2728 318 2786 princ.)
342 2728 475 2783 dicit,
500 2728 626 2785 quod
658 2729 902 2785 passiones
935 2729 1104 2774 animae
1137 2735 1249 2774 sunt
1274 2729 1487 2786 quaedam
1519 2728 1836 2784 aegritudines.
1871 2729 1959 2774 Sed
1988 2729 2037 2774 in

149 2790 304 2836 anima
333 2790 497 2836 Christi
531 2803 623 2835 non
658 2791 745 2835 fuit
774 2791 928 2848 aliqua
956 2791 1212 2848 aegritudo:
1240 2803 1349 2835 nam
1375 2790 1602 2847 aegritudo
1633 2791 1801 2835 animae
1828 2791 2040 2848 sequitur

146 2858 407 2910 peccatum,
430 2857 483 2896 ut
504 2858 630 2909 patet
653 2865 735 2908 per
757 2853 871 2897 illud
896 2854 1030 2908 (Psal.
1063 2853 1190 2912 x1.‚5)
1208 2867 1219 2896 :
1239 2856 1364 2896 Sana
1395 2855 1597 2896 animam
1619 2866 1783 2908 meam,
1808 2857 1915 2909 quia
1935 2867 2039 2911 pec-

145 2917 248 2958 cavi
273 2915 371 2958 tibi.
396 2917 515 2969 Ergo
534 2914 581 2957 in
602 2913 780 2958 Christo
805 2926 896 2958 non
921 2915 1110 2959 fuerunt
1129 2915 1297 2958 animae
1319 2914 1577 2970 passiones.

63 3002 73 3006 --
199 2978 242 3019 3.
274 2978 514 3031 Praeterea,
536 2976 780 3032 passiones
802 2976 971 3021 animae
993 2976 1211 3021 videntur
1239 2976 1360 3020 idem
1387 2988 1491 3020 esse
1518 2988 1625 3020 cum
1652 2976 1812 3021 fomite
1833 2978 2037 3034 peccati:

63 3034 69 3080 1
146 3035 271 3080 unde
301 3041 347 3081 et
377 3038 623 3093 Apostolus
645 3040 789 3091 (Rom.
816 3041 892 3094 vn)
914 3044 1050 3083 vocat
1082 3051 1163 3083 eas
1189 3055 1208 3076 «
1225 3035 1470 3095 passiones
1494 3044 1809 3095 peccatorum.
1830 3059 1850 3076 ιι
1873 3038 1961 3084 Sed
1987 3039 2037 3083 in

144 3097 324 3143 Christo
354 3111 448 3142 non
478 3099 566 3144 fuit
600 3100 747 3145 fomes
779 3101 972 3157 peccati,
1002 3105 1055 3144 ut
1088 3113 1230 3157 supra
1249 3100 1424 3144 dictum
1446 3106 1517 3144 est
1541 3103 1642 3155 (art.
1664 3103 1692 3144 2
1710 3100 1807 3157 huj.
1834 3103 2032 3157 quaest.).

185 3221 228 3264 (4)
243 3222 402 3257 Eamdem
422 3222 663 3263 expositionem
680 3223 830 3259 afferunt
845 3224 994 3260 Carthes.
1015 3229 1049 3259 ct
1134 3224 1243 3258 illam
1259 3223 1351 3265 (Luc.
1368 3222 1451 3265 ιιι).
1469 3223 1784 3264 circumspiciens
1798 3233 1857 3258 eos
1872 3233 1954 3258 cum
1964 3224 2037 3265 ira,

147 3269 321 3305 Cornelius
344 3269 378 3303 in
398 3270 473 3304 Isai.
1135 3272 1374 3307 contristatus
1406 3282 1520 3315 super
1552 3272 1714 3306 coecicate
1751 3272 1877 3307 cordis
1908 3281 2037 3307 eorum

185 3317 230 3359 (2)
248 3318 292 3352 Ex
312 3317 496 3359 scripturis
511 3321 603 3360 patet
626 3318 774 3353 animam
792 3320 918 3354 Christi
949 3319 1049 3353 fuisse
1135 3321 1251 3361 (Marc.
1288 3322 1353 3359 ιιι).
1393 3318 1491 3361 Quia
1528 3319 1639 3361 pueri
1673 3322 2037 3354 communicaverunt

146 3365 333 3407 ,passibilem
364 3379 372 3399 :
399 3367 507 3400 Nunc
538 3367 666 3400 anima
701 3377 782 3401 mea
811 3367 959 3401 turbata
999 3371 1050 3401 est
1136 3369 1245 3403 carni
1268 3372 1300 3402 et
1321 3368 1500 3410 savyuini
1524 3371 1556 3402 et
1573 3368 1654 3410 ipse
1674 3367 1853 3402 similiter
1870 3369 2036 3410 partici-

158 3412 236 3448 Luc.
276 3415 360 3455 ιιι).
406 3414 536 3450 videm
578 3415 763 3449 civitatem
795 3417 895 3457 [levit
937 3426 1051 3458 super
1136 3418 1239 3459 pavit
1253 3416 1387 3451 eisdem
1407 3415 1525 3456 (Hehr.
1546 3416 1597 3455 n).
