2170 3808
36 0 386 32 wwww⁴÷
703 3 705 6 ’

88 31 154 54 γῆς’,κ
215 43 235 49 ,,
277 32 279 34 “
503 30 506 37 ’

804 247 1004 298 QUAEST.
1033 245 1172 300 XLIII,
1202 245 1317 288 ART.
1347 244 1380 287 Ι.
1952 239 2036 281 355

149 329 391 382 figuratione
402 326 547 379 ipsius.
563 325 732 365 -Circa
748 325 932 376 primum
946 327 1189 376 quaeruntur
1203 326 1379 374 quatuor
1394 335 1407 362 2
1430 326 1467 362 1⁰
1480 321 1631 362 Utrum
1649 318 1838 381 Christus
1853 316 2037 379 debuerit

148 382 350 428 miracula
364 383 501 422 facere.
523 403 572 410 —
597 387 636 420 2⁰
652 380 802 420 Utrum
823 378 962 419 fecerit
974 390 1020 418 ea
1039 379 1192 418 virtute
1213 377 1372 417 divina.
1390 398 1437 406 —
1460 382 1500 415 3⁰
1517 376 1608 424 Quo
1629 379 1809 426 tempore
1826 373 2037 422 incoeperit

148 436 350 481 miracula
372 437 510 476 facere.
530 455 579 464 —
593 438 635 474 4·
652 434 801 474 Utrum
825 444 890 484 per
906 432 1106 472 miracula
1123 432 1247 471 suerit
1267 430 1519 471 sufficienter
1540 432 1702 470 ostensa
1719 428 1808 479 ejus
1823 426 2033 467 divinitas.
2127 418 2133 420 ”

301 498 638 545 ARTICULUS
659 499 699 541 Ι.
714 521 770 528 -
791 509 928 539 uranu
949 507 1146 540 cums-rus
1166 506 1370 537 nanuumr
1390 504 1551 536 mcssnr:
1578 504 1787 536 umanum
1812 491 1890 546 (1).

151 569 203 606 De
218 569 272 605 his
290 568 396 606 etiam
411 568 533 609 opusc.
551 574 592 608 11,
610 576 684 607 cap.
700 565 734 606 7,
753 562 789 600 et
802 566 925 606 opusc.
940 571 993 603 111.
1009 574 1082 605 cap.
1098 564 1172 605 ⁴55,
1188 568 1223 597 et
1237 563 1360 603 opusc.
1380 569 1427 604 11,
1445 570 1519 602 cap.
1534 560 1588 602 ⁴⁷,
1601 565 1636 596 et
1650 561 1772 603 opusc.
1785 571 1859 601 cap.
1874 559 1917 593 65
1924 556 2036 600 princ.

208 623 275 669 Ad
291 622 492 680 primum
509 620 578 666 sic
593 620 874 677 proceditur.
896 622 917 664 1
928 652 941 663 .
959 617 1145 662 Videtur
1163 615 1287 674 quod
1304 615 1512 659 Christus
1533 614 1759 660 miracula
1775 614 1927 658 facere
1942 622 2036 656 non

153 683 380 731 debuerit.
403 685 591 728 Factum
620 681 743 725 enim
768 680 935 725 Christi
956 678 1099 724 verbo
1129 678 1278 735 ipsius
1308 676 1469 722 debuit
1495 675 1793 720 concordare.
1818 674 1908 720 Sed
1938 673 2039 731 ipse

153 744 264 791 dicit
284 745 451 799 <Matth.
472 757 554 799 xu,
576 744 647 797 39)
667 758 679 786 :
698 744 941 786 Generatio
962 739 1088 783 mala
1110 743 1154 782 et
1174 738 1390 782 adultera
1407 740 1584 794 siquam
1605 739 1780 792 quaerz't,
1799 739 1842 780 et
1861 739 2038 791 sianum

152 818 242 850 non
265 807 453 851 dabitur
473 806 531 859 ei,
555 806 645 848 nisi
671 806 849 860 siquam
870 805 993 847 Jonae
1012 800 1262 857 prophetae.
1281 801 1382 844 Non
1402 810 1514 855 ergo
1539 797 1698 843 debuit
1722 796 1946 841 miracula
1966 795 2038 840 fa·

154 879 275 912 cere.

209 931 250 973 2.
283 930 519 984 Praeterea,
545 926 666 972 sicut
688 926 894 971 Christus
919 925 969 970 in
994 923 1202 969 secundo
1225 923 1429 968 adventu
1456 926 1686 968 venturus
1708 925 1780 966 est
1803 922 1854 964 in
1873 922 2038 963 virtute

153 1002 320 1048 magna
343 991 388 1033 et
413 990 652 1042 majestate
679 989 753 1043 (Ξ),
779 993 834 1032 ut
858 986 1027 1032 dicitur
1054 986 1223 1039 (Matth.
1246 999 1357 1041 xxw,
1386 984 1476 1042 30),
1496 985 1561 1029 ita
1581 984 1631 1028 in
1658 983 1807 1040 primo
1833 981 2037 1026 adventu

154 1049 348 1097 venitin
370 1049 653 1106 infirmitate,
673 1049 933 1095 secundum
952 1048 1066 1093 illud
1088 1050 1189 1101 (Isa.
1210 1060 1278 1091 un
1291 1079 1305 1102 .,
1324 1049 1367 1101 3)
1383 1059 1395 1090 :
1415 1049 1576 1090 Virum
1592 1046 1815 1100 dolorum,
1836 1047 1880 1087 et
1896 1046 2037 1087 scien„

156 1115 244 1156 tem
265 1113 588 1167 infirmitatem.
614 1111 702 1156 Sed
727 1111 933 1167 operatio
960 1109 1294 1154 miraculorum
1321 1107 1473 1164 magis
1506 1108 1706 1163 pertinet
1732 1106 1791 1151 ad
1818 1106 2035 1150 virtutem

154 1174 296 1231 quam
320 1174 380 1219 ad
401 1170 732 1218 infirmitatem.
756 1174 874 1229 Ergo
896 1184 990 1216 non
1017 1171 1106 1215 fuit
1131 1169 1418 1215 conveniens
1439 1170 1565 1226 quod
1588 1169 1638 1213 in
1667 1169 1816 1225 primo
1834 1168 2035 1213 adventu

153 1234 377 1280 miracula
395 1234 579 1279 faceret.

208 1298 250 1340 3.
282 1299 522 1351 Praeterea,
539 1295 744 1339 Christus
757 1292 885 1338 venit
902 1292 963 1338 ad
980 1294 1068 1338 hoc
1084 1296 1139 1337 ut
1154 1293 1366 1337 homiues
1384 1292 1585 1336 salvaret
1603 1304 1687 1347 per
1696 1290 1855 1346 fidem,
1869 1303 2038 1336 secun-

151 1355 263 1401 dum
285 1357 400 1402 illud
417 1355 565 1411 (Hebr.
583 1369 656 1413 xn,
672 1357 739 1410 2):
755 1357 1030 1410 Aspicientes
1048 1357 1098 1397 in
1116 1357 1345 1397 auctorem
1363 1354 1470 1407 fidei
1487 1357 1532 1396 et
1550 1355 1951 1396 consummatorem
1964 1356 2037 1397 Je-

151 1431 264 1463 sum.
305 1417 393 1464 Sed
413 1417 637 1463 miracula
659 1417 925 1462 diminuunt
945 1417 1165 1461 meritum
1181 1416 1313 1471 fidei3
1337 1416 1464 1461 unde
1482 1417 1702 1459 Dominus
1720 1417 1864 1469 (Joan.
1885 1429 1943 1472 xv,
1963 1417 2036 1471 48)

152 1478 263 1524 dicit
279 1495 292 1523 ε
308 1482 408 1523 Nisi
428 1483 559 1535 siqua
581 1482 627 1522 et
643 1478 859 1535 prodiqia
878 1477 1101 1533 videritis,
1121 1491 1211 1520 non
1232 1477 1433 1521 creditis.
1455 1479 1574 1532 Ergo
1593 1488 1687 1520 non
1709 1476 1893 1520 videtur
1914 1476 2039 1534 quod

154 1540 359 1586 Christus
378 1540 589 1586 debuerit
609 1539 833 1585 miracula
852 1539 1021 1584 facere.

210 1602 296 1646 Sed
315 1606 472 1645 contra
492 1607 563 1646 est
580 1602 705 1658 quod
724 1613 783 1646 ex
802 1613 1002 1657 persona
1022 1601 1394 1646 adversariorum
1411 1601 1489 1645 Dei
1510 1600 1679 1645 dicitur
1692 1602 1835 1655 (Joan.
1858 1614 1918 1658 x1‚
1935 1604 2035 1657 47):

155 1664 275 1718 Quid
296 1666 502 1720 facimus,
525 1667 632 1719 quia
656 1665 730 1706 hic
752 1664 883 1707 homo
904 1663 1049 1710 multa
1067 1665 1199 1718 siqua
1220 1662 1361 1717 lacit?

201 1730 490 1771 CONCLUSIO.
513 1753 560 1761 -
580 1731 681 1772 Csim
695 1732 815 1771 fuerit
830 1729 1070 1770 hominibus
1086 1729 1437 1769 manifestandum
1456 1731 1586 1769 Deum
1599 1740 1683 1768 esse
1700 1727 1745 1767 in
1763 1729 1940 1779 Christo,
1953 1742 2037 1771 non

154 1795 225 1836 per
243 1784 487 1837 adoptionis,
502 1786 571 1826 sed
583 1786 752 1826 unionis
767 1786 956 1836 gratiam,
971 1789 1011 1825 et
1025 1785 1114 1837 ejus
1129 1785 1359 1825 doctrinam
1374 1796 1457 1824 esse
1474 1786 1498 1824 a
1513 1785 1616 1834 Deo,
1633 1785 1879 1824 conveniens
1894 1784 1975 1825 fuit
1990 1789 2039 1826 ut

154 1839 200 1879 in
221 1840 336 1880 terris
353 1841 555 1881 miracula
572 1841 733 1881 faceret.

208 1902 480 1958 Respondeo
498 1902 745 1948 dicendum
764 1903 888 1959 qubd
910 1903 1131 1948 divinitus
1153 1901 1423 1947 conceditur
1435 1901 1612 1946 homini
1629 1901 1854 1946 miracula
1867 1903 2035 1958 facere,

154 1968 342 2020 propter
371 1963 478 2009 duo.
507 1963 656 2008 Primb
685 1964 873 2021 quidem
905 1970 950 2009 et
980 1964 1294 2021 principaliter
1319 1964 1378 2008 ad
1405 1963 1772 2008 confirmandam
1797 1964 2038 2010 veritatem

153 2034 294 2079 quam
311 2024 476 2081 aliquis
492 2025 652 2070 docet:
668 2026 778 2082 quia
795 2026 919 2070 enim
936 2038 991 2070 ea
1005 2038 1110 2082 quae
1127 2030 1239 2070 sunt
1251 2026 1375 2081 fidei,
1388 2026 1640 2069 humanam
1658 2026 1883 2070 rationem
1899 2038 2039 2073 exce-

153 2084 292 2141 dunt,
315 2098 411 2130 non
432 2092 629 2142 possunt
657 2099 740 2143 per
757 2087 959 2132 rationes
987 2088 1218 2132 humanas
1246 2087 1432 2144 probari
1445 2120 1457 2141 ,
1476 2086 1556 2131 sed
1587 2091 1768 2143 oportet
1784 2087 1910 2144 quod
1926 2101 2039 2145 pro-

152 2145 321 2191 bentur
343 2158 426 2203 per
448 2152 775 2204 argumentum
796 2147 965 2192 divinae
988 2148 1175 2192 virtutis
1195 2162 1207 2189 =
1228 2153 1282 2192 ut
1309 2148 1421 2193 dum
1444 2147 1614 2204 aliquis
1639 2147 1749 2193 facit
1769 2160 1910 2204 opera
1931 2161 2038 2206 quae

153 2207 282 2251 solus
297 2211 418 2252 Deus
435 2209 587 2253 facere
605 2213 772 2266 potest,
786 2209 1033 2254 credantur
1047 2222 1102 2253 ea
1118 2221 1223 2265 quae
1242 2209 1476 2265 dicuntur,
1491 2221 1595 2253 esse
1614 2209 1641 2252 a
1655 2212 1769 2265 Deo;
1788 2210 1908 2255 sicut
1927 2211 2037 2258 cum

155 2267 321 2325 aliquis
342 2269 488 2314 defert
517 2269 694 2315 litteras
718 2271 895 2315 annulo
922 2271 1048 2327 regis
1075 2272 1306 2326 signatas,
1332 2271 1537 2316 creditur
1564 2282 1623 2315 ex
1643 2271 1883 2317 voluntate
1912 2275 2036 2331 regis

153 2330 582 2386 processissequod
613 2330 660 2375 ln
690 2331 782 2376 illis
809 2332 1074 2376 continetur
1095 2335 1171 2386 (3).
1197 2330 1425 2388 Secundo,
1459 2331 1520 2376 ad
1546 2332 1884 2378 ostendendam
1914 2347 2037 2391 prae-

153 2391 350 2436 sentiam
370 2391 446 2436 Dei
469 2391 517 2436 in
535 2392 723 2437 homine
746 2405 829 2450 per
849 2394 1045 2449 gratiam
1067 2393 1263 2450 Spiritus
1285 2393 1434 2438 sancti
1451 2408 1465 2437 ε
1480 2398 1534 2438 ut
1557 2393 1670 2438 dum
1695 2394 1871 2440 scilicet
1895 2396 2035 2443 homo

152 2450 261 2496 facit
287 2464 427 2509 opera
451 2453 549 2505 Dei,
574 2453 789 2498 credatur
818 2458 939 2499 Deus
966 2453 1176 2499 habitare
1199 2454 1250 2498 in
1278 2466 1334 2499 eo
1362 2466 1447 2511 per
1468 2455 1665 2511 gratiam
1687 2469 1698 2497 :
1719 2455 1846 2501 unde
1868 2457 2036 2503 dicitur

155 2512 267 2568 (Gal.
287 2527 352 2570 111,
367 2516 410 2569 5)
427 2528 439 2557 :
456 2518 545 2570 Qui
569 2515 726 2559 tribuit
746 2516 866 2559 vobis
883 2519 1101 2573 Spiritum
1124 2519 1349 2572 sanctum,
1370 2520 1589 2573 operatur
1610 2519 1798 2561 virtutes
1823 2520 1872 2561 in
1894 2519 2031 2565 vobis.

152 2575 404 2631 Utrumque
421 2579 577 2619 autem
598 2576 721 2621 circa
744 2576 974 2622 Christum
1001 2582 1101 2622 erat
1125 2576 1393 2622 hominibus
1417 2578 1836 2636 manifestandum3
1857 2579 2035 2626 scilicet

152 2635 277 2690 quod
302 2638 424 2681 Deus
443 2643 567 2680 esset
595 2636 643 2680 in
665 2649 721 2682 eo
741 2650 825 2695 per
849 2638 1061 2694 gratiam,
1083 2650 1178 2683 non
1206 2638 1484 2694 adoptionis,
1509 2638 1594 2683 sed
1613 2639 1818 2695 unionis,
1842 2644 1889 2684 et
1907 2641 2033 2698 qued

152 2697 256 2752 ejus
267 2698 629 2753 supernaturalis
644 2699 851 2745 doctrina
866 2706 990 2745 esset
1006 2701 1033 2745 a
1049 2704 1158 2746 Deo.
1174 2703 1228 2745 Et
1246 2700 1350 2745 ideo
1363 2699 1856 2745 convenientissimum
1872 2702 1961 2748 fuit
1976 2708 2033 2748 ut

153 2756 377 2802 miracula
394 2759 587 2814 faceret3
610 2760 736 2805 unde
751 2760 852 2819 ipse
871 2761 981 2806 dicit
1000 2764 1144 2816 (Joan.
1163 2775 1213 2818 x,
1234 2763 1305 2815 38)
1325 2777 1335 2804 :
1353 2763 1403 2805 Si
1423 2762 1537 2804 mihi
1558 2774 1647 2819 ηομ
1666 2762 1804 2804 vultis
1829 2763 2028 2821 credere,

153 2820 354 2874 operibus
369 2821 564 2876 credite,·
578 2826 624 2865 et
636 2822 780 2876 (Joan.
792 2837 837 2880 v,
852 2825 919 2874 36)
933 2838 947 2867 t
962 2825 1114 2879 Opera
1128 2835 1223 2879 quae
1236 2824 1368 2867 dedit
1381 2824 1498 2866 mihi
1508 2826 1648 2866 Pater
1662 2827 1713 2866 ut
1726 2825 1914 2880 faciam,
1927 2828 2033 2882 ipsa

153 2882 258 2923 sunt
277 2892 373 2935 quae
395 2883 696 2926 testimonium
715 2886 949 2939 perhibent
971 2886 1027 2928 de
1051 2899 1135 2930 me.

208 2941 274 2985 Ad
300 2944 496 2997 primum
516 2954 627 2999 ergo
649 2945 919 3002 dicendum,
945 2946 1069 3003 qued
1098 2948 1187 2991 hoc
1204 2946 1331 3002 quod
1357 2945 1468 2990 dicit
1489 2960 1503 2988 ε
1524 2948 1710 3002 Siqnum
1734 2959 1824 2989 non
1844 2946 2032 2991 dabitur

153 3004 215 3056 ei,
241 3005 328 3046 nisi
346 3005 521 3060 siquam
541 3007 662 3048 Jonae
679 3009 927 3062 prophetae,
949 3008 1304 3064 intelligendum
1326 3012 1421 3062 est,
1444 3012 1497 3051 ut
1517 3008 1872 3063 Chrysostumus
1918 3008 2032 3056 dicit

157 3062 299 3116 (hom.
323 3077 421 3108 xuv
438 3063 487 3108 in
507 3066 660 3109 Matth.
687 3066 714 3109 a
735 3068 922 3125 princ.)„
944 3070 1071 3126 quod
1096 3075 1209 3114 tunc
1232 3088 1253 3107 «
1286 3080 1380 3112 non
1404 3074 1682 3124 acceperunt
1711 3069 1801 3113 tale
1823 3073 2028 3127 signum,

153 3124 290 3180 quale
307 3124 542 3181 petebant,
560 3126 736 3171 scilicet
755 3128 812 3172 de
831 3129 966 3184 coelo,
984 3142 1078 3174 non
1097 3130 1222 3187 qued
1244 3129 1425 3173 nullum
1445 3129 1631 3184 signum
1651 3130 1719 3173 eis
1737 3129 1934 3185 dederit3
1955 3131 2030 3177 vel

192 3219 237 3259 (⁴)
255 3219 564 3254 Praenuntiaveram
594 3222 763 3263 prophetae
791 3223 958 3257 Christum
981 3224 1045 3258 fac·
1169 3225 1213 3264 (2)
1242 3225 1308 3259 Seu
1335 3236 1416 3259 cum
1448 3226 1585 3260 virtute
1618 3226 1738 3260 multa
1772 3226 1825 3260 vel
1855 3227 1959 3261 etiam
1989 3238 2030 3262 ex

153 3270 270 3302 turum
287 3278 355 3302 esse
367 3267 526 3302 miracula
544 3267 600 3310 (Is.
627 3271 750 3310 xxxv):
774 3271 871 3304 Deus
893 3271 971 3314 ipse
994 3282 1044 3305 ve·
1129 3284 1235 3311 graeco
1254 3277 1330 3314 μετὰ
1352 3273 1503 3314 δυνάμεως
1529 3277 1582 3306 καὶ
1609 3274 1698 3315 δόξης
1722 3278 1846 3315 πολλῆς,
1875 3286 1951 3308 cum
1969 3286 2029 3316 po-

152 3316 229 3349 niet
249 3318 282 3349 et
302 3315 460 3349 salvabit
480 3325 547 3349 nos
563 3327 576 3350 .·
595 3319 680 3351 tunc
705 3318 925 3360 aperientur
945 3319 1045 3351 oculi
1129 3319 1231 3354 tentia
1247 3325 1280 3353 et
1298 3320 1403 3360 gloria
1418 3320 1536 3355 multa.

152 3371 339 3402 caecorum,
359 3366 392 3397 et
410 3372 518 3398 aures
527 3365 730 3398 surdorum
748 3365 941 3409 parebam&
959 3368 1045 3399 tuno
1173 3367 1214 3407 (ὅ)
1229 3367 1282 3401 Sic
1298 3368 1337 3402 de
1356 3368 1481 3403 annulo
1496 3369 1631 3403 Assueri
1648 3369 1792 3411 (Esther,
1811 3376 1886 3409 vm,
1906 3370 1951 3411 8),
1968 3380 2028 3405 seu

152 3410 262 3446 saliet
287 3411 386 3445 sicut
411 3420 536 3445 cervus
560 3411 739 3452 claudus,
754 3416 787 3447 et
816 3417 948 3456 aperta
974 3413 1047 3447 erit
1129 3413 1171 3449 de
1193 3415 1319 3449 litteris
1351 3427 1390 3450 eo
1424 3417 1549 3451 annulo
1578 3416 1620 3451 ad
1647 3420 1807 3456 majorem
1832 3427 1949 3451 earum
1971 3416 2029 3452 fir-

153 3455 281 3501 h'nqua
299 3461 494 3493 mutorum.
1130 3462 1282 3496 mitatem
1303 3462 1452 3503 signatis.
