2170 3808
855 195 1052 248 QUAEST.
1083 194 1211 251 LXV,
1240 193 1359 235 ART.
1391 193 1426 234 l.
2005 190 2086 232 549

206 287 360 328 autem
379 284 449 327 est
467 278 658 336 dupleX‚
685 277 861 322 scilicet
881 288 1020 333 poena
1042 280 1088 320 et
1113 274 1266 331 culpa.
1295 276 1414 329 Ergo
1432 271 1668 316 sufficeret
1694 281 1798 315 esse
1821 269 1915 314 duo
1933 263 2084 313 sacra·

205 348 570 456 mgntssi‘aeterea'
590 402 881 444 sacramenta
902 397 1134 454 pertinent
1157 395 1215 440 ad
1231 395 1435 439 actiones
1459 392 1783 439 ecclesiasticae
1802 389 2082 445 hierarchiae,

204 471 258 511 ut
274 478 357 523 per
369 463 638 520 Dionysium
656 466 780 517 patet
800 460 986 514 (Eccles.
1011 457 1236 501 hierarch.
1264 468 1365 512 cap.
1393 459 1420 499 2
1448 461 1494 500 et
1519 460 1563 512 5,
1583 455 1610 498 a
1638 454 1818 511 princ.).
1844 451 1945 507 Sed,
1967 450 2087 495 sicut

205 527 304 584 ipse
318 526 428 570 dicit
441 524 602 579 (ibid.),
619 527 712 566 tres
727 526 837 565 sunt
851 521 1054 564 actiones
1070 517 1355 570 hierarchiae,
1370 517 1545 560 scilicet
1561 515 1792 572 purgatio,
1809 512 2086 558 illuminatio

204 593 252 634 et
269 587 504 645 perfectio.
529 587 647 640 Ergo
668 596 759 627 non
780 583 948 628 debent
970 593 1073 625 esse
1097 579 1185 623 nisi
1209 579 1296 622 tria
1310 583 1616 622 sacramenta.

259 653 301 694 4.
333 651 570 701 Praeterea,
586 644 870 700 Augustinus
889 643 1000 688 dicit
1024 644 1129 695 (Con
1138 645 1206 684 tra
1223 638 1542 694 Faustum,lib.
1559 653 1649 694 xix,
1666 650 1767 694 cap.
1788 641 1857 691 13,
1882 635 2087 701 amem),

204 709 330 766 quod
352 713 642 753 sacramenta
659 718 788 749 novae
809 705 926 761 legis
940 709 1051 748 sunt
1075 713 1270 746 numero
1293 700 1512 756 pauciora
1534 700 1676 756 quam
1699 704 1990 743 sacramenta
2007 707 2088 741 ve—

203 771 314 816 teris
332 770 464 826 legis.
481 768 568 813 Sed
591 769 637 811 in
658 767 804 812 veteri
818 767 921 822 lege
945 777 1039 809 non
1059 769 1157 808 erat
1180 762 1367 819 aliquod
1390 767 1733 806 sacramentum
1753 760 1876 816 quod
1892 771 2088 827 respon7

205 833 333 877 deret
352 829 688 876 confirmationi
709 833 754 873 et
773 833 998 872 extremae
1009 825 1233 870 unctioni.
1254 827 1371 879 Ergo
1384 835 1537 880 neque
1549 824 1649 867 haec
1664 820 1834 867 debent
1855 830 2087 865 numerarl

204 892 324 937 inter
347 895 637 936 sacramenta
659 901 790 933 novae
809 889 942 943 legis.

259 959 301 999 5.
334 957 573 1008 Praeterea,
599 951 783 996 luxuria
807 963 901 994 non
929 954 1000 994 est
1022 948 1211 1004 gravius
1232 947 1354 992 inter
1374 951 1540 991 caetera
1561 950 1772 1002 peccata,
1807 948 1860 987 ut
1882 946 2008 999 patet
2030 955 2089 987 ex

203 1015 276 1059 his
297 1028 401 1072 quae
430 1016 477 1058 in
510 1013 717 1058 secunda
739 1017 869 1068 parte
894 1011 1015 1055 dicta
1035 1014 1145 1054 sunt
1173 1012 1212 1062 (2
1240 1012 1283 1064 2,
1315 1020 1393 1064 qu.
1431 1020 1552 1063 cmv,
1588 1014 1675 1051 art.
1700 1009 1759 1059 3).
1805 1004 1894 1049 Sed
1926 1009 2088 1048 contra

205 1077 295 1121 alia
316 1082 505 1134 peccata
544 1087 637 1119 non
669 1074 924 1117 instituitur
957 1071 1144 1128 aliquod
1175 1072 1534 1114 sacramentum.
1576 1070 1695 1124 Ergo
1735 1078 1887 1124 neque
1926 1071 2089 1112 contra

204 1139 438 1183 luxuriam
459 1137 618 1182 debuit
636 1135 815 1179 institui
835 1141 1176 1178 sacramentum
1197 1131 1494 1175 matrimonii.

260 1204 302 1246 6.
324 1203 563 1254 Praeterea,
594 1200 724 1252 Hugo
758 1196 815 1241 de
845 1198 888 1239 S.
919 1195 1096 1238 Victore
1115 1193 1223 1238 dicit
1245 1197 1322 1246 (De
1344 1191 1661 1246 sacramentis,
1692 1190 1772 1234 lib.
1797 1203 1828 1245 1,
1863 1194 1982 1246 part.
2014 1192 2086 1245 12,

205 1275 305 1318 cap.
327 1263 414 1317 10),
437 1260 562 1316 qued
585 1260 872 1302 sacramenta
890 1256 1060 1300 veteris
1078 1254 1197 1310 legis
1214 1253 1403 1315 fuerunt
1424 1253 1698 1305 oblationes,
1723 1251 1913 1296 decimae
1938 1255 1985 1295 et
2013 1263 2088 1295 sa·-

204 1323 390 1366 crificia.
426 1321 514 1365 Sed
543 1319 820 1363 sacrificium
856 1317 1073 1361 Ecclesiae
1096 1321 1167 1360 est
1190 1327 1335 1360 unum
1364 1320 1726 1370 sacramentum,
1762 1313 1886 1370 quod
1921 1313 2090 1357 dicitur

204 1383 500 1428 Eucharistia.
525 1384 642 1436 Ergo
661 1380 798 1425 etiam
824 1379 1081 1423 oblationes
1097 1383 1144 1423 et
1165 1378 1358 1423 decimae
1375 1377 1546 1421 debent
1564 1376 1654 1421 dici
1672 1380 1977 1419 sacramenta.

259 1449 300 1489 7.
323 1447 559 1498 Praeterea,
583 1443 669 1486 tria
691 1447 801 1486 sunt
820 1453 992 1498 genera
1012 1445 1327 1498 peccatorum,
1349 1439 1591 1494 originale,
1610 1437 1803 1482 mortale
1826 1441 1872 1481 et
1893 1437 2086 1482 veniale.

204 1506 290 1551 Sed
311 1511 472 1550 contra
488 1505 711 1559 originale
730 1508 972 1559 peccatum
992 1503 1234 1547 ordinatur
1253 1499 1532 1556 baptismus,
1551 1505 1712 1544 contra
1723 1499 1916 1543 mortale
1934 1502 2090 1544 autem

205 1567 492 1624 poenitentia.
524 1569 645 1622 Ergo
663 1565 852 1610 deberet
875 1576 979 1608 esse
1002 1564 1130 1608 aliud
1162 1568 1330 1619 praeter
1352 1566 1547 1618 septem,
1573 1561 1699 1618 quod
1720 1561 1959 1606 ordinetur
1980 1573 2090 1605 con-

205 1634 275 1674 tra
299 1629 497 1673 veniale.

261 1691 348 1735 Sed
371 1694 530 1733 contra
555 1688 736 1733 videtur
766 1686 889 1744 quod
917 1687 1011 1731 sint
1046 1687 1180 1743 plura
1208 1690 1515 1732 sacramenta.
1554 1688 1851 1731 Sacramenta
1872 1684 1996 1729 enim
2019 1684 2091 1729 di-

204 1758 374 1797 cuntur
396 1750 529 1807 quasi
554 1749 767 1806 quaedam
793 1761 925 1792 sacra
952 1749 1102 1804 signa.
1127 1749 1211 1793 Sed
1242 1749 1402 1792 multae
1429 1748 1532 1793 aliae
1554 1746 1941 1791 sanctificationes
1973 1746 2093 1790 fiunt

204 1815 253 1858 in
272 1813 472 1858 Ecclesia
492 1812 749 1856 secundum
780 1810 1018 1854 sensibilia
1041 1811 1191 1866 signa,
1213 1810 1332 1854 sicut
1364 1822 1485 1866 aqua
1513 1809 1782 1863 benedicta,
1806 1809 2092 1854 consecratio

205 1875 379 1927 altaris,
401 1879 447 1918 et
470 1872 559 1918 alia
573 1872 856 1930 huJusmod-i.
875 1874 993 1931 Ergo
1012 1876 1125 1915 sunt
1155 1872 1290 1928 plura
1304 1875 1595 1915 sacramenta
1618 1871 1758 1926 quam
1783 1875 1962 1925 septem
1985 1872 2060 1924 (1).

252 1942 539 1983 CONCLUSIO.
565 1963 610 1970 -
630 1940 927 1980 Convenienter
939 1943 1152 1991 ponuntur
1170 1944 1325 1989 septem
1338 1939 1522 1978 Ecclesiae
1543 1941 1796 1978 sacramenta
1815 1950 1825 1976 ι
1841 1937 2089 1988 Baptismus,

204 1997 481 2044 Confirmatio,
496 1996 765 2043 Eucharistia,
786 1995 1047 2044 Poenitentia,
1065 1995 1185 2043 Ordo,
1201 1994 1530 2042 Matrimonium,
1549 1995 1737 2033 Extrema
1755 1992 1918 2042 Unctio,
1940 1992 2093 2044 quibus

205 2051 327 2091 homo
349 2050 595 2090 sufficienter
616 2049 824 2101 perficitur
859 2049 904 2087 in
938 2048 1018 2098 his,
1036 2060 1127 2100 quae
1154 2050 1361 2100 pertinent
1383 2048 1438 2087 ad
1467 2048 1663 2088 divinum
1685 2047 1846 2086 cultum
1873 2048 1913 2086 et
1952 2049 2093 2087 contra

204 2106 406 2146 defectum
424 2105 575 2156 peccati
593 2104 880 2144 communiter.

259 2168 530 2223 Respondeo
545 2168 792 2212 dicendum
810 2166 953 2224 quod,
972 2167 1095 2211 sicut
1113 2179 1255 2224 supra
1277 2166 1451 2212 dictum
1471 2170 1545 2211 est
1563 2167 1744 2222 (quaest.
1762 2178 1864 2220 an,
1883 2169 1970 2209 art.
1989 2167 2032 2220 3,
2046 2169 2093 2210 et

205 2243 283 2287 qu.
306 2244 420 2285 ani,
443 2234 530 2274 art.
553 2233 611 2286 3),
637 2234 929 2273 sacramenta
952 2227 1165 2273 Ecclesiae
1180 2229 1458 2274 ordinantur
1472 2227 1530 2272 ad
1550 2229 1660 2283 duo,
1685 2227 1861 2271 scilicet
1879 2227 1935 2271 ad
1954 2227 2093 2283 perfi-

204 2292 420 2337 ciendum
448 2291 682 2335 hominem
701 2291 749 2334 in
769 2291 841 2334 his
857 2302 962 2346 quae
983 2291 1215 2346 pertinent
1236 2290 1295 2335 ad
1314 2290 1492 2334 cultum
1519 2289 1598 2333 Dei
1627 2288 1884 2333 secundnm
1910 2288 2092 2344 religio-

206 2366 310 2397 nem
333 2353 596 2396 christianae
619 2352 741 2406 vitae,
763 2356 809 2396 et
828 2351 968 2396 etiam
990 2352 1038 2394 in
1057 2351 1313 2396 remedium
1328 2355 1491 2395 contra
1505 2350 1738 2395 defectum
1758 2349 1950 2406 peccati.
1969 2352 2094 2394 Utro-

204 2427 295 2472 que
315 2420 468 2458 autem
504 2414 643 2458 modo
673 2413 1001 2458 convenienter
1022 2419 1262 2469 ponuntur
1297 2420 1473 2469 septem
1507 2418 1815 2456 sacramenta.
1843 2412 1941 2455 Vita
1968 2412 2091 2457 enim

204 2476 455 2532 spiritualis
474 2475 842 2520 conformitatem
861 2475 1064 2531 aliquam
1082 2475 1222 2519 habet
1237 2475 1296 2520 ad
1317 2476 1458 2519 vitam
1481 2474 1784 2531 corporalem,
1805 2474 1927 2518 sicut
1944 2477 1990 2518 et
2011 2486 2094 2518 cae·

204 2542 302 2581 tera
321 2536 573 2592 corporalia
592 2537 959 2581 conformitatem
971 2537 1223 2592 quamdam
1237 2537 1548 2593 spiritualium
1561 2536 1750 2580 habent.
1764 2538 1815 2579 Iu
1828 2535 1920 2579 vita
1933 2540 2090 2580 autem

204 2598 429 2654 corporali
459 2597 702 2653 dupliciter
724 2598 892 2654 aliquis
921 2598 1157 2654 perficitur
1181 2614 1191 2642 e
1217 2612 1314 2642 uno
1336 2598 1475 2643 modo
1498 2598 1727 2654 quantum
1760 2597 1815 2641 ad
1844 2609 2089 2653 personam

205 2659 459 2714 propriam,
495 2658 584 2701 alio
606 2658 745 2703 modo
769 2671 852 2715 per
889 2665 1153 2715 respectum
1187 2659 1245 2703 ad
1276 2664 1418 2702 totam
1447 2658 1826 2702 communitatem
1859 2658 2094 2704 societatis

205 2719 255 2762 in
275 2731 368 2774 qua
389 2719 518 2774 vivit,
549 2720 657 2774 quia
678 2720 818 2764 homo
846 2721 1120 2764 naturaliter
1150 2724 1221 2764 est
1255 2720 1429 2763 animal
1459 2719 1644 2764 sociale.
1673 2721 1897 2775 Respectu
1935 2726 2091 2766 autem

206 2782 278 2824 sui
298 2779 443 2835 ipsius
465 2777 700 2835 perficitur
719 2781 858 2825 homo
877 2781 923 2824 in
942 2780 1037 2824 vita
1062 2782 1287 2837 corporali
1309 2780 1551 2837 dupliciter
1575 2794 1588 2825 ε
1615 2793 1708 2824 uno
1737 2781 1875 2825 modo
1910 2793 1994 2837 per
2022 2794 2088 2840 se,

206 2841 489 2898 acquirendo
508 2841 681 2885 scilicet
707 2842 909 2899 aliquam
938 2843 1045 2886 vitae
1075 2844 1434 2898 perfectionem,
1462 2841 1551 2885 alio
1581 2841 1718 2885 modo
1747 2854 1830 2897 per
1857 2841 2089 2899 accidens,

207 2904 383 2948 scilicet
401 2903 678 2947 removendo
694 2903 1024 2960 impedimenta
1039 2904 1162 2957 vitae,
1188 2904 1301 2960 puta
1318 2903 1634 2960 aegritudines,
1650 2903 1725 2947 vel
1740 2903 1914 2959 aliquid
1936 2904 2094 2960 hujus-

205 2966 346 3011 modi.
379 2969 464 3010 Per
486 2978 536 3010 se
565 2970 722 3010 autem
754 2964 992 3023 perficitur
1029 2969 1281 3024 corporalis
1304 2968 1400 3011 vita
1419 2967 1660 3022 tripliciter
1685 2981 1695 3010 :
1730 2966 1881 3023 primo
1903 2967 2093 3022 quidem

205 3040 288 3084 per
301 3027 662 3083 generationem,
682 3039 766 3083 per
782 3039 922 3083 quam
947 3029 1086 3072 homo
1112 3029 1272 3085 incipit
1295 3042 1398 3073 esse
1417 3033 1462 3073 et
1482 3028 1659 3082 vivere,
1691 3032 1738 3071 et
1760 3028 1860 3072 loco
1882 3028 2021 3084 hujus
2042 3029 2092 3073 in

141 3141 142 3144 Ἴ
206 3089 434 3146 spirituali
453 3089 547 3133 vita
568 3093 639 3132 est
660 3088 936 3147 baptismus,
969 3091 1049 3146 qui
1068 3096 1139 3134 est
1160 3091 1412 3146 spiritualis
1435 3088 1739 3145 regeneratio,
1761 3089 2018 3134 secundum
2039 3089 2093 3133 il-

246 3178 291 3219 (1)
312 3178 499 3212 Concilium
525 3177 781 3219 Florentinum,
801 3176 894 3211 nullo
909 3178 1103 3213 Graecorum
1190 3179 1298 3223 qudm
1316 3181 1467 3222 septem,
1485 3179 1654 3214 videlicet
1676 3178 1920 3221 Baptismwm,
1948 3178 2092 3220 Confir-
2153 3216 2159 3230 ,ἴ

207 3225 459 3260 contradicente
473 3251 482 3267 ,
501 3225 656 3259 definivit
674 3236 768 3258 novae
784 3224 866 3264 legis
881 3226 1011 3260 tantum
1031 3238 1101 3267 sep·
1188 3228 1399 3264 mationem,
1414 3226 1705 3266 Eucharistiam,
1723 3226 1995 3264 Paenitentiam,
2013 3226 2093 3259 Ex-

211 3278 276 3306 tem
307 3284 374 3306 esse
407 3278 639 3311 sacramenta,
673 3271 763 3311 quod
790 3271 906 3311 synod.
945 3273 1101 3308 Trident.
1190 3277 1342 3308 tremam
1371 3273 1603 3312 Unctionem,
1632 3273 1810 3307 Ordinem
1837 3276 1869 3306 et
1898 3272 2092 3306 Matrimo-

206 3325 292 3356 (ss-ss.
306 3328 368 3360 vu,
384 3332 455 3353 can.
473 3320 501 3353 li
515 3320 561 3353 sic
572 3319 793 3360 pronuntiat:
810 3318 853 3351 Si
870 3321 950 3363 quis
962 3321 1104 3355 dixerit
1189 3322 1314 3359 nium,
1332 3325 1396 3355 aut
1413 3323 1521 3355 etiam
1542 3321 1693 3363 aliquod
1717 3322 1845 3355 horum
1863 3324 1997 3362 septem
2016 3330 2092 3355 non

205 3371 440 3402 sacramenta
466 3377 566 3401 novae
591 3367 684 3409 ἱερὴ
713 3377 788 3401 reon
810 3368 926 3407 fuisse
951 3368 974 3401 ἀ
1000 3368 1035 3400 J.
1064 3367 1102 3401 C.
1191 3379 1268 3404 esse
1282 3371 1362 3404 vere
1376 3374 1407 3404 et
1422 3370 1576 3415 proprie
1588 3368 2091 3407 sacramentummuathema

207 3414 251 3447 D.
271 3414 316 3448 N.
336 3416 506 3448 instituta
528 3419 594 3449 αιιι
613 3424 689 3450 esse
708 3415 823 3458 plura
842 3415 898 3448 vel
921 3416 1106 3457 pauciora
1191 3417 1250 3451 sit.
