2170 3808
139 204 222 248 328
775 205 973 258 QUAEST.
1004 204 1188 260 XXXIX,
1219 204 1336 246 ART.
1367 204 1416 247 V.

139 291 184 332 et
209 287 314 332 ideo
337 288 578 344 signanter
595 285 765 331 dicitur
783 287 906 340 (Luc.
932 287 1013 340 ιιι),
1034 284 1158 342 quod
1172 288 1278 328 ,Iesu
1297 285 1532 342 baptizato
1562 290 1605 329 et
1633 288 1807 340 orante,
1829 288 2039 341 apertum

139 353 203 392 est
226 350 404 404 coelum,
428 348 539 405 quia
568 347 744 392 scilicet
775 347 992 392 fidelibus
1030 346 1292 391 necessaria
1313 352 1384 391 est
1416 347 1564 391 oratio
1591 352 1696 404 post
1717 346 2036 403 baptismum:

139 411 215 456 vel
236 417 287 455 ut
317 411 453 456 detur
486 410 681 466 intelligi
706 409 832 467 quod
851 411 940 455 hoc
969 410 1123 465 ipsum
1158 408 1284 465 quod
1314 421 1396 465 per
1422 409 1707 465 baptismum
1735 409 1908 454 coelum
1937 421 2041 465 ape-

139 472 260 517 ritur
277 472 590 527 credentibus,
606 476 677 518 est
687 484 746 518 ex
764 473 934 516 virtute
945 471 1170 515 orationis
1189 470 1370 515 Christi.
1391 472 1521 516 Unde
1532 472 1775 529 signanter
1791 471 1958 524 (Matth.
1977 474 2040 524 ιιι)

140 534 309 580 dicitur
336 535 462 593 quod
487 540 700 592 apertum
720 541 793 580 est
814 536 855 580 ei
878 535 1067 590 coelum,
1082 533 1130 579 id
1155 538 1226 578 est
1247 533 1465 578 omnibus
1483 540 1673 592 propter
1692 546 1828 589 eum
1814 549 1825 558 ·
1855 533 1978 577 sicut
2000 533 2041 577 si

139 597 391 653 imperator
413 598 552 643 alicui
576 611 660 655 pro
685 598 777 643 alio
799 597 974 654 petenti
993 596 1145 641 dieat:
1171 598 1333 640 «Ecce
1356 596 1444 640 hoc
1465 596 1737 642 beneficium
1762 608 1854 640 non
1875 595 1940 639 illi
1962 595 2038 652 do,

140 659 223 704 sed
243 659 342 715 tibi,
363 660 409 706 id
428 665 501 706 est
519 665 708 718 propter
727 665 772 705 te
796 660 921 716 illi‚»
948 663 1001 703 ut
1015 659 1373 716 chrysostomus
1392 658 1529 713 (alius
1548 661 1724 715 auctor)
1748 658 1859 703 dicit
1885 659 2041 741 (super

141 722 298 767 Matth.
320 723 448 768 hom.
465 736 506 766 ιν
530 723 578 767 in
599 726 680 779 Op
703 721 883 778 imperf.
904 721 931 764 a
949 720 1108 774 med.)

193 784 260 828 Ad
278 787 478 840 primum
497 797 609 840 ergo
625 784 893 838 dicendum,
915 782 1056 839 quod,
1069 781 1190 826 sicut
1209 783 1565 839 Chrysostomus
1581 782 1691 828 dicit
1707 786 1868 839 (Super
1886 781 2046 826 Matth.'

139 844 393 902 lbidem)‚«
414 847 537 891 sicut
563 847 771 891 Christus
794 845 1054 891 secundum
1078 844 1473 901 dispensationem
1496 846 1751 890 humanam
1782 843 2042 901 baptizatus

139 911 227 963 est,
247 907 460 963 quamvis
480 907 579 964 ipse
600 913 786 964 propter
808 920 859 952 se
884 906 1116 963 baptismo
1136 918 1230 950 non
1254 906 1507 962 indigeret3
1531 907 1600 951 sie
1621 907 1761 952 etiam
1781 904 2042 951 seeundum

93 982 96 986 ·
138 968 394 1013 humanam
414 968 811 1026 dispensationem
830 968 976 1025 aperti
998 972 1112 1011 sunt
1129 968 1171 1011 ei
1200 967 1306 1011 coeli
1330 982 1343 1012 τ
1364 968 1627 1013 secundum
1649 974 1806 1014 autem
1825 972 2040 1012 naturam

138 1029 345 1076 divinam
364 1043 548 1088 semper
570 1029 670 1075 erat
691 1031 740 1075 in
763 1031 912 1076 coelis.
937 1049 957 1067 »

192 1092 260 1137 Ad
286 1093 532 1136 secundum
566 1092 832 1148 dicendum,
868 1090 1009 1149 ᾳιιόᾶ,
1050 1090 1171 1136 sicut
1204 1090 1518 1149 Hieronymus
1549 1091 1662 1136 dicit
1691 1094 1853 1148 (Super
1884 1091 2038 1135 Matth.

139 1164 243 1211 cap.
267 1157 310 1213 3,
335 1154 383 1199 in
407 1155 532 1200 hunc
551 1154 677 1211 loc.)‚
703 1173 722 1194 «
743 1155 847 1200 coeli
873 1153 1021 1211 aperti
1039 1159 1168 1210 sunt,
1189 1153 1367 1198 Christo
1380 1153 1626 1210 baptizato,
1643 1166 1738 1198 non
1758 1153 2042 1199 reseratione
2075 1166 2079 1170 ·

138 1216 495 1274 elementorum,
520 1218 602 1262 sed
627 1216 949 1275 spiritualibus
971 1216 1146 1273 oculis3
1172 1215 1294 1260 sicut
1308 1220 1355 1260 et
1370 1216 1575 1265 Ezechiel
1595 1216 1643 1260 in
1664 1215 1890 1273 principio
1907 1215 2041 1260 volu·

138 1279 279 1324 minis
302 1280 374 1324 sui
397 1280 543 1325 coelos
565 1284 751 1337 apertos
770 1292 874 1325 esse
897 1282 1244 1324 commemorat.
1271 1297 1291 1317 »
1318 1280 1372 1323 Et
1394 1279 1482 1322 hoc
1500 1278 1666 1335 probat
1683 1280 2041 1335 Chrysostomus

138 1342 302 1398 (Super
314 1343 471 1388 Matth.
486 1343 576 1388 loc.
592 1355 697 1399 sup.
714 1342 812 1397 cit.)
833 1342 1019 1386 dicens:
1038 1359 1058 1379 «
1071 1341 1197 1398 quod
1213 1341 1251 1385 si
1267 1340 1369 1397 ipsa
1384 1341 1800 1397 creatu1·a,scilicet
1813 1340 2039 1386 coelorum

138 1410 273 1460 rupta
299 1405 480 1460 fuisset,
498 1417 593 1448 non
608 1403 833 1449 dixisset:
850 1403 1005 1460 Aperti
1026 1413 1138 1447 sunt
1156 1403 1196 1447 ei
1212 1417 1225 1459 ς
1247 1403 1357 1459 quia
1371 1403 1497 1458 quod
1517 1402 1817 1459 corporaliter
1833 1402 2040 1459 aperitur

137 1467 360 1511 omnibus
391 1471 463 1512 est
496 1472 726 1524 apertum.
754 1486 775 1506 »
811 1466 940 1511 Unde
965 1466 1104 1510 etiam
1129 1465 1280 1520 (Marci
1306 1479 1337 1521 ι,
1364 1467 1436 1520 10)
1461 1466 1683 1522 expresse
1713 1465 1883 1511 dicitur
1912 1463 2040 1523 quod

137 1529 263 1572 lesus
283 1531 442 1571 statim
464 1530 706 1571 ascendens
728 1528 785 1571 de
802 1541 924 1583 aqua
944 1528 1064 1571 vidit
1083 1530 1266 1583 apertos
1288 1526 1439 1582 coelOS,
1465 1526 1598 1583 quasi
1619 1527 1720 1583 ipsa
1743 1525 1919 1582 apertio
1939 1538 2040 1572 coe-

137 1587 290 1635 lorum
310 1590 370 1635 ad
388 1590 617 1635 visionem
636 1589 799 1634 Christi
818 1591 1062 1635 referatur.
1080 1589 1208 1642 Quod
1229 1588 1415 1645 quidem
1435 1588 1578 1645 aliqui
1598 1589 1806 1634 referunt
1819 1589 1879 1634 ad
1896 1588 2040 1633 visio-

138 1663 249 1696 nem
263 1651 568 1710 corporalem,
587 1652 798 1698 dieentes
814 1652 938 1709 quod
958 1652 1083 1696 circa
1097 1652 1327 1696 Christum
1341 1651 1628 1707 baptizatum
1646 1656 1804 1696 tantus
1821 1651 2041 1708 splendor

138 1711 268 1758 fulsit
289 1713 338 1757 in
363 1713 609 1771 baptismo,
635 1719 689 1759 ut
708 1714 981 1759 viderentur
1001 1713 1107 1758 coeli
1132 1714 1295 1770 aperti.
1317 1715 1472 1758 Potest
1494 1713 1634 1758 etiam
1657 1713 1818 1759 referri
1843 1713 1902 1758 ad
1921 1713 2041 1757 ima-

139 1774 368 1832 ginariam
393 1775 622 1819 visionem
651 1790 662 1818 :
686 1787 769 1832 per
791 1787 932 1831 quem
955 1774 1149 1820 modum
1170 1774 1377 1819 Ezechiel
1406 1773 1518 1819 vidit
1540 1774 1685 1819 coelos
1708 1779 1920 1831 apert083
1944 1774 2041 1819 for-

139 1836 358 1882 mabatur
377 1837 505 1882 enim
524 1850 584 1882 ex
606 1837 780 1883 virtute
799 1838 961 1882 divina
983 1842 1031 1882 et
1050 1837 1290 1882 voluntate
1309 1836 1503 1881 rationis
1527 1837 1631 1881 talis
1652 1837 1772 1883 visio
1799 1837 1848 1881 in
1873 1836 2042 1893 imagi-

139 1901 328 1944 natione
339 1900 520 1957 Christi,
535 1900 594 1945 ad
605 1900 949 1956 designandum
962 1899 1088 1957 quod
1104 1912 1186 1956 per
1196 1899 1482 1956 baptismum
1491 1900 1596 1944 coeli
1609 1899 1763 1945 aditus
1772 1899 2042 1945 hominibus

138 1962 361 2018 aperitur.
383 1965 535 2007 Potest
556 1962 697 2007 etiam
729 1963 789 2008 ad
821 1962 1052 2007 visionem
1085 1961 1446 2006 intellectualem
1478 1962 1660 2017 reserr13
1695 1966 1834 2019 prout
1865 1961 2043 2008 scilicet

138 2024 346 2069 Christus
363 2025 492 2080 vidit,
510 2024 608 2083 J‘am
631 2025 864 2082 baptismo
883 2025 1172 2070 sanctificato
1196 2027 1273 2080 (1),
1290 2032 1503 2081 apertum
1526 2037 1631 2070 esse
1650 2024 1823 2070 coelum
1843 2025 2041 2069 homini-

138 2087 252 2141 bus3
267 2087 394 2143 quod
413 2093 571 2132 tamen
590 2087 731 2132 etiam
750 2092 859 2132 ante
877 2087 1057 2133 viderat
1077 2099 1181 2131 esse
1199 2086 1425 2131 fiendum.

194 2149 261 2193 Ad
282 2152 465 2193 tertium
488 2150 757 2206 dicendum,
783 2149 908 2206 qued
941 2162 1023 2205 per
1046 2148 1314 2205 passionem
1337 2149 1503 2194 Christi
1535 2149 1740 2206 aperitur
1761 2149 1934 2194 coelum
1957 2149 2040 2194 ho-

139 2210 345 2255 minibus
368 2213 441 2268 (Ξ),
462 2211 583 2256 sicut
601 2224 684 2269 per
702 2223 896 2257 causam
918 2223 1217 2256 communem
1244 2213 1304 2266 (3)
1323 2211 1575 2268 apertionis
1594 2211 1835 2257 coelorum.
1856 2213 2042 2268 Oportet

139 2276 295 2317 tamen
316 2273 437 2318 hanc
454 2285 647 2319 causam
670 2286 968 2319 communem
993 2274 1245 2330 apertionis
1263 2274 1489 2318 coelorum
1508 2274 1708 2330 singulis
1727 2274 1962 2331 applicari,
1981 2274 2041 2321 ad

139 2334 228 2378 hoc
265 2335 392 2392 quod
425 2335 598 2380 coelum
617 2335 871 2391 introeant;
899 2335 1023 2392 quod
1046 2335 1236 2392 quidem
1259 2335 1312 2380 fit
1336 2348 1421 2393 per
1448 2335 1751 2393 baptismum,
1779 2337 2040 2381 secundum

140 2396 254 2440 illud
273 2398 421 2451 (Rom.
448 2410 507 2451 vl,
531 2399 575 2451 3)
607 2408 619 2440 τ
654 2400 930 2453 Quicumque
953 2397 1176 2453 baptizati
1205 2410 1358 2440 sumus
1378 2401 1428 2440 in
1458 2399 1642 2441 Christo
1669 2402 1789 2454 Jesu,
1820 2401 1869 2441 in
1894 2402 2042 2443 morte

139 2460 278 2515 ipsius
307 2459 530 2516 baptizati
552 2472 719 2503 sumus.
742 2462 797 2503 Et
816 2459 925 2506 ,ideo
945 2458 1098 2515 potius
1125 2459 1178 2502 fit
1199 2459 1374 2503 mentio
1400 2459 1459 2504 de
1488 2460 1723 2515 apertione
1741 2459 1969 2504 coelorum
1990 2460 2039 2505 in

139 2519 372 2576 baptismo
391 2520 534 2577 quam
558 2520 606 2564 in
636 2522 855 2580 passione
876 2520 1055 2565 Christi.
1084 2521 1178 2577 Vel,
1203 2520 1325 2565 sicut
1351 2522 1708 2578 Chrysostomus
1738 2521 1849 2567 dicit
1877 2524 2041 2579 (Super

138 2583 294 2627 Matth.
322 2582 442 2627 alius
465 2587 641 2639 auctor,
664 2584 789 2627 hom.
817 2597 858 2627 ιν
886 2583 935 2627 in
964 2586 1039 2639 Op,
1078 2582 1281 2638 imperf.⁹
1313 2583 1340 2626 a
1361 2583 1521 2640 med),
1548 2601 1568 2622 α
1588 2583 1820 2640 baptizato
1842 2582 2038 2640 Christo,

139 2644 245 2690 coeli
289 2644 471 2689 tanthm
512 2649 623 2689 sunt
654 2645 830 2701 aperti3
857 2649 1107 2702 postquam
1145 2644 1257 2689 vero
1289 2650 1542 2702 tyrannum
1575 2645 1689 2690 vicit
1724 2657 1805 2701 per
1833 2656 2036 2698 crucem,

139 2706 249 2765 quia
273 2719 366 2751 non
387 2713 521 2751 erant
549 2707 825 2752 necessariae
847 2712 992 2764 portae
1021 2708 1141 2752 coelo
1171 2720 1415 2763 nunquam
1444 2707 1718 2763 claudendo,
1749 2719 1843 2751 non
1877 2707 2040 2753 dicunt

139 2769 291 2826 angeli
315 2785 326 2813 :
347 2773 526 2826 Aperite
556 2774 728 2827 portas,
746 2770 845 2827 jam
869 2770 994 2814 enim
1014 2774 1146 2814 erant
1177 2774 1370 2826 apertae3
1393 2770 1476 2815 sed
1502 2784 1513 2814 ε
1535 2770 1692 2815 Tollite
1715 2774 1888 2826 portas.
1912 2788 1934 2808 u
1956 2772 2041 2816 Per

139 2831 266 2888 quod
286 2830 366 2876 dat
387 2831 645 2888 intelligere
663 2833 1020 2888 Chrysostomus
1039 2831 1163 2888 quod
1181 2831 1439 2888 obstacula,
1466 2831 1637 2888 quibus
1658 2832 1788 2888 prius
1806 2830 2040 2877 obsisten-

140 2891 283 2949 tibus,
310 2891 478 2936 animae
496 2892 826 2938 defunctorum
847 2893 1040 2937 introire
1061 2906 1156 2937 non
1185 2897 1398 2949 poterant
1420 2894 1580 2948 coelos,
1604 2901 1716 2938 sunt
1738 2893 1935 2938 totaliter
1955 2904 2042 2950 per

141 2954 408 3010 passionem
429 2955 596 3000 Christi
617 2955 796 3013 ablata3
818 2955 902 3000 sed
920 2956 967 3000 in
990 2955 1224 3012 baptismo
1248 2955 1410 2999 Christi
1434 2961 1546 3000 sunt
1567 2961 1744 3013 aperta,
1772 2955 1907 3013 quasi
1934 2967 2039 3001 ma-

141 3015 360 3061 nifestata
374 3017 475 3073 jam
497 3017 575 3061 via
595 3029 680 3074 per
699 3029 845 3074 quam
866 3017 1080 3063 homines
1100 3022 1232 3062 erant
1249 3017 1296 3061 in
1318 3018 1490 3063 coelum
1509 3018 1738 3063 intraturi.

181 3151 277 3197 (1)Ιᾶ
288 3156 351 3192 est,
365 3157 542 3193 postquam
559 3152 764 3195 baptismum
783 3153 895 3196 ipsum
921 3154 1046 3189 saneti·
1176 3154 1222 3196 (5)
1245 3153 1334 3188 Tum
1352 3165 1568 3189 communem
1592 3165 1632 3189 ex
1657 3157 1754 3195 purte
1770 3152 1822 3188 sui
1847 3153 1941 3195 quasi
1965 3153 2039 3189 uni-

141 3201 270 3243 ficnvit,
285 3205 323 3235 ut
339 3200 479 3235 haberet
502 3201 667 3238 virtutem
688 3202 920 3237 sanctificandi
942 3203 1050 3245 bapti·
1134 3202 1297 3239 versalem
1337 3203 1491 3245 tantum,
1524 3208 1597 3236 tum
1627 3213 1843 3236 communem
1872 3213 1910 3236 ex
1944 3205 2038 3243 parte

142 3255 244 3285 1⁸1⁰&
1135 3253 1253 3292 nostri.
1274 3253 1368 3295 quasi
1392 3264 1451 3292 pro
1467 3250 1633 3286 universis
1650 3251 1846 3285 hominibus
1858 3277 1866 3289 .
1883 3250 1946 3285 etsi
1966 3259 2032 3284 non

176 3299 228 3380 ⁹22)
250 3297 302 3332 Ita
324 3297 405 3332 Mss.
429 3299 464 3331 et
481 3295 567 3330 editi
591 3297 744 3332 melioris
768 3301 866 3332 notae.
888 3297 955 3339 AL,
977 3307 1049 3332 om-
1133 3302 1299 3336 universis
1316 3299 1662 3344 prosit,sulficienter
1678 3299 1870 3334 toleratam.

144 3358 183 3382 m
210 3355 269 3384 us.
