2170 3808
198 269 281 312 224
769 265 968 317 QUAEST.
999 264 1164 316 XXVII,
1197 265 1316 308 ΛΒΤ.
1347 264 1365 307 Ι
1393 266 1458 308 ΕΤ
1485 265 1539 310 11.

199 349 340 407 gavit,
371 350 484 408 quin
505 348 738 406 aliquibus
763 358 819 391 ex
846 345 1035 403 speciali
1058 344 1299 403 privilegio
1321 346 1518 403 gratiam
1545 359 1679 392 suam
1708 347 1919 393 conferre
1942 349 2104 407 possit,
2161 328 2170 373 ἓ

199 419 448 470 antequam
468 414 724 456 nascantur
739 421 798 454 ex
813 413 963 453 utero.

255 475 320 520 Ad
343 477 527 518 tertium
548 470 817 528 dicendum,
842 469 968 527 qued
988 471 1038 514 B.
1062 469 1197 526 Virgo
1223 469 1510 516 sanctificata
1531 470 1618 516 fuit
1639 470 1688 515 in
1711 474 1847 516 utero
1874 472 1900 514 a
1918 476 2107 528 peccato

199 535 413 592 origInali
450 536 679 592 quantum
713 532 772 578 ad
806 531 1038 576 maculam
1068 530 1391 588 personalem3
1427 543 1520 575 non
1550 537 1706 576 tamen
1738 531 1825 575 fuit
1854 532 2048 579 liberata
2081 532 2106 579 a

198 603 348 654 reatu,
371 609 464 654 quo
487 601 582 641 tota
601 600 768 639 natura
788 593 1036 638 tenebatur
1056 592 1273 647 obnoxia,
1297 597 1348 636 ut
1369 592 1542 638 scilicet
1569 606 1660 637 non
1689 592 1880 638 intraret
1901 593 1947 638 in
1971 604 2107 651 para·-

198 659 371 713 disum.
396 658 485 703 nisi
511 670 591 715 per
612 656 777 702 Christi
798 654 998 700 hostiam
1019 654 1098 710 (1)3
1124 653 1246 699 sicut
1263 659 1310 699 et
1332 653 1390 699 de
1409 655 1582 700 sanctis
1607 654 1819 699 Patribus
1838 654 2008 700 dicitur
2028 655 2105 714 qui

197 722 390 766 fuerunt
406 725 513 773 ante
531 719 779 764 Christum.
2096 763 2100 766 ²

252 784 317 829 Ad
359 787 568 840 quartum
601 780 867 834 dicendum,
902 777 1028 835 qued
1056 781 1299 834 peccatum
1334 777 1559 834 originale
1588 778 1786 823 trahitur
1815 790 1874 823 ex
1909 778 2102 836 origine,

198 847 476 904 inquantum
501 857 584 901 per
602 856 705 888 eam
725 839 1097 887 communicatur
1116 839 1321 884 humana
1344 846 1527 897 natura,
1549 853 1688 898 quam
1714 840 1899 898 proprie
1917 840 2106 898 respicit
2135 870 2138 873 v

198 913 437 966 peccatum
461 906 714 962 originale3
751 903 874 961 quod
904 901 1093 959 quidem
1116 901 1167 945 fit
1195 901 1384 958 quando
1416 902 1573 960 proles
1590 907 1817 959 concepta
1841 901 2103 948 animatur:

196 972 322 1016 unde
339 975 439 1027 post
461 968 790 1014 animationem
814 964 925 1010 nihil
946 963 1160 1022 prohihet
1180 965 1357 1021 prolem
1375 970 1649 1023 conceptam
1668 965 1945 1011 sanctificari
1963 980 1974 1010 :
1992 977 2103 1022 pos·

199 1036 269 1078 tea
292 1033 416 1078 enim
444 1044 536 1076 non
560 1035 718 1075 manet
731 1029 776 1074 in
803 1032 1016 1072 materno
1030 1029 1165 1071 utero
1178 1025 1235 1070 ad
1253 1025 1570 1084 accipiendam
1586 1028 1841 1073 humanam
1861 1030 2100 1085 naturam3

195 1096 277 1141 sed
300 1095 358 1140 ad
378 1093 627 1151 aliqualem
651 1091 983 1150 perfectionem
1004 1089 1106 1146 ejus
1126 1089 1253 1146 quod
1270 1089 1368 1147 Jam
1389 1091 1583 1147 accepit.

195 1167 541 1210 ARTICULUS
563 1167 622 1208 11.
653 1187 711 1195 —
733 1175 867 1205 urnun
892 1174 932 1204 n.
956 1171 1081 1203 vineo
1101 1172 1252 1202 ruamr
1278 1172 1566 1204 sanem-icam
1588 1173 1693 1204 Aura
1717 1173 1996 1204 animnonmi
2025 1159 2107 1215 (2).

195 1240 246 1276 De
270 1239 325 1276 his·
347 1241 450 1276 etiam
469 1240 562 1275 Sent.
579 1246 632 1279 111,
661 1237 742 1274 diat.
763 1238 795 1278 5,
813 1240 931 1279 quaest.
951 1245 977 1278 1,
995 1238 1061 1270 art.
1092 1234 1124 1275 l,
1145 1234 1318 1316 ⁰2t5i¹u⁰dL
1339 1243 1388 1278 vt,
1408 1239 1527 1277 quoest.
1543 1239 1667 1278 v‚.art.
1687 1236 1703 1271 4
1737 1247 1831 1278 corp.
1857 1239 1891 1271 et
1911 1237 2034 1278 opusc.
2056 1243 2097 1279 u,

1055 1293 1128 1323 cap.
1219 1306 1227 1315 .
2099 1296 2101 1301 ⁴

249 1351 316 1397 Ad
335 1351 596 1398 secundum
611 1350 679 1395 sic
701 1347 983 1406 proceditur.
1007 1348 1049 1390 1.
1073 1343 1262 1388 Videtur
1283 1345 1410 1402 quod
1430 1349 1477 1391 B.
1500 1347 1635 1404 Virgo
1656 1348 1944 1392 sanctificata
1961 1347 2101 1392 fuerit

236 1483 280 1525 (⁴)
294 1483 347 1519 Ita
365 1495 442 1518 cum
458 1484 536 1520 Mss.
559 1482 713 1521 Terrae..
731 1479 863 1521 Alcen..
880 1478 1003 1518 Paris..
1023 1479 1102 1518 ete„

194 1531 279 1569 editi
301 1532 435 1573 passim.
452 1532 519 1573 Al„
541 1531 686 1566 ostium.

234 1581 279 1621 (2)
296 1579 360 1615 Ηίο
378 1579 554 1621 articulus,
571 1578 638 1614 sert
656 1577 762 1613 editio
781 1576 986 1618 Parmensis,
1003 1573 1105 1609 addu-

193 1630 332 1665 cebatur
354 1634 515 1671 tanquam
542 1628 605 1669 piae
623 1625 799 1661 sententiae
819 1625 861 1661 de
884 1623 1104 1660 Immaculato

193 1677 347 1718 Virginis
367 1679 536 1719 Conceptu
554 1675 780 1710 adversarius.
797 1674 863 1708 Sed
881 1685 935 1709 res
949 1676 999 1707 est
1012 1675 1105 1706 extra

192 1737 330 1761 omnem
363 1724 589 1760 dubitationis
620 1723 727 1758 aleam
756 1722 878 1764 posita,
913 1720 1103 1761 angelicum

192 1778 432 1818 praeceptorem
452 1773 610 1816 pluribus
622 1772 698 1807 aliis
715 1772 750 1806 in
772 1771 854 1805 locis
871 1781 1014 1813 operum
1027 1781 1103 1824 suo:

191 1835 269 1858 rum
294 1822 504 1865 apertissime
537 1821 647 1856 favere
676 1819 850 1855 sententiae
876 1822 1104 1860 propugnanti

196 1870 456 1907 immaculatam
484 1867 948 1914 Virginis'Conceptionem.
972 1866 1046 1905 Sic,
1066 1869 1104 1900 ut

193 1932 300 1955 unum
320 1919 491 1961 proteram
509 1919 600 1953 inter
618 1923 756 1952 coeteros
776 1917 883 1958 (Sent.
903 1914 964 1949 lib.
982 1923 1005 1954 1,
1025 1913 1104 1948 dist.

190 1970 244 2009 Al,
263 1972 381 2011 quaest.
405 1977 430 2010 Ι,
458 1968 553 2002 Sent.
571 1966 649 2002 dist.
681 1966 725 2006 5),
748 1965 818 2000 haec
845 1962 948 1999 habet
978 1975 987 1996 ε
1014 1962 1103 1997 talis

190 2017 265 2059 suit
283 2018 431 2059 paritas
449 2016 575 2051 Beata·
607 2015 793 2058 Virqinis,
811 2023 891 2059 quw
906 2013 929 2047 ὰ
954 2014 1102 2056 peccato

192 2066 388 2110 oriqinali,
409 2068 441 2100 et
472 2064 617 2099 actuali
649 2063 827 2098 immunis
853 2061 937 2103 suit.
956 2059 991 2094 Si
1022 2070 1101 2115 ergo

189 2114 296 2154 Virgo
319 2113 536 2148 Sanctissima
565 2111 632 2147 fuit
651 2111 814 2145 immunis
831 2110 850 2144 h
876 2114 1012 2151 peceato
1030 2120 1101 2143 on-

190 2163 305 2203 ginali.
321 2162 476 2204 sequitur
488 2160 573 2195 illud
590 2171 765 2202 nunquam
782 2158 1006 2202 contraxisse;
1021 2168 1100 2192 nam

189 2213 215 2248 si
232 2213 450 2248 contraxisset
468 2212 571 2247 etiam
585 2222 646 2252 per
663 2222 768 2245 unum
790 2209 929 2249 instans,
946 2207 1012 2242 dici
1034 2219 1100 2243 non

189 2265 298 2303 posset
323 2271 395 2296 enm
425 2260 525 2295 fuisse
545 2259 748 2293 immunem.
772 2258 846 2300 Quo
874 2256 981 2296 igitur
1004 2259 1100 2297 pacto

189 2309 289 2346 verba
304 2322 377 2351 quae
392 2308 449 2343 hie
464 2308 624 2347 leguntur
643 2309 723 2341 sunt
737 2317 815 2340 cum
836 2303 1009 2347 prioribus
1023 2314 1099 2337 con-

189 2357 332 2393 cilianda
349 2356 365 2390 ?
396 2355 568 2396 Numquid
606 2357 639 2389 S.
671 2354 819 2389 Thomas
848 2353 911 2388 sibi
954 2350 1099 2387 invicem

190 2404 376 2447 pugnantia
402 2403 558 2442 tradidit.
574 2401 627 2438 vel
652 2402 798 2443 primam
819 2399 1022 2436 sententiam
1046 2410 1099 2434 re-

192 2452 372 2488 tractavit?
407 2451 500 2487 Nihil
534 2451 659 2485 minus.
681 2468 723 2475 --
745 2449 811 2485 Sed
836 2449 923 2484 viam
941 2449 989 2484 'ad
1013 2447 1100 2483 hanc

190 2500 426 2538 difficultatem
454 2498 662 2534 enodandam
686 2498 823 2532 strenue
847 2497 981 2539 aperuit
1007 2496 1100 2530 Emi-

190 2549 409 2585 nentissimus
425 2548 479 2583 vir
491 2548 665 2591 Aloysins
682 2546 976 2581 Lambruscht'ni.
992 2545 1099 2579 Porro

190 2598 247 2634 liic
271 2597 468 2632 excellentis
493 2595 655 2630 doctrinm
677 2594 850 2635 theologus
865 2594 900 2628 in
919 2606 976 2628 sua
1002 2592 1097 2629 Pole-

190 2646 278 2681 mica
295 2645 542 2680 Dissertatione
557 2644 597 2678 de
613 2642 835 2678 immaculato
847 2642 1000 2683 Virginis
1012 2643 1096 2676 Con-

187 2699 286 2737 ceptu
307 2707 408 2736 eiiam
437 2695 550 2729 Romae
573 2692 607 2727 in
625 2693 734 2727 lucem
754 2692 862 2727 edidit
879 2703 968 2727 anno
994 2691 1095 2732 ⁴842.

190 2741 433 2778 animadvertit
456 2754 495 2775 ex
519 2740 701 2776 collatione
722 2744 876 2776 veterum
904 2740 940 2774 S.
959 2739 1097 2774 Thomae

192 2791 378 2827 editionum
402 2803 477 2825 cum
505 2788 766 2830 recentioribus,
790 2788 901 2831 palam
930 2787 1004 2822 fieri
1029 2788 1098 2829 ple-

191 2850 309 2880 rasque
335 2839 474 2873 istarum
505 2837 675 2872 mutilatas
691 2863 699 2877 ,
719 2840 752 2871 et
780 2835 1000 2877 interpolatas
1015 2847 1096 2880 esse,

190 2888 376 2930 praesertim
407 2888 441 2920 in
468 2886 552 2921 loeis
582 2884 641 2920 ubi
667 2897 779 2919 sermo
810 2889 860 2919 est
883 2884 924 2919 de
950 2885 1097 2927 Concep-

188 2936 280 2970 tione
310 2936 347 2970 Β.
375 2936 420 2971 Μ.
443 2934 485 2970 V.
512 2936 614 2974 Cuius
638 2934 775 2975 quidem
810 2933 860 2968 rei
891 2935 990 2968 testes
1014 2934 1097 2969 citat

189 2984 279 3018 omni
301 2983 494 3025 exceptione
522 2988 677 3023 maiores,
709 2993 792 3023 quos
816 2981 906 3015 inter
931 2981 1095 3016 ,loannem

188 3030 318 3065 Nicolai
338 3031 373 3065 in
390 3032 531 3072 prologo
551 3030 713 3065 editionis
731 3041 872 3071 operum
889 3030 924 3064 S·
944 3029 1098 3066 Ductori·

189 3076 317 3119 abipso
333 3079 473 3119 vulgatus
492 3078 630 3114 Parisiis
642 3106 650 3118 ,
664 3089 753 3113 anno
772 3077 867 3118 ⁴065,
888 3078 996 3119 quise
1012 3078 1097 3116 dicit

188 3127 316 3160 textum
339 3127 374 3160 S.
398 3128 537 3161 Thomoe
564 3139 632 3162 non
652 3128 670 3161 a
692 3125 940 3169 typographicis
965 3127 1096 3162 tantum

189 3174 391 3209 eorruntelis
405 3186 614 3216 expurgasse,
630 3174 686 3209 sed
707 3175 848 3208 maxime
863 3174 903 3208 ab
918 3174 1096 3219 affectetis,

189 3231 228 3256 ac
248 3223 437 3262 industria,
461 3227 495 3256 ct
518 3222 630 3256 studio
655 3222 796 3261 relictis,
813 3235 886 3263 quae
905 3222 1096 3263 legitimum

189 3280 336 3308 sensum.
348 3270 400 3305 vel
417 3269 611 3304 historicam
623 3270 851 3305 sinceritatem
864 3271 1097 3307 veracitatem-

188 3328 253 3358 que
277 3322 525 3359 perverterent.
550 3334 590 3341 —
615 3318 650 3352 Si
682 3318 794 3359 itaque
818 3320 852 3353 in
879 3321 1038 3361 operibus
1059 3323 1094 3357 S.

192 3364 331 3399 'I‘homae
347 3364 443 3406 plura
459 3368 538 3399 sunt
554 3364 628 3399 loca
642 3392 650 3406 ‚
668 3378 730 3399 nec
744 3371 910 3408 suspecte,
930 3380 1004 3409 qum
1021 3380 1095 3403 sen-

193 3413 306 3447 tentiae
324 3412 364 3447 de
385 3411 600 3446 immaculato
617 3412 767 3453 Virginis
784 3416 955 3455 Conceptu
974 3414 1095 3461 favent,

188 3458 216 3494 ei
233 3459 331 3501 plura
347 3459 456 3494 eidem
473 3459 697 3499 adversantia,
723 3460 946 3496 inveniuntur
965 3463 1095 3499 dissona

189 3506 231 3541 ab
253 3507 391 3549 antiqno
408 3513 441 3542 et
454 3508 599 3548 genuino
611 3508 646 3542 S.
663 3508 818 3543 Doctoris
833 3513 939 3547 textu.
957 3510 1095 3548 ideoque

1190 1475 1345 1511 mutilata
1357 1480 1458 1519 atque
1472 1480 1645 1520 corrupta,
1665 1478 1803 1521 optimae
1817 1479 1959 1515 Critices
1974 1479 2100 1520 regule

1189 1523 1361 1565 postulant
1378 1529 1536 1561 standum
1555 1539 1626 1562 esse
1641 1528 1775 1570 primis,
1801 1539 1867 1562 non
1885 1528 2051 1569 secundis,
2065 1531 2100 1564 et

1189 1572 1231 1607 ab
1252 1573 1330 1615 illis,
1350 1586 1418 1610 non
1433 1575 1474 1610 ab
1491 1575 1543 1610 his
1558 1577 1766 1616 arguendam
1780 1588 1850 1611 esse
1865 1588 1980 1611 veram
1994 1577 2100 1618 Aqui-

1189 1622 1277 1656 natis
1296 1628 1462 1658 mentem.
1476 1642 1520 1649 —
1536 1624 1606 1660 Hoc
1624 1625 1708 1660 adeo
1723 1637 1842 1661 verum
1860 1630 1922 1668 est,
1938 1629 1977 1660 ut
1994 1625 2099 1667 scrip-

1188 1669 1272 1704 serit
1296 1671 1441 1706 Joannes
1458 1672 1684 1709 Viterbiensis
1712 1674 1763 1716 (ut
1787 1674 1894 1709 rei'ert
1915 1673 2098 1710 Rainnldus

1189 1717 1225 1752 in
1246 1722 1343 1754 tract.
1373 1720 1413 1755 de
1444 1721 1571 1756 Pietate
1592 1722 1746 1764 Lugduni
1770 1722 1872 1765 edito)
1896 1722 1987 1765 quod
2006 1722 2098 1758 beati

1187 1764 1325 1802 Thomoe
1343 1795 1352 1810 ‚
1367 1780 1405 1804 ac.
1423 1769 1494 1804 veri
1511 1769 1641 1816 ordinis
1663 1770 1929 1806 Praedicntorum
1959 1771 2098 1813 propria

1188 1815 1303 1856 opinio
1322 1820 1371 1851 est
1396 1817 1434 1851 B.
1453 1817 1629 1859 Virginem
1649 1830 1690 1853 ne
1709 1831 1771 1860 pro
1798 1820 1935 1854 instanti
1958 1819 2096 1861 quidem

1187 1864 1392 1904 subiacuisse
1418 1866 1476 1901 irae
1490 1867 1567 1902 Dei.
1582 1885 1623 1892 —
1643 1867 1785 1909 Deinde,
1802 1873 1841 1903 ut
1856 1868 2097 1905 animadvertit
2162 1869 2170 1906 ,ἶ

1187 1913 1345 1947 laudatus
1353 1914 1651 1951 Eminentissimus
1663 1915 1715 1950 vir
1725 1916 1824 1951 Card.
1838 1917 2095 1953 Lambrusehini

1188 1961 1223 1995 in
1246 1962 1303 1996 cit.
1328 1962 1501 1999 Dissertat.
1527 1965 1596 1999 hoec
1614 1964 1717 2001 verba
1733 1977 1741 2000 τ
1759 1976 1825 2000 ‘nec
1839 1971 1924 2001 ante
1941 1966 2094 2002 anima-

1188 2011 1332 2052 tionem,
1353 2022 1419 2046 nee
1432 2013 1474 2047 in
1491 2013 1731 2054 animatione.
1752 2015 1814 2049 sed
1844 2018 1924 2057 post
1947 2015 2095 2050 anima·

1186 2059 1322 2094 tionem
1345 2062 1619 2103 sanctifica-tam
1645 2067 1677 2097 et
1697 2063 1719 2097 d
1740 2068 1887 2108 peceato
1913 2064 2094 2107 oriqinali

1186 2109 1404 2144 mundalem
1428 2109 1543 2154 fuisse
1561 2110 1790 2146 Beatissimam
1810 2111 2000 2153 Virginem,
2019 2123 2094 2154 qun

1187 2156 1222 2190 in
1234 2156 1297 2191 boc
1311 2157 1458 2193 articulo
1471 2158 1627 2197 leguntur
1637 2158 1670 2192 in
1685 2159 1861 2194 hodiernis
1873 2159 2090 2203 editionibus,

1185 2216 1254 2239 non
1276 2205 1437 2246 leguntur
1449 2206 1482 2240 in
1500 2207 1615 2241 codice
1631 2207 1834 2249 Hispalensi,
1850 2219 1919 2243 non
1934 2208 2093 2248 leguntur

1186 2252 1222 2288 in
1248 2254 1363 2288 codice
1384 2255 1440 2295 qui
1462 2255 1616 2291 Massiliae
1641 2261 1831 2291 asservatur
1856 2256 1891 2292 in
1917 2258 2092 2294 Conventa

1186 2301 1250 2336 FF.
1272 2302 1550 2344 Prmdieatorum,
1574 2305 1683 2339 necin
1709 2304 1785 2339 aliis
1809 2305 1964 2347 pluribus
1983 2318 1992 2340 ι
2012 2305 2092 2342 hino

1187 2349 1431 2386 Dominicanus
1458 2352 1675 2388 Bromiardus
1703 2353 1752 2396 (in
1793 2354 1934 2388 Summa
1967 2353 2092 2389 Praedi-

1184 2400 1346 2440 cantium,
1359 2400 1460 2434 verbo
1483 2402 1624 2441 Maria,
1641 2405 1708 2437 art.
1723 2401 1755 2441 2,
1775 2413 1808 2435 n.
1826 2402 1878 2443 40)
1901 2414 1968 2437 non
1989 2401 2091 2437 dubi·

1185 2447 1268 2481 tavit
1285 2459 1429 2483 asserere
1447 2450 1543 2495 qued
1558 2450 1597 2485 S.
1619 2449 1774 2485 Thomas
1792 2450 1961 2491 (portJH,
1975 2454 2089 2492 quoest.

1184 2504 1294 2539 xxvii,
1320 2501 1385 2532 art.
1408 2497 1440 2539 2)
1472 2499 1578 2541 ponit
1605 2500 1685 2542 ejus
1704 2499 1845 2539 (Mariua)
1877 2500 2089 2542 sanctifica-

1184 2544 1296 2579 tionis
1317 2545 1588 2586 excellentiam,
1620 2549 1799 2589 quamam
1829 2546 1880 2581 ad
1909 2548 2087 2591 temporie

1182 2593 1420 2636 prioritatem
1434 2594 1477 2629 in
1493 2595 1558 2629 hoc
1571 2621 1579 2635 ‚
1598 2595 1695 2640 qued
1708 2595 1943 2638 sanctificata
1961 2597 2034 2638 luit
2046 2597 2089 2634 ὄπ

1181 2642 1242 2675 sui
1256 2643 1497 2682 anima-tione,
1506 2643 1546 2677 id
1557 2647 1620 2685 est,
1629 2645 1672 2678 in
1683 2645 1940 2687 coniunctione
1953 2646 2088 2681 anima»

1182 2699 1263 2724 cum
1293 2700 1448 2733 corpore
1475 2692 1519 2725 in
1551 2696 1659 2727 utero
1688 2693 1821 2727 matris
1855 2702 1933 2728 cuae
1957 2705 1969 2728 .·
1997 2693 2088 2736 qued

1179 2738 1347 2779 significat
1374 2739 1516 2774 Mariam
1552 2739 1654 2776 fuisse
1679 2739 1932 2775 immaculatam
1962 2740 1998 2776 in
2026 2754 2086 2778 suo

1180 2792 1346 2828 conceptu
1365 2788 1514 2830 passivo,
1535 2788 1570 2823 id
1608 2793 1671 2830 est,
1697 2789 1845 2824 animam
1871 2793 1954 2831 ejus»,
1979 2791 2093 2831 gratia
2138 2810 2139 2813 ¹

1180 2835 1410 2871 sanctificante
1429 2841 1654 2880 praeventam,
1682 2837 1783 2872 fuisse
1811 2840 1828 2872 a
1855 2845 1990 2879 peccato
2012 2839 2085 2875 ori-

1181 2884 1285 2926 ginali
1319 2884 1520 2921 immunem.
1541 2887 1639 2921 —At
1671 2888 1752 2922 vero
1787 2899 1908 2929 nempe
1941 2886 2086 2925 dubium

1181 2932 1383 2974 excluditur,
1407 2934 1484 2968 cum
1513 2946 1551 2968 ex
1570 2933 1695 2969 litteris
1719 2935 1821 2969 noma
1846 2936 1993 2977 acceptis
2017 2948 2084 2973 cer·

1182 2983 1286 3016 tiores
1303 2981 1382 3017 sacti
1401 2993 1517 3016 sumus
1531 2994 1618 3017 anno
1634 2983 1716 3019 485¹·
1736 2982 1790 3018 die
1804 2984 1825 3018 8
1844 2983 2033 3020 decembris
2049 2984 2084 3022 in

1180 3042 1285 3064 aevum
1302 3031 1533 3071 memoranda,
1561 3043 1634 3074 quae
1657 3032 1722 3067 fuit
1750 3031 1928 3068 Dominiea
1952 3033 1986 3068 II
2018 3033 2084 3069 Ad·

1180 3081 1309 3118 ventus,
1334 3078 1590 3115 Sanctissimum
1618 3082 1660 3115 1).
1685 3080 1727 3116 N.
1754 3081 1851 3115 Pium
1868 3082 1913 3116 lx
1936 3081 1970 3116 in
1991 3081 2083 3119 Petri

1181 3126 1345 3162 cathedra
1360 3126 1506 3162 feliciter
1524 3128 1693 3164 sedentem
1710 3129 1793 3164 hora
1813 3138 1844 3164 xt
1863 3129 1951 3165 inter
1967 3130 2081 3167 Missa·

1180 3187 1258 3209 rum
1277 3175 1453 3216 solemnia,
1472 3178 1629 3213 universa
1644 3177 1827 3220 plaudente
1846 3179 1990 3214 Ecclesia
2006 3191 2082 3221 pro-

1180 3223 1406 3264 clainusse.tot
1420 3225 1508 3259 votis
1523 3230 1711 3267 exoptatam
1725 3226 2087 3265 Dogmaticamdefini*

1181 3272 1308 3307 tionem
1330 3273 1371 3308 de
1392 3274 1612 3309 Immaculato
1639 3275 1792 3316 Deiparae
1811 3277 1993 3316 Conceptu.
2014 3276 2083 3312 Ede

1179 3322 1352 3356 occasione
1372 3334 1487 3356 cusum
1511 3327 1560 3358 est
1585 3334 1724 3358 aureum
1745 3324 1915 3359 numisma
1929 3324 2082 3360 auctori-

1180 3374 1250 3404 tate
1270 3371 1306 3404 S.
1328 3370 1512 3411 Pontificis‚
1526 3383 1592 3412 quo
1614 3370 1727 3407 donati
1743 3378 1821 3407 sunt
1837 3384 1953 3407 omnes
1965 3371 2081 3407 cardi-

1180 3418 1273 3453 nales
1307 3423 1341 3454 et
1376 3419 1539 3461 episcopi,
1571 3420 1629 3461 qui
1655 3419 1797 3462 plurimi
1839 3420 1960 3455 festum
1992 3420 2080 3456 diem

1181 3468 1310 3501 Sanetus
1337 3466 1520 3501 Genitricis
1551 3467 1609 3502 Dei
1641 3467 1857 3508 celebraturi,
1887 3468 1923 3502 in
1948 3467 2079 3503 Almam

1182 3514 1307 3549 Urbem
1331 3519 1570 3549 convenerant.
1598 3517 1622 3550 A
1646 3521 1742 3560 parte
1760 3517 1875 3557 priore
1899 3515 2102 3553 imaainew
2124 3536 2127 3537 ν

2161 2345 2170 2353 ,τ
2150 2039 2170 2326 Α’.ἔ’·ῑΜΔ-.,-’
2156 2012 2158 2015 ⁴
2157 1957 2168 1971 Α,
