2170 3808
1392 11 1395 13 .
1407 0 1414 11 ··
1427 0 1577 16 firmas-³·
1596 0 1636 10 ¹
1645 0 1818 18 '‘v-{¹11⁷*:·r¹‘·m‚.

132 249 214 290 206
751 278 758 285 .
791 245 990 296 QuAEsr.
1018 245 1164 299 xxiv„
1189 247 1315 290 aar.
1341 246 1376 289 ι.

189 328 257 373 Ad
287 332 470 373 tertium
492 327 759 380 dicendum,
786 326 912 382 quod
929 338 1034 372 esse
1060 331 1336 382 creaturam,
1367 330 1413 372 et
1429 326 1570 372 etiam
1593 326 1814 384 sel-vitae,
1832 325 1907 370 vel
1925 326 2032 372 sub-

130 388 269 446 J'ectio
284 390 343 435 ad
360 392 519 444 Deum,
535 402 629 433 non
648 388 800 434 solum
813 389 1003 445 respicit
1016 399 1280 445 personam,
1295 387 1379 433 sed
1392 388 1532 433 etiam
1547 393 1783 446 naturam3
1801 387 1928 445 quod
1940 399 2033 433 non

132 455 287 507 potest
306 451 398 497 diei
420 451 479 497 de
493 451 731 496 filiatione.
751 453 805 496 Et
826 450 931 496 ideo
955 462 1051 495 non
1067 455 1140 495 est
1155 450 1321 495 similis
1344 450 1478 497 ratio.

264 689 325 724 DE
357 689 812 726 PRAEDESTINATIONE
844 689 1048 739 cnms'rl,
1090 689 1140 724 IN
1176 687 1402 731 QUATUOR
1433 690 1694 729 ARTICULOS
1726 691 1896 729 DIVISA.

179 779 333 820 Deinde
355 778 702 820 considerandum
729 783 791 820 est
812 778 863 820 de
886 778 1246 831 praedestinatione
1275 779 1454 831 Christi;
1485 784 1527 823 et
1555 781 1661 823 eirca
1691 780 1769 822 hoc
1787 784 2036 834 quaeruutur

132 837 312 887 quatuor
331 849 340 874 t
364 841 398 874 1⁰
415 837 563 875 Utrum
579 836 769 875 Christus
788 835 842 874 sit
858 835 1186 886 praedestinatus.
1203 857 1252 864 —
1266 842 1307 875 2⁰
1322 836 1474 877 Utrum
1491 836 1548 877 ait
1567 836 1879 890 praedestinatus
1891 849 2035 879 secun-

132 890 239 930 dum
261 891 371 942 quod
398 890 536 931 homo.
553 913 602 921 -—
621 896 659 930 3⁰
678 891 824 931 Utrum
844 892 933 942 eJ'us
956 890 1260 942 praedestinatio
1287 891 1346 930 sit>
1363 891 1568 944 exemplar
1593 895 1743 934 nostrae
1771 892 2034 945 praedestina·

131 944 276 986 tionis.
299 967 346 975 -
372 951 413 985 4⁰
428 945 576 987 Utrum
594 946 651 985 sit
669 956 789 986 causa
801 946 1171 998 >praedestinationis
1187 948 1351 986 nostrae.
2008 951 2010 955 ⁴

217 1008 564 1052 ARTICULUS
592 1011 633 1053 Ι..
660 1032 715 1041 -
744 1022 883 1052 urnam
914 1021 1096 1052 cnmsro
1122 1020 1353 1052 convexun
1380 1022 1731 1055 rnssnnsruwrma
1754 1023 1854 1056 Esse
1874 1013 1951 1065 (1),

132 1073 184 1111 De
200 1073 372 1110 bisetium
388 1077 481 1110 Sent.
501 1084 528 1117 1,
544 1076 623 1112 dist.
637 1078 695 1116 240,
712 1081 830 1119 quaest.
847 1086 886 1118 n,
907 1088 1000 1118 corp.
1018 1076 1080 1113 fin.
1096 1080 1132 1111 et
1146 1076 1188 1111 ad
1203 1077 1236 1118 5,
1253 1080 1288 1111 et
1302 1085 1356 1117 ιιι,
1370 1076 1448 1112 dist.
1466 1078 1500 1120 ¹1,
1516 1080 1632 1119 quaest.
1652 1086 1695 1114 m
1707 1104 1718 1118 ,
1733 1082 1800 1114 art.
1817 1078 1850 1118 2.
1867 1082 1989 1121 quast.
2005 1086 2037 1115 ιι

561 1131 596 1161 et
610 1134 665 1166 111,
681 1131 716 1160 et
731 1128 832 1162 Ceut..
854 1129 945 1167 gent.
964 1125 1026 1161 lib.
1047 1134 1097 1167 lv,
1121 1137 1195 1168 cap.
1213 1126 1246 1166 9,
1269 1130 1302 1160 et
1317 1125 1417 1160 Rom.
1432 1134 1458 1167 ι,
1477 1125 1556 1162 lect.
1570 1127 1604 1162 5.

189 1178 258 1224 Ad
279 1179 481 1236 primum
502 1180 570 1226 sic
589 1181 871 1238 procedi-tur.
901 1185 945 1226 1.
964 1180 1152 1226 Videtur
1173 1178 1300 1238 quod
1325 1180 1503 1225 Christo
1527 1193 1620 1226 non
1645 1181 1894 1228 conveniat
1911 1193 2034 1239 prae-

132 1239 414 1286 destinatum
435 1254 554 1287 esse.
580 1243 821 1287 Terminus
842 1242 968 1287 enim
991 1241 1412 1299 praedestinationis
1436 1242 1622 1287 videtur
1645 1254 1749 1288 esse
1769 1243 1955 1300 adoptio
1976 1242 2036 1288 fi-

130 1302 318 1359 liorum,
352 1305 614 1349 secundum
642 1305 760 1351 illud
786 1305 966 1362 (Ephes.
1006 1319 1037 1362 ι,
1069 1307 1112 1359 5)
1132 1319 1144 1348 :
1172 1305 1522 1348 Praedestinavz‘t
1554 1318 1634 1349 nos
1659 1308 1709 1349 in
1744 1307 2032 1362 adoptionem

131 1366 347 1419 filiorum.
376 1364 668 1413 Sed'Christo
695 1381 790 1413 non
819 1367 1037 1413 convenit
1057 1379 1163 1412 esse
1186 1366 1334 1412 filium
1367 1367 1656 1426 adoptivum,
1685 1372 1738 1413 ut
1756 1368 1932 1415 dietum
1961 1373 2031 1415 est

129 1428 314 1486 (quaest.
336 1442 473 1487 praee.
494 1434 580 1474 art.
601 1431 664 1486 4).
685 1433 803 1486 Ergo
827 1430 1002 1475 Christo
1021 1442 1115 1473 non
1134 1430 1354 1475 convenit
1375 1430 1753 1485 praedestinatum
1773 1442 1892 1476 esse.

185 1492 233 1535 2..
249 1493 486 1548 Praeterea,
512 1492 562 1536 in
577 1492 755 1537 Christo
769 1493 864 1538 duo
875 1498 946 1537 est
956 1491 1248 1536 considerare
1261 1506 1276 1548 ς
1292 1491 1469 1537 scilicet,
1487 1500 1699 1537 naturam
1719 1494 1972 1539 humanam
1985 1499 2031 1540 et

129 1563 395 1607 personam.
421 1554 509 1599 Sed
532 1567 625 1599 non
646 1559 799 1610 potest
820 1554 910 1599 diei
935 1553 1057 1612 quod
1080 1553 1286 1598 Christus
1302 1553 1362 1597 sit
1380 1553 1736 1609 praedestinatus
1754 1554 1933 1600 ratione
1950 1555 2029 1600 hu·

129 1624 282 1658 manae
300 1619 497 1673 naturae,
518 1615 629 1672 quia
642 1615 743 1661 haec
761 1620 832 1661 est
850 1616 964 1660 falsa
981 1630 993 1660 :
1010 1620 1228 1659 Humana
1242 1618 1412 1658 natura
1429 1618 1496 1659 est
1514 1616 1666 1659 Filius
1686 1619 1771 1660 Dei
1786 1631 1802 1658 .-
1821 1616 2032 1662 similiter

129 1674 269 1720 etiam
290 1688 444 1734 neque
466 1678 646 1722 ratione
667 1691 895 1735 personae,
925 1678 1034 1735 quia
1063 1677 1142 1722 illa
1158 1689 1359 1734 persona
1377 1689 1473 1722 non
1491 1677 1632 1723 habet
1649 1690 1708 1723 ex
1729 1677 1878 1736 gratia
1905 1678 2032 1736 quod

129 1737 190 1782 sit
205 1739 347 1784 Filius
370 1740 463 1797 Dei,
488 1740 572 1785 sed
594 1752 652 1784 ex
676 1745 864 1795 natura3
883 1739 1228 1797 praedestinatio
1245 1746 1405 1784 autem
1422 1744 1494 1784 est
1516 1753 1677 1785 eorum
1702 1754 1809 1799 quae
1829 1748 1941 1786 sunt
1972 1754 2032 1789 ex

129 1800 295 1858 gratia,
315 1807 366 1846 ut
387 1802 437 1847 in
456 1803 607 1860 prima
628 1809 758 1860 parte
779 1804 955 1848 dietum
976 1808 1049 1849 est
1069 1805 1254 1860 (quaest.
1275 1816 1394 1860 xxm,
1412 1806 1498 1847 art.
1518 1806 1539 1848 1
1566 1808 1614 1848 et
1634 1806 1694 1860 5).
1736 1806 1857 1862 Ergo
1877 1804 2032 1850 Chris-

128 1866 206 1908 tus
222 1876 318 1907 non
334 1871 407 1909 est
423 1865 783 1922 praedestinatus
804 1866 945 1910 Filius
962 1866 1055 1910 Dei.

182 1927 227 1971 3.
256 1928 498 1984 Praeterea,
520 1927 642 1973 sicut
671 1927 786 1973 illud
819 1928 945 1986 quod
968 1933 1041 1973 est
1069 1927 1266 1985 factum,
1289 1940 1387 1974 non
1409 1941 1596 1986 semper
1624 1928 1729 1986 fuit,
1760 1929 1824 1974 ita
1846 1934 1892 1975 et
1913 1930 2032 1976 illud

129 1986 256 2043 quod
276 1993 348 2033 est
375 1989 775 2045 praedestinatum,
793 1989 849 2033 eo
873 1989 1001 2046 quod
1020 1988 1367 2047 praedestinatio
1385 1989 1755 2035 antecessionem
1778 1991 2034 2048 quamdam

127 2049 360 2106 importat.
377 2051 466 2095 Sed
478 2053 586 2108 quia
603 2052 814 2096 Gnristus
826 2063 1011 2108 semper
1029 2052 1117 2096 fuit
1134 2054 1256 2096 Deus
1268 2058 1314 2097 et
1331 2051 1472 2097 Filius
1486 2052 1580 2108 Dei,
1601 2065 1695 2097 non
1716 2053 1900 2110 proprie
1913 2053 2031 2099 diei—

127 2114 204 2156 tur
235 2111 362 2169 quod
383 2113 521 2158 homo
540 2113 618 2158 ille
640 2114 699 2158 sit
719 2114 871 2158 factus
901 2114 1040 2159 Filius
1063 2113 1156 2159 Dei.
1187 2116 1307 2171 Ergo
1333 2114 1433 2171 pari
1455 2115 1636 2160 ratione
1658 2127 1753 2160 non
1775 2115 1913 2162 debet
1941 2117 2031 2163 dici

128 2173 254 2230 quod
272 2175 478 2219 Christus
500 2176 560 2220 sit
581 2176 939 2232 praedestinatus
958 2176 1098 2222 Filius
1118 2176 1213 2222 Dei.

184 2236 272 2281 Sed
298 2242 458 2280 contra
484 2242 556 2282 est
577 2238 703 2294 quod
724 2239 968 2295 Apostolus
991 2238 1102 2283 dicit
1126 2241 1269 2291 (Rom.
1294 2252 1326 2297 1,
1348 2239 1393 2293 4)
1414 2238 1474 2283 de
1488 2238 1669 2284 Christo
1690 2238 1919 2297 loquens:
1942 2245 2032 2299 Qui

124 2299 481 2355 praedestinatus.
497 2304 566 2344 est
580 2301 729 2343 Filius
748 2304 833 2344 Dez'
848 2303 896 2345 in
910 2304 1097 2344 virtute„

175 2365 468 2407 CONCLUSIO.
495 2389 545 2397 —-·
571 2368 681 2408 Licet
706 2368 810 2408 unio
836 2372 1085 2409 naturarum
1099 2369 1144 2409 in
1166 2379 1337 2422 persona
1359 2369 1514 2409 Christi
1540 2369 1646 2409 facta
1678 2368 1735 2409 sit
1764 2369 1810 2411 in
1833 2372 2032 2424 tempore,

126 2423 262 2462 tamen
280 2421 379 2473 quia
397 2422 449 2463 ab
466 2426 619 2464 aeterno
648 2423 925 2475 praeordinata
943 2423 1048 2473 fuit,
1071 2423 1286 2464 Christum
1314 2423 1653 2477 praedestinatum
1678 2435 1790 2476 esse„
1811 2426 2030 2469 fatendum

128 2479 204 2517 est.

180 2540 455 2597 Respondeo
475 2540 726 2586 dicendum
751 2540 894 2598 quod,
924 2541 1046 2586 sicut
1068 2546 1195 2599 patet
1222 2554 1281 2588 ex
1301 2542 1374 2588 his
1396 2543 1568 2599 quaein
1591 2543 1740 2600 prima
1761 2549 1892 2600 parte
1907 2544 2031 2591 dicta

126 2606 238 2646 sunt
254 2605 437 2659 (quaest.
470 2617 587 2660 xxm,
619 2608 707 2649 art.
730 2607 752 2649 1
776 2607 824 2648 et
840 2606 900 2660 5),
921 2604 1267 2661 praedestinatio
1297 2603 1481 2661 proprie
1507 2610 1697 2662 accepta
1718 2611 1788 2650 est
1815 2608 2029 2664 quaedam

126 2662 284 2709 divina
302 2665 630 2721 praeordinatio
649 2667 708 2711 ab
730 2671 906 2712 aeterno
925 2666 984 2712 de
1014 2666 1087 2712 his
1116 2679 1222 2725 quae
1243 2678 1326 2726 per
1349 2667 1547 2723 gratiam
1567 2668 1643 2712 Dei
1667 2674 1779 2713 sunt
1796 2669 1950 2716 fienda
1978 2671 2028 2715 in

126 2729 351 2784 tempore.
371 2729 450 2772 Est
477 2732 635 2773 autem
654 2728 743 2774 hoc
765 2728 814 2773 in
835 2732 1041 2786 tempore
1059 2729 1234 2774 factum
1257 2740 1341 2786 per
1374 2731 1570 2786 gratiam
1594 2730 1784 2775 unionis
1803 2730 1830 2774 a
1847 2734 1961 2789 DeO,
1976 2738 2028 2778 ut

125 2787 264 2833 homo
278 2794 401 2834 esset
420 2793 557 2846 DeuS‚
576 2795 623 2835 et
642 2793 763 2836 Dens
778 2795 902 2836 esset
923 2791 1078 2836 homo.
1103 2792 1196 2836 Nec
1214 2794 1367 2848 potest
1389 2790 1478 2836 diei
1490 2791 1614 2848 quod
1635 2795 1755 2837 Deus
1777 2792 1837 2837 ab
1854 2797 2031 2840 aeterno

65 2893 71 2902 ,
126 2862 221 2895 non
236 2851 616 2909 praeordinaverit
637 2854 725 2898 hoc
743 2865 798 2899 se
817 2854 1048 2899 facturum
1070 2853 1119 2898 in
1142 2860 1377 2910 tempore:
1394 2853 1503 2912 quia
1524 2859 1797 2912 sequeretur
1811 2855 1937 2912 quod
1955 2856 2028 2902 di-

124 2911 243 2957 vinae
273 2913 418 2959 menti
442 2914 618 2972 aliquid
649 2915 708 2961 de
740 2928 864 2961 novo
885 2916 1133 2962 accideret.
1171 2918 1224 2961 Et
1256 2916 1362 2962 ideo
1383 2921 1565 2975 oportet
1596 2916 1751 2962 dicere
1772 2917 1898 2975 qued
1926 2918 2030 2976 ipsa

123 2973 237 3017 unio
257 2979 539 3020 naturarum
551 2976 599 3021 in
618 2988 817 3033 persona
839 2977 1005 3023 Christi
1023 2978 1160 3023 eadat
1178 2977 1266 3022 sub
1288 2982 1466 3023 aeternav
1487 2977 1563 3022 Dei
1588 2978 2022 3035 praedestinatione·

122 3037 171 3079 et
198 3036 376 3081 ratione
396 3037 538 3095 hujus
556 3037 765 3084 Chri-stus
783 3037 953 3085 dicitur
973 3051 1078 3085 esse
1096 3039 1469 3097 praedes'tinatus.

177 3096 244 3143 Ad
267 3101 471 3154 primum
491 3112 603 3158 ergo
622 3101 893 3163 dicendum,
915 3103 1039 3161 quod
1059 3103 1306 3160 Apostolus
1335 3103 1398 3148 ibi
1416 3104 1623 3161 loquitur
1645 3103 1704 3149 de
1725 3104 2026 3160 praedestina-

123 3158 248 3204 tione
265 3161 358 3216 qua
375 3173 462 3205 nos
479 3162 880 3220 praedestinamur,
903 3169 955 3209 ut
974 3166 1123 3210 simus
1146 3162 1229 3210 filii
1252 3165 1471 3222 adoptivi.
1498 3166 1624 3212 Sicut
1642 3171 1799 3211 autem
1818 3166 2027 3213 Christus

123 3220 348 3327 Singmaldi
363 3223 502 3267 modo
515 3236 611 3280 prae
627 3225 730 3270 aliis
745 3231 817 3270 est
834 3226 911 3271 Dei
928 3227 1068 3272 Filius
1084 3227 1326 3285 naturalis,
1348 3229 1413 3273 ita
1428 3228 1632 3286 quodam
1643 3227 1871 3285 singulari
1885 3228 2025 3275 modo

122 3287 194 3327 est
216 3293 312 3338 prae
347 3283 589 3329 estinatus.

175 3345 242 3389 Ad
260 3346 504 3389 secundum
517 3346 785 3405 dicendum,
804 3350 946 3406 quod,
963 3352 1084 3397 sicut
1095 3351 1264 3397 dicitur
1281 3352 1330 3397 in
1346 3352 1506 3397 Glossa
1518 3351 1637 3407 (ord.
1652 3363 1759 3408 sup.
1780 3351 1922 3398 iilud:
1937 3355 2024 3409 Qui

163 3452 206 3492 (t)
221 3452 260 3486 In
278 3451 341 3486 hoc
355 3451 498 3486 articuio
513 3452 758 3494 interpretatur
769 3456 808 3489 S.‚
821 3456 1029 3492 Doctorhaec
1114 3463 1166 3494 est
1185 3460 1313 3494 Filius
1336 3461 1404 3496 Dei
1421 3462 1464 3495 in
1478 3461 1615 3496 virtute
1629 3461 1830 3497 secundam
1843 3461 2022 3506 spiritum

121 3497 223 3536 verba
239 3500 388 3540 Apostoli
403 3500 511 3542 (Rom.
529 3509 554 3543 1,
571 3501 603 3542 4)
621 3512 628 3534 :
649 3500 725 3542 Qui
739 3502 1028 3545 proedeseinacus
1113 3508 1437 3551 sanctificationis,
1454 3513 1522 3544 etc.
