2170 3808
643 250 843 316 QUAEST.
872 264 947 319 Vl,
978 265 1096 307 ART.
1127 265 1145 307 1
1171 264 1237 307 ET
1262 264 1315 307 11.
1872 266 1916 308 ci
1975 324 1977 327 .

46 345 178 392 :atem
198 347 247 391 in
269 346 464 391 muliere
488 345 548 390 ad
569 344 782 402 copulam
804 344 1121 402 conjugalem,
1147 348 1302 389 tamen
1322 342 1667 401 pulchritudine
1692 342 1920 402 cessante,

48 408 188 454 tdhuc
221 408 358 453 durat
387 407 553 465 copula
589 406 866 463 conjugalis.
898 409 952 451 Et
986 406 1215 462 similiter,
1248 407 1463 463 separata
1490 405 1647 450 anima
1660 437 1674 463 ,
1713 410 1923 451 remanet

42 469 147 515 unio
169 469 305 514 Verbi
326 469 404 514 Dei
425 469 483 514 ad
502 480 690 513 carnem
711 470 786 524 (1).

40 531 377 576 ARTICULUS
402 533 462 575 11.
499 554 556 562 —
588 543 731 574 uranu
759 542 893 574 nnus
919 543 988 573 nm
1016 541 1291 573 ASSUMPSBRH·
1321 540 1496 585 murm,
1526 541 1730 572 mmmmm
1761 541 1922 572 SPIRITU

797 604 888 636 slve
917 604 1053 634 imma
1077 591 1151 644 (2).

622 661 671 694 De
687 659 742 695 his
760 660 863 695 etiam
884 659 966 694 locis
982 671 1057 701 sup.
1076 662 1141 694 art.
1156 659 1170 692 1
1191 657 1328 693 notatis.

88 715 156 760 Ad
175 715 434 760 secundum
455 714 525 759 sic
539 714 819 772 proceditur.
843 717 886 760 1.
909 713 1097 760 Videtur
1110 712 1234 771 quod
1253 711 1394 756 Filius
1410 712 1489 757 Dei
1502 725 1596 757 non
1618 714 1921 770 assumpserit

35 776 253 831 animam,
267 776 500 822 mediante
521 776 704 832 spiritu,
721 776 818 821 sive
837 780 1008 821 mente.
1030 775 1154 820 Idem
1177 774 1302 819 enim
1322 787 1415 818 non
1437 774 1560 834 cadit
1581 774 1785 819 medium
1801 775 1921 821 inter

34 838 244 896 seipsum
261 842 306 884 et
325 838 498 896 aliquid
523 838 668 884 aliud.
688 838 778 884 Sed
801 838 991 895 spiritus
1014 837 1112 882 sive
1133 848 1269 881 mens
1288 847 1381 880 non
1408 840 1482 882 est
1501 836 1629 893 aliud
1646 835 1695 880 in
1719 837 1920 881 essentia

34 898 212 957 abipsa
230 899 400 957 anima,
424 899 543 944 utin
573 899 722 957 prima
745 903 875 957 parte
905 898 1114 944 habitum
1135 902 1207 943 est
1234 900 1415 954 (quaest.
1439 911 1596 955 Lxxvu,
1621 901 1707 942 art.
1731 901 1752 943 1
1776 897 1836 943 ad
1855 898 1918 955 1).

33 961 152 1016 Ergo
186 961 325 1006 Filius
350 960 428 1006 Dei
453 973 547 1005 non
593 961 847 1018 assumpsit
883 961 1104 1017 animam,
1141 959 1374 1004 mediante
1407 959 1573 1017 spiritu
1607 959 1706 1005 sive
1744 964 1916 1005 mente.

88 1023 130 1067 2.
162 1023 399 1079 Praeterea,
422 1021 539 1068 illud
555 1034 650 1079 quo
670 1022 903 1068 mediante
923 1023 1046 1068 facta
1067 1025 1139 1066 est
1157 1021 1432 1079 assumptio,
1451 1021 1637 1066 videtur
1654 1033 1757 1066 esse
1770 1021 1920 1078 magis

34 1083 367 1140 assumptibile.
394 1084 482 1129 Sed
512 1084 702 1142 spiritus
728 1084 827 1129 sive
848 1096 984 1129 mens
1003 1095 1098 1128 non
1130 1086 1201 1128 est
1231 1082 1382 1138 magis
1416 1082 1749 1140 assumptibilis
1777 1081 1920 1139 quam

34 1144 221 1190 anima:
246 1146 372 1202 quod
382 1150 508 1203 patet
525 1158 583 1191 ex
600 1147 691 1191 hoc
710 1146 834 1204 qued
856 1146 1047 1204 spiritus
1072 1144 1268 1202 angelici
1292 1156 1386 1189 non
1416 1149 1526 1190 sunt
1556 1144 1917 1201 assumptibileS‚

34 1209 87 1249 ut
101 1217 242 1263 supra
258 1207 432 1252 dictum
453 1215 524 1253 est
545 1209 727 1264 (quaest.
739 1221 799 1266 1v,
820 1212 907 1252 art.
924 1210 985 1263 1).
1006 1209 1123 1263 Ergo
1134 1206 1318 1251 videtur
1338 1206 1463 1264 quod
1481 1206 1620 1251 Filius
1641 1205 1721 1251 Dei
1738 1218 1832 1250 non
1847 1218 1920 1250 as-

35 1268 284 1324 sumpserit
301 1268 520 1324 animam,
540 1268 773 1314 mediante
794 1268 976 1325 spiritu.

89 1329 133 1372 3.
163 1331 402 1388 Praeterea,
422 1331 654 1387 posterius
677 1330 932 1376 assumitur
949 1331 977 1375 a
996 1331 1162 1389 primo,
1191 1329 1426 1375 mediante
1452 1329 1610 1386 priori.
1649 1330 1737 1375 Sed
1763 1329 1919 1375 anima

36 1389 243 1446 nominat
270 1392 417 1448 ipsam
440 1392 706 1447 essentiam,
739 1405 844 1450 quae
875 1397 948 1438 est
973 1392 1101 1450 prior
1120 1391 1395 1437 naturaliter
1414 1390 1556 1448 quam
1583 1391 1686 1448 ipsa
1711 1391 1919 1448 potentia

35 1448 137 1507 eJus
155 1463 258 1508 quae
273 1457 344 1498 est
359 1466 509 1499 mens.
533 1456 650 1510 Ergo
667 1454 851 1500 videtur
869 1453 996 1512 quod
1015 1455 1156 1499 Filius
1174 1453 1251 1498 Dei
1271 1465 1367 1497 non
1390 1452 1697 1510 assumpserit
1714 1453 1917 1497 animam

35 1511 266 1559 mediante
287 1515 451 1572 spiritu
469 1516 568 1561 sive
587 1519 758 1561 mente.

91 1573 178 1619 Sed
191 1579 351 1619 contra
370 1582 442 1622 est
456 1577 580 1635 quod
601 1578 888 1635 Augustinus
908 1577 1019 1623 dicit
1038 1577 1135 1630 (lib.
1155 1579 1217 1621 De
1241 1587 1392 1633 agone
1412 1575 1682 1630 christiano,
1710 1588 1812 1633 cap.
1830 1578 1914 1621 18:

41 1634 318 1681 «Invisibilis
335 1641 383 1681 et
397 1638 790 1683 incommutabilis
809 1638 980 1683 veritas
997 1650 1082 1695 per
1102 1637 1315 1696 spiritum
1328 1636 1548 1695 animam,
1561 1641 1609 1682 et
1621 1649 1704 1693 per
1714 1637 1917 1681 animam

37 1706 204 1752 corpus
222 1699 410 1754 accepit.
430 1718 451 1738 ι»

85 1763 370 1806 CONCLUSIO.
383 1789 430 1795 —
454 1767 568 1807 Sicut
583 1767 714 1808 Filius
731 1768 803 1808 Dei
821 1778 988 1808 carnem
1007 1767 1231 1818 assumpsit
1251 1767 1395 1806 anima
1410 1765 1634 1817 mediante,
1654 1765 1715 1807 ita
1731 1765 1918 1807 animam

39 1819 307 1869 assumpsisse
323 1820 529 1861 mediante
548 1826 686 1862 mente
704 1824 745 1862 et
763 1820 975 1863 intellectu
997 1821 1243 1862 credendum
1262 1823 1336 1861 est.

79 1881 362 1937 *Respondeo
389 1882 636 1928 dicendum
654 1883 793 1940 quod,
818 1888 939 1928 sicut
959 1884 1135 1928 dictum
1149 1887 1222 1928 est
1240 1885 1343 1938 (art.
1365 1885 1539 1940 praem),
1565 1883 1738 1928 «Filius
1755 1883 1833 1928 Dei
1847 1882 1917 1928 di-

39 1940 159 1986 citur
180 1943 489 1999 assumpsisse
515 1956 702 1988 carnem
719 1945 873 1988 anima
893 1945 1140 2000 mediante,
1156 1963 1177 1984 »
1202 1949 1302 1989 tum
1323 1948 1510 2001 propter
1530 1943 1742 1988 ordinem
1766 1944 1917 2001 digni-

38 2001 161 2059 tatis,
199 2007 297 2047 tum
333 2004 471 2048 etiam
507 2009 695 2062 propter
730 2006 1063 2062 congruitatem
1090 2005 1437 2062 assumptionis.
1472 2007 1726 2063 Utrumque
1761 2010 1916 2050 autem

37 2063 201 2108 horum
219 2063 471 2120 invenitur,
490 2066 530 2110 si
552 2078 878 2124 comparemus
895 2067 1195 2126 intellectum,
1220 2067 1301 2124 qui
1322 2067 1512 2124 spiritus
1535 2066 1718 2124 dicitur,
1740 2067 1799 2112 ad
1832 2080 1918 2112 cae-

37 2128 159 2170 teras
177 2126 345 2171 animae
361 2131 530 2184 partes.
553 2131 649 2173 Non
670 2129 795 2173 enim
808 2129 963 2174 anima
973 2133 1045 2174 est
1062 2129 1396 2186 assumptibilis
1417 2130 1676 2174 secundum
1697 2130 1916 2185 congrui-

36 2190 194 2245 tatem,
219 2187 307 2233 nisi
326 2201 409 2246 per
426 2189 514 2234 hoc
535 2190 660 2247 quod
677 2196 750 2235 est
770 2203 917 2248 capax
939 2191 1017 2235 Dei
1047 2191 1107 2236 ad
1137 2191 1387 2247 imaginem
1414 2191 1516 2248 eJus
1538 2192 1766 2247 existens,
1790 2191 1916 2248 quod

38 2251 108 2293 est
124 2249 380 2294 secundum
402 2255 622 2308 mentem,
646 2264 751 2309 quae
773 2253 962 2310 spiritus
991 2252 1174 2308 dicitur,
1210 2252 1469 2298 secundum
1495 2253 1611 2298 illud
1641 2253 1823 2309 (EpheS.
1854 2267 1911 2309 iv,

37 2311 104 2362 23)
128 2325 138 2353 z
158 2314 445 2355 Renovamini
456 2315 622 2369 spiritu
636 2317 795 2358 mentis
817 2317 992 2358 vestrae.
1014 2314 1228 2359 Similiter
1248 2314 1386 2359 etiam
1408 2314 1669 2359 intellectus
1683 2314 1804 2358 inter
1822 2327 1914 2359 cae--

37 2374 159 2415 teras
176 2376 332 2428 partes
354 2373 519 2417 animae
532 2378 603 2419 est
620 2375 830 2432 superior
853 2379 898 2420 et
911 2375 1109 2432 dignior,
1133 2379 1180 2420 et
1200 2378 1292 2420 Deo
1316 2375 1509 2420 similior
1517 2396 1529 2430 ;
1547 2380 1594 2420 et
1611 2374 1732 2432 ide0,
1759 2379 1916 2420 utDa-

37 2442 284 2478 mascenus
315 2433 424 2479 dicit
442 2435 583 2487 (Orth.
605 2435 685 2481 fid.
707 2436 787 2481 lib.
810 2450 871 2493 111,
891 2449 995 2494 cap.
1026 2439 1070 2492 6,
1093 2437 1216 2481 circa
1236 2436 1398 2493 med),
1433 2455 1454 2475 «
1471 2437 1656 2481 unitum
1687 2441 1756 2482 est
1785 2438 1913 2482 carni

37 2504 121 2550 per
157 2494 360 2539 medium
382 2495 665 2541 intellectum
690 2496 889 2542 Verbum
923 2498 1017 2542 Dei.
1050 2497 1314 2542 Intellectus
1335 2497 1462 2542 enim
1498 2503 1571 2542 est
1600 2496 1714 2555 quid
1747 2498 1914 2542 animae

38 2553 334 2611 purissimum
349 2572 362 2614 3
379 2556 462 2618 sed
478 2562 526 2603 et
541 2561 663 2604 Deus
680 2563 751 2604 est
767 2559 1028 2604 intellectus
1051 2562 1126 2617 (3).
1143 2578 1164 2598 »

91 2616 160 2662 Ad
176 2620 374 2674 primum
388 2630 498 2675 ergo
518 2619 782 2679 dicendum,
798 2620 939 2678 quod,
962 2622 1048 2666 etsi
1065 2621 1328 2666 intellectus
1343 2633 1438 2666 non
1460 2620 1520 2666 sit
1534 2619 1664 2666 aliud
1679 2620 1739 2665 ab
1757 2621 1913 2665 anima

38 2678 295 2723 secundum
316 2681 582 2738 essentiam,
603 2681 907 2739 distinguitur
931 2687 1084 2727 tamen
1106 2683 1165 2727 ab
1188 2682 1290 2727 aliis
1309 2682 1520 2739 partibus
1550 2680 1716 2726 animae
1745 2694 1912 2727 secun-

41 2735 150 2784 dum
167 2740 391 2786 rationem
408 2743 622 2799 potentiae
647 2759 658 2787 ε
679 2748 726 2789 et
747 2745 1005 2790 secundum
1028 2746 1115 2789 hoc
1136 2744 1355 2802 competit
1372 2744 1414 2789 ei
1434 2743 1551 2788 ratio
1571 2744 1727 2789 medii.

94 2800 161 2863 Ad
173 2804 414 2847 secundum
431 2804 695 2863 dicendum,
712 2805 836 2863 quod
851 2806 1030 2863 spiritui
1054 2806 1265 2863 angelico
1284 2820 1379 2851 non
1402 2806 1534 2851 deest
1559 2805 1828 2863 congruitas
1853 2806 1912 2850 ad

42 2863 401 2919 assumptionem
425 2871 610 2924 propter
636 2864 867 2913 defectum
891 2867 1145 2926 dignitatis,
1176 2868 1258 2914 sed
1275 2872 1462 2926 propter
1482 2867 1910 2924 irreparabilitatem

41 2927 178 2968 casus
202 2939 213 2969 :
234 2926 359 2982 quod
381 2939 475 2971 non
500 2921 652 2986 potest
674 2930 771 2987 dici,
785 2930 842 2976 de
871 2931 1035 2988 spiritu
1064 2932 1284 2985 human0‚
1307 2935 1361 2975 ut
1392 2934 1519 2988 patet
1551 2942 1608 2974 ex
1630 2930 1703 2975 his
1737 2942 1841 2988 quae
1862 2930 1907 2975 in

40 2984 187 3040 prima
203 2991 332 3043 parte
348 2986 471 3032 dicta
484 2981 592 3034 sunt
612 2994 792 3047 (quaest.
812 3005 914 3043 an,
933 2996 1020 3037 art.
1044 2994 1085 3047 8,
1111 2997 1157 3036 et
1178 2996 1341 3048 quaest.
1365 3004 1478 3046 Lx1v,
1501 2996 1589 3035 art.
1603 2993 1660 3043 2).

92 3046 160 3092 Ad
180 3050 361 3092 tertium
391 3045 653 3108 dicendum,
677 3052 800 3109 quod
822 3053 992 3110 anima,
1018 3053 1137 3098 inter
1157 3064 1296 3109 quam
1328 3057 1374 3097 et
1400 3052 1479 3098 Dei
1499 3051 1697 3097 Verbum
1724 3053 1913 3111 ponitur

41 3108 242 3154 medium
268 3108 543 3168 intellectuS,
569 3124 664 3157 non
693 3114 914 3171 accipitur
931 3127 1016 3172 pro
1037 3114 1241 3160 essentia
1262 3113 1445 3171 animae,
1468 3126 1575 3171 quae
1596 3119 1668 3159 est
1693 3115 1911 3160 omnibus

78 3245 122 3287 (Ι)
134 3245 181 3279 Ex
202 3245 255 3280 his
271 3250 365 3287 patet
384 3246 535 3282 verbum
550 3259 619 3283 aese
642 3247 834 3283 immediate
847 3249 924 3284 uni·
1008 3256 1157 3292 partem,
1171 3250 1240 3285 sive
1260 3250 1471 3287 intellectum
1489 3268 1499 3293 ;
1516 3252 1630 3286 anima
1642 3254 1721 3287 vero
1745 3252 1911 3294 potentias

43 3303 111 3340 ‘nm
139 3292 245 3335 carni,
275 3294 362 3329 sicut
391 3295 512 3330 animo
538 3301 572 3330 et
595 3295 858 3338 independenter
886 3309 926 3332 ex
1007 3298 1198 3340 inferiores,
1222 3304 1260 3334 nt
1283 3311 1322 3334 ex
1351 3312 1490 3342 corpore
1524 3303 1559 3334 et
1584 3312 1623 3335 ex
1650 3312 1796 3341 respons.
1822 3300 1865 3334 ad
1888 3301 1909 3335 5

38 3341 158 3375 animm
183 3340 434 3385 informatione,
462 3344 502 3378 εδ
528 3344 618 3385 quod
647 3344 759 3379 anima
785 3356 852 3378 non
881 3345 926 3379 sit
1007 3350 1112 3388 patet.
1133 3389 1134 3392 Ἴ

38 3388 186 3423 medinm
200 3400 261 3429 per
270 3391 357 3430 quod
373 3390 436 3425 ista
449 3395 608 3432 extrema,
630 3391 821 3427 Vei-humet
836 3402 924 3435 caro,
1049 3395 1094 3436 (5)
1120 3394 1250 3431 Nicola'i
1274 3409 1283 3431 ε
1301 3396 1377 3432 Sed
1399 3399 1435 3433 et
1465 3397 1565 3433 Deus
1591 3399 1644 3433 est
1661 3396 1909 3441 purissimum

38 3435 79 3470 ud
102 3435 248 3470 invicem
273 3437 433 3478 ligantur.
1008 3443 1229 3479 intellectus.

75 3482 117 3523 (9.)
140 3483 287 3526 spiritus
307 3485 363 3520 hie
381 3486 550 3528 significat
569 3486 779 3528 superiorem
807 3489 926 3522 animm
