2170 3808
160 246 215 289 76
727 245 926 297 QUAEST.
951 243 1036 298 Vll,
1067 242 1184 285 ART.
1216 242 1300 284 VIII
1328 242 1392 284 ET
1419 242 1488 286 IX.

212 328 504 369 CONCLUSIO.
524 351 571 356 -
591 327 695 367 Cum
716 326 902 367 Christus
920 324 1041 364 fuerit
1057 322 1182 363 simul
1201 323 1512 375 comprehensor
1526 326 1566 364 et
1582 325 1736 373 viator,
1761 323 1908 375 inipso
1927 324 2051 366 fuisse

164 382 386 434 prophetiae
405 383 562 429 lumen,
591 392 748 421 necesse
763 380 859 429 fuit,
882 384 1062 430 respectu
1078 389 1235 427 eorum,
1249 389 1340 429 quae
1354 388 1420 418 eos
1434 378 1631 427 latebant,
1660 377 1771 430 apud
1786 390 1888 430 quos
1907 379 2050 421 fuerat.

221 445 494 502 Respondeo
517 443 766 489 dicendum
789 442 915 500 qued
933 441 1156 500 propheta
1177 441 1344 486 dicitur
1363 441 1497 497 quasi
1524 441 1687 499 procul
1705 441 1828 496 fans,
1849 440 1924 485 vel
1948 453 2051 498 pro·

96 547 99 552 ,
165 507 241 552 cul
259 507 450 563 videns3
468 507 746 562 inquantum
783 505 960 550 scilicet
978 504 1217 560 cognoscit
1247 507 1293 549 et
1325 502 1531 559 loquitur
1548 516 1603 548 ea
1623 516 1728 560 quae
1748 506 1859 548 sunt
1891 502 2053 560 procul

163 567 224 612 ab
246 568 488 612 hominum
526 567 745 613 sensibus
759 601 770 623 ,
797 567 918 612 sicut
953 567 1091 611 etiam
1127 565 1414 623 Augustinus
1453 564 1564 610 dicit
1601 568 1784 619 (Contra
1811 566 2049 626 Faustum,

165 628 243 673 lib.
265 643 355 686 xvi,
380 642 481 687 cap.
513 633 599 684 18).
634 632 713 675 Est
737 635 893 674 autem
916 627 1310 674 considerandum
1343 626 1470 685 quod
1490 639 1585 671 non
1607 631 1758 685 potest
1778 626 1867 671 dici
1886 626 2053 685 aliquis

164 692 388 748 propheta
425 703 482 737 ex
503 691 594 737 hoc
615 691 740 750 quod
760 690 1001 749 cognoscit
1033 695 1078 735 et
1107 690 1357 734 annuntiat
1390 701 1444 734 ea
1469 701 1574 746 quae
1605 694 1717 735 sunt
1748 689 1851 733 aliis
1872 688 2051 747 procul,

162 765 273 798 cum
296 753 468 810 quibus
487 754 588 811 ipse
612 767 707 799 non
729 759 818 800 est.
843 756 897 798 Et
915 755 1002 798 hoc
1022 753 1320 798 manifestum
1342 756 1414 797 est
1437 752 1694 798 secundum
1717 752 1873 797 locum
1903 755 1949 796 et
1966 764 2051 796 se-

161 815 371 861 cundum
396 821 595 874 tempus.
623 817 667 861 Si
687 816 811 861 enim
831 815 999 873 aliquis
1017 815 1065 860 in
1085 815 1226 860 Gallia
1247 816 1454 860 existens
1467 819 1772 872 cognosceret
1800 817 1846 859 et
1867 826 2050 859 annun-

164 877 298 922 tiaret
320 878 423 923 aliis
443 878 490 922 in
512 878 653 923 Gallia
676 879 986 923 existentibus
1006 890 1059 922 ea
1084 890 1188 935 quae
1211 884 1323 922 tunc
1342 877 1390 921 in
1412 878 1542 935 Syria
1565 882 1830 934 agerentur,
1855 877 2052 934 prophe-

164 939 309 984 ticum
326 946 451 985 esset
468 954 480 994 3
503 941 623 985 sicut
644 941 836 985 Elisaeus
855 941 914 985 ad
930 940 1047 984 Giezi
1069 940 1184 984 dixit
1202 942 1284 993 (IV.
1310 942 1422 996 Reg.
1446 943 1506 994 ιιι)
1523 939 1756 997 quomodo
1776 939 1847 983 vir
1863 938 2053 983 descen-

161 1000 294 1046 derat
311 1001 369 1046 de
392 1014 534 1046 curru
552 1006 598 1046 et
616 1006 882 1047 occurrerat
905 1002 964 1047 ei.
997 1001 1040 1046 Si
1061 1002 1171 1046 vero
1194 1001 1363 1059 aliquis
1381 1001 1429 1045 in
1461 1001 1591 1058 Syria
1612 1001 1834 1054 existens,
1862 1012 1916 1045 ea
1947 1012 2053 1057 quae

163 1067 275 1107 sunt
293 1063 356 1107 ibi
380 1064 692 1122 annuntiaret,
713 1075 806 1108 non
836 1068 960 1108 esset
979 1064 1318 1120 propheticum.
1349 1065 1402 1107 Et
1423 1062 1546 1108 idem
1575 1066 1765 1119 apparet
1793 1061 2054 1106 secundum

164 1127 366 1180 tempus.
392 1126 713 1182 Propheticum
747 1126 870 1171 enim
903 1126 991 1170 fuit
1020 1126 1140 1183 quod
1181 1126 1323 1170 Isaias
1356 1124 1706 1182 praenuntiavit,
1740 1123 1865 1181 quod
1887 1125 2049 1182 Cyrus,

163 1197 246 1229 rex
268 1188 530 1243 Persarum,
552 1188 779 1244 templum
798 1187 876 1232 Dei
898 1191 1022 1231 esset
1041 1187 1425 1242 reaedificaturus,
1450 1191 1504 1231 ut
1525 1190 1649 1243 patet
1674 1187 1777 1239 (Isa.
1801 1187 1934 1240 xmv).
1954 1187 2053 1229 Non

160 1252 319 1292 autem
339 1249 427 1293 fuit
445 1250 766 1307 propheticum
787 1250 915 1307 quod
938 1250 1106 1294 Esdras
1130 1251 1217 1295 hoc
1250 1249 1452 1306 scripsit,
1474 1249 1609 1305 cujus
1640 1253 1848 1304 tempore
1879 1247 2053 1292 factum

161 1314 249 1354 est.
276 1310 320 1354 Si
336 1310 482 1367 igitur
503 1314 622 1355 Deus
643 1316 724 1355 aut
742 1324 799 1355 an
807 1311 898 1368 geli
922 1311 999 1356 vel
1018 1312 1156 1357 etiam
1175 1311 1297 1356 beati
1318 1314 1610 1367 cognoscunt
1629 1315 1676 1355 et
1699 1309 1982 1354 annuntiant
1998 1321 2053 1355 ea

163 1383 268 1427 quae
291 1377 402 1417 sunt
426 1374 589 1430 procul
611 1374 639 1416 a
662 1378 820 1417 nostra
856 1373 1033 1428 notitia,
1065 1374 1153 1418 hoc
1178 1387 1272 1419 non
1293 1371 1494 1431 pertinet
1515 1373 1575 1418 ad
1602 1372 1920 1430 prophetiam,
1943 1369 2053 1429 quia

162 1432 211 1476 in
236 1434 366 1479 nullo
387 1441 601 1479 nostrum
633 1440 807 1480 statum
837 1437 1087 1493 attingunt.
1113 1435 1320 1481 Christus
1347 1440 1504 1480 autem
1524 1439 1632 1480 ante
1652 1435 1917 1492 passionem
1942 1446 2054 1479 nos-

163 1500 286 1540 trum
311 1501 486 1541 statum
516 1498 799 1557 attingebat,
823 1499 1103 1556 inquantum
1137 1512 1231 1544 non
1266 1499 1417 1543 solum
1444 1502 1544 1543 erat
1574 1498 1950 1554 comprehensor,
1971 1496 2055 1542 sed

162 1558 303 1602 etiam
323 1559 489 1604 viator.
511 1562 564 1604 Et
583 1560 687 1605 ideo
706 1561 1029 1618 propheticum
1046 1566 1160 1619 erat,
1178 1561 1303 1619 quod
1326 1574 1381 1605 ea
1403 1572 1507 1618 quae
1527 1567 1659 1604 erant
1679 1559 1843 1617 procul
1864 1558 1923 1604 ab
1942 1558 2054 1605 alio·

162 1631 267 1663 rum
290 1621 521 1665 viatorum
543 1622 719 1681 notitia,
745 1628 789 1667 et
810 1622 1123 1680 cognoscebat
1140 1627 1187 1668 et
1211 1622 1533 1668 annuntiabat.
1549 1625 1602 1666 Et
1630 1623 1717 1667 hac
1741 1622 1918 1667 ratione
1941 1621 2052 1667 diei-

162 1684 240 1725 tur
261 1682 307 1725 in
328 1694 383 1726 eo
406 1683 550 1727 fuisse
583 1684 837 1741 prophetia.

216 1744 283 1788 Ad
300 1748 500 1800 primum
528 1758 640 1803 ergo
668 1746 933 1802 dicendum,
953 1746 1077 1803 qued
1094 1758 1178 1803 per
1199 1746 1280 1791 illa
1297 1745 1437 1791 verba
1461 1758 1556 1791 non
1587 1746 1848 1791 ostenditur
1869 1757 1974 1791 esse
1997 1745 2054 1791 de

164 1805 341 1851 ratione
360 1808 615 1864 prophetiae
641 1809 934 1865 aenigmatica
955 1808 1177 1864 cognitio,
1209 1820 1314 1866 quae
1340 1808 1518 1853 scilicet
1536 1812 1607 1852 est
1632 1821 1714 1865 per
1738 1807 1974 1853 somnium
2007 1812 2055 1852 et

163 1867 211 1911 in
240 1868 445 1926 visione3
489 1870 572 1915 sed
607 1871 868 1916 ostenditur
900 1870 1185 1927 comparatio
1219 1871 1418 1915 aliorum
1455 1870 1790 1927 prophetarum
1810 1903 1823 1928 ,
1859 1869 1939 1927 qui
1973 1882 2055 1927 per

163 1931 397 1975 somnium
422 1936 468 1976 et
491 1931 539 1976 in
566 1932 744 1977 visione
764 1936 1075 1989 perceperunt
1104 1932 1277 1991 divina,
1300 1932 1360 1978 ad
1378 1935 1582 1990 Moysen,
1604 1931 1684 1989 qui
1710 1932 1889 1989 palam,
1906 1935 1948 1976 et
1965 1945 2055 1976 non

162 2007 244 2049 per
276 1996 519 2050 aeniqmata
555 1999 698 2038 Deum
721 1997 872 2051 vid·z·t,·
902 1994 982 2051 qui
1005 1994 1231 2052 propheta
1253 1999 1325 2040 est
1354 1994 1506 2040 dictus
1533 1996 1609 2051 (1),
1648 1994 1907 2039 secundum
1940 1993 2055 2040 illud

163 2057 361 2107 (Deuter.
386 2056 468 2099 ult.
496 2057 566 2109 10)
583 2069 595 2098 :
615 2060 716 2100 Non
731 2059 935 2099 surrexit
953 2056 1079 2099 ultra
1091 2057 1386 2113 prophetam
1404 2057 1553 2101 lsrael
1568 2058 1683 2099 sic-ut
1698 2059 1888 2112 Moyses.
1905 2058 2057 2100 Potest

162 2120 317 2162 tamen
341 2116 431 2160 dici
452 2117 579 2174 quod
596 2118 684 2162 etsi
703 2118 909 2162 Christus
925 2117 1086 2162 habuit
1104 2118 1292 2174 plenam
1308 2122 1355 2163 et
1373 2122 1579 2175 apertam
1600 2117 1810 2161 notitiam
1827 2122 2055 2174 quantum

162 2178 223 2223 ad
242 2183 421 2234 partem
441 2179 797 2235 intellectivam3
820 2179 982 2224 habuit
1004 2184 1156 2224 tamen
1177 2180 1225 2224 in
1250 2185 1380 2237 parte
1406 2179 1711 2236 imaginativa
1733 2180 1962 2237 quasdam
1989 2181 2056 2226 si-

163 2240 467 2299 militudines,
487 2241 535 2284 in
559 2241 732 2298 quibus
752 2242 892 2286 etiam
918 2246 1096 2298 poterat
1114 2241 1343 2299 speculari
1366 2242 1539 2298 divina,
1568 2242 1849 2299 inquantum
1872 2255 1965 2286 non
1981 2255 2055 2288 so-

164 2301 261 2346 lum
282 2306 381 2347 erat
399 2304 778 2360 comprehensor,
799 2304 882 2348 sed
902 2304 1039 2348 etiam
1063 2305 1225 2348 viator.

218 2364 286 2409 Ad
308 2367 552 2410 secundum
572 2366 839 2422 dicendum,
857 2366 981 2422 quod
1004 2366 1119 2411 fides
1137 2370 1208 2411 est
1230 2378 1392 2411 eorum
1408 2378 1512 2422 quae
1532 2378 1626 2410 non
1643 2365 1862 2411 videntur
1879 2365 1939 2411 ab
1954 2367 2056 2423 ipso

167 2427 383 2472 credente
399 2443 412 2483 ς
439 2433 486 2471 et
507 2427 720 2472 similiter
736 2440 845 2484 spes
861 2431 933 2472 est
950 2440 1113 2472 eorum
1130 2440 1235 2484 quae
1254 2440 1349 2472 non
1370 2428 1601 2472 habentur
1619 2427 1795 2486 abipso
1813 2433 2053 2486 sperante:

164 2488 247 2534 sed
277 2490 519 2546 prophetia
552 2494 624 2535 est
657 2502 819 2535 eorum
843 2503 946 2547 quae
979 2494 1092 2535 sunt
1123 2490 1287 2547 procul
1311 2490 1337 2534 a
1367 2490 1604 2535 communi
1629 2491 1871 2536 hominum
1893 2504 2053 2548 sensu,

166 2563 272 2595 cum
306 2551 476 2607 quibus
500 2552 722 2609 propheta
743 2556 1047 2598 conversatur
1078 2557 1123 2598 et
1158 2553 1472 2599 communicat
1501 2554 1549 2598 in
1575 2557 1700 2599 statu
1730 2553 1834 2598 viae.
1868 2556 1922 2599 Et
1952 2554 2055 2600 ideo

164 2611 279 2657 fides
301 2618 347 2656 et
383 2625 491 2670 spes
522 2619 788 2671 repugnant
810 2614 1081 2671 perfectioni
1115 2614 1414 2660 beatitudinis
1447 2615 1627 2672 Christi,
1650 2628 1743 2660 non
1770 2620 1927 2661 autem
1946 2629 2056 2673 pro-

165 2674 322 2731 phetia
339 2677 416 2729 (2).

219 2735 287 2780 Ad
308 2738 492 2779 tertium
525 2736 792 2793 dicendum,
827 2737 951 2794 quod
972 2738 1186 2796 angelus,
1201 2739 1311 2783 cum
1333 2738 1393 2783 sit
1415 2739 1796 2796 comprehensor,
1821 2743 1892 2784 est
1914 2752 2056 2796 supra

165 2797 452 2853 prophetam,
478 2797 557 2853 qui
582 2802 651 2842 est
674 2809 821 2853 purus
838 2798 1016 2855 viator3
1039 2811 1134 2843 non
1160 2803 1316 2844 autem
1338 2811 1481 2856 supra
1506 2800 1753 2857 Lhristum,
1777 2801 1858 2858 qui
1877 2801 1967 2846 fuit
1991 2801 2056 2847 si-

166 2857 265 2903 mul
293 2858 443 2903 viator
464 2863 510 2903 et
530 2860 910 2915 comprehensor.

299 2923 644 2966 ARTICULUS
673 2923 754 2966 IX.
785 2946 839 2954 -
875 2936 1012 2967 u'rnuu
1041 2936 1083 2967 nv
1113 2936 1283 2969 cums'ro
1312 2937 1460 2968 runnu·
1490 2938 1716 2969 recurreno
1748 2938 1922 2971 enum.

165 2986 215 3024 Do
229 2987 284 3024 his
311 2989 416 3025 etiam
430 2990 534 3031 infra.
551 2995 615 3026 art.
631 2991 675 3027 40
688 2996 723 3027 et
735 2992 778 3026 42
799 3003 893 3034 corp.
916 2995 951 3027 et
968 2994 1062 3028 Sent.
1080 3001 1131 3035 111,
1156 2992 1233 3028 dist.
1248 2994 1301 3034 45,
1318 2997 1435 3035 ffiiaest.
1457 3002 1482 3034 1,
1498 2998 1564 3029 art.
1588 2993 1623 3032 2.
1651 2998 1771 3037 quaest.
1788 3003 1814 3037 Ι,
1840 2998 1874 3031 et
1901 2995 1980 3031 dist.
2001 2987 2056 3046 ⁴5,-

500 3043 618 3079 quoest.
637 3048 662 3079 ι.
678 3043 742 3074 art.
762 3040 783 3074 2
797 3040 839 3075 ad
853 3041 886 3081 5.
911 3045 946 3076 et
961 3041 1084 3083 opusc.
1108 3049 1146 3082 11,
1164 3052 1236 3083 cap.
1266 3041 1342 3082 2¹5,
1357 3045 1393 3076 et
1408 3042 1531 3084 Opusc.
1550 3050 1607 3083 Lx,
1625 3054 1697 3083 cap.
1712 3043 1744 3078 5.

221 3092 288 3137 Ad
306 3105 486 3137 nonum
517 3094 583 3138 sic
614 3095 893 3150 proceditur.
919 3099 960 3140 1.
986 3096 1173 3141 Videtur
1196 3096 1322 3152 quod
1347 3109 1442 3140 non
1462 3097 1669 3141 fueritin
1689 3098 1869 3143 Christo
1892 3099 2055 3155 gratiae

167 3154 421 3212 plenitudo.
445 3159 479 3199 A
504 3157 649 3212 gratia
679 3158 805 3202 enim
824 3158 1092 3204 derivantur
1117 3158 1330 3216 virtutes,
1350 3163 1403 3203 ut
1424 3159 1472 3204 in
1497 3161 1703 3205 secunda
1735 3165 1864 3218 parte
1881 3161 2056 3207 dictum

165 3251 323 3292 cyprian.
343 3251 417 3293 (lib.
435 3261 447 3286 ι
468 3257 557 3287 cont.
572 3253 715 3295 Judaeos,
736 3267 766 3289 c.
793 3255 859 3297 48),
883 3257 966 3296 Aug.
992 3255 1064 3298 (lib.
1193 3257 1233 3300 (2)
1259 3257 1412 3292 Christus
1425 3258 1601 3294 evidenter
1617 3258 1684 3293 suit
1698 3259 1874 3301 propheta,
1890 3258 2057 3301 siquidem

165 3307 225 3334 xvx
244 3305 333 3333 cont.
358 3299 471 3334 Faust.
489 3300 600 3342 e.⁴8),
625 3301 778 3338 Amin-os.
806 3304 918 3344 (serm.
940 3312 1004 3339 vm
1029 3304 1066 3339 in
1149 3316 1244 3340 suam
1274 3304 1504 3345 traditionem,
1532 3308 1678 3340 mortem
1708 3309 1741 3340 ct
1772 3307 2057 3342 resurrectionem

165 3345 219 3381 Pa.
239 3348 372 3386 cxvm).
1150 3354 1283 3396 (Matth.
1316 3362 1388 3396 xvi,
1418 3353 1498 3396 xx),
1528 3353 1737 3389 eversionem
1774 3354 1922 3391 civitatis
1959 3356 2056 3390 Jeru-

207 3395 251 3436 (Ι)
268 3393 343 3429 Non
360 3393 513 3429 obstante
532 3395 621 3437 quod
640 3396 792 3437 palamet
807 3409 875 3433 non
890 3411 951 3441 per
967 3401 1067 3442 amig-
1150 3401 1254 3437 salem
1281 3401 1414 3445 (Matth.
1443 3409 1538 3444 xxiv,
1569 3402 1650 3437 Luc.
1683 3404 1754 3444 xxi)
1784 3408 1819 3438 et
1850 3402 1960 3438 multa
1990 3402 2056 3438 alia

166 3447 257 3477 mata
284 3443 392 3477 Deum
404 3443 548 3490 viderit5
562 3448 600 3478 ut
619 3446 769 3487 suppleri
781 3447 821 3481 ad
837 3448 975 3488 plenum
996 3460 1067 3484 sen·
1150 3450 1316 3491 praedixit.

165 3499 239 3524 sum
263 3490 375 3526 debet.
