2170 3808
737 197 937 248 QUAESR
966 196 1106 250 thx,
1136 195 1251 238 ΛΒΤ.
1282 194 1314 237 1.
1890 194 1977 236 603

83 281 261 326 etiamsi
286 285 399 324 tunc
413 282 523 322 actu
534 277 850 322 contradicant
861 292 878 331 ς.
891 277 1095 333 alioquin
1116 275 1155 320 si
1178 274 1305 320 nul-la
1321 273 1540 318 voluntas
1557 273 1838 329 suscipiendi
1858 272 1975 329 bap·

84 341 271 386 tismum
291 341 339 384 in
359 340 428 384 eis
451 339 681 396 apparuit⁷
711 339 828 383 dum
845 351 971 382 sanae
1007 337 1177 382 mentis
1198 340 1373 392 essen-t,
1416 348 1510 380 non
1540 339 1651 379 sunt
1688 334 1972 389 baptizandi,

21 422 27 426 ·
83 402 274 455 Quidam
295 400 405 446 vero
424 405 535 445 sunt
558 399 637 456 qui
658 400 749 445 etsi
765 400 792 443 a
815 399 1050 444 nativitate
1069 399 1243 442 fuerint
1262 397 1425 442 fiuriosi
1454 395 1532 442 vel
1552 401 1778 450 amentes,
1800 394 1973 439 habent

81 468 236 509 tamen
271 463 427 519 aliqua
453 462 606 507 lucida
627 462 886 516 intervalla,
906 462 955 504 in
980 461 1151 517 quibus
1173 461 1299 503 recta
1318 459 1496 503 latione
1519 458 1585 502 uti
1607 461 1819 514 possunt.
1843 456 1972 501 Unde

82 526 120 570 si
136 530 249 570 tunc
268 524 488 581 baptizari
523 523 774 581 voluerimus
791 522 1011 580 baptizari
1031 527 1229 578 possunt
1250 520 1389 565 etiam
1420 520 1466 564 in
1488 519 1692 563 amentia
1713 518 1968 575 constituti7

80 586 279 632 endebet
300 588 368 631 eis
397 592 509 630 tunc
541 590 887 630 sacramentum
907 584 1129 639 conferri,
1149 584 1187 627 si
1203 581 1462 640 periculum
1490 581 1728 637 timeatur3
1767 579 1970 637 alioquin

80 647 250 694 melius
270 653 342 692 est
359 653 413 692 ut
435 653 618 703 tempus
637 652 904 704 expectetur
922 647 969 690 in
991 658 1083 702 quo
1102 645 1196 689 sint
1217 656 1345 688 senae
1362 642 1548 695 mentis,
1568 642 1629 688 ad
1650 642 1738 686 hoc
1757 642 1882 698 quud
1896 641 1977 687 de·

6 759 9 763 ,
83 709 234 755 votius
252 709 508 765 suscipiam
529 715 886 754 sacramentum.
908 709 950 752 Si
973 713 1127 752 autem
1150 712 1356 762 tempore
1374 703 1515 750 lucidi
1535 704 1763 748 inter-valli
1785 716 1877 748 non
1890 716 1975 761 ap-

81 776 241 828 pareat
265 771 312 815 in
346 770 413 814 eis
435 770 651 814 voluntas
685 769 967 826 suscipiendi
1004 769 1305 825 baptismum,
1346 765 1565 823 baptizari
1603 777 1695 809 non
1722 765 1891 809 debent
1921 765 1970 810 in

81 833 286 878 amentia
304 833 560 878 constituti.
584 832 778 885 Quidam
798 831 911 875 vero
948 836 1061 876 sunt
1083 830 1163 887 qui
1186 829 1273 874 etsi
1296 841 1391 873 non
1427 827 1617 873 omnino
1635 840 1764 871 sanae
1802 826 1976 872 mentis

81 893 296 951 existant,
319 894 549 938 intantum
571 898 725 937 tamen
752 893 930 937 ratione
948 897 1148 936 utuntur
1164 890 1288 948 quud
1309 894 1508 947 possunt
1530 889 1589 933 de
1617 901 1703 933 sua
1723 887 1871 932 salute
1891 901 1972 932 co·-

83 954 247 1012 gstare,
277 961 323 1001 et
342 955 599 1012 intelligere
628 954 905 999 sacramenti
921 954 1157 1008 virtutem,
1185 957 1231 997 et
1249 952 1307 997 de
1327 952 1498 996 talibus
1515 951 1638 995 idem
1658 956 1729 995 est
1743 949 1969 1006 judicium

81 1016 205 1061 sicut
226 1017 283 1062 de
302 1017 376 1061 his
397 1018 476 1074 qui
494 1029 621 1060 sanae
636 1016 805 1060 mentis
823 1015 1046 1072 existunt,
1060 1014 1140 1071 qui
1154 1013 1445 1070 baptizantur
1456 1012 1685 1069 volentes,
1707 1023 1800 1054 non
1816 1016 1972 1054 autem

82 1077 229 1123 inviti.

137 1140 204 1185 Ad
225 1143 425 1197 primum
446 1151 559 1195 ergo
580 1138 848 1194 dicendum,
870 1137 997 1195 quud
1014 1142 1226 1182 amen-tes
1247 1137 1327 1193 qui
1344 1135 1585 1192 nunquam
1605 1135 1869 1179 habuerunt
1885 1146 1974 1179 nec

83 1200 252 1245 habent
266 1213 404 1245 usum
419 1200 627 1252 rationis,
643 1199 935 1255 baptizantur
946 1211 1001 1243 ex
1018 1197 1275 1243 intentione
1286 1197 1516 1252 Ecclesiae,
1530 1197 1709 1240 sicutet
1725 1208 1782 1240 ex
1793 1201 1898 1239 actu
1911 1197 1971 1250 (1)

82 1263 295 1307 Ecclesiae
315 1263 513 1307 credunt
533 1267 579 1306 et
595 1261 844 1317 poenitent,
863 1259 984 1303 sieut
1006 1271 1148 1314 supra
1166 1258 1224 1303 de
1245 1258 1402 1315 pueris
1419 1258 1595 1302 dictum
1617 1262 1690 1302 est
1703 1260 1806 1310 (art.
1830 1260 1857 1301 9
1871 1256 1969 1314 huj.

63 1327 284 1379 ›quaest.)·.
309 1324 375 1367 nli
390 1324 501 1367 veru
516 1322 597 1379 qui
618 1322 775 1379 aliquo
802 1326 1009 1377 tempore
1031 1318 1296 1364 habuerunt
1313 1319 1387 1363 vel
1408 1318 1581 1363 habent
1600 1331 1739 1362 usum
1763 1317 1969 1374 rationis,

81 1385 339 1430 secundum
360 1383 591 1441 propriam
614 1383 916 1427 intentionem
938 1381 1247 1439 baptizantur,
1271 1393 1413 1439 quam
1434 1380 1608 1426 habent
1619 1380 1693 1425 vel
1711 1379 1973 1425 habuerunt

82 1451 289 1503 tempore
309 1459 437 1491 sanae
454 1447 641 1491 mentis.

137 1510 203 1554 Ad
217 1511 459 1553 secundum
477 1509 743 1564 dicendum,
764 1507 888 1564 quod
908 1507 1071 1552 furiosi
1090 1507 1165 1552 vel
1183 1511 1392 1552 amentes
1411 1509 1575 1551 carent
1584 1518 1674 1550 usu
1692 1505 1881 1550 rationis
1893 1518 1974 1562 per

81 1571 314 1626 accidens,
347 1571 522 1615 scilicet
543 1575 730 1627 propter
752 1569 940 1626 aliquod
963 1570 1348 1626 impedimentum
1381 1568 1546 1624 organi
1567 1568 1839 1624 corporalis,
1880 1580 1970 1611 non

83 1639 237 1678 autem
259 1638 446 1689 propter
461 1633 692 1677 defectum
713 1631 880 1676 animae
902 1631 1159 1687 rationalis,
1182 1631 1304 1676 sicut
1320 1630 1454 1676 bruta
1473 1630 1707 1675 animalia.
1732 1630 1859 1674 Unde
1878 1641 1972 1673 non

83 1700 155 1740 est
176 1696 234 1740 de
249 1695 321 1739 his
344 1695 509 1739 similis
537 1695 669 1738 ratio.
1988 1699 1990 1702 ·

69 1809 73 1813 ,
137 1755 204 1801 Ad
242 1759 425 1800 tertium
464 1756 711 1802 dicendum
725 1788 738 1811 ‚
775 1755 899 1811 quod
941 1754 1226 1799 dormientes
1260 1766 1356 1798 non
1401 1757 1514 1798 sunt
1557 1752 1837 1809 baptizandi,
1884 1752 1973 1798 nisi

83 1818 340 1876 periculum
362 1819 524 1863 mortis
546 1818 801 1871 immineat,
823 1817 871 1860 in
894 1829 990 1873 quo
1020 1829 1129 1861 casu
1155 1816 1377 1872 baptizari
1401 1815 1586 1871 debent,
1608 1815 1647 1859 si
1682 1815 1817 1872 prius-
1838 1815 1883 1858 in
1906 1815 1974 1861 eiS

83 1880 298 1927 voluntas
326 1881 546 1937 apparuit>
571 1879 854 1936 suscipiendi
890 1878 1198 1934 baptismum,
1240 1878 1362 1922 sicut
1396 1882 1442 1922 et
1482 1878 1541 1922 de
1579 1877 1844 1921 amentibus
1879 1877 1974 1922 dic—

85 1946 184 1986 tum
216 1946 291 1987 est
327 1942 390 1996 (in
427 1955 554 1999 corp.
594 1943 714 1997 art),
745 1941 867 1985 sicut
903 1941 1191 1996 Augustinus
1225 1944 1384 1984 narrat
1413 1939 1635 1994 (confess.
1666 1939 1747 1983 lib.
1780 1951 1837 1992 iv7
1873 1938 1974 1983 loco

84 2015 226 2065 supra
244 2005 340 2059 cit.)
371 2004 430 2049 de
449 2005 600 2049 amico
617 2016 720 2059 suc,
745 2003 824 2060 qui
847 2003 1111 2059 baptizatus·
1137 2006 1209 2047 est
1242 2001 1474 2056 nesciens,
1499 2006 1686 2058 propter
1716 2000 1975 2057 periculum

85 2065 260 2110 mortiS.

320 2256 383 2290 nr:
413 2256 700 2292 EFFEc'rfflus
730 2255 974 2304 merismu.
1002 2255 1051 2289 m
1082 2254 1240 2290 DECEM
1273 2253 1539 2290 Ammonos
1569 2253 1743 2290 mulsA..

135 2345 287 2386 Deinde
301 2345 645 2385 considerandum
662 2348 723 2384 est
735 2345 785 2384 de
804 2344 1013 2385 effectibus
1029 2342 1246 2394 baptismi;
1268 2346 1312 2383 et
1321 2343 1427 2383 circa
1444 2342 1520 2383 hoc
1540 2346 1789 2394 quaeruntur
1805 2341 1946 2382 decem
1962 2355 1974 2381 :

16 2397 19 2400 ’
91 2406 129 2442 1⁰
159 2401 308 2442 Utrum
338 2412 406 2452 per
424 2401 678 2453 baptismum
703 2402 942 2441 auferantur
971 2401 1113 2440 omnia
1135 2402 1310 2450 peccata.
1334 2421 1381 2428 —
1399 2398 1603 2439 2⁰·Utrum
1627 2410 1698 2449 per
1722 2398 1976 2449 baptismum

87 2454 280 2496 liberetur
305 2455 427 2494 homo
455 2457 507 2495 ab
535 2455 650 2495 omni
682 2467 814 2507 poena.
831 2477 877 2484 —
899 2460 941 2493 3⁰
963 2456 1108 2494 Utrum
1136 2454 1365 2505 baptismus
1392 2454 1550 2493 auferat
1572 2454 1833 2504 poenalitates
1851 2452 1977 2503 hujus

88 2511 194 2550 vitae.
215 2533 255 2540 -
279 2515 319 2548 4⁰
335 2509 482 2549 Utrum
512 2521 582 2561 per
613 2510 867 2561 baptismum
899 2509 1162 2549 conferantur
1192 2508 1354 2548 homini
1373 2509 1504 2559 gratia
1532 2510 1571 2547 et
1593 2508 1779 2547 virtutes.
1796 2528 1842 2535 -
1859 2513 1897 2546 5⁰
1922 2507 1977 2546 De

84 2564 293 2605 effectibus
305 2564 526 2613 virtutum,
545 2566 615 2616 qui
639 2577 709 2616 per
726 2564 980 2616 baptismum
1000 2564 1282 2604 conferuntur.
1305 2585 1354 2592 —
1375 2570 1415 2603 δ”
1430 2563 1578 2603 Utrum
1605 2563 1728 2601 etiam
1746 2560 1909 2613 parvuli
1931 2559 1975 2600 in

86 2619 290 2670 baptismo
315 2620 467 2670 gratias
482 2624 520 2660 et
541 2620 714 2660 virtutes
736 2620 950 2667 accipiant.
966 2641 1016 2648 -
1030 2623 1069 2658 7⁰
1091 2619 1234 2658 Utrum
1257 2629 1327 2669 per
1347 2617 1606 2668 baptismum
1620 2617 1825 2667 aperiatur
1844 2614 1976 2666 bapti-

87 2674 187 2713 zatis
209 2674 339 2724 janua
358 2674 471 2722 regni
489 2674 677 2714 coelestis.
702 2696 751 2704 -
771 2680 810 2713 8⁰
820 2674 968 2713 Utrum
987 2673 1216 2723 baptismus
1237 2672 1438 2723 aequalem
1459 2672 1644 2710 effectum
1664 2669 1872 2710 habeatin
1888 2679 1974 2708 om·

89 2728 210 2767 nibus
226 2727 454 2777 baptizatis.
470 2750 517 2756 —
533 2734 572 2768 9⁰
593 2731 739 2769 Utrum
768 2727 878 2769 fictio
906 2727 1105 2779 impediat
1120 2727 1307 2767 effectum
1331 2726 1538 2778 baptismi.
1558 2747 1604 2754 —
1627 2731 1687 2765 10⁰
1704 2725 1854 2766 Utrum
1872 2734 1976 2764 rece·

88 2781 206 2823 dente
223 2782 397 2830 tictione,
414 2780 644 2833 baptismus
657 2782 841 2823 obtineat
855 2792 981 2848 suum
1004 2781 1206 2820 effectum.

128 2880 131 2882 ,
197 2860 539 2901 AR'HCULUS
559 2861 596 2902 Ι.
627 2883 682 2889 -
698 2873 830 2902 ornum
852 2872 929 2901 eun
948 2871 1176 2900 merismu
1195 2869 1438 2900 'rottm'run
1455 2869 1580 2900 οΜΝιΑ
1594 2868 1774 2899 enecuit
1789 2857 1865 2909 (2).

87 2925 137 2961 De
154 2925 208 2961 his
222 2927 322 2960 etiam
338 2927 431 2960 sont.
453 2936 464 2960 1
478 2953 488 2968 ,
507 2926 584 2961 dist.
604 2927 664 2967 52,
682 2931 838 2968 quaestfl,
855 2930 920 2962 art.
937 2926 970 2966 1,
993 2931 1026 2961 et
1046 2933 1094 2967 lv,
1110 2925 1188 2959 dist.
1203 2926 1236 2965 4,
1253 2929 1369 2965 quaest.
1391 2933 1418 2959 Π
1431 2953 1440 2965 ,
1458 2929 1524 2959 art.
1541 2925 1574 2965 1,
1590 2928 1703 2965 quaest.
1724 2933 1737 2959 1
1749 2951 1764 2964 ,.
1779 2927 1813 2958 et
1830 2923 1909 2958 dist.
1924 2922 1976 2964 Π,

211 2979 326 3015 quaest.
345 2983 395 3012 ¹11.
411 2979 477 3008 art.
493 2975 525 3014 5,
544 2980 660 3016 quaest.
680 2983 705 3016 1,
721 2979 756 3009 et
771 2976 867 3010 Cent.
888 2978 980 3014 gent.
996 2973 1057 3008 lib.
1075 2981 1123 3015 lv,
1139 2985 1212 3014 cap.
1228 2973 1270 3007 57
1287 2977 1320 3006 et
1332 2971 1385 3011 72,
1406 2976 1441 3006 et
1458 2971 1561 3007 Hebr.
1585 2981 1635 3012 vi,
1658 2972 1736 3006 ieet.
1753 2973 1774 3006 5
1793 2971 1852 3006 fin.

139 3030 206 3074 Ad
220 3029 421 3085 primum
438 3029 504 3073 sic
528 3030 809 3085 proceditur.
831 3034 871 3074 1.
894 3029 1082 3073 Videtur
1096 3027 1218 3084 quod
1240 3039 1322 3084 per
1341 3026 1626 3083 baptismum
1646 3039 1738 3070 non
1759 3026 1978 3071 tollantur

128 3137 171 3179 (1)
190 3137 245 3171 Ita
263 3137 345 3172 edit.
361 3137 497 3178 passim,
511 3142 609 3179 juxta
627 3139 828 3172 sententiam
842 3139 987 3179 Garciae,
1074 3137 1215 3172 Christi
1234 3137 1381 3171 Domine:
1396 3137 1529 3172 Nostri
1550 3136 1710 3179 qratiam
1732 3145 1811 3180 qwoe
1830 3137 1872 3169 in
1893 3135 1979 3179 bap-

85 3185 146 3227 qui
166 3184 214 3219 sic
228 3185 407 3225 legendum
424 3186 509 3220 vult.
523 3187 562 3221 A}
576 3211 581 3221 .
600 3197 645 3221 ex
659 3187 750 3220 rim.
770 3186 850 3221 Cod.
871 3186 987 3221 Alcon.
1075 3186 1218 3220 tismace
1233 3185 1423 3227 confertur
1435 3212 1445 3225 ‚
1460 3187 1607 3219 reatum
1619 3186 1759 3226 peccati
1778 3184 1978 3227 oriqinalis

87 3230 188 3266 habet
203 3231 355 3272 obscure,
373 3243 419 3266 ex
434 3234 526 3273 ritu,
548 3234 603 3267 vol
620 3244 667 3268 ex
680 3236 788 3274 nutu.
1074 3233 1854 3278 remittineqat,autetiamasserunontnlli
1866 3236 1977 3266 tolum

130 3279 173 3321 (2)
194 3280 376 3314 Lutherani
398 3285 431 3314 et
450 3281 636 3315 calvinistae
662 3282 907 3315 contenderunt
931 3294 992 3323 per
1075 3282 1116 3315 id
1132 3281 1227 3325 quod
1241 3291 1367 3315 veram
1382 3285 1414 3315 et
1427 3282 1625 3324 propriam
1636 3282 1822 3315 rationem
1834 3280 1979 3322 peccati

87 3326 292 3368 baptismum
328 3333 460 3369 peccata
496 3341 569 3363 mon
602 3330 681 3364 πρὸ
709 3329 801 3368 tolli,
830 3329 887 3362 sed
924 3331 991 3370 tegi
1078 3330 1192 3369 habet,
1213 3329 1276 3364 sed
1296 3328 1386 3363 dicit
1403 3331 1545 3364 tantam
1560 3328 1661 3370 radi,
1678 3332 1838 3364 autnon
1856 3329 1978 3372 impu-

89 3376 219 3409 tantum
243 3383 276 3410 et
300 3389 367 3410 non
390 3377 578 3419 imputari,
597 3389 679 3419 quos
698 3377 818 3411 concil.
836 3377 990 3411 Trident.
1079 3378 1166 3419 tari,
1184 3377 1381 3412 anathema
1398 3377 1466 3411 sit.

85 3422 260 3460 damnavit
283 3427 368 3466 (sess.
392 3433 433 3463 v„
456 3435 530 3459 can.
559 3427 592 3467 ὃ)
616 3439 624 3459 :
647 3425 692 3460 Si
713 3428 792 3467 quis
817 3435 885 3469 per
902 3426 993 3460 Jesu
