2170 3808
194 252 278 296 198
852 249 1051 299 QUAEST.
1082 248 1206 303 XXII,
1235 249 1354 291 ART.
1385 249 1452 292 Ν.

196 336 247 376 ut
265 335 390 388 roqet
409 344 495 389 pro
510 343 571 386 se,
601 333 644 374 et
655 342 741 386 pro
762 331 894 373 domo
919 343 1020 385 sua,
1044 333 1088 373 et
1108 343 1194 385 pro
1215 331 1421 373 universo
1447 334 1560 374 coetu
1582 330 1783 384 filiorum
1796 322 1957 376 Israel.
1982 334 2098 390 Ergo
2168 335 2170 338 ’

197 394 335 439 etiam
356 391 668 437 sacerdotium
683 391 852 435 Christi
873 403 966 435 non
980 391 1129 435 solum
1152 391 1199 434 in
1215 391 1335 447 aliie,
1354 391 1437 436 sed
1455 391 1503 435 in
1520 391 1674 448 seipso
1690 392 1905 436 effectum
1922 393 2096 439 habuit.

256 455 342 500 Sed
361 457 522 497 contra
538 457 611 497 est
628 453 755 509 quod
773 451 819 495 in
843 452 1073 509 Ephesina
1093 451 1277 510 synodo
1291 453 1510 509 (generali
1531 467 1591 510 111,
1609 457 1726 510 part.
1748 456 1790 510 3,
1811 466 1914 511 cap.
1936 457 1979 511 1,
1993 467 2095 502 can.

200 519 270 572 10)
301 517 495 571 legitur:
522 533 542 553 α
568 514 614 559 si
642 514 751 570 quis
773 514 884 559 dicit
913 515 1142 559 Christum
1166 526 1250 570 pro
1280 526 1332 559 se
1352 514 1581 560 >obtulisse
1603 516 1902 575 oblationem,
1935 521 1981 561 et
2007 530 2098 564 non

199 579 351 634 magis
365 590 449 634 pro
462 577 599 622 nobis
619 578 770 622 solum
785 579 894 631 (non
915 577 1039 621 enim
1056 577 1256 632 indiguit
1274 577 1501 623 sacrificio
1515 578 1595 635 qui
1611 583 1854 636 peccatum
1871 578 2098 635 nescivit),

201 641 450 685 anathema
470 638 530 683 sit
544 640 619 695 (1).
642 656 662 677 ι)
687 639 776 684 Sed
795 639 843 682 in
864 638 1091 683 sacrificio
1106 638 1346 684 offerendo
1363 639 1605 696 potissime
1621 639 1874 685 sacerdotis
1892 641 2100 686 consistit

199 702 425 748 officium.
450 704 569 757 Ergo
586 701 900 746 sacerdotium
921 701 1086 746 Christi
1105 714 1198 744 non
1214 701 1377 746 habuit
1396 702 1614 747 effectum
1631 703 1679 747 in
1702 703 1802 760 ipso
1822 702 2017 748 Christo.

250 770 544 813 CONCLUSlO.
573 792 618 799 -
645 769 750 810 Citm
770 769 958 810 Christus
979 781 1048 821 per
1066 770 1248 821 seipsum
1270 769 1322 810 ad
1342 771 1474 810 Deum
1498 771 1733 820 accesserit,
1763 782 1846 811 non
1870 769 2006 811 decuit
2036 772 2092 824 ip·

199 836 299 867 sum
320 825 473 878 proprii
492 823 711 865 sacerdotii
729 824 920 865 effectum
941 825 986 864 in
1006 836 1047 864 se
1064 824 1284 876 suscipere.
1796 835 1799 837 ’

258 886 532 944 Respondeo
546 885 797 931 dicendum
811 886 952 944 quod,
968 886 1089 931 sicut
1104 886 1279 931 dictum
1297 890 1369 931 est
1384 888 1486 939 (art.
1504 890 1523 932 1
1545 886 1644 944 huj.
1662 887 1870 944 quaest),
1886 865 2111 932 sacerdos¹

204 950 503 998 constituitur
529 949 712 994 medius
732 949 855 994 inter
885 951 1029 994 Deum
1053 954 1099 993 et
1123 949 1366 1005 populum.
1390 949 1470 994 Ille
1492 954 1649 994 autem
1671 949 1850 1005 indiget
1871 949 2024 995 medio
2047 949 2106 996 ad

203 1016 365 1067 Deum,
390 1012 469 1068 qui
494 1024 577 1068 per
596 1012 803 1067 seipsum
834 1011 1054 1056 accedere
1084 1011 1143 1056 ad
1168 1014 1312 1055 Deum
1333 1023 1427 1055 non
1447 1015 1626 1068 potest,
1646 1015 1694 1056 ct
1717 1012 1823 1056 talis
1849 1010 2105 1056 sacerdotio

205 1075 468 1132 subjicitur,
492 1074 708 1118 effectum
731 1073 975 1118 sacerdotii
1008 1073 1308 1131 participans.
1338 1075 1432 1117 Hoc
1457 1078 1615 1118 autem
1647 1074 1824 1119 Christo
1850 1086 1942 1117 non
1974 1085 2106 1118 com-

206 1138 348 1195 petit,
369 1137 478 1182 dicit
499 1137 624 1181 enim
643 1136 891 1193 Apostolus
910 1135 1060 1189 (Hebr.
1086 1150 1161 1190 vu,
1189 1137 1287 1191 25):
1311 1136 1543 1180 Accedent·
1564 1138 1622 1191 (2)
1635 1150 1718 1192 per
1738 1140 2024 1194 semetipsum
2044 1137 2107 1181 ad

205 1205 366 1253 Deum,
384 1213 559 1256 semper
578 1202 726 1243 vivens
742 1200 806 1244 ad
828 1199 1218 1255 interpellandum
1225 1212 1316 1256 pro
1340 1199 1479 1243 nobis.
1498 1201 1551 1243 Et
1571 1198 1674 1244 ideo
1691 1199 1868 1244 Christo
1883 1212 1977 1243 non
1996 1211 2106 1244 con-

206 1263 336 1308 venit
353 1263 570 1308 effectum
589 1261 835 1307 sacerdotii
854 1261 903 1306 in
918 1273 969 1306 se
993 1261 1246 1318 suscipere,
1268 1261 1351 1306 sed
1372 1261 1527 1318 potius
1546 1261 1702 1318 ipsum
1723 1261 1825 1307 aliis
1846 1261 2108 1306 communi-

208 1337 332 1370 care.
355 1324 556 1369 Primum
581 1324 706 1369 enim
727 1335 874 1380 agens
896 1323 944 1367 in
965 1323 1174 1380 quolibet
1184 1335 1359 1380 genere
1373 1323 1437 1366 ita
1459 1327 1530 1367 est
1551 1322 1754 1367 influens
1777 1323 1902 1379 quod
1922 1335 2017 1367 non
2036 1327 2108 1367 est

207 1387 437 1445 recipiens
459 1387 505 1431 in
527 1398 699 1443 genere
723 1386 829 1442 ilio,
848 1386 970 1430 sicut
985 1386 1055 1430 sol
1078 1386 1326 1440 illuminat,
1348 1385 1433 1430 sed
1460 1397 1555 1429 non
1579 1385 1896 1440 illuminatur,
1921 1390 1966 1429 et
1985 1385 2108 1442 ignis

209 1450 433 1506 calefacit,
463 1449 546 1494 scd
576 1461 669 1493 non
700 1444 869 1492 calefit.
894 1447 1103 1492 Christus
1130 1451 1286 1492 autem
1318 1451 1390 1492 est
1410 1446 1516 1491 fons
1540 1446 1681 1491 totius
1704 1443 1966 1491 sacerdotii.
1995 1448 2109 1491 Nam

208 1512 428 1557 sacerdos
444 1510 608 1567 legalis
626 1514 725 1554 erat
744 1508 894 1565 figura
918 1508 1088 1566 ipsius3
1115 1509 1332 1553 sacerdos
1354 1513 1512 1553 autem
1538 1520 1669 1553 novae
1694 1509 1812 1563 legis
1831 1508 1878 1552 in
1908 1520 2110 1565 persona

208 1573 357 1632 ipsius
377 1578 613 1631 operatur,
642 1573 901 1617 secundum
918 1572 1034 1617 illud
1059 1574 1125 1627 (Π.
1148 1572 1354 1616 Corinth.
1374 1585 1424 1627 11,
1447 1574 1541 1626 10):
1568 1575 1688 1615 Nam
1713 1575 1757 1615 et
1780 1585 1860 1628 eqo
1885 1573 2005 1627 quod
2026 1571 2109 1614 do-

208 1640 330 1693 navi,
353 1640 394 1680 si
424 1636 534 1691 quid
555 1635 737 1691 donavi,
757 1638 945 1690 propter
968 1648 1045 1678 vos
1066 1637 1114 1676 in
1131 1646 1327 1690 persona
1358 1635 1549 1677 Christi.
1576 1636 1627 1677 Et
1649 1633 1754 1678 ideo
1778 1645 1869 1677 non
1891 1633 2110 1689 competit

210 1698 387 1744 Christo
406 1698 622 1742 effectum
646 1696 891 1741 sacerdotii
912 1695 1132 1753 recipere.

265 1761 333 1807 Ad
363 1763 561 1818 primum
597 1771 710 1816 ergo
743 1758 1009 1814 dicendum,
1042 1757 1167 1814 quod
1193 1757 1340 1801 oratio
1369 1757 1459 1802 etsi
1490 1755 1740 1801 conveniat
1774 1755 2108 1812 sacerdotibus,
2168 1751 2170 1788 ἶ

211 1836 307 1869 non
329 1828 484 1868 tamen
508 1827 578 1867 est
594 1833 758 1866 eorum
790 1821 943 1865 officio
968 1820 1169 1877 propria.
1195 1818 1391 1864 Cuilibet
1419 1818 1544 1863 enim
1567 1817 1787 1863 convenit
1809 1821 1855 1862 et
1884 1829 1969 1874 pro
1998 1829 2050 1862 se
2065 1820 2110 1863 et
2166 1843 2167 1846 =

211 1898 296 1944 pro
315 1886 418 1930 aliis
438 1896 585 1941 orare,
612 1883 872 1928 secundum
898 1882 1011 1926 illud
1031 1881 1202 1937 (Jacobi
1221 1880 1306 1924 ult.
1325 1883 1394 1934 16)
1412 1895 1423 1924 ε
1456 1884 1598 1924 Orate
1616 1893 1702 1936 pro
1723 1881 1928 1933 invicem,
1950 1881 2002 1921 ut
2016 1878 2112 1922 sal-

211 1950 394 1992 vemini.
423 1949 474 1990 Et
495 1946 563 1989 sic
586 1949 745 2001 posset
766 1945 856 1989 dici
880 1943 1005 2001 quod
1027 1943 1174 1987 oratio
1195 1944 1290 1999 qua
1313 1941 1522 1986 Chr1stus
1537 1953 1622 1998 pro
1642 1953 1694 1986 se
1715 1940 1879 1996 oravit,
1906 1952 2000 1983 non
2014 1944 2113 1985 erat
2160 1940 2167 1947 “’

211 2014 346 2054 actus
377 2007 622 2053 sacerdotii
652 2006 774 2064 ejus.
811 2006 898 2051 Sed
929 2007 1029 2050 haec
1051 2004 1295 2062 responsio
1324 2004 1511 2050 videtur
1538 2003 1723 2048 excludi
1756 2015 1838 2059 per
1870 2003 1959 2046 hoc
1989 2002 2114 2059 quod
2160 2000 2170 2059 3}

212 2071 459 2128 Apostolus
480 2070 632 2122 (Hebr.
653 2084 696 2125 v,
720 2071 778 2125 6),
800 2071 908 2113 cum
929 2068 1149 2113 dixisset:
1175 2071 1239 2111 Tu
1255 2081 1302 2111 es
1319 2067 1535 2110 sacerdos
1557 2070 1604 2109 in
1625 2070 1843 2110 aeternum
1867 2066 2115 2108 secundum
2157 2079 2170 2122 f}

214 2136 420 2179 ordinem
434 2132 777 2186 Melchisedech,
798 2131 984 2176 subdit:
1006 2133 1094 2187 Qui
1106 2134 1155 2174 in
1177 2130 1331 2174 diebus
1344 2132 1502 2173 carnis
1520 2142 1610 2172 suae
1631 2141 1802 2184 preces,
1828 2131 1918 2171 etc.
1939 2128 2009 2181 (ut
2030 2140 2114 2172 su-
2155 2125 2170 2184 ξ

213 2209 313 2253 pra,
340 2197 387 2240 in
409 2208 506 2252 arg.
534 2199 593 2249 1).
616 2197 669 2238 Et
685 2194 748 2238 ita
769 2193 954 2238 videtur
981 2192 1107 2250 quod
1129 2192 1276 2237 oratio
1295 2191 1389 2248 qua
1416 2190 1624 2235 Christus
1648 2189 1816 2245 oravit,
1840 2188 1898 2234 ad
1923 2189 2025 2245 eJus
2045 2202 2115 2233 sa·
2158 2182 2170 2249 ἶ..

214 2259 471 2304 cerdotium
495 2256 734 2314 pertineat.
759 2258 813 2299 Et
837 2256 942 2300 ideo
963 2260 1146 2312 oportet
1175 2254 1327 2299 dicere
1354 2252 1482 2310 quod
1504 2252 1581 2296 alii
1611 2251 1875 2296 sacerdotes
1898 2251 2114 2296 effectum
2152 2275 2164 2298 ;.

212 2320 458 2366 sacerdotii
484 2319 554 2364 sui
576 2318 870 2374 participant,
895 2330 989 2361 non
1007 2317 1286 2374 inquantum
1303 2314 1585 2372 sacerdotes,
1610 2313 1694 2359 sed
1716 2314 1995 2369 inquantum
2013 2326 2116 2370 pec·
2163 2311 2170 2335 ·’

215 2388 412 2438 catores,
437 2385 490 2425 ut
510 2380 630 2424 infra
651 2380 829 2424 dicetur
851 2382 953 2433 (art.
985 2391 1086 2436 seq.
1110 2390 1207 2434 arg.
1233 2379 1292 2432 1).
1319 2377 1531 2422 Christus
1554 2380 1710 2421 autem
1743 2374 2014 2431 simpliciter
2044 2375 2115 2419 lo-
2156 2419 2157 2422 ,

215 2446 402 2505 quendo
419 2447 662 2502 peccatum
676 2455 768 2487 non
783 2442 959 2487 habuit.
977 2442 1144 2486 Habuit
1164 2446 1319 2485 tamen
1336 2439 1690 2485 similitudinem
1704 2438 1878 2495 peccati
1899 2437 1947 2482 in
1958 2450 2112 2494 carne,

215 2513 270 2554 ut
287 2508 454 2554 dicitur
473 2509 617 2562 (Rom.
639 2507 747 2556 vm).
772 2507 826 2548 Et
840 2504 944 2550 ideo
969 2517 1064 2550 non
1085 2503 1356 2559 simpliciter
1371 2502 1622 2548 dicendum
1639 2506 1711 2545 est
1725 2499 1852 2557 quod
1866 2500 1966 2556 ipse
1984 2499 2116 2545 effec-
2162 2486 2170 2537 f

216 2577 315 2616 tum
338 2567 583 2614 sacerdotii
603 2566 960 2624 participaverit,
987 2566 1071 2611 sed
1093 2566 1353 2611 secundum
1376 2564 1504 2622 quid,
1531 2564 1707 2609 scilicet
1726 2563 1987 2607 secundum
2007 2574 2116 2619 pas-
2158 2555 2163 2570 ⁸

215 2633 484 2678 sibilitatem
502 2630 671 2675 carnis.
698 2628 828 2674 Unde
848 2629 1091 2686 signanter
1110 2627 1246 2673 dicit:
1274 2630 1362 2684 Qui
1385 2629 1529 2684 possit
1552 2626 1688 2669 illum
1714 2624 1890 2668 salvum
1913 2627 2066 2678 facere
2085 2625 2115 2666 ὰ

214 2698 373 2739 morte.

269 2756 337 2804 Ad
353 2755 599 2799 secundum
618 2751 886 2808 dicendum,
905 2750 1030 2808 quod
1050 2750 1098 2795 in
1119 2750 1352 2795 oblatione
1368 2748 1579 2794 sacrificii
1603 2747 1950 2804 cujuscumque
1967 2757 2117 2789 sacer-
2157 2767 2159 2770 >

216 2819 335 2866 dotis
350 2818 441 2864 duo
453 2819 650 2874 possunt
660 2813 970 2868 considerat-it,
987 2813 1164 2858 scilicet
1175 2813 1328 2869 ipsum
1345 2809 1622 2856 sacrificium
1639 2808 1863 2861 oblatum,
1878 2809 1924 2850 et
1934 2805 2119 2859 devotio

217 2879 469 2926 offerentis.
494 2876 710 2934 Proprius
731 2880 888 2919 autem
907 2875 1107 2919 effectus
1126 2871 1370 2917 sacerdotii
1391 2870 1526 2916 estid
1549 2869 1676 2928 quod
1702 2868 1916 2924 sequitur
1939 2879 1997 2912 ex
2017 2867 2117 2924 ipso

217 2942 459 2989 sacrificio.
483 2939 691 2984 Christus
710 2942 866 2982 autem
890 2940 1171 2982 consecutus
1191 2939 1263 2980 est
1280 2947 1365 2991 per
1379 2945 1515 2979 suam
1543 2932 1809 2989 passionem
1829 2929 2022 2986 gloriam
2043 2941 2117 2974 re-

217 3003 535 3058 surrectionis,
561 3013 657 3046 non
677 2999 812 3057 quasi
835 3011 894 3044 ex
913 2998 959 3043 vi
981 2997 1213 3053 sacrificii,
1233 2995 1361 3053 quod
1383 2996 1575 3040 offertur
1594 3007 1677 3051 per
1696 2992 1889 3038 modum
1913 2991 2116 3036 satisfac-

217 3066 372 3120 tionis,
397 3066 479 3110 sed
506 3076 560 3108 ex
582 3064 684 3119 ipsa
714 3060 961 3107 devotione
991 3062 1085 3118 qua
1104 3059 1365 3106 secundum
1391 3057 1663 3102 charitatem
1685 3054 1920 3100 humiliter
1940 3052 2116 3110 passio-

218 3140 326 3173 nem
344 3126 582 3172 sustinuit.

271 3190 337 3235 Ad
354 3191 539 3233 tertium
561 3185 828 3242 dicendum,
843 3184 969 3242 quod
987 3184 1139 3240 figura
1157 3196 1252 3228 non
1270 3186 1424 3240 potest
1442 3181 1690 3237 adaequare
1708 3177 1972 3223 veritatem.
1992 3175 2119 3221 Unde

260 3313 305 3356 (l)
320 3312 407 3347 Hinc
427 3310 509 3346 dicit
523 3312 558 3345 S.
576 3310 722 3351 cyrillus
737 3321 745 3344 :
760 3310 976 3351 Pontificem
991 3307 1129 3352 confes·
1215 3317 1348 3350 expers
1368 3307 1521 3350 peccati,
1548 3304 1733 3339 oblatione
1752 3313 1821 3345 pro
1847 3312 1885 3337 se
1902 3300 2011 3335 nulla
2029 3306 2119 3341 opus

219 3363 334 3399 sionis
363 3363 501 3394 nostroe
526 3369 596 3402 pro
617 3360 736 3402 seipso
755 3360 987 3401 semetipsum
1005 3358 1078 3390 Deo
1096 3359 1130 3390 et
1215 3355 1358 3390 habuit.

220 3411 331 3445 Patri
349 3409 522 3443 obtulisse
535 3435 543 3447 ,
562 3408 712 3441 omnini)
731 3407 754 3440 ὰ
768 3409 869 3439 recta
887 3408 938 3439 est
954 3408 985 3438 et
1007 3404 1129 3438 incul-
1255 3403 1299 3445 (2)
1316 3403 1359 3437 Ut
1385 3404 1422 3437 in
1442 3401 1587 3441 Vulgata
1603 3399 1732 3439 legitur
1759 3410 1767 3432 ε
1791 3397 1953 3432 Salvare
1976 3397 2021 3430 in
2040 3402 2112 3437 per«

222 3463 312 3502 paca
330 3457 401 3498 fade
419 3457 598 3490 alienum.
616 3457 813 3489 Peccatum
825 3454 922 3487 enim
937 3463 1012 3488 mm
1023 3454 1125 3495 fecit:
1213 3454 1364 3494 pecuum
1372 3452 1491 3494 potest
1505 3447 1791 3489 accedentesgper
1801 3444 2118 3488 semetipmm‚etc.

222 3507 382 3551 quivero
395 3506 570 3549 superior
581 3507 631 3539 est
643 3503 744 3538 omni
759 3502 906 3542 delicto,
920 3505 953 3535 ct
969 3511 1126 3544 prorsus
