2170 3808
761 197 959 248 QUAEST.
992 197 1115 248 Lxll,
1147 197 1263 239 ART.
1295 197 1312 238 Ι
1341 197 1404 239 ΕΤ
1433 198 1484 239 ΙΙ.
1983 199 2065 242 519

182 277 379 335 divinae3
403 288 511 320 nam
533 288 592 321 ex
612 276 770 320 anima
792 281 839 322 et
857 289 1049 334 corpore
1080 289 1224 320 unum
1249 277 1314 321 fit.
1339 279 1392 321 Et
1420 278 1508 321 hoc
1538 280 1609 321 est
1632 277 1757 332 quod
1779 276 2065 332 Augustinus

182 339 292 384 dicit
307 339 412 394 (loc.
438 351 540 394 sup.
567 337 682 392 cit.),
703 338 828 394 qued
850 357 869 376 v
891 350 1061 395 corpus
1079 338 1226 394 tangit
1248 345 1294 382 et
1316 352 1394 382 cor
1413 339 1575 383 abluit.
1598 357 1618 377 »

236 400 302 445 Ad
327 402 512 443 tertium
534 398 809 456 dicendum,
843 399 968 456 quod
1002 398 1117 443 ratio
1149 399 1228 442 illa
1260 400 1466 471 procedit
1502 401 1559 445 de
1591 411 1645 444 eo
1669 398 1794 470 quod
1821 404 1892 443 est
1923 411 2066 443 causa

183 463 342 519 gratiae
358 474 440 519 per
461 461 652 505 modum
670 461 939 519 principalis
957 460 1164 518 agentis;
1189 461 1277 505 hoc
1293 462 1416 506 enim
1436 466 1509 507 est
1529 461 1769 518 proprium
1786 461 1879 515 Dei,
1898 465 1952 505 ut
1970 460 2066 541 dic-

185 528 281 567 tum
304 530 375 567 est
397 523 461 577 (in
486 535 612 578 corp.
635 526 757 578 art.).

257 587 386 629 AR'I
389 587 601 629 ICULUS
628 587 688 628 11.
725 610 781 617 -
810 598 946 628 urium
969 596 1119 628 an'rrA
1141 598 1480 629 sacnanssnnms
1513 598 1678 635 amomi>
1701 599 1831 629 annm
1859 598 1986 630 sum-:n

726 660 902 691 summ
924 660 1128 690 vinruruu
1148 661 1200 690 m·
1222 661 1416 691 cononum
1441 649 1516 701 (1).

181 714 231 749 De
246 713 301 748 his
323 714 424 748 etiam
453 714 555 755 infra,
573 718 689 756 quaest.
706 724 811 757 mxu,
827 719 892 751 art.
911 716 932 750 7
949 715 991 750 ad
1004 715 1044 756 2,
1067 720 1103 750 et
1131 715 1224 750 Sent.
1255 723 1304 755 lv,
1331 715 1410 750 dist.
1425 715 1458 755 7,
1474 718 1589 757 quoest.
1618 723 1658 756 Π,
1676 718 1742 750 art.
1768 714 1800 755 Ι,
1815 719 1934 758 quaest.
1962 725 2013 756 ιιι,
2032 717 2065 749 et

755 763 832 798 dist.
853 764 901 804 ¹7,
922 770 1037 805 quaest.
1051 773 1077 804 1,
1098 769 1162 798 art.
1183 766 1214 806 la,
1232 764 1430 805 quaestiune.
1447 772 1482 798 v.

236 818 303 861 Ad
324 817 580 861 secundum
606 818 674 862 sic
695 819 973 875 proceditur.
997 823 1038 864 1.
1062 819 1248 875 Videtur
1274 819 1399 874 quod
1419 818 1567 874 gratia
1589 820 1937 863 sacramentalis
1971 832 2065 864 non

182 879 320 924 addat
339 879 515 935 aliquid
537 892 680 936 super
700 881 896 936 gratiam
916 880 1142 925 virtutum
1165 886 1211 925 et
1233 882 1478 925 donorum.
1504 883 1587 925 Per
1608 881 1803 936 gratiam
1824 882 1947 926 enim
1969 881 2067 925 vir-

181 944 332 986 tutum
351 946 399 986 et
419 943 647 986 donorum
667 942 901 999 perficitur
922 942 1075 986 anima
1097 943 1397 998 sufficienter,
1420 948 1467 987 et
1487 944 1714 999 quantum
1737 942 1796 987 ad
1814 943 2066 987 essentiam
2084 964 2086 967 ·
2116 996 2120 1002 ι

182 1001 379 1060 animae,
410 1008 458 1048 et
480 1005 707 1061 quantum
737 1005 796 1049 ad
819 1005 1051 1060 potentias
1080 1005 1208 1062 eJus,
1244 1011 1296 1050 ut
1328 1009 1456 1061 patet
1478 1017 1535 1048 ex
1558 1004 1630 1048 his
1653 1017 1758 1061 quae
1789 1004 1837 1048 in
1860 1004 2067 1049 secunda

182 1070 313 1120 parte
334 1065 457 1110 dicta
481 1072 592 1110 sunt
611 1068 648 1120 (1
674 1069 716 1119 2,
742 1070 907 1122 quaest.
922 1079 1000 1135 tex,
1026 1072 1113 1110 art.
1138 1070 1164 1109 3
1182 1070 1229 1111 et
1250 1069 1308 1120 4).
1338 1066 1426 1110 Sed
1448 1066 1596 1122 gratia
1615 1066 1856 1111 ordinatur
1883 1066 1943 1111 ad
1963 1065 2067 1109 ani-

182 1137 270 1170 mae
298 1127 645 1183 perfectionem.
668 1129 788 1182 Ergo
817 1126 964 1183 gratia
996 1128 1345 1172 sacramentalis
1376 1139 1472 1171 non
1504 1131 1657 1194 potest
1688 1127 1863 1184 aliquid
1896 1127 2067 1172 addere

183 1199 324 1244 super
343 1190 540 1246 gratiam
561 1190 785 1234 virtutum
808 1193 853 1232 et
875 1189 1121 1232 donorum.

235 1252 278 1295 2.
308 1253 546 1307 Praeterea,
567 1251 776 1295 defectus
795 1249 965 1294 animae
983 1261 1042 1294 ex
1059 1250 1264 1305 peccatis
1281 1254 1552 1295 causantur.
1583 1250 1671 1294 Sed
1693 1251 1850 1294 omnia
1877 1254 2068 1306 peccata

182 1311 467 1357 sufficienter
488 1310 800 1356 excluduntur
822 1322 905 1367 per
927 1310 1122 1367 gratiam
1151 1312 1375 1356 virtutum
1398 1316 1446 1356 et
1462 1311 1690 1356 donorum
1708 1345 1721 1367 ‚
1754 1312 1864 1368 quia
1884 1312 2066 1356 nullum

181 1377 251 1417 est
267 1378 512 1430 peccatum
534 1373 660 1429 quod
683 1385 779 1417 non
801 1372 1108 1418 contrarietur
1131 1373 1268 1418 alicui
1296 1373 1470 1418 virtuti.
1495 1373 1646 1418 Gratia
1672 1385 1784 1429 ergo
1805 1384 2068 1418 sacramen·

180 1434 302 1491 taliS,
322 1438 431 1480 cum
452 1435 690 1480 ordinetur
709 1436 769 1481 ad
791 1435 1001 1481 defectus
1019 1435 1185 1480 animae
1210 1434 1456 1492 tollendOS‚
1480 1448 1576 1480 non
1598 1440 1750 1493 potest
1777 1435 1953 1492 aliquid
1983 1436 2068 1480 ad-

181 1496 290 1542 dere
309 1509 452 1553 super,
473 1498 672 1553 gratiam
690 1498 915 1542 virtutum
938 1502 985 1542 et
1002 1497 1248 1542 donorum.

235 1561 279 1603 3.
308 1561 533 1603 Praeterea
547 1592 559 1614 ,
584 1559 738 1603 omnis
760 1559 931 1604 additio
952 1559 1026 1604 vel
1049 1558 1304 1604 subtractio
1334 1559 1382 1603 in
1411 1559 1573 1603 formis
1595 1560 1744 1603 variat
1765 1559 1992 1615 speciem,
2015 1564 2070 1604 ut

181 1619 350 1665 dicitur
377 1621 642 1678 (Metaphys.
674 1621 756 1665 lib.
781 1635 868 1676 vni,
895 1626 1008 1665 text.
1032 1623 1118 1675 10).
1159 1622 1202 1665 Si
1226 1633 1336 1677 ergo
1365 1622 1512 1677 gratia
1547 1621 1899 1666 sacramentalis
1929 1621 2069 1666 addat

102 1692 105 1694 ·
181 1682 355 1740 aliquid
372 1694 513 1739 super
530 1683 725 1738 gratiam
744 1683 969 1727 virtutum
988 1686 1034 1727 et
1056 1683 1302 1735 donorum,
1324 1683 1537 1739 sequitur
1555 1683 1680 1739 quod
1697 1682 1936 1739 aequivoce
1951 1682 2068 1727 dica-

181 1748 258 1789 tur
278 1744 449 1800 gratia3
471 1745 605 1789 etsie
631 1745 744 1788 nihil
764 1750 944 1789 certum
967 1744 1103 1789 nobis
1133 1744 1395 1789 ostenditur
1422 1756 1480 1788 ex
1510 1746 1598 1788 hoc
1625 1744 1749 1801 quod
1778 1749 2068 1789 sacramenta

181 1806 400 1851 dicuntur
419 1806 616 1863 gratiam
638 1819 847 1851 causare.

237 1869 324 1914 Sed
346 1873 507 1913 contra
524 1873 596 1913 est
614 1869 739 1926 qued
757 1869 796 1913 si
817 1869 966 1926 gratia
985 1868 1335 1914 sacramentalis
1351 1881 1446 1914 non
1466 1868 1595 1913 addit
1612 1868 1787 1925 aliquid
1805 1881 1946 1926 super
1964 1881 2068 1925 gra-

182 1930 294 1975 tiam
317 1930 545 1975 donorum
564 1935 611 1975 et
632 1931 873 1986 virtutum,
895 1930 1069 1975 frustra
1086 1934 1379 1975 sacramenta
1401 1929 1683 1975 habentibus
1701 1934 1748 1974 et
1766 1930 1889 1975 dona
1909 1934 1956 1975 et
1972 1931 2068 1974 vir-

181 1998 304 2038 tutes
326 1994 661 2038 conferrentur.
686 1995 735 2036 In
760 1992 982 2049 operibus
1011 1996 1166 2037 autem
1189 1993 1269 2038 Dei
1291 1992 1407 2037 nihil
1429 1997 1500 2037 est
1522 1993 1709 2036 frustra.
1744 1994 1862 2048 Ergo
1886 1992 2070 2038 videtur

181 2055 305 2111 quod
327 2055 476 2112 gratia
498 2055 848 2100 sacramentalis
882 2054 1057 2111 aliquid
1090 2054 1231 2100 addat
1264 2067 1406 2112 super
1438 2054 1635 2111 gratiam
1667 2053 1894 2098 virtutum
1916 2059 1963 2099 et
1984 2054 2070 2099 do-

181 2129 366 2162 norum.

229 2186 520 2226 CONCLUSIO.
542 2209 592 2215 —-
605 2187 747 2226 Gratia
769 2186 1079 2226 sacramentalis
1094 2196 1215 2236 super
1236 2186 1413 2237 gratiam
1433 2184 1639 2224 virtutum
1665 2186 1705 2224 et
1732 2185 1934 2224 donorum
1956 2184 2070 2224 addit

181 2241 387 2293 quoddam
416 2240 611 2280 divinum
642 2239 847 2280 auxilium
879 2240 929 2279 ad
961 2239 1088 2279 finem
1119 2240 1362 2279 sacramenti
1394 2237 1740 2290 consequendum,
1773 2238 1880 2278 sicut
1902 2239 2010 2279 dona
2030 2242 2069 2279 et

181 2296 354 2336 virtutes
370 2307 493 2346 super
513 2296 690 2347 gratiam
709 2295 854 2335 addere
883 2295 1079 2335 videntur
1102 2295 1328 2346 quamdam
1348 2294 1633 2344 perfectionem
1658 2293 1972 2333 determinatam
1987 2324 1998 2343 ‚
2016 2295 2068 2334 ad

183 2351 365 2402 proprios
381 2350 658 2402 potentiarum
677 2354 791 2390 actus
811 2350 1090 2401 perficiendos.

235 2413 506 2471 Respondeo
535 2413 785 2458 dicendum
818 2412 958 2469 quod,
998 2412 1119 2456 sicut
1152 2411 1201 2456 in
1236 2411 1444 2456 secunda
1479 2415 1611 2468 parte
1645 2411 1823 2455 dictum
1856 2416 1927 2456 est
1957 2415 1993 2464 (1
2022 2415 2066 2471 2,

180 2480 346 2533 quaest.
371 2487 440 2531 cx,
464 2480 552 2519 art.
567 2478 602 2519 3
625 2480 672 2519 et
693 2477 753 2531 4),
778 2474 928 2530 gratia
950 2474 1213 2519 secundum
1236 2486 1287 2519 se
1306 2474 1598 2518 considerata
1621 2474 1799 2529 perficit
1815 2474 2068 2519 essentiam

179 2536 364 2595 animae,
382 2535 661 2606 inquantum
680 2535 927 2591 participat
942 2535 1194 2592 quamdam
1213 2535 1565 2579 similitudinem
1587 2534 1730 2579 divini
1751 2548 1871 2592 esse‚·
1883 2538 1930 2579 et
1947 2535 2068 2580 sicut

180 2598 240 2644 ab
258 2597 460 2644 essentia
482 2597 648 2641 animae
666 2596 819 2640 fluunt
840 2597 942 2653 eJus
973 2597 1207 2654 potentiae,
1234 2597 1300 2641 ita
1321 2596 1347 2640 a
1367 2597 1517 2652 gratia
1541 2593 1694 2639 fluunt
1716 2596 1930 2652 quaedam
1958 2609 2068 2653 per-

179 2661 402 2706 sectiones
424 2659 483 2704 ad
503 2659 733 2715 potentias
757 2659 940 2715 animae,
966 2671 1071 2716 quae
1093 2659 1312 2703 dicuntur
1339 2659 1534 2702 virtutes
1557 2662 1604 2702 et
1624 2657 1762 2714 dona,
1792 2658 1963 2714 quibus
1980 2671 2068 2715 po-

182 2722 335 2767 tentiae
355 2721 685 2777 perficiuntur
674 2733 723 2764 111
745 2721 907 2766 ordine
929 2720 988 2765 ad
1003 2732 1115 2765 suos
1137 2725 1286 2764 actus.
1303 2720 1584 2764 ordinantur
1599 2724 1753 2763 autern
1777 2726 2068 2765 sacramenta

181 2784 241 2830 ad
259 2783 486 2842 quosdam
505 2782 728 2838 speciales
746 2783 939 2828 effectus
957 2782 1245 2827 necessarios
1268 2782 1315 2825 in
1339 2782 1433 2826 vita
1453 2782 1727 2838 christiana3
1751 2782 1872 2826 sicut
1888 2782 2068 2838 baptis-

180 2858 287 2891 mus
305 2845 545 2890 ordinatur
563 2844 622 2888 ad
643 2845 893 2900 quamdam
919 2845 1208 2901 spiritualem
1231 2844 1630 2899 regenerationem
1645 2877 1657 2900 ,
1679 2845 1772 2900 qua
1793 2844 1931 2887 homo
1963 2856 2067 2898 mo-

179 2907 297 2952 ritur
311 2905 435 2950 vitiis
449 2909 495 2949 et
509 2904 562 2948 fit
580 2906 842 2950 membrum
859 2907 1048 2963 Christi3
1071 2906 1151 2962 qui
1164 2906 1353 2962 quidem
1370 2906 1566 2950 effectus
1583 2910 1655 2951 est
1673 2904 1849 2961 aliquid
1866 2905 2067 2961 speciale

181 2973 345 3026 praeter
366 2971 497 3011 actus
515 2966 822 3022 potentiarum
854 2969 1050 3012 animae:
1078 2974 1124 3012 et
1145 2969 1307 3013 eadem
1337 2969 1455 3011 ratio
1481 2972 1552 3012 est
1579 2967 1637 3013 de
1671 2967 1773 3011 aliis
1794 2979 2066 3012 sacramen-

179 3032 239 3075 tis
256 3032 330 3086 (2).
363 3030 488 3074 Sicut
517 3028 659 3084 igitur
694 3029 890 3074 virtutes
925 3035 971 3074 et
1001 3030 1124 3075 dona
1153 3030 1333 3075 addunt
1361 3042 1500 3086 super
1527 3029 1722 3084 gratiam
1755 3030 2065 3074 communiter

180 3093 350 3137 dictam
373 3091 623 3147 quamdam
646 3090 976 3147 perfectionem
1007 3091 1310 3136 determinate
1331 3092 1591 3135 ordinatam
1622 3090 1681 3135 ad
1703 3091 1914 3147 proprios
1933 3095 2064 3135 actus

223 3201 266 3243 (Ι)
283 3200 323 3235 Id
341 3205 389 3235 est
405 3211 505 3240 super
531 3199 672 3239 gratiam
701 3198 985 3241 sanctificantem,
1008 3200 1075 3234 vir-
1160 3200 1202 3234 ad
1222 3200 1323 3234 iidem
1339 3206 1531 3235 constanter
1547 3200 1728 3234 tenendam
1747 3200 2064 3247 profitendamque5

181 3253 271 3283 tutes
293 3252 330 3283 et
350 3248 447 3283 dona.
475 3249 511 3282 S.
530 3249 653 3282 Ductor
677 3246 858 3287 respondet
873 3246 1077 3283 affirmative
1160 3248 1369 3290 poenitentiae
1389 3253 1438 3283 est
1458 3250 1563 3287 gratia
1590 3259 1710 3282 sanans
1727 3260 1798 3288 quae
1822 3250 1839 3282 a
1865 3252 1975 3282 morte
1989 3261 2064 3288 pec-

180 3296 258 3337 quia
268 3299 476 3331 sacramenta
487 3294 688 3329 ordinantur
702 3294 743 3328 ad
758 3294 905 3330 diversos
919 3295 1078 3335 speciales
1162 3295 1226 3329 cati
1244 3308 1305 3330 nos
1324 3296 1464 3338 liberam
1482 3296 1615 3330 ordinis
1634 3301 1682 3330 est
1704 3296 1809 3337 gratia
1828 3295 2006 3337 disponens
2023 3297 2063 3331 ad

180 3343 340 3384 effectus,
365 3342 508 3384 ideoque
539 3342 636 3377 debet
661 3354 722 3384 per
749 3354 788 3376 ea
813 3342 940 3383 aliquid
970 3343 1076 3377 tribui
1161 3353 1268 3377 sacras
1290 3342 1476 3378 fonctiones
1502 3345 1613 3378 sancte
1638 3349 1672 3378 et
1696 3343 1850 3383 religiose
1875 3342 2062 3384 obeundas,

181 3391 269 3434 quod
282 3391 323 3425 ad
337 3403 397 3426 nos
410 3391 633 3432 perficiendos
652 3390 697 3426 sit
712 3391 1013 3426 accommodatum.
1162 3396 1196 3425 et
1211 3391 1257 3425 sic
1274 3391 1430 3432 deinceps
1450 3391 1490 3426 de
1503 3391 1589 3427 aliis.

220 3439 266 3480 (2)
285 3438 557 3473 confirmationis
569 3438 708 3474 effectus
724 3442 772 3473 est
791 3438 898 3480 gratia
913 3437 1078 3472 inclinans
